  <div class='ocr_page' id='page_1' title='image "/cluster/home/n/w/nwhite01/storage/ocr_20150623/4/mdp.39015078384529/488.png"; bbox 0 0 4162 6368; ppageno 0'>
   <div class='ocr_carea' id='block_1_1' title="bbox 260 281 360 335">
    <p class='ocr_par' dir='ltr' id='par_1_1' title="bbox 260 281 360 335">
     <span class='ocr_line' id='line_1_1' title="bbox 260 281 360 335; baseline -0.02 0"><span class='ocrx_word' id='word_1_1' title='bbox 260 281 360 335; x_wconf 89' lang='lat'>937</span> 
     </span>
    </p>
   </div>
   <div class='ocr_carea' id='block_1_2' title="bbox 1231 278 2697 344">
    <p class='ocr_par' dir='ltr' id='par_1_2' title="bbox 1231 278 2697 344">
     <span class='ocr_line' id='line_1_2' title="bbox 1231 278 2697 344; baseline 0.001 -16"><span class='ocrx_word' id='word_1_2' title='bbox 1231 280 1293 329; x_wconf 86' lang='lat' dir='ltr'>p.</span> <span class='ocrx_word' id='word_1_3' title='bbox 1335 278 1651 332; x_wconf 84' lang='lat' dir='ltr'>HALLOIX</span> <span class='ocrx_word' id='word_1_4' title='bbox 1687 278 1834 333; x_wconf 84' lang='lat' dir='ltr'>soe.</span> <span class='ocrx_word' id='word_1_5' title='bbox 1860 280 2056 334; x_wconf 74' lang='lat' dir='ltr'>meo</span> <span class='ocrx_word' id='word_1_6' title='bbox 2095 278 2565 344; x_wconf 75' lang='lat' dir='ltr'>QUESTIONES</span> <span class='ocrx_word' id='word_1_7' title='bbox 2600 278 2697 329; x_wconf 88' lang='lat' dir='ltr'>1v.</span> 
     </span>
    </p>
   </div>
   <div class='ocr_carea' id='block_1_3' title="bbox 3567 279 3674 334">
    <p class='ocr_par' dir='ltr' id='par_1_3' title="bbox 3567 279 3674 334">
     <span class='ocr_line' id='line_1_3' title="bbox 3567 279 3674 334; baseline 0 -1"><span class='ocrx_word' id='word_1_8' title='bbox 3567 279 3674 334; x_wconf 86' lang='lat'>938</span> 
     </span>
    </p>
   </div>
   <div class='ocr_carea' id='block_1_4' title="bbox 257 400 3673 487">
    <p class='ocr_par' dir='ltr' id='par_1_4' title="bbox 257 400 3673 487">
     <span class='ocr_line' id='line_1_4' title="bbox 257 400 3673 487; baseline 0.001 -29"><span class='ocrx_word' id='word_1_9' title='bbox 257 404 421 487; x_wconf 52' lang='lat' dir='ltr'>genti,</span> <span class='ocrx_word' id='word_1_10' title='bbox 456 402 596 456; x_wconf 85' lang='lat' dir='ltr'>dare</span> <span class='ocrx_word' id='word_1_11' title='bbox 627 400 802 487; x_wconf 55' lang='lat' dir='ltr'>etiam</span> <span class='ocrx_word' id='word_1_12' title='bbox 830 402 1039 487; x_wconf 79' lang='lat' dir='ltr'>postea</span> <span class='ocrx_word' id='word_1_13' title='bbox 1069 416 1358 487; x_wconf 71' lang='lat' dir='ltr'>agnomen</span> <span class='ocrx_word' id='word_1_14' title='bbox 1388 402 1660 456; x_wconf 75' lang='lat' dir='ltr'>Timothei</span> <span class='ocrx_word' id='word_1_15' title='bbox 1680 403 1715 485; x_wconf 81' lang='lat'>_?</span> <span class='ocrx_word' id='word_1_16' title='bbox 1765 421 1909 487; x_wconf 66' lang='lat' dir='ltr'>pree-</span> <span class='ocrx_word' id='word_1_17' title='bbox 1939 413 1985 478; x_wconf 79' lang='grc' dir='ltr'>Α</span> <span class='ocrx_word' id='word_1_18' title='bbox 2020 401 2302 473; x_wconf 82' lang='lat' dir='ltr'>tigerunt,</span> <span class='ocrx_word' id='word_1_19' title='bbox 2332 417 2397 455; x_wconf 87' lang='lat' dir='ltr'>ac</span> <span class='ocrx_word' id='word_1_20' title='bbox 2428 403 2707 487; x_wconf 69' lang='lat' dir='ltr'>praeterea</span> <span class='ocrx_word' id='word_1_21' title='bbox 2738 400 3088 487; x_wconf 42' lang='lat' dir='ltr'>de&#39;t‘empore</span> <span class='ocrx_word' id='word_1_22' title='bbox 3110 416 3440 487; x_wconf 56' lang='lat' dir='ltr'>generetu</span> <span class='ocrx_word' id='word_1_23' title='bbox 3463 404 3673 487; x_wconf 73' lang='lat' dir='ltr'>mortis</span> 
     </span>
    </p>
   </div>
   <div class='ocr_carea' id='block_1_5' title="bbox 261 471 1906 543">
    <p class='ocr_par' dir='ltr' id='par_1_5' title="bbox 261 471 1906 543">
     <span class='ocr_line' id='line_1_5' title="bbox 261 471 1906 543; baseline 0 -12"><span class='ocrx_word' id='word_1_24' title='bbox 261 471 459 532; x_wconf 76' lang='lat' dir='ltr'>sertim</span> <span class='ocrx_word' id='word_1_25' title='bbox 496 489 631 528; x_wconf 90' lang='lat' dir='ltr'>cum</span> <span class='ocrx_word' id='word_1_26' title='bbox 655 471 755 528; x_wconf 85' lang='lat' dir='ltr'>alii</span> <span class='ocrx_word' id='word_1_27' title='bbox 787 472 987 543; x_wconf 82' lang='lat' dir='ltr'>plures</span> <span class='ocrx_word' id='word_1_28' title='bbox 1013 472 1122 527; x_wconf 86' lang='lat' dir='ltr'>sub</span> <span class='ocrx_word' id='word_1_29' title='bbox 1153 488 1220 527; x_wconf 91' lang='lat' dir='ltr'>ea</span> <span class='ocrx_word' id='word_1_30' title='bbox 1250 479 1515 543; x_wconf 89' lang='lat' dir='ltr'>tempora</span> <span class='ocrx_word' id='word_1_31' title='bbox 1533 471 1906 531; x_wconf 48' lang='lat' dir='ltr'>nomine—isto</span> 
     </span>
    </p>
   </div>
   <div class='ocr_carea' id='block_1_6' title="bbox 260 543 1905 610">
    <p class='ocr_par' dir='ltr' id='par_1_6' title="bbox 260 543 1905 610">
     <span class='ocr_line' id='line_1_6' title="bbox 260 543 1905 610; baseline -0.001 -8"><span class='ocrx_word' id='word_1_32' title='bbox 260 550 628 610; x_wconf 82' lang='lat' dir='ltr'>vocarentur,</span> <span class='ocrx_word' id='word_1_33' title='bbox 664 548 765 597; x_wconf 90' lang='lat' dir='ltr'>aut</span> <span class='ocrx_word' id='word_1_34' title='bbox 796 543 976 598; x_wconf 79' lang='lat' dir='ltr'>vocati</span> <span class='ocrx_word' id='word_1_35' title='bbox 1030 548 1226 597; x_wconf 80' lang='lat' dir='ltr'>essent</span> <span class='ocrx_word' id='word_1_36' title='bbox 1277 546 1553 599; x_wconf 77' lang='lat' dir='ltr'>Timothei.</span> <span class='ocrx_word' id='word_1_37' title='bbox 1609 549 1826 601; x_wconf 81' lang='lat' dir='ltr'>Deinde</span> <span class='ocrx_word' id='word_1_38' title='bbox 1858 550 1905 602; x_wconf 87' lang='lat' dir='ltr'>si</span> 
     </span>
    </p>
   </div>
   <div class='ocr_carea' id='block_1_7' title="bbox 266 614 1910 689">
    <p class='ocr_par' dir='ltr' id='par_1_7' title="bbox 266 614 1910 689">
     <span class='ocr_line' id='line_1_7' title="bbox 266 614 1910 689; baseline -0.001 -14"><span class='ocrx_word' id='word_1_39' title='bbox 266 621 321 675; x_wconf 84' lang='lat' dir='ltr'>S.</span> <span class='ocrx_word' id='word_1_40' title='bbox 336 618 656 689; x_wconf 84' lang='lat' dir='ltr'>Dionysius</span> <span class='ocrx_word' id='word_1_41' title='bbox 678 616 735 669; x_wconf 90' lang='lat' dir='ltr'>in</span> <span class='ocrx_word' id='word_1_42' title='bbox 760 614 894 689; x_wconf 86' lang='lat' dir='ltr'>libri</span> <span class='ocrx_word' id='word_1_43' title='bbox 917 614 1009 669; x_wconf 90' lang='lat' dir='ltr'>sui</span> <span class='ocrx_word' id='word_1_44' title='bbox 1025 615 1408 689; x_wconf 74' lang='lat' dir='ltr'>inscriptione</span> <span class='ocrx_word' id='word_1_45' title='bbox 1429 616 1610 689; x_wconf 83' lang='lat' dir='ltr'>alium</span> <span class='ocrx_word' id='word_1_46' title='bbox 1631 618 1910 674; x_wconf 89' lang='lat' dir='ltr'>voluisset</span> 
     </span>
    </p>
   </div>
   <div class='ocr_carea' id='block_1_8' title="bbox 262 687 1907 760">
    <p class='ocr_par' dir='ltr' id='par_1_8' title="bbox 262 687 1907 760">
     <span class='ocr_line' id='line_1_8' title="bbox 262 687 1907 760; baseline 0 -15"><span class='ocrx_word' id='word_1_47' title='bbox 262 687 566 760; x_wconf 80' lang='lat' dir='ltr'>designare</span> <span class='ocrx_word' id='word_1_48' title='bbox 598 687 989 760; x_wconf 76' lang='lat' dir='ltr'>Timotheum,</span> <span class='ocrx_word' id='word_1_49' title='bbox 1043 703 1219 760; x_wconf 83' lang='lat' dir='ltr'>quam</span> <span class='ocrx_word' id='word_1_50' title='bbox 1256 687 1421 742; x_wconf 90' lang='lat' dir='ltr'>illum</span> <span class='ocrx_word' id='word_1_51' title='bbox 1450 688 1609 743; x_wconf 88' lang='lat' dir='ltr'>Pauli</span> <span class='ocrx_word' id='word_1_52' title='bbox 1662 690 1907 745; x_wconf 89' lang='lat' dir='ltr'>notissi-</span> 
     </span>
    </p>
   </div>
   <div class='ocr_carea' id='block_1_9' title="bbox 270 758 1908 828">
    <p class='ocr_par' dir='ltr' id='par_1_9' title="bbox 270 758 1908 828">
     <span class='ocr_line' id='line_1_9' title="bbox 270 758 1908 828; baseline 0 -12"><span class='ocrx_word' id='word_1_53' title='bbox 270 758 429 817; x_wconf 79' lang='lat' dir='ltr'>mum</span> <span class='ocrx_word' id='word_1_54' title='bbox 454 760 727 814; x_wconf 90' lang='lat' dir='ltr'>comitem</span> <span class='ocrx_word' id='word_1_55' title='bbox 759 764 815 813; x_wconf 90' lang='lat' dir='ltr'>et</span> <span class='ocrx_word' id='word_1_56' title='bbox 846 758 1225 828; x_wconf 88' lang='lat' dir='ltr'>discipulum,</span> <span class='ocrx_word' id='word_1_57' title='bbox 1271 776 1411 813; x_wconf 85' lang='lat' dir='ltr'>sane</span> <span class='ocrx_word' id='word_1_58' title='bbox 1460 761 1786 817; x_wconf 84' lang='lat' dir='ltr'>addidisset</span> <span class='ocrx_word' id='word_1_59' title='bbox 1822 762 1908 817; x_wconf 86' lang='lat' dir='ltr'>vel</span> 
     </span>
    </p>
   </div>
   <div class='ocr_carea' id='block_1_10' title="bbox 269 832 1907 902">
    <p class='ocr_par' dir='ltr' id='par_1_10' title="bbox 269 832 1907 902">
     <span class='ocr_line' id='line_1_10' title="bbox 269 832 1907 902; baseline -0.001 -13"><span class='ocrx_word' id='word_1_60' title='bbox 269 849 481 889; x_wconf 85' lang='lat' dir='ltr'>nomen</span> <span class='ocrx_word' id='word_1_61' title='bbox 514 833 709 901; x_wconf 91' lang='lat' dir='ltr'>ipsum</span> <span class='ocrx_word' id='word_1_62' title='bbox 760 832 887 901; x_wconf 88' lang='lat' dir='ltr'>ejus</span> <span class='ocrx_word' id='word_1_63' title='bbox 934 832 1261 901; x_wconf 89' lang='lat' dir='ltr'>proprium,</span> <span class='ocrx_word' id='word_1_64' title='bbox 1310 832 1394 885; x_wconf 74' lang='lat' dir='ltr'>vel</span> <span class='ocrx_word' id='word_1_65' title='bbox 1445 833 1665 902; x_wconf 89' lang='lat' dir='ltr'>aliquid</span> <span class='ocrx_word' id='word_1_66' title='bbox 1726 833 1907 902; x_wconf 84' lang='lat' dir='ltr'>aliud,</span> 
     </span>
    </p>
   </div>
   <div class='ocr_carea' id='block_1_11' title="bbox 267 901 1910 977">
    <p class='ocr_par' dir='ltr' id='par_1_11' title="bbox 267 901 1910 977">
     <span class='ocr_line' id='line_1_11' title="bbox 267 901 1910 977; baseline 0.001 -17"><span class='ocrx_word' id='word_1_67' title='bbox 267 906 416 977; x_wconf 90' lang='lat' dir='ltr'>quod</span> <span class='ocrx_word' id='word_1_68' title='bbox 449 902 893 977; x_wconf 71' lang='lat' dir='ltr'>ambiguitatem</span> <span class='ocrx_word' id='word_1_69' title='bbox 939 901 1349 977; x_wconf 78' lang='lat' dir='ltr'>appellationis</span> <span class='ocrx_word' id='word_1_70' title='bbox 1400 901 1597 970; x_wconf 82' lang='lat' dir='ltr'>tollet,</span> <span class='ocrx_word' id='word_1_71' title='bbox 1650 901 1910 977; x_wconf 86' lang='lat' dir='ltr'>vocando</span> 
     </span>
    </p>
   </div>
   <div class='ocr_carea' id='block_1_12' title="bbox 263 973 1912 1039">
    <p class='ocr_par' dir='ltr' id='par_1_12' title="bbox 263 973 1912 1039">
     <span class='ocr_line' id='line_1_12' title="bbox 263 973 1912 1039; baseline 0.001 -8"><span class='ocrx_word' id='word_1_72' title='bbox 263 973 455 1031; x_wconf 76' lang='lat' dir='ltr'>autem</span> <span class='ocrx_word' id='word_1_73' title='bbox 489 975 759 1030; x_wconf 79' lang='lat' dir='ltr'>absolute</span> <span class='ocrx_word' id='word_1_74' title='bbox 794 973 1153 1039; x_wconf 76' lang='lat' dir='ltr'>Timotheum,</span> <span class='ocrx_word' id='word_1_75' title='bbox 1183 974 1410 1028; x_wconf 90' lang='lat' dir='ltr'>nullum</span> <span class='ocrx_word' id='word_1_76' title='bbox 1445 992 1586 1029; x_wconf 88' lang='lat' dir='ltr'>sane</span> <span class='ocrx_word' id='word_1_77' title='bbox 1619 976 1800 1032; x_wconf 90' lang='lat' dir='ltr'>alium</span> <span class='ocrx_word' id='word_1_78' title='bbox 1825 994 1912 1032; x_wconf 89' lang='lat' dir='ltr'>vo-</span> 
     </span>
    </p>
   </div>
   <div class='ocr_carea' id='block_1_13' title="bbox 265 1045 1910 1126">
    <p class='ocr_par' dir='ltr' id='par_1_13' title="bbox 265 1045 1910 1126">
     <span class='ocr_line' id='line_1_13' title="bbox 265 1045 1910 1126; baseline 0.001 -23"><span class='ocrx_word' id='word_1_79' title='bbox 265 1048 372 1126; x_wconf 78' lang='lat' dir='ltr'>luit</span> <span class='ocrx_word' id='word_1_80' title='bbox 403 1047 734 1126; x_wconf 85' lang='lat' dir='ltr'>designare,</span> <span class='ocrx_word' id='word_1_81' title='bbox 765 1062 937 1126; x_wconf 75' lang='lat' dir='ltr'>quam</span> <span class='ocrx_word' id='word_1_82' title='bbox 973 1061 1114 1126; x_wconf 27' lang='lat' dir='ltr'>eum.</span> <span class='ocrx_word' id='word_1_83' title='bbox 1142 1046 1240 1126; x_wconf 91' lang='lat' dir='ltr'>qui</span> <span class='ocrx_word' id='word_1_84' title='bbox 1273 1045 1428 1100; x_wconf 90' lang='lat' dir='ltr'>inter</span> <span class='ocrx_word' id='word_1_85' title='bbox 1453 1047 1791 1126; x_wconf 86' lang='lat' dir='ltr'>Timotheos</span> <span class='ocrx_word' id='word_1_86' title='bbox 1815 1067 1910 1120; x_wconf 88' lang='lat' dir='ltr'>ap-</span> 
     </span>
    </p>
   </div>
   <div class='ocr_carea' id='block_1_14' title="bbox 266 1116 1702 1193">
    <p class='ocr_par' dir='ltr' id='par_1_14' title="bbox 266 1116 1702 1193">
     <span class='ocr_line' id='line_1_14' title="bbox 266 1116 1702 1193; baseline 0 -19"><span class='ocrx_word' id='word_1_87' title='bbox 266 1119 511 1193; x_wconf 48' lang='lat' dir='ltr'>pellatos</span> <span class='ocrx_word' id='word_1_88' title='bbox 540 1116 873 1193; x_wconf 72' lang='lat' dir='ltr'>praecipuus</span> <span class='ocrx_word' id='word_1_89' title='bbox 904 1116 1032 1193; x_wconf 82' lang='lat' dir='ltr'>fuit,</span> <span class='ocrx_word' id='word_1_90' title='bbox 1066 1121 1123 1171; x_wconf 90' lang='lat' dir='ltr'>et</span> <span class='ocrx_word' id='word_1_91' title='bbox 1160 1116 1221 1193; x_wconf 73' lang='lat' dir='ltr'>in</span> <span class='ocrx_word' id='word_1_92' title='bbox 1270 1134 1387 1193; x_wconf 68' lang='lat' dir='ltr'>ore</span> <span class='ocrx_word' id='word_1_93' title='bbox 1416 1120 1702 1193; x_wconf 74' lang='lat' dir='ltr'>omnium.</span> 
     </span>
    </p>
   </div>
   <div class='ocr_carea' id='block_1_15' title="bbox 338 1188 1944 1254">
    <p class='ocr_par' dir='ltr' id='par_1_15' title="bbox 338 1188 1944 1254">
     <span class='ocr_line' id='line_1_15' title="bbox 338 1188 1944 1254; baseline 0.001 -9"><span class='ocrx_word' id='word_1_94' title='bbox 338 1191 438 1245; x_wconf 88' lang='lat' dir='ltr'>Est</span> <span class='ocrx_word' id='word_1_95' title='bbox 466 1188 716 1244; x_wconf 31' lang='lat' dir='ltr'>et’alius</span> <span class='ocrx_word' id='word_1_96' title='bbox 767 1190 931 1243; x_wconf 83' lang='lat' dir='ltr'>locus</span> <span class='ocrx_word' id='word_1_97' title='bbox 978 1189 1037 1242; x_wconf 91' lang='lat' dir='ltr'>in</span> <span class='ocrx_word' id='word_1_98' title='bbox 1084 1188 1286 1244; x_wconf 88' lang='lat' dir='ltr'>eodem</span> <span class='ocrx_word' id='word_1_99' title='bbox 1332 1188 1523 1244; x_wconf 87' lang='lat' dir='ltr'>Flavio</span> <span class='ocrx_word' id='word_1_100' title='bbox 1583 1191 1791 1246; x_wconf 81' lang='lat' dir='ltr'>Dextro</span> <span class='ocrx_word' id='word_1_101' title='bbox 1838 1192 1944 1254; x_wconf 38' lang='lat' dir='ltr'>ad.</span> 
     </span>
    </p>
   </div>
   <div class='ocr_carea' id='block_1_16' title="bbox 266 1260 1909 1329">
    <p class='ocr_par' dir='ltr' id='par_1_16' title="bbox 266 1260 1909 1329">
     <span class='ocr_line' id='line_1_16' title="bbox 266 1260 1909 1329; baseline 0.001 -12"><span class='ocrx_word' id='word_1_102' title='bbox 266 1278 483 1317; x_wconf 90' lang='lat' dir='ltr'>annum</span> <span class='ocrx_word' id='word_1_103' title='bbox 535 1260 747 1314; x_wconf 87' lang='lat' dir='ltr'>Christi</span> <span class='ocrx_word' id='word_1_104' title='bbox 795 1260 919 1329; x_wconf 84' lang='lat'>200,</span> <span class='ocrx_word' id='word_1_105' title='bbox 968 1264 1023 1313; x_wconf 91' lang='lat' dir='ltr'>et</span> <span class='ocrx_word' id='word_1_106' title='bbox 1091 1261 1283 1315; x_wconf 70' lang='lat' dir='ltr'>Romae</span> <span class='ocrx_word' id='word_1_107' title='bbox 1328 1261 1455 1328; x_wconf 85' lang='grc'>971,</span> <span class='ocrx_word' id='word_1_108' title='bbox 1522 1262 1614 1316; x_wconf 91' lang='lat' dir='ltr'>his</span> <span class='ocrx_word' id='word_1_109' title='bbox 1676 1263 1909 1319; x_wconf 87' lang='lat' dir='ltr'>verbis.</span> 
     </span>
    </p>
   </div>
   <div class='ocr_carea' id='block_1_17' title="bbox 265 1330 1909 1403">
    <p class='ocr_par' dir='ltr' id='par_1_17' title="bbox 265 1330 1909 1403">
     <span class='ocr_line' id='line_1_17' title="bbox 265 1330 1909 1403; baseline 0.004 -19"><span class='ocrx_word' id='word_1_110' title='bbox 265 1334 519 1388; x_wconf 77' lang='lat' dir='ltr'>«Exstat</span> <span class='ocrx_word' id='word_1_111' title='bbox 564 1332 825 1403; x_wconf 70' lang='lat' dir='ltr'>quaedam</span> <span class='ocrx_word' id='word_1_112' title='bbox 882 1330 1154 1403; x_wconf 90' lang='lat' dir='ltr'>epistola,</span> <span class='ocrx_word' id='word_1_113' title='bbox 1200 1349 1326 1403; x_wconf 71' lang='lat' dir='ltr'>quae</span> <span class='ocrx_word' id='word_1_114' title='bbox 1377 1334 1791 1389; x_wconf 79' lang='lat' dir='ltr'>circumfertur</span> <span class='ocrx_word' id='word_1_115' title='bbox 1838 1336 1909 1390; x_wconf 91' lang='lat' dir='ltr'>ad</span> 
     </span>
    </p>
   </div>
   <div class='ocr_carea' id='block_1_18' title="bbox 262 1402 1911 1476">
    <p class='ocr_par' dir='ltr' id='par_1_18' title="bbox 262 1402 1911 1476">
     <span class='ocr_line' id='line_1_18' title="bbox 262 1402 1911 1476; baseline 0.001 -17"><span class='ocrx_word' id='word_1_116' title='bbox 262 1402 812 1476; x_wconf 15' lang='lat' dir='ltr'>Marc.tMarcellum</span> <span class='ocrx_word' id='word_1_117' title='bbox 838 1402 1198 1476; x_wconf 15' lang='lat' dir='ltr'>Teletanumi</span> <span class='ocrx_word' id='word_1_118' title='bbox 1224 1402 1561 1475; x_wconf 70' lang='lat' dir='ltr'>praesulem,</span> <span class='ocrx_word' id='word_1_119' title='bbox 1597 1422 1769 1476; x_wconf 86' lang='lat' dir='ltr'>quem</span> <span class='ocrx_word' id='word_1_120' title='bbox 1817 1424 1911 1461; x_wconf 90' lang='lat' dir='ltr'>vo-</span> 
     </span>
    </p>
   </div>
   <div class='ocr_carea' id='block_1_19' title="bbox 261 1474 1907 1539">
    <p class='ocr_par' dir='ltr' id='par_1_19' title="bbox 261 1474 1907 1539">
     <span class='ocr_line' id='line_1_19' title="bbox 261 1474 1907 1539; baseline 0.001 -8"><span class='ocrx_word' id='word_1_121' title='bbox 261 1480 351 1531; x_wconf 88' lang='lat' dir='ltr'>cat</span> <span class='ocrx_word' id='word_1_122' title='bbox 382 1475 572 1530; x_wconf 88' lang='lat' dir='ltr'>ﬁlium</span> <span class='ocrx_word' id='word_1_123' title='bbox 606 1480 661 1529; x_wconf 89' lang='lat' dir='ltr'>et</span> <span class='ocrx_word' id='word_1_124' title='bbox 706 1474 1104 1539; x_wconf 87' lang='lat' dir='ltr'>Timotheum,</span> <span class='ocrx_word' id='word_1_125' title='bbox 1148 1474 1203 1528; x_wconf 89' lang='lat' dir='ltr'>id</span> <span class='ocrx_word' id='word_1_126' title='bbox 1234 1474 1340 1531; x_wconf 34' lang='lat' dir='ltr'>’est</span> <span class='ocrx_word' id='word_1_127' title='bbox 1380 1482 1498 1531; x_wconf 90' lang='lat' dir='ltr'>Deo</span> <span class='ocrx_word' id='word_1_128' title='bbox 1536 1474 1907 1533; x_wconf 77' lang='lat' dir='ltr'>honoratum.</span> 
     </span>
    </p>
   </div>
   <div class='ocr_carea' id='block_1_20' title="bbox 264 1546 1911 1621">
    <p class='ocr_par' dir='ltr' id='par_1_20' title="bbox 264 1546 1911 1621">
     <span class='ocr_line' id='line_1_20' title="bbox 264 1546 1911 1621; baseline 0.001 -17"><span class='ocrx_word' id='word_1_129' title='bbox 264 1548 426 1621; x_wconf 81' lang='lat' dir='ltr'>Nam</span> <span class='ocrx_word' id='word_1_130' title='bbox 443 1550 593 1621; x_wconf 83' lang='lat' dir='ltr'>alter</span> <span class='ocrx_word' id='word_1_131' title='bbox 607 1546 966 1621; x_wconf 68' lang='lat' dir='ltr'>Timotheus,</span> <span class='ocrx_word' id='word_1_132' title='bbox 988 1562 1121 1601; x_wconf 90' lang='lat' dir='ltr'>eum</span> <span class='ocrx_word' id='word_1_133' title='bbox 1139 1546 1385 1617; x_wconf 90' lang='lat' dir='ltr'>epistola</span> <span class='ocrx_word' id='word_1_134' title='bbox 1407 1548 1524 1602; x_wconf 64' lang='lat' dir='ltr'>haec</span> <span class='ocrx_word' id='word_1_135' title='bbox 1546 1553 1633 1604; x_wconf 84' lang='lat' dir='ltr'>est</span> <span class='ocrx_word' id='word_1_136' title='bbox 1671 1551 1911 1621; x_wconf 90' lang='lat' dir='ltr'>scripta,</span> 
     </span>
    </p>
   </div>
   <div class='ocr_carea' id='block_1_21' title="bbox 263 1617 1174 1691">
    <p class='ocr_par' dir='ltr' id='par_1_21' title="bbox 263 1617 1174 1691">
     <span class='ocr_line' id='line_1_21' title="bbox 263 1617 1174 1691; baseline -0.008 -17"><span class='ocrx_word' id='word_1_137' title='bbox 263 1623 387 1691; x_wconf 90' lang='lat' dir='ltr'>jam</span> <span class='ocrx_word' id='word_1_138' title='bbox 414 1619 472 1673; x_wconf 91' lang='lat' dir='ltr'>in</span> <span class='ocrx_word' id='word_1_139' title='bbox 506 1619 652 1673; x_wconf 89' lang='lat' dir='ltr'>vivis</span> <span class='ocrx_word' id='word_1_140' title='bbox 682 1617 1111 1691; x_wconf 79' lang='lat' dir='ltr'>essedesierat.</span> <span class='ocrx_word' id='word_1_141' title='bbox 1148 1639 1174 1691; x_wconf 59' lang='grc' dir='ltr'><em>η</em></span> 
     </span>
    </p>
   </div>
   <div class='ocr_carea' id='block_1_22' title="bbox 338 1689 1912 1760">
    <p class='ocr_par' dir='ltr' id='par_1_22' title="bbox 338 1689 1912 1760">
     <span class='ocr_line' id='line_1_22' title="bbox 338 1689 1912 1760; baseline 0.001 -16"><span class='ocrx_word' id='word_1_142' title='bbox 338 1692 478 1754; x_wconf 71' lang='lat' dir='ltr'>Quae</span> <span class='ocrx_word' id='word_1_143' title='bbox 508 1691 681 1744; x_wconf 89' lang='lat' dir='ltr'>verba</span> <span class='ocrx_word' id='word_1_144' title='bbox 730 1689 869 1743; x_wconf 91' lang='lat' dir='ltr'>mihi</span> <span class='ocrx_word' id='word_1_145' title='bbox 929 1690 1277 1760; x_wconf 86' lang='lat' dir='ltr'>persuadere</span> <span class='ocrx_word' id='word_1_146' title='bbox 1326 1706 1439 1744; x_wconf 91' lang='lat' dir='ltr'>non</span> <span class='ocrx_word' id='word_1_147' title='bbox 1493 1707 1731 1759; x_wconf 87' lang='lat' dir='ltr'>possum</span> <span class='ocrx_word' id='word_1_148' title='bbox 1783 1707 1912 1746; x_wconf 89' lang='lat' dir='ltr'>esse</span> 
     </span>
    </p>
   </div>
   <div class='ocr_carea' id='block_1_23' title="bbox 266 1760 1910 1834">
    <p class='ocr_par' dir='ltr' id='par_1_23' title="bbox 266 1760 1910 1834">
     <span class='ocr_line' id='line_1_23' title="bbox 266 1760 1910 1834; baseline -0.001 -17"><span class='ocrx_word' id='word_1_149' title='bbox 266 1762 487 1834; x_wconf 83' lang='lat' dir='ltr'>Dextri,</span> <span class='ocrx_word' id='word_1_150' title='bbox 518 1763 617 1834; x_wconf 88' lang='lat' dir='ltr'>sed</span> <span class='ocrx_word' id='word_1_151' title='bbox 654 1760 849 1834; x_wconf 87' lang='lat' dir='ltr'>potius</span> <span class='ocrx_word' id='word_1_152' title='bbox 880 1760 1137 1834; x_wconf 83' lang='lat' dir='ltr'>hominis</span> <span class='ocrx_word' id='word_1_153' title='bbox 1171 1760 1326 1832; x_wconf 84' lang='lat' dir='ltr'>plani</span> <span class='ocrx_word' id='word_1_154' title='bbox 1359 1766 1415 1815; x_wconf 90' lang='lat' dir='ltr'>et</span> <span class='ocrx_word' id='word_1_155' title='bbox 1448 1762 1657 1833; x_wconf 88' lang='lat' dir='ltr'>ignari,</span> <span class='ocrx_word' id='word_1_156' title='bbox 1691 1763 1789 1834; x_wconf 88' lang='lat' dir='ltr'>qui</span> <span class='ocrx_word' id='word_1_157' title='bbox 1812 1780 1910 1816; x_wconf 88' lang='lat' dir='ltr'>vo-</span> 
     </span>
    </p>
   </div>
   <div class='ocr_carea' id='block_1_24' title="bbox 263 1833 1909 1901">
    <p class='ocr_par' dir='ltr' id='par_1_24' title="bbox 263 1833 1909 1901">
     <span class='ocr_line' id='line_1_24' title="bbox 263 1833 1909 1901; baseline 0.001 -14"><span class='ocrx_word' id='word_1_158' title='bbox 263 1833 390 1888; x_wconf 88' lang='lat' dir='ltr'>lens</span> <span class='ocrx_word' id='word_1_159' title='bbox 421 1833 582 1887; x_wconf 90' lang='lat' dir='ltr'>omni</span> <span class='ocrx_word' id='word_1_160' title='bbox 614 1833 786 1888; x_wconf 91' lang='lat' dir='ltr'>modo</span> <span class='ocrx_word' id='word_1_161' title='bbox 821 1833 1190 1901; x_wconf 87' lang='lat' dir='ltr'>persuadere,</span> <span class='ocrx_word' id='word_1_162' title='bbox 1215 1834 1483 1887; x_wconf 87' lang='lat' dir='ltr'>eumdem</span> <span class='ocrx_word' id='word_1_163' title='bbox 1506 1851 1634 1889; x_wconf 89' lang='lat' dir='ltr'>esse</span> <span class='ocrx_word' id='word_1_164' title='bbox 1658 1833 1729 1891; x_wconf 84' lang='lat' dir='ltr'>M.</span> <span class='ocrx_word' id='word_1_165' title='bbox 1756 1836 1909 1889; x_wconf 87' lang='lat' dir='ltr'>Mar-</span> 
     </span>
    </p>
   </div>
   <div class='ocr_carea' id='block_1_25' title="bbox 264 1904 1911 1975">
    <p class='ocr_par' dir='ltr' id='par_1_25' title="bbox 264 1904 1911 1975">
     <span class='ocr_line' id='line_1_25' title="bbox 264 1904 1911 1975; baseline 0.001 -16"><span class='ocrx_word' id='word_1_166' title='bbox 264 1906 501 1971; x_wconf 87' lang='lat' dir='ltr'>cellum,</span> <span class='ocrx_word' id='word_1_167' title='bbox 535 1910 589 1959; x_wconf 87' lang='lat' dir='ltr'>et</span> <span class='ocrx_word' id='word_1_168' title='bbox 618 1904 987 1958; x_wconf 87' lang='lat' dir='ltr'>Timotheum</span> <span class='ocrx_word' id='word_1_169' title='bbox 1015 1904 1183 1957; x_wconf 90' lang='lat' dir='ltr'>illum</span> <span class='ocrx_word' id='word_1_170' title='bbox 1216 1905 1284 1957; x_wconf 87' lang='lat' dir='ltr'>ad</span> <span class='ocrx_word' id='word_1_171' title='bbox 1321 1920 1495 1975; x_wconf 89' lang='lat' dir='ltr'>quem</span> <span class='ocrx_word' id='word_1_172' title='bbox 1532 1907 1735 1961; x_wconf 86' lang='lat' dir='ltr'>scribit</span> <span class='ocrx_word' id='word_1_173' title='bbox 1773 1906 1911 1961; x_wconf 87' lang='lat' dir='ltr'>Dio-</span> 
     </span>
    </p>
   </div>
   <div class='ocr_carea' id='block_1_26' title="bbox 267 1975 1912 2101">
    <p class='ocr_par' dir='ltr' id='par_1_26' title="bbox 267 1975 1912 2101">
     <span class='ocr_line' id='line_1_26' title="bbox 267 1975 1912 2101; baseline 0.002 -71"><span class='ocrx_word' id='word_1_174' title='bbox 267 1980 495 2048; x_wconf 86' lang='lat' dir='ltr'>nysius,</span> <span class='ocrx_word' id='word_1_175' title='bbox 549 1975 922 2101; x_wconf 66' lang='lat' dir='ltr'>putidissime</span> <span class='ocrx_word' id='word_1_176' title='bbox 975 1975 1093 2029; x_wconf 65' lang='lat' dir='ltr'>haec</span> <span class='ocrx_word' id='word_1_177' title='bbox 1157 1976 1606 2045; x_wconf 78' lang='lat' dir='ltr'>coagmentavit.</span> <span class='ocrx_word' id='word_1_178' title='bbox 1667 1980 1912 2033; x_wconf 87' lang='lat' dir='ltr'>Adverte</span> 
     </span>
     <span class='ocr_line' id='line_1_27' title="bbox 267 2046 1912 2101; baseline 0 0"><span class='ocrx_word' id='word_1_179' title='bbox 267 2054 490 2101; x_wconf 89' lang='lat' dir='ltr'>autem.</span> <span class='ocrx_word' id='word_1_180' title='bbox 524 2065 554 2101; x_wconf 91' lang='lat' dir='ltr'>a</span> <span class='ocrx_word' id='word_1_181' title='bbox 586 2050 698 2101; x_wconf 86' lang='lat' dir='ltr'>iam</span> <span class='ocrx_word' id='word_1_182' title='bbox 748 2048 842 2101; x_wconf 90' lang='lat' dir='ltr'>hic</span> <span class='ocrx_word' id='word_1_183' title='bbox 891 2046 1014 2100; x_wconf 87' lang='lat' dir='ltr'>dari</span> <span class='ocrx_word' id='word_1_184' title='bbox 1064 2047 1603 2101; x_wconf 81' lang='lat' dir='ltr'>interpretationem</span> <span class='ocrx_word' id='word_1_185' title='bbox 1659 2050 1912 2101; x_wconf 89' lang='lat' dir='ltr'>nominis</span> 
     </span>
    </p>
   </div>
   <div class='ocr_carea' id='block_1_27' title="bbox 265 2046 1912 2116">
    <p class='ocr_par' dir='ltr' id='par_1_27' title="bbox 265 2046 1912 2116">
     <span class='ocr_line' id='line_1_28' title="bbox 265 2046 1912 2116; baseline 0.002 -14"><span class='ocrx_word' id='word_1_186' title='bbox 265 2046 490 2112; x_wconf 89' lang='lat' dir='ltr'>autern,</span> <span class='ocrx_word' id='word_1_187' title='bbox 524 2046 698 2102; x_wconf 87' lang='lat' dir='ltr'>aliam</span> <span class='ocrx_word' id='word_1_188' title='bbox 748 2048 842 2101; x_wconf 90' lang='lat' dir='ltr'>hic</span> <span class='ocrx_word' id='word_1_189' title='bbox 891 2046 1014 2100; x_wconf 88' lang='lat' dir='ltr'>dari</span> <span class='ocrx_word' id='word_1_190' title='bbox 1064 2047 1603 2116; x_wconf 82' lang='lat' dir='ltr'>interpretationem</span> <span class='ocrx_word' id='word_1_191' title='bbox 1659 2050 1912 2105; x_wconf 86' lang='lat' dir='ltr'>nominis</span> 
     </span>
    </p>
   </div>
   <div class='ocr_carea' id='block_1_28' title="bbox 266 2119 1910 2190">
    <p class='ocr_par' dir='ltr' id='par_1_28' title="bbox 266 2119 1910 2190">
     <span class='ocr_line' id='line_1_29' title="bbox 266 2119 1910 2190; baseline 0.001 -16"><span class='ocrx_word' id='word_1_192' title='bbox 266 2120 634 2189; x_wconf 82' lang='lat' dir='ltr'>Timotheus,</span> <span class='ocrx_word' id='word_1_193' title='bbox 655 2136 825 2187; x_wconf 75' lang='lat' dir='ltr'>quam</span> <span class='ocrx_word' id='word_1_194' title='bbox 852 2119 1034 2189; x_wconf 91' lang='lat' dir='ltr'>prius.</span> <span class='ocrx_word' id='word_1_195' title='bbox 1055 2119 1295 2173; x_wconf 88' lang='lat' dir='ltr'>Dicebat</span> <span class='ocrx_word' id='word_1_196' title='bbox 1316 2120 1471 2173; x_wconf 90' lang='lat' dir='ltr'>enim</span> <span class='ocrx_word' id='word_1_197' title='bbox 1500 2122 1661 2190; x_wconf 90' lang='lat' dir='ltr'>prius</span> <span class='ocrx_word' id='word_1_198' title='bbox 1689 2122 1910 2176; x_wconf 86' lang='lat' dir='ltr'>dictum</span> 
     </span>
    </p>
   </div>
   <div class='ocr_carea' id='block_1_29' title="bbox 267 2190 1914 2261">
    <p class='ocr_par' dir='ltr' id='par_1_29' title="bbox 267 2190 1914 2261">
     <span class='ocr_line' id='line_1_30' title="bbox 267 2190 1914 2261; baseline 0.001 -15"><span class='ocrx_word' id='word_1_199' title='bbox 267 2191 643 2246; x_wconf 85' lang='lat' dir='ltr'>Timotheum</span> <span class='ocrx_word' id='word_1_200' title='bbox 675 2195 902 2261; x_wconf 83' lang='lat' dir='ltr'>propter</span> <span class='ocrx_word' id='word_1_201' title='bbox 930 2190 1147 2258; x_wconf 80' lang='lat' dir='ltr'>ingenii</span> <span class='ocrx_word' id='word_1_202' title='bbox 1175 2194 1586 2260; x_wconf 67' lang='lat' dir='ltr'>praestantiam,</span> <span class='ocrx_word' id='word_1_203' title='bbox 1642 2209 1775 2246; x_wconf 92' lang='lat' dir='ltr'>cum</span> <span class='ocrx_word' id='word_1_204' title='bbox 1825 2193 1914 2247; x_wconf 93' lang='lat' dir='ltr'>di-</span> 
     </span>
    </p>
   </div>
   <div class='ocr_carea' id='block_1_30' title="bbox 268 2261 1915 2331">
    <p class='ocr_par' dir='ltr' id='par_1_30' title="bbox 268 2261 1915 2331">
     <span class='ocr_line' id='line_1_31' title="bbox 268 2261 1915 2331; baseline -0.001 -13"><span class='ocrx_word' id='word_1_205' title='bbox 268 2280 395 2318; x_wconf 86' lang='lat' dir='ltr'>cere</span> <span class='ocrx_word' id='word_1_206' title='bbox 421 2263 748 2331; x_wconf 87' lang='lat' dir='ltr'>debuisset,</span> <span class='ocrx_word' id='word_1_207' title='bbox 783 2265 847 2315; x_wconf 87' lang='lat' dir='ltr'>ob</span> <span class='ocrx_word' id='word_1_208' title='bbox 888 2261 1111 2331; x_wconf 75' lang='lat' dir='ltr'>pietatis</span> <span class='ocrx_word' id='word_1_209' title='bbox 1135 2264 1514 2329; x_wconf 65' lang='lat' dir='ltr'>praestantiam</span> <span class='ocrx_word' id='word_1_210' title='bbox 1551 2280 1562 2316; x_wconf 89' lang='lat'><strong>:</strong></span> <span class='ocrx_word' id='word_1_211' title='bbox 1611 2281 1764 2318; x_wconf 91' lang='lat' dir='ltr'>nunc</span> <span class='ocrx_word' id='word_1_212' title='bbox 1812 2264 1915 2318; x_wconf 87' lang='lat' dir='ltr'>Ti-</span> 
     </span>
    </p>
   </div>
   <div class='ocr_carea' id='block_1_31' title="bbox 274 2333 1914 2404">
    <p class='ocr_par' dir='ltr' id='par_1_31' title="bbox 274 2333 1914 2404">
     <span class='ocr_line' id='line_1_32' title="bbox 274 2333 1914 2404; baseline -0.001 -14"><span class='ocrx_word' id='word_1_213' title='bbox 274 2336 578 2390; x_wconf 91' lang='lat' dir='ltr'>motbeum</span> <span class='ocrx_word' id='word_1_214' title='bbox 634 2333 1057 2404; x_wconf 86' lang='lat' dir='ltr'>interpretatur</span> <span class='ocrx_word' id='word_1_215' title='bbox 1102 2334 1201 2387; x_wconf 87' lang='lat' dir='ltr'>Deo</span> <span class='ocrx_word' id='word_1_216' title='bbox 1252 2334 1598 2395; x_wconf 85' lang='lat' dir='ltr'>honoratum,</span> <span class='ocrx_word' id='word_1_217' title='bbox 1650 2352 1781 2389; x_wconf 91' lang='lat' dir='ltr'>cum</span> <span class='ocrx_word' id='word_1_218' title='bbox 1824 2335 1914 2389; x_wconf 88' lang='lat' dir='ltr'>in-</span> 
     </span>
    </p>
   </div>
   <div class='ocr_carea' id='block_1_32' title="bbox 272 2405 1917 2479">
    <p class='ocr_par' dir='ltr' id='par_1_32' title="bbox 272 2405 1917 2479">
     <span class='ocr_line' id='line_1_33' title="bbox 272 2405 1917 2479; baseline 0 -17"><span class='ocrx_word' id='word_1_219' title='bbox 272 2408 595 2479; x_wconf 75' lang='lat' dir='ltr'>terpretari</span> <span class='ocrx_word' id='word_1_220' title='bbox 650 2406 932 2479; x_wconf 27' lang='lat' dir='ltr'>deberett</span> <span class='ocrx_word' id='word_1_221' title='bbox 972 2405 1326 2459; x_wconf 81' lang='lat' dir='ltr'>honorantem</span> <span class='ocrx_word' id='word_1_222' title='bbox 1375 2407 1564 2479; x_wconf 81' lang='lat' dir='ltr'>Deum.</span> <span class='ocrx_word' id='word_1_223' title='bbox 1595 2406 1917 2479; x_wconf 15' lang='lat' dir='ltr'>tDiﬁ‘erunt</span> 
     </span>
    </p>
   </div>
   <div class='ocr_carea' id='block_1_33' title="bbox 273 2473 1915 2549">
    <p class='ocr_par' dir='ltr' id='par_1_33' title="bbox 273 2473 1915 2549">
     <span class='ocr_line' id='line_1_34' title="bbox 273 2473 1915 2549; baseline 0 -16"><span class='ocrx_word' id='word_1_224' title='bbox 273 2473 433 2533; x_wconf 69' lang='lat' dir='ltr'>enim</span> <span class='ocrx_word' id='word_1_225' title='bbox 458 2475 723 2547; x_wconf 83' lang='grc' dir='ltr'>Τιμόθεος</span> <span class='ocrx_word' id='word_1_226' title='bbox 752 2482 808 2531; x_wconf 90' lang='lat' dir='ltr'>et</span> <span class='ocrx_word' id='word_1_227' title='bbox 838 2473 1123 2547; x_wconf 73' lang='grc' dir='ltr'>Θεότιμος,</span> <span class='ocrx_word' id='word_1_228' title='bbox 1151 2492 1283 2549; x_wconf 88' lang='lat' dir='ltr'>cum</span> <span class='ocrx_word' id='word_1_229' title='bbox 1310 2478 1393 2547; x_wconf 92' lang='lat' dir='ltr'>pri</span> <span class='ocrx_word' id='word_1_230' title='bbox 1408 2494 1474 2549; x_wconf 88' lang='lat' dir='ltr'>us</span> <span class='ocrx_word' id='word_1_231' title='bbox 1498 2478 1696 2546; x_wconf 88' lang='lat' dir='ltr'>active,</span> <span class='ocrx_word' id='word_1_232' title='bbox 1726 2483 1915 2549; x_wconf 91' lang='lat' dir='ltr'>poste-</span> 
     </span>
    </p>
   </div>
   <div class='ocr_carea' id='block_1_34' title="bbox 270 2547 1915 2621">
    <p class='ocr_par' dir='ltr' id='par_1_34' title="bbox 270 2547 1915 2621">
     <span class='ocr_line' id='line_1_35' title="bbox 270 2547 1915 2621; baseline 0 -18"><span class='ocrx_word' id='word_1_233' title='bbox 270 2550 390 2604; x_wconf 89' lang='lat' dir='ltr'>rius</span> <span class='ocrx_word' id='word_1_234' title='bbox 428 2549 658 2621; x_wconf 89' lang='lat' dir='ltr'>passive</span> <span class='ocrx_word' id='word_1_235' title='bbox 692 2549 974 2621; x_wconf 87' lang='lat' dir='ltr'>capiatur.</span> <span class='ocrx_word' id='word_1_236' title='bbox 1030 2550 1129 2621; x_wconf 85' lang='lat' dir='ltr'>Est</span> <span class='ocrx_word' id='word_1_237' title='bbox 1166 2548 1319 2621; x_wconf 89' lang='lat' dir='ltr'>enim</span> <span class='ocrx_word' id='word_1_238' title='bbox 1369 2547 1621 2621; x_wconf 69' lang='grc' dir='ltr'>θεᾴτιμος</span> <span class='ocrx_word' id='word_1_239' title='bbox 1676 2547 1786 2621; x_wconf 68' lang='grc' dir='ltr'>Ι)ξο</span> <span class='ocrx_word' id='word_1_240' title='bbox 1818 2550 1915 2621; x_wconf 72' lang='lat' dir='ltr'>tio-</span> 
     </span>
    </p>
   </div>
   <div class='ocr_carea' id='block_1_35' title="bbox 268 2619 1918 2693">
    <p class='ocr_par' dir='ltr' id='par_1_35' title="bbox 268 2619 1918 2693">
     <span class='ocr_line' id='line_1_36' title="bbox 268 2619 1918 2693; baseline -0.001 -17"><span class='ocrx_word' id='word_1_241' title='bbox 268 2619 728 2693; x_wconf 28' lang='lat' dir='ltr'>norat‘ugvalde</span> <span class='ocrx_word' id='word_1_242' title='bbox 756 2619 1127 2693; x_wconf 64' lang='lat' dir='ltr'>honorandus,</span> <span class='ocrx_word' id='word_1_243' title='bbox 1161 2620 1313 2693; x_wconf 82' lang='lat' dir='ltr'>sicut</span> <span class='ocrx_word' id='word_1_244' title='bbox 1335 2619 1641 2693; x_wconf 74' lang='grc' dir='ltr'>περίτιμος,</span> <span class='ocrx_word' id='word_1_245' title='bbox 1679 2619 1918 2691; x_wconf 81' lang='grc' dir='ltr'>μελαλό-</span> 
     </span>
    </p>
   </div>
   <div class='ocr_carea' id='block_1_36' title="bbox 270 2690 1916 2765">
    <p class='ocr_par' dir='ltr' id='par_1_36' title="bbox 270 2690 1916 2765">
     <span class='ocr_line' id='line_1_37' title="bbox 270 2690 1916 2765; baseline 0.002 -19"><span class='ocrx_word' id='word_1_246' title='bbox 270 2713 438 2764; x_wconf 73' lang='grc' dir='ltr'>τιμος</span> <span class='ocrx_word' id='word_1_247' title='bbox 477 2692 743 2765; x_wconf 55' lang='lat' dir='ltr'>(semper,</span> <span class='ocrx_word' id='word_1_248' title='bbox 785 2698 840 2745; x_wconf 88' lang='lat' dir='ltr'>et</span> <span class='ocrx_word' id='word_1_249' title='bbox 888 2690 1003 2745; x_wconf 90' lang='lat' dir='ltr'>alia</span> <span class='ocrx_word' id='word_1_250' title='bbox 1043 2692 1306 2761; x_wconf 89' lang='lat' dir='ltr'>ejusdem</span> <span class='ocrx_word' id='word_1_251' title='bbox 1356 2690 1550 2765; x_wconf 83' lang='lat' dir='ltr'>sortis,</span> <span class='ocrx_word' id='word_1_252' title='bbox 1594 2690 1712 2747; x_wconf 82' lang='lat' dir='ltr'>sive</span> <span class='ocrx_word' id='word_1_253' title='bbox 1769 2712 1916 2765; x_wconf 89' lang='lat' dir='ltr'>quo-</span> 
     </span>
    </p>
   </div>
   <div class='ocr_carea' id='block_1_37' title="bbox 269 2764 1919 2835">
    <p class='ocr_par' dir='ltr' id='par_1_37' title="bbox 269 2764 1919 2835">
     <span class='ocr_line' id='line_1_38' title="bbox 269 2764 1919 2835; baseline 0 -16"><span class='ocrx_word' id='word_1_254' title='bbox 269 2766 625 2835; x_wconf 86' lang='lat' dir='ltr'>tiescunque</span> <span class='ocrx_word' id='word_1_255' title='bbox 657 2764 800 2820; x_wconf 74' lang='lat'>581</span> <span class='ocrx_word' id='word_1_256' title='bbox 857 2779 993 2833; x_wconf 92' lang='lat' dir='ltr'>pars</span> <span class='ocrx_word' id='word_1_257' title='bbox 1038 2782 1197 2833; x_wconf 83' lang='grc' dir='ltr'><strong>τιμος</strong></span> <span class='ocrx_word' id='word_1_258' title='bbox 1249 2767 1338 2817; x_wconf 92' lang='lat' dir='ltr'>est</span> <span class='ocrx_word' id='word_1_259' title='bbox 1386 2764 1521 2819; x_wconf 85' lang='lat' dir='ltr'>ﬁnis</span> <span class='ocrx_word' id='word_1_260' title='bbox 1570 2764 1919 2835; x_wconf 84' lang='lat' dir='ltr'>compositi;</span> 
     </span>
    </p>
   </div>
   <div class='ocr_carea' id='block_1_38' title="bbox 270 2834 1913 2907">
    <p class='ocr_par' dir='ltr' id='par_1_38' title="bbox 270 2834 1913 2907">
     <span class='ocr_line' id='line_1_39' title="bbox 270 2834 1913 2907; baseline 0 -16"><span class='ocrx_word' id='word_1_261' title='bbox 270 2840 391 2891; x_wconf 90' lang='lat' dir='ltr'>tum</span> <span class='ocrx_word' id='word_1_262' title='bbox 428 2834 583 2891; x_wconf 84' lang='lat' dir='ltr'>enim</span> <span class='ocrx_word' id='word_1_263' title='bbox 608 2834 755 2890; x_wconf 87' lang='lat' dir='ltr'>tales</span> <span class='ocrx_word' id='word_1_264' title='bbox 784 2849 952 2889; x_wconf 89' lang='lat' dir='ltr'>voces</span> <span class='ocrx_word' id='word_1_265' title='bbox 985 2840 1129 2907; x_wconf 86' lang='lat' dir='ltr'>sunt</span> <span class='ocrx_word' id='word_1_266' title='bbox 1155 2836 1411 2907; x_wconf 74' lang='lat' dir='ltr'>passivze</span> <span class='ocrx_word' id='word_1_267' title='bbox 1451 2834 1913 2907; x_wconf 73' lang='lat' dir='ltr'>significationis.</span> 
     </span>
    </p>
   </div>
   <div class='ocr_carea' id='block_1_39' title="bbox 273 2906 1918 2975">
    <p class='ocr_par' dir='ltr' id='par_1_39' title="bbox 273 2906 1918 2975">
     <span class='ocr_line' id='line_1_40' title="bbox 273 2906 1918 2975; baseline 0.001 -13"><span class='ocrx_word' id='word_1_268' title='bbox 273 2908 458 2963; x_wconf 83' lang='lat' dir='ltr'>Aliter</span> <span class='ocrx_word' id='word_1_269' title='bbox 484 2912 675 2962; x_wconf 90' lang='lat' dir='ltr'>autem</span> <span class='ocrx_word' id='word_1_270' title='bbox 710 2911 768 2961; x_wconf 90' lang='lat' dir='ltr'>et</span> <span class='ocrx_word' id='word_1_271' title='bbox 798 2923 826 2959; x_wconf 95' lang='lat' dir='ltr'>e</span> <span class='ocrx_word' id='word_1_272' title='bbox 857 2906 1172 2960; x_wconf 86' lang='lat' dir='ltr'>contratrio</span> <span class='ocrx_word' id='word_1_273' title='bbox 1205 2923 1297 2961; x_wconf 91' lang='lat' dir='ltr'>res</span> <span class='ocrx_word' id='word_1_274' title='bbox 1320 2906 1662 2975; x_wconf 29' lang='lat' dir='ltr'>habet,’cum</span> <span class='ocrx_word' id='word_1_275' title='bbox 1696 2916 1779 2965; x_wconf 90' lang='lat' dir='ltr'>est</span> <span class='ocrx_word' id='word_1_276' title='bbox 1804 2910 1918 2964; x_wconf 87' lang='lat' dir='ltr'>ini-</span> 
     </span>
    </p>
   </div>
   <div class='ocr_carea' id='block_1_40' title="bbox 271 2978 1921 3050">
    <p class='ocr_par' dir='ltr' id='par_1_40' title="bbox 271 2978 1921 3050">
     <span class='ocr_line' id='line_1_41' title="bbox 271 2978 1921 3050; baseline 0.001 -17"><span class='ocrx_word' id='word_1_277' title='bbox 271 2980 423 3035; x_wconf 87' lang='lat' dir='ltr'>tium</span> <span class='ocrx_word' id='word_1_278' title='bbox 457 2979 805 3050; x_wconf 89' lang='lat' dir='ltr'>compositi:</span> <span class='ocrx_word' id='word_1_279' title='bbox 840 2979 1164 3050; x_wconf 82' lang='lat' dir='ltr'>tunc_enim</span> <span class='ocrx_word' id='word_1_280' title='bbox 1199 2978 1469 3050; x_wconf 78' lang='lat' dir='ltr'>activam,</span> <span class='ocrx_word' id='word_1_281' title='bbox 1514 2988 1577 3033; x_wconf 91' lang='lat' dir='ltr'>ut</span> <span class='ocrx_word' id='word_1_282' title='bbox 1626 2980 1762 3047; x_wconf 69' lang='lat' dir='ltr'>dixi,</span> <span class='ocrx_word' id='word_1_283' title='bbox 1816 2982 1921 3035; x_wconf 91' lang='lat' dir='ltr'>ha-</span> 
     </span>
    </p>
   </div>
   <div class='ocr_carea' id='block_1_41' title="bbox 267 3048 1920 3121">
    <p class='ocr_par' dir='ltr' id='par_1_41' title="bbox 267 3048 1920 3121">
     <span class='ocr_line' id='line_1_42' title="bbox 267 3048 1920 3121; baseline 0.001 -15"><span class='ocrx_word' id='word_1_284' title='bbox 267 3052 409 3106; x_wconf 90' lang='lat' dir='ltr'>bent</span> <span class='ocrx_word' id='word_1_285' title='bbox 448 3048 956 3121; x_wconf 82' lang='lat' dir='ltr'>signiﬁcationem.</span> <span class='ocrx_word' id='word_1_286' title='bbox 992 3048 1458 3119; x_wconf 68' lang='grc' dir='ltr'>[Ιηάθτιμόπολις</span> <span class='ocrx_word' id='word_1_287' title='bbox 1480 3052 1736 3121; x_wconf 81' lang='lat' dir='ltr'>Euripidi</span> <span class='ocrx_word' id='word_1_288' title='bbox 1760 3054 1920 3107; x_wconf 82' lang='lat' dir='ltr'>estis</span> 
     </span>
    </p>
   </div>
   <div class='ocr_carea' id='block_1_42' title="bbox 270 3122 1918 3194">
    <p class='ocr_par' dir='ltr' id='par_1_42' title="bbox 270 3122 1918 3194">
     <span class='ocr_line' id='line_1_43' title="bbox 270 3122 1918 3194; baseline -0.001 -17"><span class='ocrx_word' id='word_1_289' title='bbox 270 3124 366 3194; x_wconf 91' lang='lat' dir='ltr'>qui</span> <span class='ocrx_word' id='word_1_290' title='bbox 407 3124 660 3177; x_wconf 84' lang='lat' dir='ltr'>honorat</span> <span class='ocrx_word' id='word_1_291' title='bbox 689 3122 1001 3194; x_wconf 86' lang='lat' dir='ltr'>civitatem,</span> <span class='ocrx_word' id='word_1_292' title='bbox 1031 3138 1152 3189; x_wconf 88' lang='lat' dir='ltr'>seu,</span> <span class='ocrx_word' id='word_1_293' title='bbox 1189 3123 1285 3194; x_wconf 91' lang='lat' dir='ltr'>qui</span> <span class='ocrx_word' id='word_1_294' title='bbox 1311 3129 1652 3177; x_wconf 87' lang='lat' dir='ltr'>ornamento</span> <span class='ocrx_word' id='word_1_295' title='bbox 1676 3125 1918 3194; x_wconf 86' lang='lat' dir='ltr'>estcivi-</span> 
     </span>
    </p>
   </div>
   <div class='ocr_carea' id='block_1_43' title="bbox 270 3192 1920 3264">
    <p class='ocr_par' dir='ltr' id='par_1_43' title="bbox 270 3192 1920 3264">
     <span class='ocr_line' id='line_1_44' title="bbox 270 3192 1920 3264; baseline -0.002 -15"><span class='ocrx_word' id='word_1_296' title='bbox 270 3192 400 3264; x_wconf 80' lang='lat' dir='ltr'>tati,</span> <span class='ocrx_word' id='word_1_297' title='bbox 442 3212 555 3248; x_wconf 88' lang='lat' dir='ltr'>non</span> <span class='ocrx_word' id='word_1_298' title='bbox 595 3197 784 3248; x_wconf 88' lang='lat' dir='ltr'>autem</span> <span class='ocrx_word' id='word_1_299' title='bbox 841 3192 939 3262; x_wconf 91' lang='lat' dir='ltr'>qui</span> <span class='ocrx_word' id='word_1_300' title='bbox 986 3194 1056 3247; x_wconf 87' lang='lat' dir='ltr'>ab</span> <span class='ocrx_word' id='word_1_301' title='bbox 1101 3210 1168 3247; x_wconf 90' lang='lat' dir='ltr'>ea</span> <span class='ocrx_word' id='word_1_302' title='bbox 1216 3192 1558 3248; x_wconf 88' lang='lat' dir='ltr'>honoratur.</span> <span class='ocrx_word' id='word_1_303' title='bbox 1614 3194 1705 3248; x_wconf 87' lang='lat' dir='ltr'>Sic</span> <span class='ocrx_word' id='word_1_304' title='bbox 1754 3193 1920 3247; x_wconf 79' lang='grc' dir='ltr'>σωσί-</span> 
     </span>
    </p>
   </div>
   <div class='ocr_carea' id='block_1_44' title="bbox 269 3264 1923 3339">
    <p class='ocr_par' dir='ltr' id='par_1_44' title="bbox 269 3264 1923 3339">
     <span class='ocr_line' id='line_1_45' title="bbox 269 3264 1923 3339; baseline -0.001 -20"><span class='ocrx_word' id='word_1_305' title='bbox 269 3264 440 3324; x_wconf 80' lang='grc' dir='ltr'>πολις</span> <span class='ocrx_word' id='word_1_306' title='bbox 472 3264 872 3339; x_wconf 72' lang='lat' dir='ltr'>Aristophani,</span> <span class='ocrx_word' id='word_1_307' title='bbox 904 3264 1444 3339; x_wconf 64' lang='lat' dir='ltr'>servator_c_z&#39;vittttis.</span> <span class='ocrx_word' id='word_1_308' title='bbox 1480 3266 1575 3320; x_wconf 88' lang='lat' dir='ltr'>Sic</span> <span class='ocrx_word' id='word_1_309' title='bbox 1606 3264 1923 3339; x_wconf 64' lang='grc' dir='ltr'>⁸φιλόπολις</span> 
     </span>
    </p>
   </div>
   <div class='ocr_carea' id='block_1_45' title="bbox 268 3335 1917 3407">
    <p class='ocr_par' dir='ltr' id='par_1_45' title="bbox 268 3335 1917 3407">
     <span class='ocr_line' id='line_1_46' title="bbox 268 3335 1917 3407; baseline 0.001 -14"><span class='ocrx_word' id='word_1_310' title='bbox 268 3347 495 3393; x_wconf 83' lang='lat' dir='ltr'>amator</span> <span class='ocrx_word' id='word_1_311' title='bbox 519 3335 782 3391; x_wconf 77' lang='lat' dir='ltr'>civitatis.</span> <span class='ocrx_word' id='word_1_312' title='bbox 816 3336 884 3407; x_wconf 78' lang='lat' dir='ltr'>Et</span> <span class='ocrx_word' id='word_1_313' title='bbox 915 3335 997 3389; x_wconf 89' lang='lat' dir='ltr'>ita</span> <span class='ocrx_word' id='word_1_314' title='bbox 1027 3338 1098 3390; x_wconf 91' lang='lat' dir='ltr'>de</span> <span class='ocrx_word' id='word_1_315' title='bbox 1130 3335 1279 3391; x_wconf 89' lang='lat' dir='ltr'>aliis.</span> <span class='ocrx_word' id='word_1_316' title='bbox 1316 3337 1515 3407; x_wconf 85' lang='lat' dir='ltr'>Itaque</span> <span class='ocrx_word' id='word_1_317' title='bbox 1569 3335 1917 3393; x_wconf 82' lang='lat' dir='ltr'>alterutrum</span> 
     </span>
    </p>
   </div>
   <div class='ocr_carea' id='block_1_46' title="bbox 271 3406 1918 3477">
    <p class='ocr_par' dir='ltr' id='par_1_46' title="bbox 271 3406 1918 3477">
     <span class='ocr_line' id='line_1_47' title="bbox 271 3406 1918 3477; baseline 0.001 -12"><span class='ocrx_word' id='word_1_318' title='bbox 271 3410 594 3465; x_wconf 88' lang='lat' dir='ltr'>dicendum</span> <span class='ocrx_word' id='word_1_319' title='bbox 644 3412 752 3475; x_wconf 89' lang='lat' dir='ltr'>est,</span> <span class='ocrx_word' id='word_1_320' title='bbox 794 3406 879 3461; x_wconf 93' lang='lat' dir='ltr'>vel</span> <span class='ocrx_word' id='word_1_321' title='bbox 932 3407 1131 3463; x_wconf 88' lang='lat' dir='ltr'>addita</span> <span class='ocrx_word' id='word_1_322' title='bbox 1173 3407 1293 3462; x_wconf 73' lang='lat' dir='ltr'>haec</span> <span class='ocrx_word' id='word_1_323' title='bbox 1329 3406 1456 3463; x_wconf 86' lang='lat' dir='ltr'>esse</span> <span class='ocrx_word' id='word_1_324' title='bbox 1499 3410 1568 3463; x_wconf 93' lang='lat' dir='ltr'>ad</span> <span class='ocrx_word' id='word_1_325' title='bbox 1619 3416 1918 3477; x_wconf 82' lang='lat' dir='ltr'>Dextrum,</span> 
     </span>
    </p>
   </div>
   <div class='ocr_carea' id='block_1_47' title="bbox 268 3478 1923 3550">
    <p class='ocr_par' dir='ltr' id='par_1_47' title="bbox 268 3478 1923 3550">
     <span class='ocr_line' id='line_1_48' title="bbox 268 3478 1923 3550; baseline 0.001 -14"><span class='ocrx_word' id='word_1_326' title='bbox 268 3482 355 3536; x_wconf 91' lang='lat' dir='ltr'>vel</span> <span class='ocrx_word' id='word_1_327' title='bbox 412 3481 695 3535; x_wconf 86' lang='lat' dir='ltr'>Dextrum</span> <span class='ocrx_word' id='word_1_328' title='bbox 750 3478 1004 3532; x_wconf 83' lang='lat' dir='ltr'>nescisse</span> <span class='ocrx_word' id='word_1_329' title='bbox 1051 3478 1318 3535; x_wconf 87' lang='lat' dir='ltr'>litteras:</span> <span class='ocrx_word' id='word_1_330' title='bbox 1390 3481 1681 3550; x_wconf 84' lang='lat' dir='ltr'>posterius</span> <span class='ocrx_word' id='word_1_331' title='bbox 1732 3484 1923 3538; x_wconf 89' lang='lat' dir='ltr'>dicere</span> 
     </span>
    </p>
   </div>
   <div class='ocr_carea' id='block_1_48' title="bbox 271 3550 1922 3623">
    <p class='ocr_par' dir='ltr' id='par_1_48' title="bbox 271 3550 1922 3623">
     <span class='ocr_line' id='line_1_49' title="bbox 271 3550 1922 3623; baseline 0.001 -15"><span class='ocrx_word' id='word_1_332' title='bbox 271 3570 383 3608; x_wconf 91' lang='lat' dir='ltr'>non</span> <span class='ocrx_word' id='word_1_333' title='bbox 430 3551 647 3617; x_wconf 82' lang='lat' dir='ltr'>ausim,</span> <span class='ocrx_word' id='word_1_334' title='bbox 677 3550 858 3623; x_wconf 85' lang='lat' dir='ltr'>igitur</span> <span class='ocrx_word' id='word_1_335' title='bbox 888 3550 1070 3623; x_wconf 80' lang='lat' dir='ltr'>prius.</span> <span class='ocrx_word' id='word_1_336' title='bbox 1106 3551 1255 3619; x_wconf 90' lang='lat' dir='ltr'>Alia,</span> <span class='ocrx_word' id='word_1_337' title='bbox 1279 3567 1404 3621; x_wconf 83' lang='lat' dir='ltr'>quae</span> <span class='ocrx_word' id='word_1_338' title='bbox 1438 3552 1493 3604; x_wconf 93' lang='lat' dir='ltr'>in</span> <span class='ocrx_word' id='word_1_339' title='bbox 1537 3570 1716 3623; x_wconf 90' lang='lat' dir='ltr'>supra</span> <span class='ocrx_word' id='word_1_340' title='bbox 1749 3555 1922 3609; x_wconf 89' lang='lat' dir='ltr'>dictis</span> 
     </span>
    </p>
   </div>
   <div class='ocr_carea' id='block_1_49' title="bbox 267 3622 1921 3697">
    <p class='ocr_par' dir='ltr' id='par_1_49' title="bbox 267 3622 1921 3697">
     <span class='ocr_line' id='line_1_50' title="bbox 267 3622 1921 3697; baseline 0.002 -19"><span class='ocrx_word' id='word_1_341' title='bbox 267 3623 470 3680; x_wconf 90' lang='lat' dir='ltr'>verbis</span> <span class='ocrx_word' id='word_1_342' title='bbox 494 3623 698 3697; x_wconf 76' lang='lat' dir='ltr'>insunt</span> <span class='ocrx_word' id='word_1_343' title='bbox 727 3622 1004 3687; x_wconf 87' lang='lat' dir='ltr'>absurda,</span> <span class='ocrx_word' id='word_1_344' title='bbox 1041 3626 1339 3697; x_wconf 72' lang='lat' dir='ltr'>praetereo.</span> <span class='ocrx_word' id='word_1_345' title='bbox 1375 3624 1491 3697; x_wconf 76' lang='lat' dir='ltr'>Hoc</span> <span class='ocrx_word' id='word_1_346' title='bbox 1543 3622 1735 3679; x_wconf 78' lang='lat' dir='ltr'>autem</span> <span class='ocrx_word' id='word_1_347' title='bbox 1788 3644 1921 3697; x_wconf 82' lang='lat' dir='ltr'>pas-</span> 
     </span>
    </p>
   </div>
   <div class='ocr_carea' id='block_1_50' title="bbox 268 3692 1923 3765">
    <p class='ocr_par' dir='ltr' id='par_1_50' title="bbox 268 3692 1923 3765">
     <span class='ocr_line' id='line_1_51' title="bbox 268 3692 1923 3765; baseline 0.001 -14"><span class='ocrx_word' id='word_1_348' title='bbox 268 3697 378 3751; x_wconf 87' lang='lat' dir='ltr'>sim</span> <span class='ocrx_word' id='word_1_349' title='bbox 408 3699 534 3749; x_wconf 82' lang='lat' dir='ltr'>toto</span> <span class='ocrx_word' id='word_1_350' title='bbox 559 3692 707 3748; x_wconf 92' lang='lat' dir='ltr'>libro</span> <span class='ocrx_word' id='word_1_351' title='bbox 738 3697 986 3765; x_wconf 84' lang='lat' dir='ltr'>constat,</span> <span class='ocrx_word' id='word_1_352' title='bbox 1010 3692 1145 3748; x_wconf 87' lang='lat' dir='ltr'>eum</span> <span class='ocrx_word' id='word_1_353' title='bbox 1177 3693 1447 3748; x_wconf 85' lang='lat' dir='ltr'>Chronici</span> <span class='ocrx_word' id='word_1_354' title='bbox 1480 3692 1923 3765; x_wconf 73' lang='lat' dir='ltr'>auctorem,seu</span> 
     </span>
    </p>
   </div>
   <div class='ocr_carea' id='block_1_51' title="bbox 267 3763 1924 3841">
    <p class='ocr_par' dir='ltr' id='par_1_51' title="bbox 267 3763 1924 3841">
     <span class='ocr_line' id='line_1_52' title="bbox 267 3763 1924 3841; baseline 0.001 -19"><span class='ocrx_word' id='word_1_355' title='bbox 267 3785 295 3822; x_wconf 88' lang='lat' dir='ltr'>e</span> <span class='ocrx_word' id='word_1_356' title='bbox 321 3766 500 3841; x_wconf 90' lang='lat' dir='ltr'>1ib_ris</span> <span class='ocrx_word' id='word_1_357' title='bbox 536 3765 826 3841; x_wconf 69' lang='lat' dir='ltr'>Hispaniae</span> <span class='ocrx_word' id='word_1_358' title='bbox 849 3763 1266 3841; x_wconf 81' lang='lat' dir='ltr'>ecclesiasticis</span> <span class='ocrx_word' id='word_1_359' title='bbox 1286 3767 1757 3841; x_wconf 73' lang='lat' dir='ltr'>compilatorem,</span> <span class='ocrx_word' id='word_1_360' title='bbox 1786 3763 1924 3841; x_wconf 85' lang='lat' dir='ltr'>plus</span> 
     </span>
    </p>
   </div>
   <div class='ocr_carea' id='block_1_52' title="bbox 270 3836 1925 3911">
    <p class='ocr_par' dir='ltr' id='par_1_52' title="bbox 270 3836 1925 3911">
     <span class='ocr_line' id='line_1_53' title="bbox 270 3836 1925 3911; baseline 0.002 -18"><span class='ocrx_word' id='word_1_361' title='bbox 270 3836 685 3911; x_wconf 78' lang='lat' dir='ltr'>nimiogenti</span> <span class='ocrx_word' id='word_1_362' title='bbox 728 3852 854 3911; x_wconf 62' lang='lat' dir='ltr'>suae</span> <span class='ocrx_word' id='word_1_363' title='bbox 902 3837 1203 3911; x_wconf 83' lang='lat' dir='ltr'>addictum</span> <span class='ocrx_word' id='word_1_364' title='bbox 1247 3836 1662 3911; x_wconf 29' lang='lat' dir='ltr'>aliena’multa</span> <span class='ocrx_word' id='word_1_365' title='bbox 1712 3836 1925 3911; x_wconf 54' lang='lat' dir='ltr'>in&#39;jus</span> 
     </span>
    </p>
   </div>
   <div class='ocr_carea' id='block_1_53' title="bbox 268 3907 1927 3980">
    <p class='ocr_par' dir='ltr' id='par_1_53' title="bbox 268 3907 1927 3980">
     <span class='ocr_line' id='line_1_54' title="bbox 268 3907 1927 3980; baseline 0 -14"><span class='ocrx_word' id='word_1_366' title='bbox 268 3926 451 3965; x_wconf 92' lang='lat' dir='ltr'>suum</span> <span class='ocrx_word' id='word_1_367' title='bbox 484 3908 554 3978; x_wconf 85' lang='lat' dir='ltr'>(si</span> <span class='ocrx_word' id='word_1_368' title='bbox 583 3909 683 3978; x_wconf 92' lang='lat' dir='ltr'>jus</span> <span class='ocrx_word' id='word_1_369' title='bbox 711 3907 822 3980; x_wconf 86' lang='lat' dir='ltr'>dici</span> <span class='ocrx_word' id='word_1_370' title='bbox 848 3912 1061 3980; x_wconf 89' lang='lat' dir='ltr'>potest)</span> <span class='ocrx_word' id='word_1_371' title='bbox 1093 3912 1148 3962; x_wconf 91' lang='lat' dir='ltr'>et</span> <span class='ocrx_word' id='word_1_372' title='bbox 1176 3908 1236 3961; x_wconf 89' lang='lat' dir='ltr'>in</span> <span class='ocrx_word' id='word_1_373' title='bbox 1291 3910 1619 3980; x_wconf 86' lang='lat' dir='ltr'>propositas</span> <span class='ocrx_word' id='word_1_374' title='bbox 1669 3928 1786 3965; x_wconf 77' lang='lat' dir='ltr'>suae</span> <span class='ocrx_word' id='word_1_375' title='bbox 1824 3907 1927 3967; x_wconf 48' lang='lat' dir='ltr'>&#39;ce-</span> 
     </span>
    </p>
   </div>
   <div class='ocr_carea' id='block_1_54' title="bbox 267 3979 1926 4050">
    <p class='ocr_par' dir='ltr' id='par_1_54' title="bbox 267 3979 1926 4050">
     <span class='ocr_line' id='line_1_55' title="bbox 267 3979 1926 4050; baseline 0.001 -13"><span class='ocrx_word' id='word_1_376' title='bbox 267 3981 578 4037; x_wconf 69' lang='lat' dir='ltr'>lebrandre</span> <span class='ocrx_word' id='word_1_377' title='bbox 610 3979 809 4050; x_wconf 80' lang='lat' dir='ltr'>patriae</span> <span class='ocrx_word' id='word_1_378' title='bbox 860 3979 1063 4035; x_wconf 88' lang='lat' dir='ltr'>laudes</span> <span class='ocrx_word' id='word_1_379' title='bbox 1100 3979 1471 4049; x_wconf 72' lang='lat' dir='ltr'>pertraxisSe.</span> <span class='ocrx_word' id='word_1_380' title='bbox 1528 3983 1821 4038; x_wconf 85' lang='lat' dir='ltr'>Hactenus</span> <span class='ocrx_word' id='word_1_381' title='bbox 1856 3986 1926 4038; x_wconf 91' lang='lat' dir='ltr'>de</span> 
     </span>
    </p>
   </div>
   <div class='ocr_carea' id='block_1_55' title="bbox 270 4051 1925 4122">
    <p class='ocr_par' dir='ltr' id='par_1_55' title="bbox 270 4051 1925 4122">
     <span class='ocr_line' id='line_1_56' title="bbox 270 4051 1925 4122; baseline -0.001 -12"><span class='ocrx_word' id='word_1_382' title='bbox 270 4058 545 4109; x_wconf 86' lang='lat' dir='ltr'>Dextro:</span> <span class='ocrx_word' id='word_1_383' title='bbox 591 4052 713 4121; x_wconf 84' lang='lat' dir='ltr'>jam</span> <span class='ocrx_word' id='word_1_384' title='bbox 780 4051 849 4105; x_wconf 92' lang='lat' dir='ltr'>ad</span> <span class='ocrx_word' id='word_1_385' title='bbox 899 4051 1174 4106; x_wconf 90' lang='lat' dir='ltr'>solvenda</span> <span class='ocrx_word' id='word_1_386' title='bbox 1230 4058 1577 4122; x_wconf 89' lang='lat' dir='ltr'>argumenta</span> <span class='ocrx_word' id='word_1_387' title='bbox 1633 4055 1925 4111; x_wconf 81' lang='lat' dir='ltr'>Francisci</span> 
     </span>
    </p>
   </div>
   <div class='ocr_carea' id='block_1_56' title="bbox 269 4122 1924 4197">
    <p class='ocr_par' dir='ltr' id='par_1_56' title="bbox 269 4122 1924 4197">
     <span class='ocr_line' id='line_1_57' title="bbox 269 4122 1924 4197; baseline 0 -15"><span class='ocrx_word' id='word_1_388' title='bbox 269 4128 401 4197; x_wconf 86' lang='lat' dir='ltr'>ejus</span> <span class='ocrx_word' id='word_1_389' title='bbox 444 4122 923 4197; x_wconf 80' lang='lat' dir='ltr'>commentatoris</span> <span class='ocrx_word' id='word_1_390' title='bbox 946 4124 1146 4197; x_wconf 86' lang='lat' dir='ltr'>_(quem</span> <span class='ocrx_word' id='word_1_391' title='bbox 1172 4138 1431 4197; x_wconf 76' lang='lat' dir='ltr'>agnoseo</span> <span class='ocrx_word' id='word_1_392' title='bbox 1452 4125 1638 4180; x_wconf 88' lang='lat' dir='ltr'>virum</span> <span class='ocrx_word' id='word_1_393' title='bbox 1667 4128 1924 4194; x_wconf 90' lang='lat' dir='ltr'>doctum,</span> 
     </span>
    </p>
   </div>
   <div class='ocr_carea' id='block_1_57' title="bbox 270 4194 1929 4269">
    <p class='ocr_par' dir='ltr' id='par_1_57' title="bbox 270 4194 1929 4269">
     <span class='ocr_line' id='line_1_58' title="bbox 270 4194 1929 4269; baseline 0.001 -16"><span class='ocrx_word' id='word_1_394' title='bbox 270 4194 328 4253; x_wconf 77' lang='lat' dir='ltr'>et</span> <span class='ocrx_word' id='word_1_395' title='bbox 390 4195 696 4269; x_wconf 81' lang='lat' dir='ltr'>proposito</span> <span class='ocrx_word' id='word_1_396' title='bbox 728 4210 832 4248; x_wconf 90' lang='lat' dir='ltr'>suo</span> <span class='ocrx_word' id='word_1_397' title='bbox 864 4194 1211 4269; x_wconf 79' lang='lat' dir='ltr'>defendendi</span> <span class='ocrx_word' id='word_1_398' title='bbox 1241 4196 1437 4251; x_wconf 86' lang='lat' dir='ltr'>Dextri</span> <span class='ocrx_word' id='word_1_399' title='bbox 1463 4197 1717 4269; x_wconf 86' lang='lat' dir='ltr'>ingenue</span> <span class='ocrx_word' id='word_1_400' title='bbox 1746 4200 1929 4255; x_wconf 88' lang='lat' dir='ltr'>soler-</span> 
     </span>
    </p>
   </div>
   <div class='ocr_carea' id='block_1_58' title="bbox 270 4266 1332 4337">
    <p class='ocr_par' dir='ltr' id='par_1_58' title="bbox 270 4266 1332 4337">
     <span class='ocr_line' id='line_1_59' title="bbox 270 4266 1332 4337; baseline -0.004 -13"><span class='ocrx_word' id='word_1_401' title='bbox 270 4266 488 4337; x_wconf 34' lang='lat' dir='ltr'>terq’ue</span> <span class='ocrx_word' id='word_1_402' title='bbox 519 4266 906 4334; x_wconf 86' lang='lat' dir='ltr'>insistentem)</span> <span class='ocrx_word' id='word_1_403' title='bbox 939 4266 1332 4337; x_wconf 82' lang='lat' dir='ltr'>accingamur.</span> 
     </span>
    </p>
   </div>
   <div class='ocr_carea' id='block_1_59' title="bbox 348 4336 1929 4408">
    <p class='ocr_par' dir='ltr' id='par_1_59' title="bbox 348 4336 1929 4408">
     <span class='ocr_line' id='line_1_60' title="bbox 348 4336 1929 4408; baseline 0.001 -14"><span class='ocrx_word' id='word_1_404' title='bbox 348 4336 625 4394; x_wconf 76' lang='lat' dir='ltr'>Primum</span> <span class='ocrx_word' id='word_1_405' title='bbox 663 4342 785 4391; x_wconf 89' lang='lat' dir='ltr'>erat</span> <span class='ocrx_word' id='word_1_406' title='bbox 815 4338 887 4390; x_wconf 91' lang='lat' dir='ltr'>de</span> <span class='ocrx_word' id='word_1_407' title='bbox 1038 4336 1363 4402; x_wconf 89' lang='lat' dir='ltr'>Timotheo,</span> <span class='ocrx_word' id='word_1_408' title='bbox 1417 4355 1590 4408; x_wconf 89' lang='lat' dir='ltr'>quem</span> <span class='ocrx_word' id='word_1_409' title='bbox 1642 4341 1782 4394; x_wconf 89' lang='lat' dir='ltr'>dicit</span> <span class='ocrx_word' id='word_1_410' title='bbox 1819 4342 1929 4395; x_wconf 91' lang='lat' dir='ltr'>sub</span> 
     </span>
    </p>
   </div>
   <div class='ocr_carea' id='block_1_60' title="bbox 270 4408 1926 4478">
    <p class='ocr_par' dir='ltr' id='par_1_60' title="bbox 270 4408 1926 4478">
     <span class='ocr_line' id='line_1_61' title="bbox 270 4408 1926 4478; baseline 0 -13"><span class='ocrx_word' id='word_1_411' title='bbox 270 4408 619 4465; x_wconf 86' lang='lat' dir='ltr'>Domitiano</span> <span class='ocrx_word' id='word_1_412' title='bbox 648 4409 792 4478; x_wconf 87' lang='lat' dir='ltr'>imp.</span> <span class='ocrx_word' id='word_1_413' title='bbox 872 4412 1193 4463; x_wconf 89' lang='lat' dir='ltr'>mortuum.</span> <span class='ocrx_word' id='word_1_414' title='bbox 1243 4409 1303 4462; x_wconf 94' lang='lat' dir='ltr'>Id</span> <span class='ocrx_word' id='word_1_415' title='bbox 1346 4424 1492 4477; x_wconf 79' lang='lat' dir='ltr'>nego</span> <span class='ocrx_word' id='word_1_416' title='bbox 1532 4427 1726 4464; x_wconf 92' lang='lat' dir='ltr'>verum</span> <span class='ocrx_word' id='word_1_417' title='bbox 1780 4427 1926 4467; x_wconf 87' lang='lat' dir='ltr'>esse.</span> 
     </span>
    </p>
   </div>
   <div class='ocr_carea' id='block_1_61' title="bbox 271 4478 1928 4554">
    <p class='ocr_par' dir='ltr' id='par_1_61' title="bbox 271 4478 1928 4554">
     <span class='ocr_line' id='line_1_62' title="bbox 271 4478 1928 4554; baseline 0 -18"><span class='ocrx_word' id='word_1_418' title='bbox 271 4480 526 4554; x_wconf 80' lang='lat' dir='ltr'>Probavi</span> <span class='ocrx_word' id='word_1_419' title='bbox 558 4480 802 4554; x_wconf 18' lang='lat' dir='ltr'>enimhin</span> <span class='ocrx_word' id='word_1_420' title='bbox 841 4478 1249 4554; x_wconf 88' lang='lat' dir='ltr'>N_ota_ti_onibu_s</span> <span class='ocrx_word' id='word_1_421' title='bbox 1300 4480 1367 4533; x_wconf 88' lang='lat' dir='ltr'>ad</span> <span class='ocrx_word' id='word_1_422' title='bbox 1423 4480 1611 4534; x_wconf 88' lang='lat' dir='ltr'>Vitam</span> <span class='ocrx_word' id='word_1_423' title='bbox 1658 4487 1712 4535; x_wconf 85' lang='lat' dir='ltr'>S.</span> <span class='ocrx_word' id='word_1_424' title='bbox 1769 4482 1928 4554; x_wconf 88' lang='lat' dir='ltr'>Poly-</span> 
     </span>
    </p>
   </div>
   <div class='ocr_carea' id='block_1_62' title="bbox 276 4551 1931 4625">
    <p class='ocr_par' dir='ltr' id='par_1_62' title="bbox 276 4551 1931 4625">
     <span class='ocr_line' id='line_1_63' title="bbox 276 4551 1931 4625; baseline 0 -18"><span class='ocrx_word' id='word_1_425' title='bbox 276 4553 466 4625; x_wconf 89' lang='lat' dir='ltr'>carpi,</span> <span class='ocrx_word' id='word_1_426' title='bbox 532 4568 658 4625; x_wconf 81' lang='lat' dir='ltr'>cap.</span> <span class='ocrx_word' id='word_1_427' title='bbox 707 4552 762 4618; x_wconf 89' lang='lat'>7,</span> <span class='ocrx_word' id='word_1_428' title='bbox 808 4552 917 4605; x_wconf 90' lang='lat' dir='ltr'>sub</span> <span class='ocrx_word' id='word_1_429' title='bbox 967 4552 1174 4625; x_wconf 55' lang='lat' dir='ltr'>_Ner:va</span> <span class='ocrx_word' id='word_1_430' title='bbox 1221 4551 1361 4622; x_wconf 90' lang='lat' dir='ltr'>imp.</span> <span class='ocrx_word' id='word_1_431' title='bbox 1436 4569 1564 4607; x_wconf 89' lang='lat' dir='ltr'>esse</span> <span class='ocrx_word' id='word_1_432' title='bbox 1612 4551 1931 4618; x_wconf 84' lang='lat' dir='ltr'>mortuum,</span> 
     </span>
    </p>
   </div>
   <div class='ocr_carea' id='block_1_63' title="bbox 277 4622 1935 4695">
    <p class='ocr_par' dir='ltr' id='par_1_63' title="bbox 277 4622 1935 4695">
     <span class='ocr_line' id='line_1_64' title="bbox 277 4622 1935 4695; baseline -0.001 -15"><span class='ocrx_word' id='word_1_433' title='bbox 277 4622 498 4695; x_wconf 83' lang='lat' dir='ltr'>nempe</span> <span class='ocrx_word' id='word_1_434' title='bbox 527 4623 584 4677; x_wconf 86' lang='lat' dir='ltr'>id</span> <span class='ocrx_word' id='word_1_435' title='bbox 615 4626 927 4677; x_wconf 85' lang='lat' dir='ltr'>attestante</span> <span class='ocrx_word' id='word_1_436' title='bbox 967 4623 1028 4677; x_wconf 92' lang='lat' dir='ltr'>B.</span> <span class='ocrx_word' id='word_1_437' title='bbox 1083 4622 1398 4693; x_wconf 85' lang='lat' dir='ltr'>Polycrate,</span> <span class='ocrx_word' id='word_1_438' title='bbox 1445 4625 1684 4679; x_wconf 89' lang='lat' dir='ltr'>secundi</span> <span class='ocrx_word' id='word_1_439' title='bbox 1740 4625 1935 4680; x_wconf 67' lang='lat' dir='ltr'>saeculi</span> 
     </span>
    </p>
   </div>
   <div class='ocr_carea' id='block_1_64' title="bbox 279 4695 1940 4768">
    <p class='ocr_par' dir='ltr' id='par_1_64' title="bbox 279 4695 1940 4768">
     <span class='ocr_line' id='line_1_65' title="bbox 279 4695 1940 4768; baseline -0.001 -16"><span class='ocrx_word' id='word_1_440' title='bbox 279 4697 595 4768; x_wconf 88' lang='lat' dir='ltr'>scriptore,</span> <span class='ocrx_word' id='word_1_441' title='bbox 628 4699 683 4768; x_wconf 80' lang='lat' dir='ltr'>et</span> <span class='ocrx_word' id='word_1_442' title='bbox 714 4695 977 4764; x_wconf 87' lang='lat' dir='ltr'>ejusdem</span> <span class='ocrx_word' id='word_1_443' title='bbox 1003 4695 1610 4768; x_wconf 19' lang='lat' dir='ltr'>EtphesinseEcclesiaa.</span> <span class='ocrx_word' id='word_1_444' title='bbox 1636 4698 1804 4768; x_wconf 91' lang='lat' dir='ltr'>cujus</span> <span class='ocrx_word' id='word_1_445' title='bbox 1830 4698 1940 4751; x_wconf 90' lang='lat' dir='ltr'>fuit</span> 
     </span>
    </p>
   </div>
   <div class='ocr_carea' id='block_1_65' title="bbox 276 4765 1939 4840">
    <p class='ocr_par' dir='ltr' id='par_1_65' title="bbox 276 4765 1939 4840">
     <span class='ocr_line' id='line_1_66' title="bbox 276 4765 1939 4840; baseline 0 -17"><span class='ocrx_word' id='word_1_446' title='bbox 276 4765 421 4840; x_wconf 82' lang='lat' dir='ltr'>ipse</span> <span class='ocrx_word' id='word_1_447' title='bbox 439 4765 822 4840; x_wconf 78' lang='lat' dir='ltr'>Timotheus,</span> <span class='ocrx_word' id='word_1_448' title='bbox 859 4765 1131 4840; x_wconf 80' lang='lat' dir='ltr'>pontiﬁce</span> <span class='ocrx_word' id='word_1_449' title='bbox 1158 4792 1177 4840; x_wconf 84' lang='lat'>;_</span> <span class='ocrx_word' id='word_1_450' title='bbox 1205 4767 1303 4837; x_wconf 88' lang='lat' dir='ltr'>qui</span> <span class='ocrx_word' id='word_1_451' title='bbox 1344 4768 1492 4840; x_wconf 88' lang='lat' dir='ltr'>haud</span> <span class='ocrx_word' id='word_1_452' title='bbox 1515 4769 1689 4823; x_wconf 90' lang='lat' dir='ltr'>dubie</span> <span class='ocrx_word' id='word_1_453' title='bbox 1707 4765 1772 4822; x_wconf 78' lang='lat' dir='ltr'>ea</span> <span class='ocrx_word' id='word_1_454' title='bbox 1813 4786 1939 4840; x_wconf 68' lang='lat' dir='ltr'>quae</span> 
     </span>
    </p>
   </div>
   <div class='ocr_carea' id='block_1_66' title="bbox 277 4837 1940 4909">
    <p class='ocr_par' dir='ltr' id='par_1_66' title="bbox 277 4837 1940 4909">
     <span class='ocr_line' id='line_1_67' title="bbox 277 4837 1940 4909; baseline 0.001 -15"><span class='ocrx_word' id='word_1_455' title='bbox 277 4837 351 4895; x_wconf 51' lang='lat' dir='ltr'>d&#39;e</span> <span class='ocrx_word' id='word_1_456' title='bbox 382 4838 677 4893; x_wconf 78' lang='lat' dir='ltr'>Timothei</span> <span class='ocrx_word' id='word_1_457' title='bbox 711 4854 950 4909; x_wconf 84' lang='lat' dir='ltr'>excessu</span> <span class='ocrx_word' id='word_1_458' title='bbox 976 4837 1303 4907; x_wconf 86' lang='lat' dir='ltr'>scripsit,ex</span> <span class='ocrx_word' id='word_1_459' title='bbox 1324 4839 1469 4909; x_wconf 91' lang='lat' dir='ltr'>ipsis</span> <span class='ocrx_word' id='word_1_460' title='bbox 1490 4840 1648 4894; x_wconf 90' lang='lat' dir='ltr'>illius</span> <span class='ocrx_word' id='word_1_461' title='bbox 1674 4837 1940 4896; x_wconf 78' lang='lat' dir='ltr'>Ecclesiae</span> 
     </span>
    </p>
   </div>
   <div class='ocr_carea' id='block_1_67' title="bbox 278 4908 1943 4979">
    <p class='ocr_par' dir='ltr' id='par_1_67' title="bbox 278 4908 1943 4979">
     <span class='ocr_line' id='line_1_68' title="bbox 278 4908 1943 4979; baseline 0.001 -13"><span class='ocrx_word' id='word_1_462' title='bbox 278 4910 509 4966; x_wconf 88' lang='lat' dir='ltr'>tabulis</span> <span class='ocrx_word' id='word_1_463' title='bbox 540 4908 879 4979; x_wconf 85' lang='lat' dir='ltr'>exscripsit.</span> <span class='ocrx_word' id='word_1_464' title='bbox 914 4910 1057 4963; x_wconf 90' lang='lat' dir='ltr'>Nam</span> <span class='ocrx_word' id='word_1_465' title='bbox 1104 4911 1283 4964; x_wconf 92' lang='lat' dir='ltr'>moris</span> <span class='ocrx_word' id='word_1_466' title='bbox 1327 4908 1453 4964; x_wconf 86' lang='lat' dir='ltr'>tum</span> <span class='ocrx_word' id='word_1_467' title='bbox 1515 4913 1622 4965; x_wconf 90' lang='lat' dir='ltr'>fuit</span> <span class='ocrx_word' id='word_1_468' title='bbox 1665 4913 1943 4968; x_wconf 86' lang='lat' dir='ltr'>Ecclesiis</span> 
     </span>
    </p>
   </div>
   <div class='ocr_carea' id='block_1_68' title="bbox 278 4980 1943 5054">
    <p class='ocr_par' dir='ltr' id='par_1_68' title="bbox 278 4980 1943 5054">
     <span class='ocr_line' id='line_1_69' title="bbox 278 4980 1943 5054; baseline 0.003 -20"><span class='ocrx_word' id='word_1_469' title='bbox 278 4983 407 5054; x_wconf 89' lang='lat' dir='ltr'>(qui</span> <span class='ocrx_word' id='word_1_470' title='bbox 436 4980 1671 5054; x_wconf 75' lang='lat' dir='ltr'>moshodiequeperseverat)episcoporum</span> <span class='ocrx_word' id='word_1_471' title='bbox 1700 5001 1943 5040; x_wconf 87' lang='lat' dir='ltr'>suorum</span> 
     </span>
    </p>
   </div>
   <div class='ocr_carea' id='block_1_69' title="bbox 280 5052 1948 5124">
    <p class='ocr_par' dir='ltr' id='par_1_69' title="bbox 280 5052 1948 5124">
     <span class='ocr_line' id='line_1_70' title="bbox 280 5052 1948 5124; baseline 0.002 -15"><span class='ocrx_word' id='word_1_472' title='bbox 280 5052 496 5109; x_wconf 87' lang='lat' dir='ltr'>notare</span> <span class='ocrx_word' id='word_1_473' title='bbox 526 5056 582 5107; x_wconf 89' lang='lat' dir='ltr'>et</span> <span class='ocrx_word' id='word_1_474' title='bbox 614 5053 1020 5107; x_wconf 87' lang='lat' dir='ltr'>successiones</span> <span class='ocrx_word' id='word_1_475' title='bbox 1047 5052 1538 5124; x_wconf 88' lang='lat' dir='ltr'>singulorumque</span> <span class='ocrx_word' id='word_1_476' title='bbox 1568 5054 1873 5124; x_wconf 83' lang='lat' dir='ltr'>ingressus</span> <span class='ocrx_word' id='word_1_477' title='bbox 1891 5060 1948 5112; x_wconf 91' lang='lat' dir='ltr'>et</span> 
     </span>
    </p>
   </div>
   <div class='ocr_carea' id='block_1_70' title="bbox 284 5125 1944 5190">
    <p class='ocr_par' dir='ltr' id='par_1_70' title="bbox 284 5125 1944 5190">
     <span class='ocr_line' id='line_1_71' title="bbox 284 5125 1944 5190; baseline 0.003 -11"><span class='ocrx_word' id='word_1_478' title='bbox 284 5125 513 5190; x_wconf 85' lang='lat' dir='ltr'>obitus,</span> <span class='ocrx_word' id='word_1_479' title='bbox 546 5141 651 5178; x_wconf 85' lang='lat' dir='ltr'>nec</span> <span class='ocrx_word' id='word_1_480' title='bbox 679 5141 862 5179; x_wconf 89' lang='lat' dir='ltr'>annos</span> <span class='ocrx_word' id='word_1_481' title='bbox 890 5130 1145 5189; x_wconf 89' lang='lat' dir='ltr'>tantum,</span> <span class='ocrx_word' id='word_1_482' title='bbox 1174 5126 1270 5178; x_wconf 92' lang='lat' dir='ltr'>sed</span> <span class='ocrx_word' id='word_1_483' title='bbox 1302 5126 1474 5180; x_wconf 89' lang='lat' dir='ltr'>etiam</span> <span class='ocrx_word' id='word_1_484' title='bbox 1501 5126 1625 5180; x_wconf 91' lang='lat' dir='ltr'>dies</span> <span class='ocrx_word' id='word_1_485' title='bbox 1648 5127 1944 5183; x_wconf 86' lang='lat' dir='ltr'>interdum</span> 
     </span>
    </p>
   </div>
   <div class='ocr_carea' id='block_1_71' title="bbox 283 5196 1944 5269">
    <p class='ocr_par' dir='ltr' id='par_1_71' title="bbox 283 5196 1944 5269">
     <span class='ocr_line' id='line_1_72' title="bbox 283 5196 1944 5269; baseline 0.002 -19"><span class='ocrx_word' id='word_1_486' title='bbox 283 5198 453 5269; x_wconf 89' lang='lat' dir='ltr'>ipsos</span> <span class='ocrx_word' id='word_1_487' title='bbox 487 5196 671 5269; x_wconf 84' lang='lat' dir='ltr'>sacris</span> <span class='ocrx_word' id='word_1_488' title='bbox 706 5197 981 5269; x_wconf 78' lang='lat' dir='ltr'>mandare</span> <span class='ocrx_word' id='word_1_489' title='bbox 1018 5196 1255 5251; x_wconf 88' lang='lat' dir='ltr'>tabulis.</span> <span class='ocrx_word' id='word_1_490' title='bbox 1283 5197 1464 5253; x_wconf 92' lang='lat' dir='ltr'>Miror</span> <span class='ocrx_word' id='word_1_491' title='bbox 1505 5199 1743 5268; x_wconf 86' lang='lat' dir='ltr'>proinde</span> <span class='ocrx_word' id='word_1_492' title='bbox 1778 5201 1944 5254; x_wconf 83' lang='lat' dir='ltr'>Biva-</span> 
     </span>
    </p>
   </div>
   <div class='ocr_carea' id='block_1_72' title="bbox 284 5267 1950 5340">
    <p class='ocr_par' dir='ltr' id='par_1_72' title="bbox 284 5267 1950 5340">
     <span class='ocr_line' id='line_1_73' title="bbox 284 5267 1950 5340; baseline 0.003 -18"><span class='ocrx_word' id='word_1_493' title='bbox 284 5267 450 5323; x_wconf 86' lang='lat' dir='ltr'>rium</span> <span class='ocrx_word' id='word_1_494' title='bbox 487 5268 716 5322; x_wconf 87' lang='lat' dir='ltr'>trahere</span> <span class='ocrx_word' id='word_1_495' title='bbox 748 5267 1109 5340; x_wconf 83' lang='lat' dir='ltr'>Polycratem</span> <span class='ocrx_word' id='word_1_496' title='bbox 1140 5270 1196 5321; x_wconf 92' lang='lat' dir='ltr'>in</span> <span class='ocrx_word' id='word_1_497' title='bbox 1251 5285 1388 5322; x_wconf 90' lang='lat' dir='ltr'>suas</span> <span class='ocrx_word' id='word_1_498' title='bbox 1429 5267 1624 5340; x_wconf 88' lang='lat' dir='ltr'>partes</span> <span class='ocrx_word' id='word_1_499' title='bbox 1658 5289 1671 5336; x_wconf 90' lang='lat'><strong>;</strong></span> <span class='ocrx_word' id='word_1_500' title='bbox 1729 5271 1845 5325; x_wconf 90' lang='lat' dir='ltr'>imo</span> <span class='ocrx_word' id='word_1_501' title='bbox 1893 5276 1950 5327; x_wconf 87' lang='lat' dir='ltr'>et</span> 
     </span>
    </p>
   </div>
   <div class='ocr_carea' id='block_1_73' title="bbox 284 5339 1950 5414">
    <p class='ocr_par' dir='ltr' id='par_1_73' title="bbox 284 5339 1950 5414">
     <span class='ocr_line' id='line_1_74' title="bbox 284 5339 1950 5414; baseline 0.002 -19"><span class='ocrx_word' id='word_1_502' title='bbox 284 5340 433 5395; x_wconf 89' lang='lat' dir='ltr'>illud</span> <span class='ocrx_word' id='word_1_503' title='bbox 461 5355 705 5414; x_wconf 74' lang='lat' dir='ltr'>quoque</span> <span class='ocrx_word' id='word_1_504' title='bbox 729 5339 915 5414; x_wconf 84' lang='lat' dir='ltr'>magis</span> <span class='ocrx_word' id='word_1_505' title='bbox 938 5340 1220 5414; x_wconf 73' lang='lat' dir='ltr'>demiror,</span> <span class='ocrx_word' id='word_1_506' title='bbox 1243 5339 1666 5414; x_wconf 82' lang='lat' dir='ltr'>ipsumvocare</span> <span class='ocrx_word' id='word_1_507' title='bbox 1688 5342 1950 5414; x_wconf 89' lang='lat' dir='ltr'>Polycra-</span> 
     </span>
    </p>
   </div>
   <div class='ocr_carea' id='block_1_74' title="bbox 284 5410 1950 5482">
    <p class='ocr_par' dir='ltr' id='par_1_74' title="bbox 284 5410 1950 5482">
     <span class='ocr_line' id='line_1_75' title="bbox 284 5410 1950 5482; baseline 0.004 -17"><span class='ocrx_word' id='word_1_508' title='bbox 284 5416 408 5467; x_wconf 89' lang='lat' dir='ltr'>tem</span> <span class='ocrx_word' id='word_1_509' title='bbox 445 5411 803 5482; x_wconf 89' lang='lat' dir='ltr'>discipulum</span> <span class='ocrx_word' id='word_1_510' title='bbox 840 5411 897 5465; x_wconf 91' lang='lat' dir='ltr'>S.</span> <span class='ocrx_word' id='word_1_511' title='bbox 930 5410 1179 5465; x_wconf 88' lang='lat' dir='ltr'>Joannis</span> <span class='ocrx_word' id='word_1_512' title='bbox 1211 5410 1479 5482; x_wconf 82' lang='lat' dir='ltr'>apostoli,</span> <span class='ocrx_word' id='word_1_513' title='bbox 1513 5430 1646 5468; x_wconf 93' lang='lat' dir='ltr'>cum</span> <span class='ocrx_word' id='word_1_514' title='bbox 1682 5410 1834 5468; x_wconf 75' lang='lat' dir='ltr'>inter</span> <span class='ocrx_word' id='word_1_515' title='bbox 1851 5432 1950 5471; x_wconf 88' lang='lat' dir='ltr'>eos</span> 
     </span>
    </p>
   </div>
   <div class='ocr_carea' id='block_1_75' title="bbox 286 5482 1335 5537">
    <p class='ocr_par' dir='ltr' id='par_1_75' title="bbox 286 5482 1335 5537">
     <span class='ocr_line' id='line_1_76' title="bbox 286 5482 1335 5537; baseline 0 0"><span class='ocrx_word' id='word_1_516' title='bbox 286 5498 480 5537; x_wconf 90' lang='lat' dir='ltr'>unum</span> <span class='ocrx_word' id='word_1_517' title='bbox 517 5483 634 5537; x_wconf 83' lang='lat' dir='ltr'>fere</span> <span class='ocrx_word' id='word_1_518' title='bbox 669 5482 1002 5537; x_wconf 80' lang='lat' dir='ltr'>interfuerit</span> <span class='ocrx_word' id='word_1_519' title='bbox 1033 5482 1335 5537; x_wconf 82' lang='lat' dir='ltr'>saeculum.</span> 
     </span>
    </p>
   </div>
   <div class='ocr_carea' id='block_1_76' title="bbox 361 5553 1950 5627">
    <p class='ocr_par' dir='ltr' id='par_1_76' title="bbox 361 5553 1950 5627">
     <span class='ocr_line' id='line_1_77' title="bbox 361 5553 1950 5627; baseline 0.004 -20"><span class='ocrx_word' id='word_1_520' title='bbox 361 5554 731 5627; x_wconf 85' lang='lat' dir='ltr'>Nequeitem</span> <span class='ocrx_word' id='word_1_521' title='bbox 768 5554 828 5609; x_wconf 91' lang='lat' dir='ltr'>in</span> <span class='ocrx_word' id='word_1_522' title='bbox 859 5570 925 5608; x_wconf 90' lang='lat' dir='ltr'>eo</span> <span class='ocrx_word' id='word_1_523' title='bbox 959 5553 1227 5608; x_wconf 86' lang='lat' dir='ltr'>assentiri</span> <span class='ocrx_word' id='word_1_524' title='bbox 1254 5556 1479 5610; x_wconf 84' lang='lat' dir='ltr'>Bivario</span> <span class='ocrx_word' id='word_1_525' title='bbox 1504 5573 1770 5625; x_wconf 80' lang='lat' dir='ltr'>possum,</span> <span class='ocrx_word' id='word_1_526' title='bbox 1795 5560 1950 5627; x_wconf 89' lang='lat' dir='ltr'>quod</span> 
     </span>
    </p>
   </div>
   <div class='ocr_carea' id='block_1_77' title="bbox 283 5625 1952 5699">
    <p class='ocr_par' dir='ltr' id='par_1_77' title="bbox 283 5625 1952 5699">
     <span class='ocr_line' id='line_1_78' title="bbox 283 5625 1952 5699; baseline 0.003 -20"><span class='ocrx_word' id='word_1_527' title='bbox 283 5625 587 5680; x_wconf 89' lang='lat' dir='ltr'>Timothei</span> <span class='ocrx_word' id='word_1_528' title='bbox 619 5627 838 5693; x_wconf 87' lang='lat' dir='ltr'>Vitam,</span> <span class='ocrx_word' id='word_1_529' title='bbox 870 5642 997 5696; x_wconf 71' lang='lat' dir='ltr'>quae</span> <span class='ocrx_word' id='word_1_530' title='bbox 1031 5629 1222 5680; x_wconf 85' lang='lat' dir='ltr'>exstat</span> <span class='ocrx_word' id='word_1_531' title='bbox 1262 5628 1413 5699; x_wconf 85' lang='lat' dir='ltr'>apud</span> <span class='ocrx_word' id='word_1_532' title='bbox 1471 5625 1952 5699; x_wconf 85' lang='lat' dir='ltr'>Metaphrastem,</span> 
     </span>
    </p>
   </div>
   <div class='ocr_carea' id='block_1_78' title="bbox 288 5698 1955 5771">
    <p class='ocr_par' dir='ltr' id='par_1_78' title="bbox 288 5698 1955 5771">
     <span class='ocr_line' id='line_1_79' title="bbox 288 5698 1955 5771; baseline 0.004 -20"><span class='ocrx_word' id='word_1_533' title='bbox 288 5701 463 5771; x_wconf 82' lang='lat' dir='ltr'>putet</span> <span class='ocrx_word' id='word_1_534' title='bbox 499 5714 625 5771; x_wconf 85' lang='lat' dir='ltr'>esse</span> <span class='ocrx_word' id='word_1_535' title='bbox 658 5714 785 5752; x_wconf 89' lang='lat' dir='ltr'>eam</span> <span class='ocrx_word' id='word_1_536' title='bbox 809 5714 945 5771; x_wconf 68' lang='lat' dir='ltr'>qua:</span> <span class='ocrx_word' id='word_1_537' title='bbox 979 5699 1199 5769; x_wconf 90' lang='lat' dir='ltr'>scripta</span> <span class='ocrx_word' id='word_1_538' title='bbox 1236 5698 1333 5771; x_wconf 76' lang='lat' dir='ltr'>_sit</span> <span class='ocrx_word' id='word_1_539' title='bbox 1373 5717 1406 5753; x_wconf 92' lang='lat' dir='ltr'>a</span> <span class='ocrx_word' id='word_1_540' title='bbox 1457 5699 1772 5771; x_wconf 80' lang='lat' dir='ltr'>Polycrate,</span> <span class='ocrx_word' id='word_1_541' title='bbox 1822 5698 1955 5757; x_wconf 79' lang='lat' dir='ltr'>cuni</span> 
     </span>
    </p>
   </div>
   <div class='ocr_carea' id='block_1_79' title="bbox 289 5768 1959 5840">
    <p class='ocr_par' dir='ltr' id='par_1_79' title="bbox 289 5768 1959 5840">
     <span class='ocr_line' id='line_1_80' title="bbox 289 5768 1959 5840; baseline 0.004 -17"><span class='ocrx_word' id='word_1_542' title='bbox 289 5768 467 5824; x_wconf 86' lang='lat' dir='ltr'>valde</span> <span class='ocrx_word' id='word_1_543' title='bbox 496 5769 651 5823; x_wconf 87' lang='lat' dir='ltr'>inter</span> <span class='ocrx_word' id='word_1_544' title='bbox 682 5785 744 5823; x_wconf 86' lang='lat' dir='ltr'>se</span> <span class='ocrx_word' id='word_1_545' title='bbox 766 5768 1037 5824; x_wconf 77' lang='lat' dir='ltr'>differant</span> <span class='ocrx_word' id='word_1_546' title='bbox 1069 5786 1080 5823; x_wconf 91' lang='lat'><strong>:</strong></span> <span class='ocrx_word' id='word_1_547' title='bbox 1110 5768 1187 5824; x_wconf 84' lang='lat' dir='ltr'>et</span> <span class='ocrx_word' id='word_1_548' title='bbox 1232 5769 1344 5824; x_wconf 89' lang='lat' dir='ltr'>ista</span> <span class='ocrx_word' id='word_1_549' title='bbox 1390 5768 1626 5840; x_wconf 77' lang='lat' dir='ltr'>quidem</span> <span class='ocrx_word' id='word_1_550' title='bbox 1675 5773 1959 5829; x_wconf 91' lang='lat' dir='ltr'>nonnulla</span> 
     </span>
    </p>
   </div>
   <div class='ocr_carea' id='block_1_80' title="bbox 291 5840 1957 5915">
    <p class='ocr_par' dir='ltr' id='par_1_80' title="bbox 291 5840 1957 5915">
     <span class='ocr_line' id='line_1_81' title="bbox 291 5840 1957 5915; baseline 0.004 -17"><span class='ocrx_word' id='word_1_551' title='bbox 291 5840 625 5910; x_wconf 89' lang='lat' dir='ltr'>contineat,</span> <span class='ocrx_word' id='word_1_552' title='bbox 654 5857 779 5914; x_wconf 58' lang='lat' dir='ltr'>quat</span> <span class='ocrx_word' id='word_1_553' title='bbox 804 5840 1011 5896; x_wconf 87' lang='lat' dir='ltr'>multis</span> <span class='ocrx_word' id='word_1_554' title='bbox 1034 5845 1167 5913; x_wconf 90' lang='lat' dir='ltr'>post</span> <span class='ocrx_word' id='word_1_555' title='bbox 1186 5841 1542 5915; x_wconf 88' lang='lat' dir='ltr'>Polycratem</span> <span class='ocrx_word' id='word_1_556' title='bbox 1567 5844 1797 5903; x_wconf 63' lang='lat' dir='ltr'>saeculis</span> <span class='ocrx_word' id='word_1_557' title='bbox 1820 5862 1957 5905; x_wconf 89' lang='lat' dir='ltr'>con-</span> 
     </span>
    </p>
   </div>
   <div class='ocr_carea' id='block_1_81' title="bbox 627 5968 1200 6033">
    <p class='ocr_par' dir='ltr' id='par_1_81' title="bbox 627 5968 1200 6033">
     <span class='ocr_line' id='line_1_82' title="bbox 627 5968 1200 6033; baseline 0 -2"><span class='ocrx_word' id='word_1_558' title='bbox 627 5972 890 6033; x_wconf 77' lang='lat' dir='ltr'>PATROL.</span> <span class='ocrx_word' id='word_1_559' title='bbox 941 5970 1051 6030; x_wconf 78' lang='lat' dir='ltr'>Gn.</span> <span class='ocrx_word' id='word_1_560' title='bbox 1098 5968 1200 6031; x_wconf 86' lang='lat' dir='ltr'>IV.</span> 
     </span>
    </p>
   </div>
   <div class='ocr_carea' id='block_1_82' title="bbox 2023 472 3668 545">
    <p class='ocr_par' dir='ltr' id='par_1_82' title="bbox 2023 472 3668 545">
     <span class='ocr_line' id='line_1_83' title="bbox 2023 472 3668 545; baseline 0.002 -18"><span class='ocrx_word' id='word_1_561' title='bbox 2023 472 2135 527; x_wconf 84' lang='lat' dir='ltr'>non</span> <span class='ocrx_word' id='word_1_562' title='bbox 2175 490 2415 545; x_wconf 90' lang='lat' dir='ltr'>prorsus</span> <span class='ocrx_word' id='word_1_563' title='bbox 2438 472 2785 526; x_wconf 89' lang='lat' dir='ltr'>consentiat.</span> <span class='ocrx_word' id='word_1_564' title='bbox 2812 472 3018 543; x_wconf 85' lang='lat' dir='ltr'>Itaque</span> <span class='ocrx_word' id='word_1_565' title='bbox 3042 472 3189 545; x_wconf 68' lang='lat' dir='ltr'>nego</span> <span class='ocrx_word' id='word_1_566' title='bbox 3215 474 3273 528; x_wconf 91' lang='lat' dir='ltr'>S.</span> <span class='ocrx_word' id='word_1_567' title='bbox 3297 472 3668 531; x_wconf 88' lang='lat' dir='ltr'>Timotheum</span> 
     </span>
    </p>
   </div>
   <div class='ocr_carea' id='block_1_83' title="bbox 2020 544 3669 617">
    <p class='ocr_par' dir='ltr' id='par_1_83' title="bbox 2020 544 3669 617">
     <span class='ocr_line' id='line_1_84' title="bbox 2020 544 3669 617; baseline 0.002 -18"><span class='ocrx_word' id='word_1_568' title='bbox 2020 551 2158 600; x_wconf 90' lang='lat' dir='ltr'>tunc</span> <span class='ocrx_word' id='word_1_569' title='bbox 2185 544 2363 599; x_wconf 89' lang='lat' dir='ltr'>luisse</span> <span class='ocrx_word' id='word_1_570' title='bbox 2398 550 2694 598; x_wconf 88' lang='lat' dir='ltr'>mortuum</span> <span class='ocrx_word' id='word_1_571' title='bbox 2727 559 2857 617; x_wconf 84' lang='lat' dir='ltr'>cum</span> <span class='ocrx_word' id='word_1_572' title='bbox 2894 549 2953 597; x_wconf 89' lang='lat' dir='ltr'>B.</span> <span class='ocrx_word' id='word_1_573' title='bbox 2979 544 3294 617; x_wconf 74' lang='lat' dir='ltr'>Dionysius</span> <span class='ocrx_word' id='word_1_574' title='bbox 3317 546 3497 602; x_wconf 90' lang='lat' dir='ltr'>libros</span> <span class='ocrx_word' id='word_1_575' title='bbox 3530 564 3669 603; x_wconf 87' lang='lat' dir='ltr'>suos</span> 
     </span>
    </p>
   </div>
   <div class='ocr_carea' id='block_1_84' title="bbox 2019 616 3665 690">
    <p class='ocr_par' dir='ltr' id='par_1_84' title="bbox 2019 616 3665 690">
     <span class='ocr_line' id='line_1_85' title="bbox 2019 616 3665 690; baseline 0.002 -19"><span class='ocrx_word' id='word_1_576' title='bbox 2019 619 2208 688; x_wconf 83' lang='lat' dir='ltr'>primo</span> <span class='ocrx_word' id='word_1_577' title='bbox 2238 618 2569 690; x_wconf 80' lang='lat' dir='ltr'>composuit</span> <span class='ocrx_word' id='word_1_578' title='bbox 2599 635 2613 690; x_wconf 88' lang='lat'>_;</span> <span class='ocrx_word' id='word_1_579' title='bbox 2649 616 2913 690; x_wconf 76' lang='lat' dir='ltr'>sedtunc</span> <span class='ocrx_word' id='word_1_580' title='bbox 2960 616 3213 690; x_wconf 82' lang='lat' dir='ltr'>tantum,</span> <span class='ocrx_word' id='word_1_581' title='bbox 3249 623 3484 690; x_wconf 89' lang='lat' dir='ltr'>quando</span> <span class='ocrx_word' id='word_1_582' title='bbox 3534 619 3665 674; x_wconf 89' lang='lat' dir='ltr'>illos</span> 
     </span>
    </p>
   </div>
   <div class='ocr_carea' id='block_1_85' title="bbox 2019 686 3666 761">
    <p class='ocr_par' dir='ltr' id='par_1_85' title="bbox 2019 686 3666 761">
     <span class='ocr_line' id='line_1_86' title="bbox 2019 686 3666 761; baseline 0.001 -18"><span class='ocrx_word' id='word_1_583' title='bbox 2019 686 2153 761; x_wconf 80' lang='lat' dir='ltr'>post</span> <span class='ocrx_word' id='word_1_584' title='bbox 2183 690 2239 743; x_wconf 92' lang='lat' dir='ltr'>S.</span> <span class='ocrx_word' id='word_1_585' title='bbox 2274 686 2519 761; x_wconf 83' lang='lat' dir='ltr'>Joannis</span> <span class='ocrx_word' id='word_1_586' title='bbox 2552 687 2632 761; x_wconf 67' lang='lat' dir='ltr'>ab</span> <span class='ocrx_word' id='word_1_587' title='bbox 2687 686 2857 761; x_wconf 80' lang='lat' dir='ltr'>exilio</span> <span class='ocrx_word' id='word_1_588' title='bbox 2904 689 3180 757; x_wconf 88' lang='lat' dir='ltr'>reditum,</span> <span class='ocrx_word' id='word_1_589' title='bbox 3233 686 3289 743; x_wconf 80' lang='lat' dir='ltr'>et</span> <span class='ocrx_word' id='word_1_590' title='bbox 3347 696 3480 761; x_wconf 89' lang='lat' dir='ltr'>post</span> <span class='ocrx_word' id='word_1_591' title='bbox 3523 691 3666 745; x_wconf 84' lang='lat' dir='ltr'>scri-</span> 
     </span>
    </p>
   </div>
   <div class='ocr_carea' id='block_1_86' title="bbox 2020 759 3665 833">
    <p class='ocr_par' dir='ltr' id='par_1_86' title="bbox 2020 759 3665 833">
     <span class='ocr_line' id='line_1_87' title="bbox 2020 759 3665 833; baseline 0.002 -18"><span class='ocrx_word' id='word_1_592' title='bbox 2020 759 2183 833; x_wconf 89' lang='lat' dir='ltr'>ptum</span> <span class='ocrx_word' id='word_1_593' title='bbox 2221 762 2291 814; x_wconf 93' lang='lat' dir='ltr'>ab</span> <span class='ocrx_word' id='word_1_594' title='bbox 2315 760 2517 833; x_wconf 87' lang='lat' dir='ltr'>eodem</span> <span class='ocrx_word' id='word_1_595' title='bbox 2551 759 2929 833; x_wconf 78' lang='lat' dir='ltr'>Evangelium</span> <span class='ocrx_word' id='word_1_596' title='bbox 2957 768 3015 814; x_wconf 90' lang='lat' dir='ltr'>et</span> <span class='ocrx_word' id='word_1_597' title='bbox 3042 759 3470 833; x_wconf 74' lang='lat' dir='ltr'>Apocalypsim</span> <span class='ocrx_word' id='word_1_598' title='bbox 3512 762 3665 833; x_wconf 77' lang='lat' dir='ltr'>(quae</span> 
     </span>
    </p>
   </div>
   <div class='ocr_carea' id='block_1_87' title="bbox 2019 831 3666 905">
    <p class='ocr_par' dir='ltr' id='par_1_87' title="bbox 2019 831 3666 905">
     <span class='ocr_line' id='line_1_88' title="bbox 2019 831 3666 905; baseline 0.003 -21"><span class='ocrx_word' id='word_1_599' title='bbox 2019 831 2145 904; x_wconf 83' lang='lat' dir='ltr'>ipse</span> <span class='ocrx_word' id='word_1_600' title='bbox 2176 833 2451 905; x_wconf 82' lang='lat' dir='ltr'>ardenter</span> <span class='ocrx_word' id='word_1_601' title='bbox 2480 831 2874 905; x_wconf 74' lang='lat' dir='ltr'>desiderabat,</span> <span class='ocrx_word' id='word_1_602' title='bbox 2910 836 2973 885; x_wconf 91' lang='lat' dir='ltr'>ut</span> <span class='ocrx_word' id='word_1_603' title='bbox 3000 832 3142 905; x_wconf 21' lang='lat' dir='ltr'>ejus,</span> <span class='ocrx_word' id='word_1_604' title='bbox 3177 831 3330 905; x_wconf 37' lang='lat' dir='ltr'>data:</span> <span class='ocrx_word' id='word_1_605' title='bbox 3356 836 3426 889; x_wconf 92' lang='lat' dir='ltr'>ad</span> <span class='ocrx_word' id='word_1_606' title='bbox 3470 831 3666 905; x_wconf 47' lang='lat' dir='ltr'>ips—um</span> 
     </span>
    </p>
   </div>
   <div class='ocr_carea' id='block_1_88' title="bbox 2021 902 3667 976">
    <p class='ocr_par' dir='ltr' id='par_1_88' title="bbox 2021 902 3667 976">
     <span class='ocr_line' id='line_1_89' title="bbox 2021 902 3667 976; baseline 0.001 -18"><span class='ocrx_word' id='word_1_607' title='bbox 2021 902 2267 976; x_wconf 84' lang='lat' dir='ltr'>epistola</span> <span class='ocrx_word' id='word_1_608' title='bbox 2297 902 2572 976; x_wconf 88' lang='lat' dir='ltr'>declarat)</span> <span class='ocrx_word' id='word_1_609' title='bbox 2607 903 2939 976; x_wconf 78' lang='lat' dir='ltr'>accuratius</span> <span class='ocrx_word' id='word_1_610' title='bbox 2971 902 3192 975; x_wconf 84' lang='lat' dir='ltr'>relegit,</span> <span class='ocrx_word' id='word_1_611' title='bbox 3217 910 3272 958; x_wconf 92' lang='lat' dir='ltr'>et</span> <span class='ocrx_word' id='word_1_612' title='bbox 3296 903 3458 976; x_wconf 79' lang='lat' dir='ltr'>locis</span> <span class='ocrx_word' id='word_1_613' title='bbox 3490 902 3667 962; x_wconf 70' lang='lat' dir='ltr'>illius</span> 
     </span>
    </p>
   </div>
   <div class='ocr_carea' id='block_1_89' title="bbox 2022 974 3671 1047">
    <p class='ocr_par' dir='ltr' id='par_1_89' title="bbox 2022 974 3671 1047">
     <span class='ocr_line' id='line_1_90' title="bbox 2022 974 3671 1047; baseline 0.002 -17"><span class='ocrx_word' id='word_1_614' title='bbox 2022 974 2267 1046; x_wconf 81' lang='lat' dir='ltr'>apostoli</span> <span class='ocrx_word' id='word_1_615' title='bbox 2299 981 2356 1030; x_wconf 90' lang='lat' dir='ltr'>et</span> <span class='ocrx_word' id='word_1_616' title='bbox 2389 975 2517 1029; x_wconf 90' lang='lat' dir='ltr'>novi</span> <span class='ocrx_word' id='word_1_617' title='bbox 2549 974 2941 1047; x_wconf 61' lang='lat' dir='ltr'>evangelista,</span> <span class='ocrx_word' id='word_1_618' title='bbox 2977 976 3188 1046; x_wconf 89' lang='lat' dir='ltr'>partim</span> <span class='ocrx_word' id='word_1_619' title='bbox 3222 975 3381 1030; x_wconf 89' lang='lat' dir='ltr'>velut</span> <span class='ocrx_word' id='word_1_620' title='bbox 3423 978 3671 1047; x_wconf 83' lang='lat' dir='ltr'>gemmis</span> 
     </span>
    </p>
   </div>
   <div class='ocr_carea' id='block_1_90' title="bbox 2021 1046 3669 1121">
    <p class='ocr_par' dir='ltr' id='par_1_90' title="bbox 2021 1046 3669 1121">
     <span class='ocr_line' id='line_1_91' title="bbox 2021 1046 3669 1121; baseline 0.001 -19"><span class='ocrx_word' id='word_1_621' title='bbox 2021 1048 2376 1121; x_wconf 86' lang='lat' dir='ltr'>quibusdam</span> <span class='ocrx_word' id='word_1_622' title='bbox 2409 1046 2655 1121; x_wconf 84' lang='lat' dir='ltr'>ornavit,</span> <span class='ocrx_word' id='word_1_623' title='bbox 2690 1046 2899 1121; x_wconf 76' lang='lat' dir='ltr'>partim</span> <span class='ocrx_word' id='word_1_624' title='bbox 2930 1046 3088 1121; x_wconf 82' lang='lat' dir='ltr'>velut</span> <span class='ocrx_word' id='word_1_625' title='bbox 3123 1046 3458 1121; x_wconf 82' lang='lat' dir='ltr'>fortissimis</span> <span class='ocrx_word' id='word_1_626' title='bbox 3500 1064 3669 1121; x_wconf 88' lang='lat' dir='ltr'>argu-</span> 
     </span>
    </p>
   </div>
   <div class='ocr_carea' id='block_1_91' title="bbox 2021 1118 3668 1190">
    <p class='ocr_par' dir='ltr' id='par_1_91' title="bbox 2021 1118 3668 1190">
     <span class='ocr_line' id='line_1_92' title="bbox 2021 1118 3668 1190; baseline 0.001 -16"><span class='ocrx_word' id='word_1_627' title='bbox 2021 1119 2237 1174; x_wconf 70' lang='lat' dir='ltr'>mentis</span> <span class='ocrx_word' id='word_1_628' title='bbox 2286 1119 2695 1173; x_wconf 87' lang='lat' dir='ltr'>corroboravit.</span> <span class='ocrx_word' id='word_1_629' title='bbox 2748 1119 2889 1172; x_wconf 88' lang='lat' dir='ltr'>Nam</span> <span class='ocrx_word' id='word_1_630' title='bbox 2942 1118 3143 1173; x_wconf 89' lang='lat' dir='ltr'>ethoc</span> <span class='ocrx_word' id='word_1_631' title='bbox 3194 1118 3668 1190; x_wconf 75' lang='lat' dir='ltr'>frequentissime</span> 
     </span>
    </p>
   </div>
   <div class='ocr_carea' id='block_1_92' title="bbox 2022 1190 3673 1263">
    <p class='ocr_par' dir='ltr' id='par_1_92' title="bbox 2022 1190 3673 1263">
     <span class='ocr_line' id='line_1_93' title="bbox 2022 1190 3673 1263; baseline 0.001 -18"><span class='ocrx_word' id='word_1_632' title='bbox 2022 1192 2145 1245; x_wconf 84' lang='lat' dir='ltr'>ﬁeri</span> <span class='ocrx_word' id='word_1_633' title='bbox 2180 1190 2427 1257; x_wconf 90' lang='lat' dir='ltr'>scimus,</span> <span class='ocrx_word' id='word_1_634' title='bbox 2459 1195 2542 1263; x_wconf 83' lang='lat' dir='ltr'>ut,</span> <span class='ocrx_word' id='word_1_635' title='bbox 2576 1190 2624 1263; x_wconf 83' lang='lat' dir='ltr'>si</span> <span class='ocrx_word' id='word_1_636' title='bbox 2659 1194 2790 1261; x_wconf 91' lang='lat' dir='ltr'>post</span> <span class='ocrx_word' id='word_1_637' title='bbox 2819 1190 3156 1263; x_wconf 14' lang='lat' dir='ltr'>editionem,</span> <span class='ocrx_word' id='word_1_638' title='bbox 3181 1190 3431 1261; x_wconf 89' lang='lat' dir='ltr'>alicujus</span> <span class='ocrx_word' id='word_1_639' title='bbox 3474 1190 3673 1263; x_wconf 81' lang='lat' dir='ltr'>operis</span> 
     </span>
    </p>
   </div>
   <div class='ocr_carea' id='block_1_93' title="bbox 2022 1260 3668 1334">
    <p class='ocr_par' dir='ltr' id='par_1_93' title="bbox 2022 1260 3668 1334">
     <span class='ocr_line' id='line_1_94' title="bbox 2022 1260 3668 1334; baseline 0 -17"><span class='ocrx_word' id='word_1_640' title='bbox 2022 1263 2327 1334; x_wconf 86' lang='lat' dir='ltr'>quidpiam</span> <span class='ocrx_word' id='word_1_641' title='bbox 2361 1261 2491 1334; x_wconf 90' lang='lat' dir='ltr'>novi</span> <span class='ocrx_word' id='word_1_642' title='bbox 2520 1260 2610 1316; x_wconf 88' lang='lat' dir='ltr'>vel</span> <span class='ocrx_word' id='word_1_643' title='bbox 2640 1260 2673 1315; x_wconf 87' lang='lat' dir='ltr'>a</span> <span class='ocrx_word' id='word_1_644' title='bbox 2704 1261 3282 1334; x_wconf 15' lang='lat' dir='ltr'>pontiﬁcetmaximo,</span> <span class='ocrx_word' id='word_1_645' title='bbox 3315 1263 3397 1317; x_wconf 92' lang='lat' dir='ltr'>vel</span> <span class='ocrx_word' id='word_1_646' title='bbox 3436 1260 3530 1317; x_wconf 55' lang='lat' dir='ltr'>ab&#39;</span> <span class='ocrx_word' id='word_1_647' title='bbox 3557 1261 3668 1317; x_wconf 90' lang='lat' dir='ltr'>ali-</span> 
     </span>
    </p>
   </div>
   <div class='ocr_carea' id='block_1_94' title="bbox 2022 1332 3670 1408">
    <p class='ocr_par' dir='ltr' id='par_1_94' title="bbox 2022 1332 3670 1408">
     <span class='ocr_line' id='line_1_95' title="bbox 2022 1332 3670 1408; baseline -0.001 -18"><span class='ocrx_word' id='word_1_648' title='bbox 2022 1332 2282 1408; x_wconf 11' lang='lat' dir='ltr'>quotalio</span> <span class='ocrx_word' id='word_1_649' title='bbox 2306 1333 2610 1408; x_wconf 70' lang='lat' dir='ltr'>prmeipuze</span> <span class='ocrx_word' id='word_1_650' title='bbox 2669 1332 3030 1388; x_wconf 87' lang='lat' dir='ltr'>auctoritatis</span> <span class='ocrx_word' id='word_1_651' title='bbox 3080 1335 3201 1408; x_wconf 72' lang='lat' dir='ltr'>viro</span> <span class='ocrx_word' id='word_1_652' title='bbox 3250 1334 3670 1408; x_wconf 78' lang='lat' dir='ltr'>constituatur,</span> 
     </span>
    </p>
   </div>
   <div class='ocr_carea' id='block_1_95' title="bbox 2022 1404 3669 1487">
    <p class='ocr_par' dir='ltr' id='par_1_95' title="bbox 2022 1404 3669 1487">
     <span class='ocr_line' id='line_1_96' title="bbox 2022 1404 3669 1487; baseline -0.001 -25"><span class='ocrx_word' id='word_1_653' title='bbox 2022 1404 2209 1462; x_wconf 75' lang='lat' dir='ltr'>autin</span> <span class='ocrx_word' id='word_1_654' title='bbox 2242 1404 2432 1460; x_wconf 79' lang='lat' dir='ltr'>lucem</span> <span class='ocrx_word' id='word_1_655' title='bbox 2456 1405 2684 1487; x_wconf 78' lang='lat' dir='ltr'>edatur,</span> <span class='ocrx_word' id='word_1_656' title='bbox 2728 1421 2842 1487; x_wconf 82' lang='lat' dir='ltr'>quo</span> <span class='ocrx_word' id='word_1_657' title='bbox 2893 1404 3366 1487; x_wconf 68' lang='lat' dir='ltr'>nostraﬁrmari</span> <span class='ocrx_word' id='word_1_658' title='bbox 3418 1406 3669 1487; x_wconf 72' lang='lat' dir='ltr'>possint,</span> 
     </span>
    </p>
   </div>
   <div class='ocr_carea' id='block_1_96' title="bbox 2020 1476 3667 1550">
    <p class='ocr_par' dir='ltr' id='par_1_96' title="bbox 2020 1476 3667 1550">
     <span class='ocr_line' id='line_1_97' title="bbox 2020 1476 3667 1550; baseline -0.001 -15"><span class='ocrx_word' id='word_1_659' title='bbox 2020 1497 2089 1535; x_wconf 90' lang='lat' dir='ltr'>ea</span> <span class='ocrx_word' id='word_1_660' title='bbox 2119 1493 2399 1550; x_wconf 84' lang='lat' dir='ltr'>perquam</span> <span class='ocrx_word' id='word_1_661' title='bbox 2432 1476 2597 1550; x_wconf 89' lang='lat' dir='ltr'>avide</span> <span class='ocrx_word' id='word_1_662' title='bbox 2647 1476 3025 1547; x_wconf 84' lang='lat' dir='ltr'>arripiamus,</span> <span class='ocrx_word' id='word_1_663' title='bbox 3075 1481 3249 1548; x_wconf 88' lang='lat' dir='ltr'>atque</span> <span class='ocrx_word' id='word_1_664' title='bbox 3302 1477 3361 1532; x_wconf 91' lang='lat' dir='ltr'>in</span> <span class='ocrx_word' id='word_1_665' title='bbox 3420 1476 3667 1533; x_wconf 79' lang='lat' dir='ltr'>alteram</span> 
     </span>
    </p>
   </div>
   <div class='ocr_carea' id='block_1_97' title="bbox 2022 1548 2788 1607">
    <p class='ocr_par' dir='ltr' id='par_1_97' title="bbox 2022 1548 2788 1607">
     <span class='ocr_line' id='line_1_98' title="bbox 2022 1548 2788 1607; baseline -0.007 0"><span class='ocrx_word' id='word_1_666' title='bbox 2022 1548 2339 1607; x_wconf 80' lang='lat' dir='ltr'>editionem</span> <span class='ocrx_word' id='word_1_667' title='bbox 2375 1548 2788 1603; x_wconf 89' lang='lat' dir='ltr'>immittamus.</span> 
     </span>
    </p>
   </div>
   <div class='ocr_carea' id='block_1_98' title="bbox 2093 1618 3669 1693">
    <p class='ocr_par' dir='ltr' id='par_1_98' title="bbox 2093 1618 3669 1693">
     <span class='ocr_line' id='line_1_99' title="bbox 2093 1618 3669 1693; baseline 0 -18"><span class='ocrx_word' id='word_1_668' title='bbox 2093 1627 2292 1691; x_wconf 89' lang='lat' dir='ltr'>Neque</span> <span class='ocrx_word' id='word_1_669' title='bbox 2341 1636 2691 1693; x_wconf 77' lang='lat' dir='ltr'>magnopere</span> <span class='ocrx_word' id='word_1_670' title='bbox 2744 1618 3128 1693; x_wconf 69' lang='lat' dir='ltr'>nobiscum</span> <span class='ocrx_word' id='word_1_671' title='bbox 3178 1619 3669 1693; x_wconf 79' lang='lat' dir='ltr'>est,_supersitne</span> 
     </span>
    </p>
   </div>
   <div class='ocr_carea' id='block_1_99' title="bbox 2026 1689 3663 1763">
    <p class='ocr_par' dir='ltr' id='par_1_99' title="bbox 2026 1689 3663 1763">
     <span class='ocr_line' id='line_1_100' title="bbox 2026 1689 3663 1763; baseline -0.002 -15"><span class='ocrx_word' id='word_1_672' title='bbox 2026 1689 2290 1748; x_wconf 79' lang='lat' dir='ltr'>adhueis</span> <span class='ocrx_word' id='word_1_673' title='bbox 2339 1692 2431 1746; x_wconf 88' lang='lat' dir='ltr'>cui</span> <span class='ocrx_word' id='word_1_674' title='bbox 2475 1689 2622 1746; x_wconf 76' lang='lat' dir='ltr'>liber</span> <span class='ocrx_word' id='word_1_675' title='bbox 2669 1692 2855 1761; x_wconf 90' lang='lat' dir='ltr'>primo</span> <span class='ocrx_word' id='word_1_676' title='bbox 2896 1690 3127 1745; x_wconf 89' lang='lat' dir='ltr'>dicatus</span> <span class='ocrx_word' id='word_1_677' title='bbox 3174 1689 3367 1763; x_wconf 81' lang='lat' dir='ltr'>fuerit,</span> <span class='ocrx_word' id='word_1_678' title='bbox 3409 1689 3493 1746; x_wconf 62' lang='lat' dir='ltr'>~an</span> <span class='ocrx_word' id='word_1_679' title='bbox 3536 1693 3663 1763; x_wconf 89' lang='lat' dir='ltr'>jam</span> 
     </span>
    </p>
   </div>
   <div class='ocr_carea' id='block_1_100' title="bbox 2023 1760 3664 1833">
    <p class='ocr_par' dir='ltr' id='par_1_100' title="bbox 2023 1760 3664 1833">
     <span class='ocr_line' id='line_1_101' title="bbox 2023 1760 3664 1833; baseline -0.002 -13"><span class='ocrx_word' id='word_1_680' title='bbox 2023 1766 2252 1820; x_wconf 89' lang='lat' dir='ltr'>obierit.</span> <span class='ocrx_word' id='word_1_681' title='bbox 2302 1764 2359 1817; x_wconf 86' lang='lat' dir='ltr'>Si</span> <span class='ocrx_word' id='word_1_682' title='bbox 2407 1763 2508 1833; x_wconf 89' lang='lat' dir='ltr'>qui</span> <span class='ocrx_word' id='word_1_683' title='bbox 2556 1760 2736 1832; x_wconf 78' lang='lat' dir='ltr'>igitur</span> <span class='ocrx_word' id='word_1_684' title='bbox 2810 1760 3210 1833; x_wconf 85' lang='lat' dir='ltr'>argumentari</span> <span class='ocrx_word' id='word_1_685' title='bbox 3260 1762 3398 1816; x_wconf 88' lang='lat' dir='ltr'>velit</span> <span class='ocrx_word' id='word_1_686' title='bbox 3453 1760 3664 1832; x_wconf 48' lang='lat' dir='ltr'>ex&#39;eo,</span> 
     </span>
    </p>
   </div>
   <div class='ocr_carea' id='block_1_101' title="bbox 2019 1833 3668 1906">
    <p class='ocr_par' dir='ltr' id='par_1_101' title="bbox 2019 1833 3668 1906">
     <span class='ocr_line' id='line_1_102' title="bbox 2019 1833 3668 1906; baseline -0.002 -13"><span class='ocrx_word' id='word_1_687' title='bbox 2019 1837 2174 1893; x_wconf 89' lang='lat' dir='ltr'>verbi</span> <span class='ocrx_word' id='word_1_688' title='bbox 2210 1834 2419 1906; x_wconf 85' lang='lat' dir='ltr'>gratia,</span> <span class='ocrx_word' id='word_1_689' title='bbox 2454 1835 2602 1906; x_wconf 91' lang='lat' dir='ltr'>quod</span> <span class='ocrx_word' id='word_1_690' title='bbox 2640 1835 2706 1906; x_wconf 13' lang='lat' dir='ltr'>in,</span> <span class='ocrx_word' id='word_1_691' title='bbox 2732 1833 2829 1889; x_wconf 94' lang='lat' dir='ltr'>illo</span> <span class='ocrx_word' id='word_1_692' title='bbox 2862 1836 3075 1887; x_wconf 90' lang='lat' dir='ltr'>citetur</span> <span class='ocrx_word' id='word_1_693' title='bbox 3107 1836 3391 1888; x_wconf 87' lang='lat' dir='ltr'>statutum</span> <span class='ocrx_word' id='word_1_694' title='bbox 3427 1834 3668 1906; x_wconf 91' lang='lat' dir='ltr'>aliquod</span> 
     </span>
    </p>
   </div>
   <div class='ocr_carea' id='block_1_102' title="bbox 2020 1904 3669 1981">
    <p class='ocr_par' dir='ltr' id='par_1_102' title="bbox 2020 1904 3669 1981">
     <span class='ocr_line' id='line_1_103' title="bbox 2020 1904 3669 1981; baseline -0.002 -18"><span class='ocrx_word' id='word_1_695' title='bbox 2020 1904 2383 1981; x_wconf 69' lang='lat' dir='ltr'>pontificium</span> <span class='ocrx_word' id='word_1_696' title='bbox 2401 1904 2615 1981; x_wconf 82' lang='lat' dir='ltr'>abhinc</span> <span class='ocrx_word' id='word_1_697' title='bbox 2637 1904 2827 1960; x_wconf 88' lang='lat' dir='ltr'>tribus</span> <span class='ocrx_word' id='word_1_698' title='bbox 2850 1906 3133 1981; x_wconf 73' lang='lat' dir='ltr'>duntaxat</span> <span class='ocrx_word' id='word_1_699' title='bbox 3154 1904 3669 1981; x_wconf 30' lang='lat' dir='ltr'>quatuorvea‘nnie</span> 
     </span>
    </p>
   </div>
   <div class='ocr_carea' id='block_1_103' title="bbox 2019 1975 3674 2049">
    <p class='ocr_par' dir='ltr' id='par_1_103' title="bbox 2019 1975 3674 2049">
     <span class='ocr_line' id='line_1_104' title="bbox 2019 1975 3674 2049; baseline -0.003 -12"><span class='ocrx_word' id='word_1_700' title='bbox 2019 1975 2263 2047; x_wconf 73' lang='lat' dir='ltr'>editum,</span> <span class='ocrx_word' id='word_1_701' title='bbox 2300 1996 2415 2033; x_wconf 92' lang='lat' dir='ltr'>non</span> <span class='ocrx_word' id='word_1_702' title='bbox 2451 1977 2709 2049; x_wconf 90' lang='lat' dir='ltr'>potuisse</span> <span class='ocrx_word' id='word_1_703' title='bbox 2735 1993 2868 2031; x_wconf 89' lang='lat' dir='ltr'>eum</span> <span class='ocrx_word' id='word_1_704' title='bbox 2914 1976 3129 2049; x_wconf 86' lang='lat' dir='ltr'>librum</span> <span class='ocrx_word' id='word_1_705' title='bbox 3163 1975 3247 2049; x_wconf 69' lang='lat' dir='ltr'>Vel</span> <span class='ocrx_word' id='word_1_706' title='bbox 3294 1978 3538 2032; x_wconf 89' lang='lat' dir='ltr'>Baronio</span> <span class='ocrx_word' id='word_1_707' title='bbox 3581 1976 3674 2033; x_wconf 89' lang='lat' dir='ltr'>vel</span> 
     </span>
    </p>
   </div>
   <div class='ocr_carea' id='block_1_104' title="bbox 2022 2047 3673 2121">
    <p class='ocr_par' dir='ltr' id='par_1_104' title="bbox 2022 2047 3673 2121">
     <span class='ocr_line' id='line_1_105' title="bbox 2022 2047 3673 2121; baseline -0.002 -14"><span class='ocrx_word' id='word_1_708' title='bbox 2022 2053 2242 2121; x_wconf 90' lang='lat' dir='ltr'>Toleto,</span> <span class='ocrx_word' id='word_1_709' title='bbox 2265 2047 2513 2121; x_wconf 86' lang='lat' dir='ltr'>exempli</span> <span class='ocrx_word' id='word_1_710' title='bbox 2537 2066 2736 2116; x_wconf 85' lang='lat' dir='ltr'>causa,</span> <span class='ocrx_word' id='word_1_711' title='bbox 2772 2047 3050 2121; x_wconf 88' lang='lat' dir='ltr'>dedicari,</span> <span class='ocrx_word' id='word_1_712' title='bbox 3076 2049 3174 2119; x_wconf 90' lang='lat' dir='ltr'>qui</span> <span class='ocrx_word' id='word_1_713' title='bbox 3199 2047 3516 2119; x_wconf 90' lang='lat' dir='ltr'>aliquando</span> <span class='ocrx_word' id='word_1_714' title='bbox 3535 2053 3673 2104; x_wconf 88' lang='lat' dir='ltr'>ante</span> 
     </span>
    </p>
   </div>
   <div class='ocr_carea' id='block_1_105' title="bbox 2022 2120 3673 2187">
    <p class='ocr_par' dir='ltr' id='par_1_105' title="bbox 2022 2120 3673 2187">
     <span class='ocr_line' id='line_1_106' title="bbox 2022 2120 3673 2187; baseline -0.002 -8"><span class='ocrx_word' id='word_1_715' title='bbox 2022 2120 2239 2179; x_wconf 81' lang='lat' dir='ltr'>fuerint</span> <span class='ocrx_word' id='word_1_716' title='bbox 2272 2120 2509 2187; x_wconf 87' lang='lat' dir='ltr'>mortui,</span> <span class='ocrx_word' id='word_1_717' title='bbox 2560 2125 2713 2176; x_wconf 86' lang='lat' dir='ltr'>certe</span> <span class='ocrx_word' id='word_1_718' title='bbox 2761 2120 3062 2174; x_wconf 81' lang='lat' dir='ltr'>inﬁrmum</span> <span class='ocrx_word' id='word_1_719' title='bbox 3118 2136 3182 2174; x_wconf 88' lang='lat' dir='ltr'>ac</span> <span class='ocrx_word' id='word_1_720' title='bbox 3231 2136 3446 2175; x_wconf 89' lang='lat' dir='ltr'>vanum</span> <span class='ocrx_word' id='word_1_721' title='bbox 3493 2121 3673 2175; x_wconf 84' lang='lat' dir='ltr'>fuerit</span> 
     </span>
    </p>
   </div>
   <div class='ocr_carea' id='block_1_106' title="bbox 2024 2190 3673 2267">
    <p class='ocr_par' dir='ltr' id='par_1_106' title="bbox 2024 2190 3673 2267">
     <span class='ocr_line' id='line_1_107' title="bbox 2024 2190 3673 2267; baseline -0.002 -16"><span class='ocrx_word' id='word_1_722' title='bbox 2024 2197 2436 2267; x_wconf 83' lang='lat' dir='ltr'>argumentum</span> <span class='ocrx_word' id='word_1_723' title='bbox 2465 2210 2478 2248; x_wconf 91' lang='lat'>:</span> <span class='ocrx_word' id='word_1_724' title='bbox 2505 2210 2646 2267; x_wconf 86' lang='lat' dir='ltr'>nam</span> <span class='ocrx_word' id='word_1_725' title='bbox 2682 2191 3035 2267; x_wconf 70' lang='lat' dir='ltr'>primalibri</span> <span class='ocrx_word' id='word_1_726' title='bbox 3056 2190 3374 2267; x_wconf 79' lang='lat' dir='ltr'>dedicatio,</span> <span class='ocrx_word' id='word_1_727' title='bbox 3406 2209 3530 2267; x_wconf 71' lang='lat' dir='ltr'>quea</span> <span class='ocrx_word' id='word_1_728' title='bbox 3563 2191 3673 2247; x_wconf 88' lang='lat' dir='ltr'>fuit</span> 
     </span>
    </p>
   </div>
   <div class='ocr_carea' id='block_1_107' title="bbox 2025 2262 3675 2332">
    <p class='ocr_par' dir='ltr' id='par_1_107' title="bbox 2025 2262 3675 2332">
     <span class='ocr_line' id='line_1_108' title="bbox 2025 2262 3675 2332; baseline -0.003 -10"><span class='ocrx_word' id='word_1_729' title='bbox 2025 2262 2206 2323; x_wconf 78' lang='lat' dir='ltr'>multo</span> <span class='ocrx_word' id='word_1_730' title='bbox 2227 2272 2360 2321; x_wconf 89' lang='lat' dir='ltr'>ante</span> <span class='ocrx_word' id='word_1_731' title='bbox 2380 2265 2520 2319; x_wconf 91' lang='lat' dir='ltr'>illud</span> <span class='ocrx_word' id='word_1_732' title='bbox 2547 2268 2859 2332; x_wconf 88' lang='lat' dir='ltr'>statutum,</span> <span class='ocrx_word' id='word_1_733' title='bbox 2884 2262 2986 2317; x_wconf 92' lang='lat' dir='ltr'>illo</span> <span class='ocrx_word' id='word_1_734' title='bbox 3004 2263 3343 2318; x_wconf 88' lang='lat' dir='ltr'>adveniente</span> <span class='ocrx_word' id='word_1_735' title='bbox 3376 2263 3521 2318; x_wconf 91' lang='lat' dir='ltr'>nihil</span> <span class='ocrx_word' id='word_1_736' title='bbox 3545 2279 3675 2318; x_wconf 92' lang='lat' dir='ltr'>mu-</span> 
     </span>
    </p>
   </div>
   <div class='ocr_carea' id='block_1_108' title="bbox 2025 2334 3677 2407">
    <p class='ocr_par' dir='ltr' id='par_1_108' title="bbox 2025 2334 3677 2407">
     <span class='ocr_line' id='line_1_109' title="bbox 2025 2334 3677 2407; baseline -0.002 -14"><span class='ocrx_word' id='word_1_737' title='bbox 2025 2344 2145 2394; x_wconf 89' lang='lat' dir='ltr'>tata</span> <span class='ocrx_word' id='word_1_738' title='bbox 2175 2343 2283 2393; x_wconf 92' lang='lat' dir='ltr'>est.</span> <span class='ocrx_word' id='word_1_739' title='bbox 2314 2339 2401 2391; x_wconf 90' lang='lat' dir='ltr'>Ita</span> <span class='ocrx_word' id='word_1_740' title='bbox 2424 2337 2480 2390; x_wconf 90' lang='lat' dir='ltr'>in</span> <span class='ocrx_word' id='word_1_741' title='bbox 2503 2335 2765 2407; x_wconf 89' lang='lat' dir='ltr'>Dionysii</span> <span class='ocrx_word' id='word_1_742' title='bbox 2788 2334 3065 2406; x_wconf 90' lang='lat' dir='ltr'>operibus</span> <span class='ocrx_word' id='word_1_743' title='bbox 3088 2334 3300 2389; x_wconf 88' lang='lat' dir='ltr'>accidit</span> <span class='ocrx_word' id='word_1_744' title='bbox 3329 2351 3341 2387; x_wconf 88' lang='lat'><strong>:</strong></span> <span class='ocrx_word' id='word_1_745' title='bbox 3374 2334 3493 2389; x_wconf 90' lang='lat' dir='ltr'>illis</span> <span class='ocrx_word' id='word_1_746' title='bbox 3519 2336 3677 2407; x_wconf 88' lang='lat' dir='ltr'>enim</span> 
     </span>
    </p>
   </div>
   <div class='ocr_carea' id='block_1_109' title="bbox 2027 2406 3675 2494">
    <p class='ocr_par' dir='ltr' id='par_1_109' title="bbox 2027 2406 3675 2494">
     <span class='ocr_line' id='line_1_110' title="bbox 2027 2406 3675 2494; baseline -0.002 -30"><span class='ocrx_word' id='word_1_747' title='bbox 2027 2412 2222 2494; x_wconf 83' lang='lat' dir='ltr'>aliqua</span> <span class='ocrx_word' id='word_1_748' title='bbox 2255 2409 2630 2494; x_wconf 66' lang='lat' dir='ltr'>postmodum</span> <span class='ocrx_word' id='word_1_749' title='bbox 2660 2406 2888 2494; x_wconf 68' lang='lat' dir='ltr'>adjecta</span> <span class='ocrx_word' id='word_1_750' title='bbox 2924 2411 3081 2494; x_wconf 77' lang='lat' dir='ltr'>sunt,</span> <span class='ocrx_word' id='word_1_751' title='bbox 3116 2410 3172 2460; x_wconf 91' lang='lat' dir='ltr'>et</span> <span class='ocrx_word' id='word_1_752' title='bbox 3204 2407 3453 2494; x_wconf 79' lang='lat' dir='ltr'>fortasse</span> <span class='ocrx_word' id='word_1_753' title='bbox 3492 2406 3675 2494; x_wconf 71' lang='lat' dir='ltr'>etiam</span> 
     </span>
    </p>
   </div>
   <div class='ocr_carea' id='block_1_110' title="bbox 2028 2478 3678 2548">
    <p class='ocr_par' dir='ltr' id='par_1_110' title="bbox 2028 2478 3678 2548">
     <span class='ocr_line' id='line_1_111' title="bbox 2028 2478 3678 2548; baseline -0.002 -12"><span class='ocrx_word' id='word_1_754' title='bbox 2028 2478 2269 2548; x_wconf 71' lang='lat' dir='ltr'>variata,</span> <span class='ocrx_word' id='word_1_755' title='bbox 2303 2482 2401 2535; x_wconf 81' lang='lat' dir='ltr'>sed</span> <span class='ocrx_word' id='word_1_756' title='bbox 2437 2480 2567 2534; x_wconf 91' lang='lat' dir='ltr'>libri</span> <span class='ocrx_word' id='word_1_757' title='bbox 2600 2479 2887 2533; x_wconf 88' lang='lat' dir='ltr'>dedicatio</span> <span class='ocrx_word' id='word_1_758' title='bbox 2919 2479 3119 2533; x_wconf 88' lang='lat' dir='ltr'>eadem</span> <span class='ocrx_word' id='word_1_759' title='bbox 3165 2478 3404 2545; x_wconf 88' lang='lat' dir='ltr'>mansit,</span> <span class='ocrx_word' id='word_1_760' title='bbox 3456 2482 3521 2548; x_wconf 19' lang='lat' dir='ltr'>et,</span> <span class='ocrx_word' id='word_1_761' title='bbox 3559 2494 3678 2533; x_wconf 91' lang='lat' dir='ltr'>non</span> 
     </span>
    </p>
   </div>
   <div class='ocr_carea' id='block_1_111' title="bbox 2027 2547 3680 2622">
    <p class='ocr_par' dir='ltr' id='par_1_111' title="bbox 2027 2547 3680 2622">
     <span class='ocr_line' id='line_1_112' title="bbox 2027 2547 3680 2622; baseline -0.001 -15"><span class='ocrx_word' id='word_1_762' title='bbox 2027 2547 2267 2609; x_wconf 77' lang='lat' dir='ltr'>variata.</span> <span class='ocrx_word' id='word_1_763' title='bbox 2302 2552 2441 2617; x_wconf 87' lang='lat' dir='ltr'>Quis</span> <span class='ocrx_word' id='word_1_764' title='bbox 2495 2567 2684 2622; x_wconf 91' lang='lat' dir='ltr'>porro,</span> <span class='ocrx_word' id='word_1_765' title='bbox 2722 2550 2796 2622; x_wconf 16' lang='lat' dir='ltr'>sit</span> <span class='ocrx_word' id='word_1_766' title='bbox 2820 2554 2987 2604; x_wconf 63' lang='lat' dir='ltr'>aetate</span> <span class='ocrx_word' id='word_1_767' title='bbox 3029 2547 3573 2622; x_wconf 77' lang='lat' dir='ltr'>vixissetDionysii,</span> <span class='ocrx_word' id='word_1_768' title='bbox 3598 2554 3680 2622; x_wconf 15' lang='lat' dir='ltr'>tet</span> 
     </span>
    </p>
   </div>
   <div class='ocr_carea' id='block_1_112' title="bbox 2028 2619 3675 2693">
    <p class='ocr_par' dir='ltr' id='par_1_112' title="bbox 2028 2619 3675 2693">
     <span class='ocr_line' id='line_1_113' title="bbox 2028 2619 3675 2693; baseline -0.003 -13"><span class='ocrx_word' id='word_1_769' title='bbox 2028 2627 2211 2681; x_wconf 91' lang='lat' dir='ltr'>libros</span> <span class='ocrx_word' id='word_1_770' title='bbox 2244 2633 2375 2678; x_wconf 84' lang='lat' dir='ltr'>ante</span> <span class='ocrx_word' id='word_1_771' title='bbox 2403 2619 2739 2693; x_wconf 83' lang='lat' dir='ltr'>evulgatum</span> <span class='ocrx_word' id='word_1_772' title='bbox 2768 2621 3012 2693; x_wconf 86' lang='lat' dir='ltr'>Joannis</span> <span class='ocrx_word' id='word_1_773' title='bbox 3042 2619 3417 2689; x_wconf 83' lang='lat' dir='ltr'>Evangelium</span> <span class='ocrx_word' id='word_1_774' title='bbox 3447 2619 3675 2693; x_wconf 83' lang='lat' dir='ltr'>edidis-</span> 
     </span>
    </p>
   </div>
   <div class='ocr_carea' id='block_1_113' title="bbox 2030 2692 3680 2767">
    <p class='ocr_par' dir='ltr' id='par_1_113' title="bbox 2030 2692 3680 2767">
     <span class='ocr_line' id='line_1_114' title="bbox 2030 2692 3680 2767; baseline -0.005 -14"><span class='ocrx_word' id='word_1_775' title='bbox 2030 2703 2138 2767; x_wconf 88' lang='lat' dir='ltr'>set,</span> <span class='ocrx_word' id='word_1_776' title='bbox 2175 2697 2331 2751; x_wconf 89' lang='lat' dir='ltr'>aliud</span> <span class='ocrx_word' id='word_1_777' title='bbox 2366 2692 2577 2749; x_wconf 85' lang='lat' dir='ltr'>faceret</span> <span class='ocrx_word' id='word_1_778' title='bbox 2606 2710 2780 2767; x_wconf 85' lang='lat' dir='ltr'>quam</span> <span class='ocrx_word' id='word_1_779' title='bbox 2816 2693 2950 2746; x_wconf 88' lang='lat' dir='ltr'>fecit</span> <span class='ocrx_word' id='word_1_780' title='bbox 2980 2692 3292 2767; x_wconf 80' lang='lat' dir='ltr'>Dionysius</span> <span class='ocrx_word' id='word_1_781' title='bbox 3322 2693 3531 2767; x_wconf 84' lang='lat' dir='ltr'>?_quis,</span> <span class='ocrx_word' id='word_1_782' title='bbox 3588 2692 3680 2746; x_wconf 91' lang='lat' dir='ltr'>in-</span> 
     </span>
    </p>
   </div>
   <div class='ocr_carea' id='block_1_114' title="bbox 2031 2763 3678 2841">
    <p class='ocr_par' dir='ltr' id='par_1_114' title="bbox 2031 2763 3678 2841">
     <span class='ocr_line' id='line_1_115' title="bbox 2031 2763 3678 2841; baseline -0.003 -17"><span class='ocrx_word' id='word_1_783' title='bbox 2031 2763 2231 2841; x_wconf 84' lang='lat' dir='ltr'>quam,</span> <span class='ocrx_word' id='word_1_784' title='bbox 2267 2776 2393 2839; x_wconf 85' lang='lat' dir='ltr'>post</span> <span class='ocrx_word' id='word_1_785' title='bbox 2421 2763 2798 2836; x_wconf 82' lang='lat' dir='ltr'>Evangelium</span> <span class='ocrx_word' id='word_1_786' title='bbox 2824 2768 2948 2836; x_wconf 89' lang='lat' dir='ltr'>jam</span> <span class='ocrx_word' id='word_1_787' title='bbox 2978 2763 3312 2841; x_wconf 87' lang='lat' dir='ltr'>evulgatum</span> <span class='ocrx_word' id='word_1_788' title='bbox 3360 2764 3678 2841; x_wconf 82' lang='lat' dir='ltr'>impetrare</span> 
     </span>
    </p>
   </div>
   <div class='ocr_carea' id='block_1_115' title="bbox 2032 2839 3676 2911">
    <p class='ocr_par' dir='ltr' id='par_1_115' title="bbox 2032 2839 3676 2911">
     <span class='ocr_line' id='line_1_116' title="bbox 2032 2839 3676 2911; baseline -0.003 -15"><span class='ocrx_word' id='word_1_789' title='bbox 2032 2839 2064 2896; x_wconf 66' lang='grc' dir='ltr'>ά</span> <span class='ocrx_word' id='word_1_790' title='bbox 2094 2841 2285 2911; x_wconf 90' lang='lat' dir='ltr'>seipse</span> <span class='ocrx_word' id='word_1_791' title='bbox 2318 2844 2532 2911; x_wconf 88' lang='lat' dir='ltr'>posset,</span> <span class='ocrx_word' id='word_1_792' title='bbox 2570 2844 2631 2893; x_wconf 91' lang='lat' dir='ltr'>ut</span> <span class='ocrx_word' id='word_1_793' title='bbox 2661 2854 2809 2908; x_wconf 92' lang='lat' dir='ltr'>opus</span> <span class='ocrx_word' id='word_1_794' title='bbox 2833 2852 3013 2911; x_wconf 85' lang='lat' dir='ltr'>suum</span> <span class='ocrx_word' id='word_1_795' title='bbox 3042 2852 3153 2890; x_wconf 93' lang='lat' dir='ltr'>non</span> <span class='ocrx_word' id='word_1_796' title='bbox 3185 2839 3542 2911; x_wconf 74' lang='lat' dir='ltr'>retractaret,</span> <span class='ocrx_word' id='word_1_797' title='bbox 3570 2852 3676 2911; x_wconf 80' lang='lat' dir='ltr'>nec</span> 
     </span>
    </p>
   </div>
   <div class='ocr_carea' id='block_1_116' title="bbox 2029 2906 3677 2979">
    <p class='ocr_par' dir='ltr' id='par_1_116' title="bbox 2029 2906 3677 2979">
     <span class='ocr_line' id='line_1_117' title="bbox 2029 2906 3677 2979; baseline -0.003 -13"><span class='ocrx_word' id='word_1_798' title='bbox 2029 2906 2199 2979; x_wconf 62' lang='lat' dir='ltr'>illud,</span> <span class='ocrx_word' id='word_1_799' title='bbox 2246 2906 2541 2966; x_wconf 70' lang='lat' dir='ltr'>advocatis</span> <span class='ocrx_word' id='word_1_800' title='bbox 2587 2926 2616 2964; x_wconf 88' lang='lat' dir='ltr'>e</span> <span class='ocrx_word' id='word_1_801' title='bbox 2667 2906 2813 2963; x_wconf 49' lang='lat' dir='ltr'>n&#39;ovo</span> <span class='ocrx_word' id='word_1_802' title='bbox 2872 2908 3015 2962; x_wconf 87' lang='lat' dir='ltr'>tanti</span> <span class='ocrx_word' id='word_1_803' title='bbox 3066 2907 3311 2978; x_wconf 91' lang='lat' dir='ltr'>apostoli</span> <span class='ocrx_word' id='word_1_804' title='bbox 3368 2906 3677 2978; x_wconf 80' lang='lat' dir='ltr'>Evangelia</span> 
     </span>
    </p>
   </div>
   <div class='ocr_carea' id='block_1_117' title="bbox 2031 2979 3679 3051">
    <p class='ocr_par' dir='ltr' id='par_1_117' title="bbox 2031 2979 3679 3051">
     <span class='ocr_line' id='line_1_118' title="bbox 2031 2979 3679 3051; baseline -0.004 -12"><span class='ocrx_word' id='word_1_805' title='bbox 2031 2984 2287 3051; x_wconf 87' lang='lat' dir='ltr'>auxiliis,</span> <span class='ocrx_word' id='word_1_806' title='bbox 2314 2981 2523 3037; x_wconf 87' lang='lat' dir='ltr'>melius</span> <span class='ocrx_word' id='word_1_807' title='bbox 2551 2982 2760 3036; x_wconf 89' lang='lat' dir='ltr'>faceret</span> <span class='ocrx_word' id='word_1_808' title='bbox 2785 2979 3354 3051; x_wconf 84' lang='lat' dir='ltr'>?Alioquiinsipiens</span> <span class='ocrx_word' id='word_1_809' title='bbox 3372 2983 3679 3051; x_wconf 85' lang='lat' dir='ltr'>saneesset</span> 
     </span>
    </p>
   </div>
   <div class='ocr_carea' id='block_1_118' title="bbox 2032 3049 3679 3123">
    <p class='ocr_par' dir='ltr' id='par_1_118' title="bbox 2032 3049 3679 3123">
     <span class='ocr_line' id='line_1_119' title="bbox 2032 3049 3679 3123; baseline -0.004 -12"><span class='ocrx_word' id='word_1_810' title='bbox 2032 3062 2084 3111; x_wconf 91' lang='lat' dir='ltr'>et</span> <span class='ocrx_word' id='word_1_811' title='bbox 2110 3049 2444 3117; x_wconf 84' lang='lat' dir='ltr'>haberetur,</span> <span class='ocrx_word' id='word_1_812' title='bbox 2481 3053 2526 3107; x_wconf 90' lang='lat' dir='ltr'>si</span> <span class='ocrx_word' id='word_1_813' title='bbox 2562 3054 2615 3107; x_wconf 90' lang='lat' dir='ltr'>id</span> <span class='ocrx_word' id='word_1_814' title='bbox 2652 3049 2986 3123; x_wconf 47' lang='lat' dir='ltr'>negligereti</span> <span class='ocrx_word' id='word_1_815' title='bbox 3039 3049 3221 3123; x_wconf 32' lang='lat' dir='ltr'>Talis:</span> <span class='ocrx_word' id='word_1_816' title='bbox 3244 3050 3427 3123; x_wconf 84' lang='lat' dir='ltr'>igitur</span> <span class='ocrx_word' id='word_1_817' title='bbox 3469 3049 3679 3104; x_wconf 79' lang='lat' dir='ltr'>fuisset</span> 
     </span>
    </p>
   </div>
   <div class='ocr_carea' id='block_1_119' title="bbox 2034 3120 3679 3194">
    <p class='ocr_par' dir='ltr' id='par_1_119' title="bbox 2034 3120 3679 3194">
     <span class='ocr_line' id='line_1_120' title="bbox 2034 3120 3679 3194; baseline -0.004 -12"><span class='ocrx_word' id='word_1_818' title='bbox 2034 3134 2089 3183; x_wconf 89' lang='lat' dir='ltr'>et</span> <span class='ocrx_word' id='word_1_819' title='bbox 2115 3126 2317 3181; x_wconf 88' lang='lat' dir='ltr'>haberi</span> <span class='ocrx_word' id='word_1_820' title='bbox 2350 3124 2651 3179; x_wconf 86' lang='lat' dir='ltr'>debuisset</span> <span class='ocrx_word' id='word_1_821' title='bbox 2695 3120 2755 3179; x_wconf 45' lang='lat' dir='ltr'>S&#39;.</span> <span class='ocrx_word' id='word_1_822' title='bbox 2806 3120 3145 3194; x_wconf 90' lang='lat' dir='ltr'>Dionysius,</span> <span class='ocrx_word' id='word_1_823' title='bbox 3176 3120 3224 3175; x_wconf 86' lang='lat' dir='ltr'>si</span> <span class='ocrx_word' id='word_1_824' title='bbox 3278 3120 3451 3194; x_wconf 76' lang='lat' dir='ltr'>aliter</span> <span class='ocrx_word' id='word_1_825' title='bbox 3499 3137 3679 3194; x_wconf 84' lang='lat' dir='ltr'>quam</span> 
     </span>
    </p>
   </div>
   <div class='ocr_carea' id='block_1_120' title="bbox 2035 3192 3678 3263">
    <p class='ocr_par' dir='ltr' id='par_1_120' title="bbox 2035 3192 3678 3263">
     <span class='ocr_line' id='line_1_121' title="bbox 2035 3192 3678 3263; baseline -0.004 -10"><span class='ocrx_word' id='word_1_826' title='bbox 2035 3200 2190 3259; x_wconf 89' lang='lat' dir='ltr'>fecit,</span> <span class='ocrx_word' id='word_1_827' title='bbox 2223 3198 2473 3252; x_wconf 84' lang='lat' dir='ltr'>fecisset.</span> <span class='ocrx_word' id='word_1_828' title='bbox 2507 3195 2665 3258; x_wconf 89' lang='lat' dir='ltr'>Quod</span> <span class='ocrx_word' id='word_1_829' title='bbox 2693 3211 2827 3249; x_wconf 88' lang='lat' dir='ltr'>vero</span> <span class='ocrx_word' id='word_1_830' title='bbox 2844 3200 2899 3248; x_wconf 90' lang='lat' dir='ltr'>et</span> <span class='ocrx_word' id='word_1_831' title='bbox 2919 3192 3134 3248; x_wconf 85' lang='lat' dir='ltr'>usitata</span> <span class='ocrx_word' id='word_1_832' title='bbox 3154 3192 3326 3263; x_wconf 83' lang='lat' dir='ltr'>luerit</span> <span class='ocrx_word' id='word_1_833' title='bbox 3347 3193 3678 3263; x_wconf 88' lang='lat' dir='ltr'>antiquitus</span> 
     </span>
    </p>
   </div>
   <div class='ocr_carea' id='block_1_121' title="bbox 2032 3262 3672 3333">
    <p class='ocr_par' dir='ltr' id='par_1_121' title="bbox 2032 3262 3672 3333">
     <span class='ocr_line' id='line_1_122' title="bbox 2032 3262 3672 3333; baseline -0.004 -9"><span class='ocrx_word' id='word_1_834' title='bbox 2032 3270 2313 3324; x_wconf 91' lang='lat' dir='ltr'>librorum</span> <span class='ocrx_word' id='word_1_835' title='bbox 2352 3267 2706 3333; x_wconf 88' lang='lat' dir='ltr'>retractatio,</span> <span class='ocrx_word' id='word_1_836' title='bbox 2743 3265 3007 3320; x_wconf 90' lang='lat' dir='ltr'>sitetiam</span> <span class='ocrx_word' id='word_1_837' title='bbox 3034 3265 3196 3319; x_wconf 88' lang='lat' dir='ltr'>illam</span> <span class='ocrx_word' id='word_1_838' title='bbox 3219 3262 3317 3317; x_wconf 88' lang='lat' dir='ltr'>illa</span> <span class='ocrx_word' id='word_1_839' title='bbox 3340 3264 3414 3318; x_wconf 90' lang='lat' dir='ltr'>M.</span> <span class='ocrx_word' id='word_1_840' title='bbox 3437 3262 3589 3318; x_wconf 90' lang='lat' dir='ltr'>Tulii</span> <span class='ocrx_word' id='word_1_841' title='bbox 3611 3264 3672 3319; x_wconf 88' lang='lat' dir='ltr'>in</span> 
     </span>
    </p>
   </div>
   <div class='ocr_carea' id='block_1_122' title="bbox 2031 3335 3676 3412">
    <p class='ocr_par' dir='ltr' id='par_1_122' title="bbox 2031 3335 3676 3412">
     <span class='ocr_line' id='line_1_123' title="bbox 2031 3335 3676 3412; baseline -0.004 -17"><span class='ocrx_word' id='word_1_842' title='bbox 2031 3340 2294 3412; x_wconf 84' lang='lat' dir='ltr'>epistolis</span> <span class='ocrx_word' id='word_1_843' title='bbox 2323 3340 2392 3394; x_wconf 89' lang='lat' dir='ltr'>ad</span> <span class='ocrx_word' id='word_1_844' title='bbox 2427 3339 2682 3394; x_wconf 89' lang='lat' dir='ltr'>Atticum</span> <span class='ocrx_word' id='word_1_845' title='bbox 2714 3336 3154 3412; x_wconf 83' lang='lat' dir='ltr'>testificatio._ls</span> <span class='ocrx_word' id='word_1_846' title='bbox 3183 3335 3515 3412; x_wconf 84' lang='lat' dir='ltr'>enim_cum</span> <span class='ocrx_word' id='word_1_847' title='bbox 3541 3335 3676 3412; x_wconf 75' lang='lat' dir='ltr'>ali-</span> 
     </span>
    </p>
   </div>
   <div class='ocr_carea' id='block_1_123' title="bbox 2032 3407 3674 3490">
    <p class='ocr_par' dir='ltr' id='par_1_123' title="bbox 2032 3407 3674 3490">
     <span class='ocr_line' id='line_1_124' title="bbox 2032 3407 3674 3490; baseline -0.005 -23"><span class='ocrx_word' id='word_1_848' title='bbox 2032 3407 2495 3490; x_wconf 74' lang='lat' dir='ltr'>quandolibrum</span> <span class='ocrx_word' id='word_1_849' title='bbox 2515 3409 2829 3490; x_wconf 68' lang='lat' dir='ltr'>quemdam</span> <span class='ocrx_word' id='word_1_850' title='bbox 2847 3425 3019 3490; x_wconf 85' lang='lat' dir='ltr'>suum</span> <span class='ocrx_word' id='word_1_851' title='bbox 3037 3407 3467 3490; x_wconf 37' lang='lat' dir='ltr'>pl&#39;acereeid‘em</span> <span class='ocrx_word' id='word_1_852' title='bbox 3482 3407 3674 3490; x_wconf 78' lang='lat' dir='ltr'>Attico</span> 
     </span>
    </p>
   </div>
   <div class='ocr_carea' id='block_1_124' title="bbox 2031 3478 3678 3551">
    <p class='ocr_par' dir='ltr' id='par_1_124' title="bbox 2031 3478 3678 3551">
     <span class='ocr_line' id='line_1_125' title="bbox 2031 3478 3678 3551; baseline -0.004 -14"><span class='ocrx_word' id='word_1_853' title='bbox 2031 3478 2434 3551; x_wconf 69' lang='lat' dir='ltr'>intellexisset,</span> <span class='ocrx_word' id='word_1_854' title='bbox 2468 3478 2599 3536; x_wconf 80' lang='lat' dir='ltr'>eum</span> <span class='ocrx_word' id='word_1_855' title='bbox 2633 3480 2716 3534; x_wconf 86' lang='lat' dir='ltr'>illi</span> <span class='ocrx_word' id='word_1_856' title='bbox 2750 3486 2949 3551; x_wconf 88' lang='lat' dir='ltr'>postea</span> <span class='ocrx_word' id='word_1_857' title='bbox 2973 3478 3130 3534; x_wconf 86' lang='lat' dir='ltr'>misit</span> <span class='ocrx_word' id='word_1_858' title='bbox 3165 3478 3584 3551; x_wconf 83' lang='lat' dir='ltr'>retractiorem,</span> <span class='ocrx_word' id='word_1_859' title='bbox 3620 3482 3678 3532; x_wconf 89' lang='lat' dir='ltr'>et</span> 
     </span>
    </p>
   </div>
   <div class='ocr_carea' id='block_1_125' title="bbox 2032 3547 3676 3619">
    <p class='ocr_par' dir='ltr' id='par_1_125' title="bbox 2032 3547 3676 3619">
     <span class='ocr_line' id='line_1_126' title="bbox 2032 3547 3676 3619; baseline -0.004 -9"><span class='ocrx_word' id='word_1_860' title='bbox 2032 3556 2215 3611; x_wconf 85' lang='lat' dir='ltr'>dixit:</span> <span class='ocrx_word' id='word_1_861' title='bbox 2250 3578 2276 3603; x_wconf 89' lang='grc'>‹‹</span> <span class='ocrx_word' id='word_1_862' title='bbox 2311 3547 2471 3619; x_wconf 84' lang='lat' dir='ltr'>Quod</span> <span class='ocrx_word' id='word_1_863' title='bbox 2508 3558 2562 3608; x_wconf 91' lang='lat' dir='ltr'>te</span> <span class='ocrx_word' id='word_1_864' title='bbox 2594 3547 2821 3606; x_wconf 75' lang='lat' dir='ltr'>Erotem</span> <span class='ocrx_word' id='word_1_865' title='bbox 2850 3568 2964 3607; x_wconf 92' lang='lat' dir='ltr'>non</span> <span class='ocrx_word' id='word_1_866' title='bbox 3000 3551 3126 3605; x_wconf 89' lang='lat' dir='ltr'>sine</span> <span class='ocrx_word' id='word_1_867' title='bbox 3177 3547 3532 3604; x_wconf 89' lang='lat' dir='ltr'>munusculo</span> <span class='ocrx_word' id='word_1_868' title='bbox 3578 3565 3676 3604; x_wconf 81' lang='lat' dir='ltr'>ex-</span> 
     </span>
    </p>
   </div>
   <div class='ocr_carea' id='block_1_126' title="bbox 2033 3620 3677 3699">
    <p class='ocr_par' dir='ltr' id='par_1_126' title="bbox 2033 3620 3677 3699">
     <span class='ocr_line' id='line_1_127' title="bbox 2033 3620 3677 3699; baseline -0.005 -16"><span class='ocrx_word' id='word_1_869' title='bbox 2033 3632 2295 3699; x_wconf 87' lang='lat' dir='ltr'>spectare</span> <span class='ocrx_word' id='word_1_870' title='bbox 2318 3626 2483 3694; x_wconf 78' lang='lat' dir='ltr'>dicis,</span> <span class='ocrx_word' id='word_1_871' title='bbox 2516 3624 2739 3699; x_wconf 73' lang='lat' dir='ltr'>gaudeo</span> <span class='ocrx_word' id='word_1_872' title='bbox 2769 3640 2895 3699; x_wconf 86' lang='lat' dir='ltr'>eam</span> <span class='ocrx_word' id='word_1_873' title='bbox 2931 3638 3204 3699; x_wconf 81' lang='lat' dir='ltr'>rem_non</span> <span class='ocrx_word' id='word_1_874' title='bbox 3254 3620 3531 3699; x_wconf 78' lang='lat' dir='ltr'>fefellisse</span> <span class='ocrx_word' id='word_1_875' title='bbox 3577 3637 3677 3699; x_wconf 87' lang='lat' dir='ltr'>e_x-_-</span> 
     </span>
    </p>
   </div>
   <div class='ocr_carea' id='block_1_127' title="bbox 2032 3690 3675 3770">
    <p class='ocr_par' dir='ltr' id='par_1_127' title="bbox 2032 3690 3675 3770">
     <span class='ocr_line' id='line_1_128' title="bbox 2032 3690 3675 3770; baseline -0.005 -15"><span class='ocrx_word' id='word_1_876' title='bbox 2032 3690 2674 3770; x_wconf 49' lang='lat' dir='ltr'>spectationem&#39;tuam.</span> <span class='ocrx_word' id='word_1_877' title='bbox 2699 3695 2819 3770; x_wconf 81' lang='lat' dir='ltr'>Sed</span> <span class='ocrx_word' id='word_1_878' title='bbox 2840 3699 3035 3770; x_wconf 84' lang='lat' dir='ltr'>tamen</span> <span class='ocrx_word' id='word_1_879' title='bbox 3061 3694 3215 3748; x_wconf 88' lang='lat' dir='ltr'>idem</span> <span class='ocrx_word' id='word_1_880' title='bbox 3244 3690 3521 3770; x_wconf 53' lang='grc' dir='ltr'>ρύνταγμα</span> <span class='ocrx_word' id='word_1_881' title='bbox 3537 3692 3675 3747; x_wconf 85' lang='lat' dir='ltr'>misi</span> 
     </span>
    </p>
   </div>
   <div class='ocr_carea' id='block_1_128' title="bbox 2034 3759 3677 3849">
    <p class='ocr_par' dir='ltr' id='par_1_128' title="bbox 2034 3759 3677 3849">
     <span class='ocr_line' id='line_1_129' title="bbox 2034 3759 3677 3849; baseline -0.005 -23"><span class='ocrx_word' id='word_1_882' title='bbox 2034 3759 2119 3849; x_wconf 72' lang='lat' dir='ltr'>ad</span> <span class='ocrx_word' id='word_1_883' title='bbox 2134 3776 2191 3849; x_wconf 84' lang='lat' dir='ltr'>te</span> <span class='ocrx_word' id='word_1_884' title='bbox 2220 3770 2610 3849; x_wconf 77' lang='lat' dir='ltr'>retractatius,</span> <span class='ocrx_word' id='word_1_885' title='bbox 2642 3771 2697 3821; x_wconf 90' lang='lat' dir='ltr'>et</span> <span class='ocrx_word' id='word_1_886' title='bbox 2724 3766 2962 3849; x_wconf 71' lang='lat' dir='ltr'>quidem</span> <span class='ocrx_word' id='word_1_887' title='bbox 2981 3767 3189 3849; x_wconf 74' lang='lat' dir='ltr'>ipsum</span> <span class='ocrx_word' id='word_1_888' title='bbox 3218 3759 3528 3849; x_wconf 51' lang='grc' dir='ltr'>εἱρχξξυόξοξγ</span> <span class='ocrx_word' id='word_1_889' title='bbox 3549 3780 3677 3819; x_wconf 85' lang='lat' dir='ltr'>cre-</span> 
     </span>
    </p>
   </div>
   <div class='ocr_carea' id='block_1_129' title="bbox 2034 3837 3677 3899">
    <p class='ocr_par' dir='ltr' id='par_1_129' title="bbox 2034 3837 3677 3899">
     <span class='ocr_line' id='line_1_130' title="bbox 2034 3837 3677 3899; baseline -0.006 0"><span class='ocrx_word' id='word_1_890' title='bbox 2034 3843 2157 3899; x_wconf 91' lang='lat' dir='ltr'>bris</span> <span class='ocrx_word' id='word_1_891' title='bbox 2179 3842 2319 3896; x_wconf 91' lang='lat' dir='ltr'>locis</span> <span class='ocrx_word' id='word_1_892' title='bbox 2349 3840 2708 3895; x_wconf 86' lang='lat' dir='ltr'>inculcatum</span> <span class='ocrx_word' id='word_1_893' title='bbox 2741 3837 2798 3893; x_wconf 89' lang='lat' dir='ltr'>et</span> <span class='ocrx_word' id='word_1_894' title='bbox 2822 3837 3125 3894; x_wconf 85' lang='lat' dir='ltr'>refectum.</span> <span class='ocrx_word' id='word_1_895' title='bbox 3160 3860 3188 3887; x_wconf 83' lang='lat'><strong>»</strong></span> <span class='ocrx_word' id='word_1_896' title='bbox 3218 3837 3437 3892; x_wconf 28' lang='lat' dir='ltr'>Sic‘ille</span> <span class='ocrx_word' id='word_1_897' title='bbox 3460 3837 3559 3891; x_wconf 90' lang='lat' dir='ltr'>lib.</span> <span class='ocrx_word' id='word_1_898' title='bbox 3580 3852 3677 3890; x_wconf 85' lang='lat' dir='ltr'>xv1</span> 
     </span>
    </p>
   </div>
   <div class='ocr_carea' id='block_1_130' title="bbox 2039 3908 3686 3981">
    <p class='ocr_par' dir='ltr' id='par_1_130' title="bbox 2039 3908 3686 3981">
     <span class='ocr_line' id='line_1_131' title="bbox 2039 3908 3686 3981; baseline -0.006 -11"><span class='ocrx_word' id='word_1_899' title='bbox 2039 3916 2127 3970; x_wconf 87' lang='lat' dir='ltr'>Ad</span> <span class='ocrx_word' id='word_1_900' title='bbox 2160 3916 2422 3981; x_wconf 81' lang='lat' dir='ltr'>Atticum,</span> <span class='ocrx_word' id='word_1_901' title='bbox 2451 3912 2701 3981; x_wconf 91' lang='lat' dir='ltr'>epistola</span> <span class='ocrx_word' id='word_1_902' title='bbox 2731 3912 2783 3964; x_wconf 90' lang='lat'>3.</span> <span class='ocrx_word' id='word_1_903' title='bbox 2837 3911 2923 3965; x_wconf 89' lang='lat' dir='ltr'>Ita</span> <span class='ocrx_word' id='word_1_904' title='bbox 2969 3909 3205 3965; x_wconf 90' lang='lat' dir='ltr'>omnino</span> <span class='ocrx_word' id='word_1_905' title='bbox 3262 3914 3317 3964; x_wconf 90' lang='lat' dir='ltr'>et</span> <span class='ocrx_word' id='word_1_906' title='bbox 3372 3908 3686 3981; x_wconf 76' lang='lat' dir='ltr'>Dionysius</span> 
     </span>
    </p>
   </div>
   <div class='ocr_carea' id='block_1_131' title="bbox 2037 3977 3685 4059">
    <p class='ocr_par' dir='ltr' id='par_1_131' title="bbox 2037 3977 3685 4059">
     <span class='ocr_line' id='line_1_132' title="bbox 2037 3977 3685 4059; baseline -0.005 -17"><span class='ocrx_word' id='word_1_907' title='bbox 2037 3991 2238 4041; x_wconf 89' lang='lat' dir='ltr'>noster</span> <span class='ocrx_word' id='word_1_908' title='bbox 2266 3977 2417 4059; x_wconf 46' lang='lat' dir='ltr'>fecit;</span> <span class='ocrx_word' id='word_1_909' title='bbox 2450 3977 2746 4059; x_wconf 78' lang='lat' dir='ltr'>opuscula</span> <span class='ocrx_word' id='word_1_910' title='bbox 2777 4000 2884 4059; x_wconf 80' lang='lat' dir='ltr'>sua</span> <span class='ocrx_word' id='word_1_911' title='bbox 2927 3982 3146 4059; x_wconf 78' lang='lat' dir='ltr'>crebris</span> <span class='ocrx_word' id='word_1_912' title='bbox 3196 3981 3339 4059; x_wconf 71' lang='lat' dir='ltr'>locis</span> <span class='ocrx_word' id='word_1_913' title='bbox 3386 3977 3685 4059; x_wconf 70' lang='lat' dir='ltr'>Evangelii</span> 
     </span>
    </p>
   </div>
   <div class='ocr_carea' id='block_1_132' title="bbox 2036 4050 3679 4129">
    <p class='ocr_par' dir='ltr' id='par_1_132' title="bbox 2036 4050 3679 4129">
     <span class='ocr_line' id='line_1_133' title="bbox 2036 4050 3679 4129; baseline -0.007 -15"><span class='ocrx_word' id='word_1_914' title='bbox 2036 4064 2092 4114; x_wconf 92' lang='lat' dir='ltr'>et</span> <span class='ocrx_word' id='word_1_915' title='bbox 2121 4050 2561 4129; x_wconf 83' lang='lat' dir='ltr'>Apocalypseos</span> <span class='ocrx_word' id='word_1_916' title='bbox 2580 4055 2827 4109; x_wconf 88' lang='lat' dir='ltr'>Joannis</span> <span class='ocrx_word' id='word_1_917' title='bbox 2852 4053 3145 4129; x_wconf 90' lang='lat' dir='ltr'>inculcata</span> <span class='ocrx_word' id='word_1_918' title='bbox 3158 4052 3438 4129; x_wconf 75' lang='lat' dir='ltr'>etrefecta</span> <span class='ocrx_word' id='word_1_919' title='bbox 3460 4050 3679 4129; x_wconf 71' lang='lat' dir='ltr'>emisit.</span> 
     </span>
    </p>
   </div>
   <div class='ocr_carea' id='block_1_133' title="bbox 2036 4121 3682 4194">
    <p class='ocr_par' dir='ltr' id='par_1_133' title="bbox 2036 4121 3682 4194">
     <span class='ocr_line' id='line_1_134' title="bbox 2036 4121 3682 4194; baseline -0.008 -8"><span class='ocrx_word' id='word_1_920' title='bbox 2036 4121 2362 4186; x_wconf 60' lang='lat' dir='ltr'>Eratenirri</span> <span class='ocrx_word' id='word_1_921' title='bbox 2386 4121 2523 4183; x_wconf 77' lang='lat' dir='ltr'>ante</span> <span class='ocrx_word' id='word_1_922' title='bbox 2550 4128 2842 4180; x_wconf 89' lang='lat' dir='ltr'>inventam</span> <span class='ocrx_word' id='word_1_923' title='bbox 2889 4122 3336 4194; x_wconf 83' lang='lat' dir='ltr'>typographiam</span> <span class='ocrx_word' id='word_1_924' title='bbox 3380 4138 3447 4176; x_wconf 87' lang='lat' dir='ltr'>ea</span> <span class='ocrx_word' id='word_1_925' title='bbox 3498 4121 3682 4194; x_wconf 88' lang='lat' dir='ltr'>libro-</span> 
     </span>
    </p>
   </div>
   <div class='ocr_carea' id='block_1_134' title="bbox 2039 4193 3684 4267">
    <p class='ocr_par' dir='ltr' id='par_1_134' title="bbox 2039 4193 3684 4267">
     <span class='ocr_line' id='line_1_135' title="bbox 2039 4193 3684 4267; baseline -0.006 -10"><span class='ocrx_word' id='word_1_926' title='bbox 2039 4218 2169 4257; x_wconf 91' lang='lat' dir='ltr'>rum</span> <span class='ocrx_word' id='word_1_927' title='bbox 2204 4200 2559 4265; x_wconf 86' lang='lat' dir='ltr'>retractatio,</span> <span class='ocrx_word' id='word_1_928' title='bbox 2609 4202 2674 4251; x_wconf 89' lang='lat' dir='ltr'>ut</span> <span class='ocrx_word' id='word_1_929' title='bbox 2703 4197 2873 4267; x_wconf 90' lang='lat' dir='ltr'>longe</span> <span class='ocrx_word' id='word_1_930' title='bbox 2907 4193 3150 4260; x_wconf 85' lang='lat' dir='ltr'>facilior,</span> <span class='ocrx_word' id='word_1_931' title='bbox 3200 4193 3283 4249; x_wconf 81' lang='lat' dir='ltr'>ita</span> <span class='ocrx_word' id='word_1_932' title='bbox 3330 4194 3518 4248; x_wconf 90' lang='lat' dir='ltr'>multo</span> <span class='ocrx_word' id='word_1_933' title='bbox 3569 4193 3684 4247; x_wconf 80' lang='lat' dir='ltr'>fre-</span> 
     </span>
    </p>
   </div>
   <div class='ocr_carea' id='block_1_135' title="bbox 2040 4272 2322 4328">
    <p class='ocr_par' dir='ltr' id='par_1_135' title="bbox 2040 4272 2322 4328">
     <span class='ocr_line' id='line_1_136' title="bbox 2040 4272 2322 4328; baseline -0.028 0"><span class='ocrx_word' id='word_1_934' title='bbox 2040 4298 2046 4321; x_wconf 77' lang='grc' dir='ltr'>ι</span> <span class='ocrx_word' id='word_1_935' title='bbox 2079 4272 2322 4328; x_wconf 90' lang='lat' dir='ltr'>uentior.</span> 
     </span>
    </p>
   </div>
   <div class='ocr_carea' id='block_1_136' title="bbox 2110 4335 3691 4411">
    <p class='ocr_par' dir='ltr' id='par_1_136' title="bbox 2110 4335 3691 4411">
     <span class='ocr_line' id='line_1_137' title="bbox 2110 4335 3691 4411; baseline -0.007 -14"><span class='ocrx_word' id='word_1_936' title='bbox 2110 4344 2255 4406; x_wconf 90' lang='lat' dir='ltr'>Quin</span> <span class='ocrx_word' id='word_1_937' title='bbox 2291 4356 2395 4411; x_wconf 89' lang='lat' dir='ltr'>ego</span> <span class='ocrx_word' id='word_1_938' title='bbox 2425 4339 2571 4411; x_wconf 84' lang='lat' dir='ltr'>ipse,</span> <span class='ocrx_word' id='word_1_939' title='bbox 2606 4338 2719 4393; x_wconf 90' lang='lat' dir='ltr'>nisi</span> <span class='ocrx_word' id='word_1_940' title='bbox 2752 4336 3147 4411; x_wconf 68' lang='lat' dir='ltr'>typographia&#39;:</span> <span class='ocrx_word' id='word_1_941' title='bbox 3183 4352 3317 4411; x_wconf 75' lang='lat' dir='ltr'>mea</span> <span class='ocrx_word' id='word_1_942' title='bbox 3535 4348 3691 4388; x_wconf 89' lang='lat' dir='ltr'>com-</span> 
     </span>
    </p>
   </div>
   <div class='ocr_carea' id='block_1_137' title="bbox 2041 4407 3690 4480">
    <p class='ocr_par' dir='ltr' id='par_1_137' title="bbox 2041 4407 3690 4480">
     <span class='ocr_line' id='line_1_138' title="bbox 2041 4407 3690 4480; baseline -0.007 -12"><span class='ocrx_word' id='word_1_943' title='bbox 2041 4416 2303 4468; x_wconf 87' lang='lat' dir='ltr'>mitterre</span> <span class='ocrx_word' id='word_1_944' title='bbox 2327 4407 2664 4465; x_wconf 75' lang='lat' dir='ltr'>statuissem</span> <span class='ocrx_word' id='word_1_945' title='bbox 2694 4407 2795 4465; x_wconf 82' lang='lat' dir='ltr'>aut</span> <span class='ocrx_word' id='word_1_946' title='bbox 2818 4407 3015 4480; x_wconf 75' lang='lat' dir='ltr'>potius</span> <span class='ocrx_word' id='word_1_947' title='bbox 3037 4409 3082 4462; x_wconf 89' lang='lat' dir='ltr'>si</span> <span class='ocrx_word' id='word_1_948' title='bbox 3108 4407 3270 4463; x_wconf 87' lang='lat' dir='ltr'>nulla</span> <span class='ocrx_word' id='word_1_949' title='bbox 3296 4407 3690 4480; x_wconf 77' lang='lat' dir='ltr'>fuissettypo-</span> 
     </span>
    </p>
   </div>
   <div class='ocr_carea' id='block_1_138' title="bbox 2040 4476 3692 4569">
    <p class='ocr_par' dir='ltr' id='par_1_138' title="bbox 2040 4476 3692 4569">
     <span class='ocr_line' id='line_1_139' title="bbox 2040 4476 3692 4569; baseline -0.007 -28"><span class='ocrx_word' id='word_1_950' title='bbox 2040 4486 2307 4569; x_wconf 79' lang='lat' dir='ltr'>graphia,</span> <span class='ocrx_word' id='word_1_951' title='bbox 2344 4481 2545 4569; x_wconf 70' lang='lat' dir='ltr'>multis</span> <span class='ocrx_word' id='word_1_952' title='bbox 2573 4484 2695 4569; x_wconf 71' lang='lat' dir='ltr'>jam</span> <span class='ocrx_word' id='word_1_953' title='bbox 2732 4476 2901 4569; x_wconf 69' lang='lat' dir='ltr'>anuis</span> <span class='ocrx_word' id='word_1_954' title='bbox 2932 4480 3123 4534; x_wconf 87' lang='lat' dir='ltr'>Vitam</span> <span class='ocrx_word' id='word_1_955' title='bbox 3151 4480 3309 4562; x_wconf 35' lang='lat' dir='ltr'>.hanc</span> <span class='ocrx_word' id='word_1_956' title='bbox 3333 4477 3519 4562; x_wconf 70' lang='lat' dir='ltr'>sancti</span> <span class='ocrx_word' id='word_1_957' title='bbox 3554 4476 3692 4532; x_wconf 91' lang='lat' dir='ltr'>Dio-</span> 
     </span>
    </p>
   </div>
   <div class='ocr_carea' id='block_1_139' title="bbox 2044 4549 3693 4630">
    <p class='ocr_par' dir='ltr' id='par_1_139' title="bbox 2044 4549 3693 4630">
     <span class='ocr_line' id='line_1_140' title="bbox 2044 4549 3693 4630; baseline -0.007 -17"><span class='ocrx_word' id='word_1_958' title='bbox 2044 4549 2730 4630; x_wconf 49' lang='lat' dir='ltr'>uysiietquasdam&#39;alias</span> <span class='ocrx_word' id='word_1_959' title='bbox 2762 4555 2821 4607; x_wconf 91' lang='lat' dir='ltr'>in</span> <span class='ocrx_word' id='word_1_960' title='bbox 2852 4554 3049 4630; x_wconf 78' lang='lat' dir='ltr'>lucem</span> <span class='ocrx_word' id='word_1_961' title='bbox 3076 4552 3230 4607; x_wconf 80' lang='lat' dir='ltr'>exire</span> <span class='ocrx_word' id='word_1_962' title='bbox 3263 4549 3693 4630; x_wconf 76' lang='lat' dir='ltr'>permisissem,</span> 
     </span>
    </p>
   </div>
   <div class='ocr_carea' id='block_1_140' title="bbox 2046 4620 3696 4698">
    <p class='ocr_par' dir='ltr' id='par_1_140' title="bbox 2046 4620 3696 4698">
     <span class='ocr_line' id='line_1_141' title="bbox 2046 4620 3696 4698; baseline -0.007 -14"><span class='ocrx_word' id='word_1_963' title='bbox 2046 4620 2193 4698; x_wconf 83' lang='lat' dir='ltr'>quas</span> <span class='ocrx_word' id='word_1_964' title='bbox 2226 4620 2380 4681; x_wconf 77' lang='lat' dir='ltr'>nunc</span> <span class='ocrx_word' id='word_1_965' title='bbox 2413 4626 2519 4698; x_wconf 88' lang='lat' dir='ltr'>edo</span> <span class='ocrx_word' id='word_1_966' title='bbox 2549 4625 2719 4696; x_wconf 91' lang='lat' dir='ltr'>longe</span> <span class='ocrx_word' id='word_1_967' title='bbox 2753 4642 2814 4680; x_wconf 90' lang='lat' dir='ltr'>re</span> <span class='ocrx_word' id='word_1_968' title='bbox 2846 4620 3522 4698; x_wconf 14' lang='lat' dir='ltr'>ratctati_ores_.__t‘enique</span> <span class='ocrx_word' id='word_1_969' title='bbox 3566 4620 3696 4692; x_wconf 89' lang='lat' dir='ltr'>ipse</span> 
     </span>
    </p>
   </div>
   <div class='ocr_carea' id='block_1_141' title="bbox 2049 4694 3693 4757">
    <p class='ocr_par' dir='ltr' id='par_1_141' title="bbox 2049 4694 3693 4757">
     <span class='ocr_line' id='line_1_142' title="bbox 2049 4694 3693 4757; baseline -0.008 0"><span class='ocrx_word' id='word_1_970' title='bbox 2049 4694 2277 4757; x_wconf 78' lang='lat' dir='ltr'>Flavius</span> <span class='ocrx_word' id='word_1_971' title='bbox 2302 4697 2515 4753; x_wconf 89' lang='lat' dir='ltr'>Lucius</span> <span class='ocrx_word' id='word_1_972' title='bbox 2538 4694 2744 4751; x_wconf 77' lang='lat' dir='ltr'>Dexter</span> <span class='ocrx_word' id='word_1_973' title='bbox 2765 4696 3163 4752; x_wconf 87' lang='lat' dir='ltr'>omnimedam</span> <span class='ocrx_word' id='word_1_974' title='bbox 3188 4694 3498 4750; x_wconf 89' lang='lat' dir='ltr'>Historiam</span> <span class='ocrx_word' id='word_1_975' title='bbox 3525 4706 3693 4746; x_wconf 88' lang='lat' dir='ltr'>suam</span> 
     </span>
    </p>
   </div>
   <div class='ocr_carea' id='block_1_142' title="bbox 2049 4765 3691 4842">
    <p class='ocr_par' dir='ltr' id='par_1_142' title="bbox 2049 4765 3691 4842">
     <span class='ocr_line' id='line_1_143' title="bbox 2049 4765 3691 4842; baseline -0.005 -17"><span class='ocrx_word' id='word_1_976' title='bbox 2049 4774 2136 4840; x_wconf 88' lang='lat' dir='ltr'>(ut</span> <span class='ocrx_word' id='word_1_977' title='bbox 2177 4772 2425 4842; x_wconf 87' lang='lat' dir='ltr'>ipsemet</span> <span class='ocrx_word' id='word_1_978' title='bbox 2474 4774 2562 4822; x_wconf 85' lang='lat' dir='ltr'>est</span> <span class='ocrx_word' id='word_1_979' title='bbox 2611 4770 2833 4839; x_wconf 87' lang='lat' dir='ltr'>auctor)</span> <span class='ocrx_word' id='word_1_980' title='bbox 2879 4767 3065 4842; x_wconf 85' lang='lat' dir='ltr'>primo</span> <span class='ocrx_word' id='word_1_981' title='bbox 3110 4767 3326 4842; x_wconf 78' lang='lat' dir='ltr'>emisit,</span> <span class='ocrx_word' id='word_1_982' title='bbox 3379 4770 3447 4842; x_wconf 84' lang='lat' dir='ltr'>et_</span> <span class='ocrx_word' id='word_1_983' title='bbox 3488 4765 3691 4842; x_wconf 82' lang='lat' dir='ltr'>sancto</span> 
     </span>
    </p>
   </div>
   <div class='ocr_carea' id='block_1_143' title="bbox 2050 4836 3692 4913">
    <p class='ocr_par' dir='ltr' id='par_1_143' title="bbox 2050 4836 3692 4913">
     <span class='ocr_line' id='line_1_144' title="bbox 2050 4836 3692 4913; baseline -0.007 -14"><span class='ocrx_word' id='word_1_984' title='bbox 2050 4836 2402 4913; x_wconf 81' lang='lat' dir='ltr'>Hieronymo</span> <span class='ocrx_word' id='word_1_985' title='bbox 2426 4842 2713 4913; x_wconf 87' lang='lat' dir='ltr'>dedicavit</span> <span class='ocrx_word' id='word_1_986' title='bbox 2748 4836 2895 4913; x_wconf 73' lang='lat' dir='ltr'>non</span> <span class='ocrx_word' id='word_1_987' title='bbox 2931 4839 3246 4913; x_wconf 83' lang='lat' dir='ltr'>admodum</span> <span class='ocrx_word' id='word_1_988' title='bbox 3298 4836 3692 4913; x_wconf 72' lang='lat' dir='ltr'>loculpletern,</span> 
     </span>
    </p>
   </div>
   <div class='ocr_carea' id='block_1_144' title="bbox 2052 4904 3699 4988">
    <p class='ocr_par' dir='ltr' id='par_1_144' title="bbox 2052 4904 3699 4988">
     <span class='ocr_line' id='line_1_145' title="bbox 2052 4904 3699 4988; baseline -0.007 -19"><span class='ocrx_word' id='word_1_989' title='bbox 2052 4920 2250 4988; x_wconf 82' lang='lat' dir='ltr'>postea</span> <span class='ocrx_word' id='word_1_990' title='bbox 2271 4904 2475 4988; x_wconf 45' lang='lat' dir='ltr'>&quot;autem</span> <span class='ocrx_word' id='word_1_991' title='bbox 2514 4934 2540 4988; x_wconf 63' lang='grc' dir='ltr'>ε(</span> <span class='ocrx_word' id='word_1_992' title='bbox 2591 4912 2795 4966; x_wconf 88' lang='lat' dir='ltr'>multis</span> <span class='ocrx_word' id='word_1_993' title='bbox 2844 4911 3007 4977; x_wconf 85' lang='lat' dir='ltr'>locis,</span> <span class='ocrx_word' id='word_1_994' title='bbox 3062 4918 3121 4963; x_wconf 88' lang='lat' dir='ltr'>ut</span> <span class='ocrx_word' id='word_1_995' title='bbox 3172 4910 3422 4988; x_wconf 72' lang='lat' dir='ltr'>ipsemet</span> <span class='ocrx_word' id='word_1_996' title='bbox 3459 4904 3699 4988; x_wconf 72' lang='lat' dir='ltr'>scribit,</span> 
     </span>
    </p>
   </div>
   <div class='ocr_carea' id='block_1_145' title="bbox 2054 4976 3701 5054">
    <p class='ocr_par' dir='ltr' id='par_1_145' title="bbox 2054 4976 3701 5054">
     <span class='ocr_line' id='line_1_146' title="bbox 2054 4976 3701 5054; baseline -0.009 -11"><span class='ocrx_word' id='word_1_997' title='bbox 2054 4976 2281 5043; x_wconf 75' lang='lat' dir='ltr'>auctam</span> <span class='ocrx_word' id='word_1_998' title='bbox 2321 4983 2872 5054; x_wconf 86' lang='lat' dir='ltr'>loculpletatamque</span> <span class='ocrx_word' id='word_1_999' title='bbox 2905 4976 3618 5054; x_wconf 15' lang='lat' dir='ltr'>iitrursum&#39;ediditmtque</span> <span class='ocrx_word' id='word_1_1000' title='bbox 3640 4976 3701 5054; x_wconf 84' lang='lat' dir='ltr'>in</span> 
     </span>
    </p>
   </div>
   <div class='ocr_carea' id='block_1_146' title="bbox 2054 5047 3705 5126">
    <p class='ocr_par' dir='ltr' id='par_1_146' title="bbox 2054 5047 3705 5126">
     <span class='ocr_line' id='line_1_147' title="bbox 2054 5047 3705 5126; baseline -0.008 -12"><span class='ocrx_word' id='word_1_1001' title='bbox 2054 5077 2121 5114; x_wconf 93' lang='lat' dir='ltr'>ea</span> <span class='ocrx_word' id='word_1_1002' title='bbox 2152 5063 2385 5125; x_wconf 89' lang='lat' dir='ltr'>tempus</span> <span class='ocrx_word' id='word_1_1003' title='bbox 2418 5047 2624 5110; x_wconf 84' lang='lat' dir='ltr'>mortis</span> <span class='ocrx_word' id='word_1_1004' title='bbox 2654 5047 2844 5126; x_wconf 85' lang='lat' dir='ltr'>ipsius</span> <span class='ocrx_word' id='word_1_1005' title='bbox 2896 5052 3228 5123; x_wconf 84' lang='lat' dir='ltr'>Hieronymi</span> <span class='ocrx_word' id='word_1_1006' title='bbox 3280 5047 3613 5126; x_wconf 79' lang='lat' dir='ltr'>descripsit,</span> <span class='ocrx_word' id='word_1_1007' title='bbox 3647 5051 3705 5126; x_wconf 86' lang='lat' dir='ltr'>et</span> 
     </span>
    </p>
   </div>
   <div class='ocr_carea' id='block_1_147' title="bbox 2057 5122 3695 5201">
    <p class='ocr_par' dir='ltr' id='par_1_147' title="bbox 2057 5122 3695 5201">
     <span class='ocr_line' id='line_1_148' title="bbox 2057 5122 3695 5201; baseline -0.008 -18"><span class='ocrx_word' id='word_1_1008' title='bbox 2057 5122 2321 5201; x_wconf 82' lang='lat' dir='ltr'>quaedam</span> <span class='ocrx_word' id='word_1_1009' title='bbox 2357 5127 2489 5201; x_wconf 77' lang='lat' dir='ltr'>alia.</span> <span class='ocrx_word' id='word_1_1010' title='bbox 2515 5144 2641 5201; x_wconf 58' lang='lat' dir='ltr'>quae</span> <span class='ocrx_word' id='word_1_1011' title='bbox 2681 5122 2815 5197; x_wconf 83' lang='lat' dir='ltr'>post</span> <span class='ocrx_word' id='word_1_1012' title='bbox 2867 5122 3308 5201; x_wconf 79' lang='lat' dir='ltr'>ejus__mortem__</span> <span class='ocrx_word' id='word_1_1013' title='bbox 3333 5122 3695 5201; x_wconf 84' lang='lat' dir='ltr'>acciderunt.</span> 
     </span>
    </p>
   </div>
   <div class='ocr_carea' id='block_1_148' title="bbox 2056 5193 3694 5269">
    <p class='ocr_par' dir='ltr' id='par_1_148' title="bbox 2056 5193 3694 5269">
     <span class='ocr_line' id='line_1_149' title="bbox 2056 5193 3694 5269; baseline -0.008 -13"><span class='ocrx_word' id='word_1_1014' title='bbox 2056 5193 2151 5256; x_wconf 87' lang='lat' dir='ltr'>Sic</span> <span class='ocrx_word' id='word_1_1015' title='bbox 2183 5206 2377 5255; x_wconf 79' lang='lat' dir='ltr'>autem</span> <span class='ocrx_word' id='word_1_1016' title='bbox 2425 5193 2836 5269; x_wconf 73' lang='lat' dir='ltr'>locupletatam</span> <span class='ocrx_word' id='word_1_1017' title='bbox 2895 5193 3195 5250; x_wconf 75' lang='lat' dir='ltr'>dedicavit</span> <span class='ocrx_word' id='word_1_1018' title='bbox 3239 5193 3432 5269; x_wconf 41' lang='lat' dir='ltr'>alteri,</span> <span class='ocrx_word' id='word_1_1019' title='bbox 3482 5204 3694 5269; x_wconf 79' lang='lat' dir='ltr'>nempe</span> 
     </span>
    </p>
   </div>
   <div class='ocr_carea' id='block_1_149' title="bbox 2062 5263 3701 5341">
    <p class='ocr_par' dir='ltr' id='par_1_149' title="bbox 2062 5263 3701 5341">
     <span class='ocr_line' id='line_1_150' title="bbox 2062 5263 3701 5341; baseline -0.007 -13"><span class='ocrx_word' id='word_1_1020' title='bbox 2062 5274 2235 5328; x_wconf 83' lang='lat' dir='ltr'>Paulo</span> <span class='ocrx_word' id='word_1_1021' title='bbox 2268 5271 2492 5334; x_wconf 86' lang='lat' dir='ltr'>Oresio,</span> <span class='ocrx_word' id='word_1_1022' title='bbox 2526 5263 2859 5341; x_wconf 77' lang='lat' dir='ltr'>presbytero</span> <span class='ocrx_word' id='word_1_1023' title='bbox 2895 5264 3364 5341; x_wconf 80' lang='lat' dir='ltr'>Tarraconensi._</span> <span class='ocrx_word' id='word_1_1024' title='bbox 3394 5263 3701 5341; x_wconf 61' lang='lat' dir='ltr'>Faciamus</span> 
     </span>
    </p>
   </div>
   <div class='ocr_carea' id='block_1_150' title="bbox 2057 5336 3701 5417">
    <p class='ocr_par' dir='ltr' id='par_1_150' title="bbox 2057 5336 3701 5417">
     <span class='ocr_line' id='line_1_151' title="bbox 2057 5336 3701 5417; baseline -0.008 -17"><span class='ocrx_word' id='word_1_1025' title='bbox 2057 5344 2435 5417; x_wconf 86' lang='lat' dir='ltr'>igitur(quod</span> <span class='ocrx_word' id='word_1_1026' title='bbox 2471 5336 2593 5417; x_wconf 76' lang='lat' dir='ltr'>fieri</span> <span class='ocrx_word' id='word_1_1027' title='bbox 2624 5336 2835 5417; x_wconf 74' lang='lat' dir='ltr'>potuit,</span> <span class='ocrx_word' id='word_1_1028' title='bbox 2869 5344 2924 5417; x_wconf 88' lang='lat' dir='ltr'>et</span> <span class='ocrx_word' id='word_1_1029' title='bbox 2958 5340 3105 5417; x_wconf 78' lang='lat' dir='ltr'>forte</span> <span class='ocrx_word' id='word_1_1030' title='bbox 3151 5337 3372 5417; x_wconf 83' lang='lat' dir='ltr'>debuit)</span> <span class='ocrx_word' id='word_1_1031' title='bbox 3425 5336 3701 5390; x_wconf 88' lang='lat' dir='ltr'>Dextrum</span> 
     </span>
    </p>
   </div>
   <div class='ocr_carea' id='block_1_151' title="bbox 2062 5410 3707 5485">
    <p class='ocr_par' dir='ltr' id='par_1_151' title="bbox 2062 5410 3707 5485">
     <span class='ocr_line' id='line_1_152' title="bbox 2062 5410 3707 5485; baseline -0.008 -12"><span class='ocrx_word' id='word_1_1032' title='bbox 2062 5410 2174 5473; x_wconf 70' lang='lat' dir='ltr'>non</span> <span class='ocrx_word' id='word_1_1033' title='bbox 2212 5410 2473 5470; x_wconf 78' lang='lat' dir='ltr'>mutasse</span> <span class='ocrx_word' id='word_1_1034' title='bbox 2505 5410 2814 5485; x_wconf 71' lang='lat' dir='ltr'>epistolam</span> <span class='ocrx_word' id='word_1_1035' title='bbox 2866 5410 3452 5485; x_wconf 33' lang='lat' dir='ltr'>dedicatoriam_;ﬁan</span> <span class='ocrx_word' id='word_1_1036' title='bbox 3501 5424 3570 5461; x_wconf 87' lang='lat' dir='ltr'>ex</span> <span class='ocrx_word' id='word_1_1037' title='bbox 3617 5420 3707 5485; x_wconf 79' lang='lat' dir='ltr'>ee,</span> 
     </span>
    </p>
   </div>
   <div class='ocr_carea' id='block_1_152' title="bbox 2062 5476 3710 5560">
    <p class='ocr_par' dir='ltr' id='par_1_152' title="bbox 2062 5476 3710 5560">
     <span class='ocr_line' id='line_1_153' title="bbox 2062 5476 3710 5560; baseline -0.008 -18"><span class='ocrx_word' id='word_1_1038' title='bbox 2062 5489 2217 5560; x_wconf 90' lang='lat' dir='ltr'>quod</span> <span class='ocrx_word' id='word_1_1039' title='bbox 2251 5488 2308 5541; x_wconf 90' lang='lat' dir='ltr'>in</span> <span class='ocrx_word' id='word_1_1040' title='bbox 2345 5488 2451 5540; x_wconf 66' lang='lat' dir='ltr'>isto</span> <span class='ocrx_word' id='word_1_1041' title='bbox 2485 5476 2657 5560; x_wconf 76' lang='lat' dir='ltr'>opere</span> <span class='ocrx_word' id='word_1_1042' title='bbox 2690 5486 2854 5539; x_wconf 85' lang='lat' dir='ltr'>ﬁeret</span> <span class='ocrx_word' id='word_1_1043' title='bbox 2884 5483 3093 5560; x_wconf 75' lang='lat' dir='ltr'>mortis</span> <span class='ocrx_word' id='word_1_1044' title='bbox 3115 5476 3710 5560; x_wconf 12' lang='lat' dir='ltr'>Asanctiiiieronymi,</span> 
     </span>
    </p>
   </div>
   <div class='ocr_carea' id='block_1_153' title="bbox 2063 5552 3713 5627">
    <p class='ocr_par' dir='ltr' id='par_1_153' title="bbox 2063 5552 3713 5627">
     <span class='ocr_line' id='line_1_154' title="bbox 2063 5552 3713 5627; baseline -0.007 -12"><span class='ocrx_word' id='word_1_1045' title='bbox 2063 5552 2119 5616; x_wconf 75' lang='lat' dir='ltr'>et</span> <span class='ocrx_word' id='word_1_1046' title='bbox 2147 5560 2395 5615; x_wconf 88' lang='lat' dir='ltr'>aliorum</span> <span class='ocrx_word' id='word_1_1047' title='bbox 2430 5552 2540 5626; x_wconf 36' lang='lat' dir='ltr'>qui.</span> <span class='ocrx_word' id='word_1_1048' title='bbox 2563 5562 2693 5627; x_wconf 85' lang='lat' dir='ltr'>post</span> <span class='ocrx_word' id='word_1_1049' title='bbox 2726 5572 2856 5610; x_wconf 91' lang='lat' dir='ltr'>eum</span> <span class='ocrx_word' id='word_1_1050' title='bbox 2892 5552 3601 5627; x_wconf 80' lang='lat' dir='ltr'>fuerunt,mentio_,__ben_e</span> <span class='ocrx_word' id='word_1_1051' title='bbox 3627 5562 3713 5627; x_wconf 74' lang='lat' dir='ltr'>se-</span> 
     </span>
    </p>
   </div>
   <div class='ocr_carea' id='block_1_154' title="bbox 2065 5618 3712 5703">
    <p class='ocr_par' dir='ltr' id='par_1_154' title="bbox 2065 5618 3712 5703">
     <span class='ocr_line' id='line_1_155' title="bbox 2065 5618 3712 5703; baseline -0.009 -15"><span class='ocrx_word' id='word_1_1052' title='bbox 2065 5637 2363 5703; x_wconf 80' lang='lat' dir='ltr'>queretur,</span> <span class='ocrx_word' id='word_1_1053' title='bbox 2402 5618 2575 5682; x_wconf 39' lang='lat' dir='ltr'>illum.</span> <span class='ocrx_word' id='word_1_1054' title='bbox 2603 5628 3047 5699; x_wconf 86' lang='lat' dir='ltr'>Hieronymum,</span> <span class='ocrx_word' id='word_1_1055' title='bbox 3082 5618 3173 5679; x_wconf 86' lang='lat' dir='ltr'>cui</span> <span class='ocrx_word' id='word_1_1056' title='bbox 3207 5625 3356 5703; x_wconf 60' lang='lat' dir='ltr'>liber</span> <span class='ocrx_word' id='word_1_1057' title='bbox 3398 5622 3497 5677; x_wconf 87' lang='lat' dir='ltr'>ille</span> <span class='ocrx_word' id='word_1_1058' title='bbox 3546 5618 3712 5674; x_wconf 91' lang='lat' dir='ltr'>dedi-</span> 
     </span>
    </p>
   </div>
   <div class='ocr_carea' id='block_1_155' title="bbox 2067 5694 3710 5773">
    <p class='ocr_par' dir='ltr' id='par_1_155' title="bbox 2067 5694 3710 5773">
     <span class='ocr_line' id='line_1_156' title="bbox 2067 5694 3710 5773; baseline -0.01 -13"><span class='ocrx_word' id='word_1_1059' title='bbox 2067 5694 2235 5759; x_wconf 74' lang='lat' dir='ltr'>catus</span> <span class='ocrx_word' id='word_1_1060' title='bbox 2267 5694 2576 5773; x_wconf 82' lang='lat' dir='ltr'>legeretur,</span> <span class='ocrx_word' id='word_1_1061' title='bbox 2619 5717 2742 5773; x_wconf 21' lang='lat' dir='ltr'>Anon</span> <span class='ocrx_word' id='word_1_1062' title='bbox 2794 5694 2925 5753; x_wconf 78' lang='lat' dir='ltr'>esse</span> <span class='ocrx_word' id='word_1_1063' title='bbox 2972 5694 3241 5773; x_wconf 82' lang='lat' dir='ltr'>sanctum</span> <span class='ocrx_word' id='word_1_1064' title='bbox 3292 5694 3710 5773; x_wconf 79' lang='lat' dir='ltr'>Hieronymum</span> 
     </span>
    </p>
   </div>
   <div class='ocr_carea' id='block_1_156' title="bbox 2069 5766 3711 5847">
    <p class='ocr_par' dir='ltr' id='par_1_156' title="bbox 2069 5766 3711 5847">
     <span class='ocr_line' id='line_1_157' title="bbox 2069 5766 3711 5847; baseline -0.01 -16"><span class='ocrx_word' id='word_1_1065' title='bbox 2069 5766 2500 5847; x_wconf 67' lang='lat' dir='ltr'>presbyterum,</span> <span class='ocrx_word' id='word_1_1066' title='bbox 2526 5766 2931 5847; x_wconf 83' lang='lat' dir='ltr'>_sed_a_liquem</span> <span class='ocrx_word' id='word_1_1067' title='bbox 2963 5770 3144 5847; x_wconf 78' lang='lat' dir='ltr'>alium</span> <span class='ocrx_word' id='word_1_1068' title='bbox 3179 5785 3259 5847; x_wconf 20' lang='lat' dir='ltr'>ﬂeo</span> <span class='ocrx_word' id='word_1_1069' title='bbox 3310 5766 3544 5847; x_wconf 75' lang='lat' dir='ltr'>nomine</span> <span class='ocrx_word' id='word_1_1070' title='bbox 3580 5776 3711 5845; x_wconf 79' lang='lat' dir='ltr'>esse</span> 
     </span>
    </p>
   </div>
   <div class='ocr_carea' id='block_1_157' title="bbox 2070 5834 3716 5920">
    <p class='ocr_par' dir='ltr' id='par_1_157' title="bbox 2070 5834 3716 5920">
     <span class='ocr_line' id='line_1_158' title="bbox 2070 5834 3716 5920; baseline -0.009 -16"><span class='ocrx_word' id='word_1_1071' title='bbox 2070 5834 2497 5920; x_wconf 71' lang='lat' dir='ltr'>requirendum</span> <span class='ocrx_word' id='word_1_1072' title='bbox 2522 5844 2549 5900; x_wconf 74' lang='lat' dir='ltr'>‘I</span> <span class='ocrx_word' id='word_1_1073' title='bbox 2580 5834 2821 5900; x_wconf 75' lang='lat' dir='ltr'>Minime</span> <span class='ocrx_word' id='word_1_1074' title='bbox 2849 5843 3132 5917; x_wconf 87' lang='lat' dir='ltr'>gentium.</span> <span class='ocrx_word' id='word_1_1075' title='bbox 3167 5844 3281 5895; x_wconf 88' lang='lat' dir='ltr'>Cur</span> <span class='ocrx_word' id='word_1_1076' title='bbox 3309 5853 3446 5909; x_wconf 88' lang='lat' dir='ltr'>ergo</span> <span class='ocrx_word' id='word_1_1077' title='bbox 3474 5836 3630 5891; x_wconf 89' lang='lat' dir='ltr'>idem</span> <span class='ocrx_word' id='word_1_1078' title='bbox 3654 5834 3716 5889; x_wconf 91' lang='lat' dir='ltr'>in</span> 
     </span>
    </p>
   </div>
   <div class='ocr_carea' id='block_1_158' title="bbox 3312 5966 3390 6024">
    <p class='ocr_par' dir='ltr' id='par_1_158' title="bbox 3312 5966 3390 6024">
     <span class='ocr_line' id='line_1_159' title="bbox 3312 5966 3390 6024; baseline 0 0"><span class='ocrx_word' id='word_1_1079' title='bbox 3312 5966 3390 6024; x_wconf 91' lang='lat'>30</span> 
     </span>
    </p>
   </div>
  </div>
