4162 6368
267 303 372 357 945

1252 302 1315 352 P.
1356 299 1671 356 HALLOIX
1711 299 1860 354 SOC.
1903 300 2076 355 JBSU
2113 300 2582 365 QUESTIONES
2617 301 2713 354 IV.

3588 300 3695 357 946

265 425 358 513 hic
408 422 628 513 dicere)
659 437 813 477 sanas,
846 418 1084 513 mentis-
1117 421 1359 502 Quando
1384 420 1590 513 1igitur
1638 422 1928 513 tandem?
1960 424 2011 491 Α
2042 424 2319 513 Quamvis
2352 424 2508 479 enim
2543 440 2753 505 negare
2785 422 2990 513 noiim,
3022 424 3212 513 graece
3233 426 3695 513 .eumscire‘poj

267 498 393 555 Uno
424 492 623 562 verbo,
656 509 984 564 nunquam.
1022 497 1105 546 Ita
1149 492 1304 546 enim
1342 492 1514 564 plane
1546 495 1924 550 sentiendum

262 576 377 631 est.
409 585 516 624 nec
548 567 921 622 Timotheum
954 581 1215 638 unquam
1236 570 1518 638 secutum
1555 581 1684 620 esse
1716 567 1929 638 Diony-

264 643 448 709 sium,
483 656 587 695 nec
619 640 819 694 Titum
855 638 994 691 item
1029 636 1354 708 Eugenium
1385 655 1396 705 ;
1444 637 1725 692 indecens
1772 636 1930 695 enim

267 720 612 784 utrumque,
640 710 738 765 sed
758 715 954 784 tanien
976 710 1084 784 hoc
1105 711 1399 784 posterius
1421 711 1610 784 magis
1628 709 1926 784 indecens.

263 784 414 850 Quid
446 781 629 856 igitur
661 784 730 856 de
764 786 825 836 S.
850 781 1485 856 Timotheodicimus?
1514 782 1669 836 Nihil
1704 782 1931 837 scilicet

264 856 449 926 aliud,
472 850 664 927 quam
686 854 757 927 in
790 853 965 927 rebus
997 850 1449 927 difficilioribus,
1492 856 1800 927 magisque
1832 872 1929 909 ar-

266 930 402 984 duis
425 924 796 982 consuluisse
818 924 1383 996 Dionysium,virum
1401 924 1926 995 maximoingenio,

268 1000 606 1072 prudentia,
638 997 904 1063 scientia,
936 1012 1004 1072 ac
1054 997 1377 1072 praesertim
1426 997 1832 1072 philosophica
1870 1004 1928 1053 et

265 1068 626 1144 theologica,
652 1074 825 1141 atque
857 1068 1013 1144 enim
1045 1068 1117 1121 ob
1150 1072 1375 1144 aetatem
1415 1074 1470 1123 et
1500 1068 1783 1144 Areopagi
1820 1086 1925 1125 no-

265 1160 401 1199 men
436 1140 739 1215 preacipua
762 1140 1488 1215 auctoritateprzeditum;
1544 1140 1696 1215 hunc
1728 1140 1923 1197 autem

264 1211 515 1271 illius-et
546 1211 791 1270 aliorum
834 1215 1021 1283 gratia
1072 1211 1251 1267 libros
1302 1228 1421 1276 eos,
1456 1228 1604 1282 quos
1637 1214 1924 1270 habemus

261 1290 323 1343 in
357 1286 658 1353 manibus,
696 1301 987 1339 exarasse.
1022 1283 1192 1356 Aliud
1246 1288 1333 1337 est
1382 1286 1560 1350 enim,
1596 1286 1816 1356 aliquid
1851 1288 1923 1341 ab

262 1361 424 1415 alero
476 1375 579 1431 per
639 1356 917 1431 epistolas
974 1360 1076 1409 aut
1133 1354 1314 1431 libros
1352 1356 1616 1431 scriptos
1677 1354 1919 1431 discere,

264 1426 623 1497 aliudfeum
668 1426 831 1498 sequi
882 1433 1165 1496 tanquam
1216 1426 1598 1497 discipulum.
1634 1430 1803 1484 Prius
1853 1426 1923 1486 de

264 1501 577 1558 Timotheo
627 1506 683 1554 et
730 1499 799 1554 de
842 1500 968 1553 ’I‘ito
1001 1499 1381 1572 dicimusiad
1417 1508 1730 1572 utrumque
1762 1503 1918 1557 enim

265 1575 507 1646 scripsit
538 1572 873 1646 Dionysius)
907 1570 1211 1646 posterius
1243 1571 1313 1624 de
1364 1576 1611 1646 utroque
1636 1570 1920 1645 pernega-

266 1643 424 1701 mus.
447 1647 522 1700 De
552 1645 685 1699 Tito
715 1648 909 1697 tamen
944 1646 1140 1699 secuto
1174 1643 1493 1713 Eugenium
1524 1643 1803 1715 tanquam
1827 1643 1919 1700 ﬁdi-

260 1717 582 1800 scipuium,
626 1716 899 1800 videntur
948 1715 1141 1800 Dextri
1188 1716 1365 1800 verba
1413 1718 1738 1800 necessario
1790 1733 1918 1800 esse

260 1787 633 1861 accipienda;
660 1787 1137 1861 quandoquidem
1169 1788 1372 1861 eodem
1405 1789 1582 1861 modo
1603 1790 1672 1844 de
1694 1790 1914 1843 utrius-

260 1858 528 1940 que—tam
552 1859 722 1940 Pauli
758 1875 933 1940 quam
962 1858 1207 1940 Eugenii
1239 1858 1691 1940 sequelahsolent
1710 1865 1766 1916 et
1783 1877 1909 1932 pro-

261 1931 501 2001 cedant;
536 1931 678 1988 dicit
706 1931 892 1986 enim:
933 1949 953 1977 α
979 1932 1226 2001 Secutus
1257 1931 1445 2001 primo
1481 1931 1743 1998 Paulum,
1778 1931 1913 1988 mox

257 2005 610 2076 Eugenium.
643 2021 669 2053 υ
714 2002 889 2076 Atqui
920 2000 1188 2067 Paulum,
1222 2000 1286 2057 ut
1317 2002 1643 2073 discipulus
1676 2010 1733 2060 et
1762 2004 1911 2059 infe-

256 2075 393 2144 rior,
432 2077 811 2148 sequebatur,
846 2075 929 2129 sic
960 2089 1095 2145 ergo
1128 2080 1183 2148 et
1216 2076 1560 2148 Eugenium.

326 2150 490 2213 Quod
521 2145 595 2202 'si
645 2148 788 2202 forte
829 2150 1061 2201 tantum
1090 2145 1280 2200 virum
1317 2146 1497 2201 fuisse
1526 2147 1665 2200 velit
1697 2145 1911 2215 aliquis

254 2221 607 2293 Eugenium,
642 2224 707 2273 ut
736 2219 909 2293 sequi
934 2218 1188 2293 potuerit
1220 2233 1352 2275 eum
1386 2219 1554 2293 Titus
1579 2239 1606 2293 ;_
1636 2234 1701 2272 eo
1732 2220 1910 2274 etiam

255 2290 430 2348 modo
457 2295 737 2363 sequetur
767 2290 913 2344 illud
946 2290 1294 2357 absurdum,
1317 2291 1482 2363 quod,
1504 2291 1714 2363 cadere
1744 2307 1912 2360 posse

250 2364 309 2419 in
340 2362 642 2420 hominem
676 2378 830 2417 sanie
863 2363 1081 2417 mentis
1113 2378 1227 2415 non
1261 2362 1446 2417 credit
1468 2362 1909 2417 Bivarius.Nam

253 2436 303 2491 si
336 2436 639 2508 Eugenius
670 2434 845 2489 fuerit
874 2435 1062 2508 major
1090 2434 1240 2508 Tito,
1273 2434 1449 2508 fuerit
1481 2433 1661 2508 etiam
1708 2435 1908 2508 procul

253 2505 677 2563 dubio'saltem
712 2505 955 2575 aequalis
986 2505 1308 2560 Timotheo.
1336 2506 1495 2569 Quod
1532 2507 1579 2559 si
1613 2507 1909 2575 Eugenius

256 2579 503 2650 aequalis
551 2578 729 2633 fuerit
776 2578 1104 2650 Timotheo,
1138 2592 1262 2650 non
1284 2578 1493 2645 poterit
1524 2594 1664 2632 sane
1696 2578 1909 2649 Diony-

251 2647 376 2707 sius
411 2651 731 2721 Eugenium
757 2649 1058 2704 Timotheo
1083 2647 1365 2719 aequalem
1388 2649 1574 2719 magis
1604 2649 1786 2704 ﬁlium
1812 2647 1909 2718 ap-

252 2724 490 2793 pellare,
515 2738 690 2794 quam
724 2723 1048 2794 ipsummet
1077 2721 1475 2794 Timotheum.
1502 2722 1725 2776 Addam
1757 2727 1813 2776 et
1835 2721 1908 2775 il-

250 2795 375 2855 lud.
416 2793 569 2865 quod
605 2793 750 2847 mihi
782 2794 841 2847 in
870 2793 1183 2865 prieseutia
1214 2793 1523 2865 succurrit,
1560 2810 1662 2861 pro
1710 2798 1909 2847 nostra

254 2864 550 2922 sententia
580 2868 1012 2935 argumentum,
1038 2864 1408 2918 Timotheum
1442 2865 1589 2920 587
1627 2868 1683 2919 et
1712 2865 1909 2920 Titum

252 2939 443 2994 fuisse
475 2935 799 3009 discipulos
830 2937 887 2991 S.
922 2936 1109 3006 Pauli,
1131 2937 1300 3009 cujus
1335 2936 1442 3009 fuit
1472 2940 1528 2990 et
1557 2937 1904 3009 Dionysius;

253 3010 589 3081 Eugenium
624 3008 816 3065 autem
853 3024 965 3062 non
995 3008 1180 3081 sancti
1214 3008 1397 3081 Pauli,
1420 3009 1516 3062 sed
1544 3009 1695 3081 Petri
1718 3008 1911 3081 fuisse

260 3079 623 3153 discipulum
669 3085 725 3135 et
764 3085 1135 3144 sectatorem,
1167 3079 1354 3147 ipsius
1405 3085 1599 3135 autem
1652 3080 1909 3152 Dionysii

261 3155 473 3237 exiguo
520 3157 1099 3250 iqntumntempor's_:
1142 3167 1321 3233 quare
1374 3167 1504 3233 cum
1557 3157 1782 3250 certumJ
1808 3154 1909 3250 sit,
1944 3182 1985 3250 Ο

263 3216 388 3297 ἱρεὸ
409 3226 721 3281 confitente
745 3216 995 3297 _Biv_ario,
1022 3216 1363 3297 Dionysium
1387 3223 1692 3297 scripsisse
1716 3225 1784 3277 ad
1808 3225 1911 3278 Ti-

254 3295 386 3352 tum
420 3297 582 3352 Pauli
615 3295 996 3364 discipulum,
1029 3295 1181 3350 credi
1226 3309 1458 3364 quoque
1488 3295 1913 3365 pronissimum

258 3375 373 3436 est,
406 3370 680 3424 eumdem
715 3367 1057 3437 Dionysium
1085 3367 1153 3419 ad
1179 3366 1425 3421 alterum
1462 3369 1726 3437 ejusdem
1753 3368 1914 3423 Pauli

249 3441 617 3511 discipulum
652 3439 1023 3511 Timotheum
1077 3438 1217 3511 illos
1260 3439 1568 3502 scripsisse
1601 3439 1781 3493 libros
1813 3440 1914 3508 qui

251 3510 511 3577 exstant,
561 3510 880 3582 praesertim
930 3526 1064 3565 cum
1100 3511 1154 3562 in
1183 3510 1438 3581 Epistola
1468 3512 1535 3564 ad
1571 3512 1766 3565 Titum
1818 3512 1912 3565 Ti-

255 3584 483 3640 mothei
516 3581 693 3638 faciat
722 3582 1105 3637 mentionem.
1134 3581 1326 3637 Graece
1358 3584 1493 3637 item
1528 3583 1765 3653 scripsit
1792 3584 1915 3637 Dio-

254 3656 492 3726 nysius,
525 3672 638 3711 non
677 3656 908 3710 Latine:
960 3671 1029 3709 ex
1077 3669 1191 3724 quo
1242 3653 1412 3726 longe
1453 3655 1815 3725 probabilius
1850 3656 1915 3709 fit

254 3726 331 3783 ad
358 3730 586 3783 Graecos
611 3726 940 3809 scripsi-sse,
968 3742 1143 3809 quam
1170 3726 1240 3779 ad
1261 3727 1582 3809 Eugenium
1611 3726 1911 3782 hominem

251 3805 615 3861 Romanum,
649 3798 747 3869 qui
781 3802 837 3852 et
863 3814 935 3853 an
968 3800 1159 3852 Graece
1191 3798 1445 3869 sciverit,
1478 3799 1767 3853 incertum
1802 3803 1909 3853 est.

246 3877 400 3928 Nam
434 3877 613 3927 totam
646 3868 877 3925 aetatem
920 3884 1087 3925 suam
1137 3868 1223 3923 vel
1273 3870 1330 3923 in
1385 3869 1549 3923 Italia
1591 3871 1749 3925 trivit
1791 3872 1911 3940 (ut-

241 3948 386 4015 pote
438 3941 1212 4015 Rom_anus,_quod__Dext_er
1259 3948 1313 4015 et
1363 3942 1627 4015 Bivarius
1676 3943 1911 4015 docent)

234 4012 328 4071 vel
366 4016 427 4070 in
462 4013 670 4077 Gallia,
702 4012 791 4069 vel
820 4012 883 4086 in
917 4012 1230 4086 Hispania:
1273 4014 1343 4086 de
1375 4013 1465 4086 his
1492 4014 1650 4069 enim
1681 4012 1909 4086 liquet;

237 4087 527 4144 Graeciam
582 4090 780 4142 autem
830 4085 879 4141 si
930 4083 1249 4156 aliquando
1279 4084 1517 4152 viderit,
1543 4103 1659 4142 non
1700 4083 1909 4159 liquet.

2048 497 2251 561 tuisse,
2279 500 2471 551 tamen
2526 513 2597 551 an
2650 496 2904 561 sciverit,
2934 501 2991 551 et
3036 497 3116 552 ita
3163 498 3419 565 sciverit,
3457 505 3520 554 ut
3564 496 3698 556 libri

2044 568 2247 643 Graece
2268 568 2469 640 scripti
2504 569 2803 643 potuerint
2830 568 2877 622 ei
2911 568 3192 643 dedicari,
3226 570 3380 625 haud
3426 571 3697 643 equidem

2043 641 2185 694 scio.
2217 640 2344 695 Jam
2395 639 2588 694 autem
2624 640 2671 693 si
2706 639 2840 712 quis
2875 643 3020 694 forte
3054 641 3305 712 cuipiam
3344 639 3522 698 restet
3546 645 3603 698 in
3640 661 3701 700 re

2041 716 2159 786 tam
2194 713 2573 786 comprobata
2603 711 3022 786 scrupulusLet
3053 711 3216 786 stans
3242 731 3272 767 a
3296 715 3547 786 Bivario,
3574 732 3696 771 ma-

2032 784 2223 859 jorem
2252 785 2442 838 adhuc
2486 785 2909 859 Tito_reputet_
2945 785 3343 859 Timotheum,
3378 784 3555 859 atque
3604 788 3695 842 id-

2040 854 2194 910 circo
2235 871 2350 931 n_o_n
2401 857 2590 928 magis
2632 854 2790 909 hunc
2823 855 3096 931 debuisse
3147 854 3693 931 ﬁliumuap'pellari,

2040 943 2216 997 quam
2251 927 2447 981 Titum
2476 927 2747 995 ;’auctor
2778 944 2881 998 ego
2914 927 2997 980 illi
3032 943 3183 992 sum,
3220 933 3282 983 ut
3312 927 3478 985 illam
3508 927 3692 987 totius

2036 999 2347 1053 vetustatis
2379 999 2747 1070 apothecam,
2783 1000 2852 1054 de
2884 1015 3000 1069 qua
3027 999 3299 1071 superius
3330 1008 3523 1057 actum
3578 1008 3689 1071 est,

2038 1076 2094 1125 et
2122 1072 2180 1145 in
2214 1087 2329 1145 qua
2362 1072 2719 1145 immensum
2754 1072 2865 1126 sibi
2898 1072 3241 1145 thesaurum
3278 1087 3511 1145 semper
3528 1091 3589 1129 se
3608 1075 3693 1129 in-

2034 1143 2234 1197 venire
2276 1143 2592 1216 proﬁtetur
2636 1144 2921 1216 Bivariusﬁ,
2959 1144 3350 1216 ingrediatur,
3383 1143 3693 1216 videatque

2036 1230 2109 1269 an
2142 1232 2257 1270 non
2290 1215 2461 1269 talem
2494 1219 2845 1285 tantumque
2892 1214 2971 1270 ibi
3020 1214 3193 1270 faciat
3235 1216 3429 1271 Titum
3469 1214 3693 1287 Equili-

2036 1302 2145 1339 nus
2177 1287 2507 1357 episcopus,
2542 1292 2606 1341 ut
2638 1287 2733 1340 vix
2772 1287 2821 1341 ei
2872 1288 3199 1358 comparari
3252 1290 3441 1358 possit
3492 1290 3693 1345 Timo-

2033 1358 2227 1415 theus.
2258 1362 2402 1411 Nam
2436 1375 2569 1413 eum
2605 1360 2839 1429 quidem
2894 1376 3032 1413 sane
3083 1360 3290 1414 scribit
3340 1360 3690 1417 clarissimis

2034 1436 2303 1486 ornatum
2339 1446 2466 1486 esse
2498 1431 2863 1501 parentibus,
2896 1436 2951 1484 et
2983 1436 3134 1487 retro
3168 1448 3357 1503 usque
3390 1434 3459 1486 ad
3497 1433 3693 1488 Minoa

2033 1518 2226 1572 regem
2258 1506 2458 1570 Cretae,
2492 1503 2679 1573 ipsius
2720 1503 2894 1557 refert
2942 1519 3148 1574 genus,
3185 1504 3443 1574 itemque
3497 1506 3691 1560 admi—

2032 1574 2204 1648 rabili
2237 1590 2479 1644 prorsus
2512 1591 2577 1629 ac
2608 1575 2805 1629 divina
2826 1576 3126 1631 vocatione
3157 1577 3226 1630 ad
3263 1574 3478 1630 Christi
3513 1578 3684 1648 agni-

2030 1647 2252 1700 tionem
2276 1648 2597 1702 accessisse
2631 1650 2952 1714 memorat;
2988 1648 3159 1716 cuius
3191 1648 3365 1702 etiam
3399 1649 3685 1717 passioni,

2032 1718 2468 1783 resurrectioni,
2504 1719 2832 1773 ascensioni
2873 1719 2932 1771 in
2985 1719 3190 1773 coelum
3224 1719 3501 1783 adfuerit,
3536 1737 3685 1775 una-

1949 1797 1995 1862 B
2028 1806 2140 1863 que
2171 1805 2301 1863 cum
2337 1790 2644 1857 discipulis
2673 1790 2957 1861 Spiritum
2991 1796 3261 1863 sanctum
3297 1791 3355 1847 in
3390 1808 3452 1846 se
3483 1808 3685 1863 corpo-

2026 1861 2229 1916 raliter
2259 1862 2706 1917 descendentem
2744 1862 3049 1930 receperit.

2094 1936 2231 1999 Qum
2262 1933 2309 1987 si
2341 1950 2475 1989 vera
2519 1939 2678 1997 sunt,
2716 1938 2779 1987 ut
2827 1934 3061 1987 credere
3108 1933 3340 1988 videtur
3390 1934 3679 2000 Bivarius,

2022 2009 2173 2059 certe
2206 2006 2262 2058 in
2298 2006 2475 2061 dubio
2501 2005 2753 2075 relinqui
2805 2022 2917 2059 non
2970 2008 3180 2075 potest,
3214 2007 3356 2075 quin
3404 2006 3571 2061 Titus
3623 2011 3681 2061 et

2023 2076 2194 2148 longe
2230 2078 2425 2132 senior
2466 2077 2542 2132 sit
2588 2076 2916 2143 Timotheo,
2948 2080 3004 2130 et
3054 2075 3273 2145 aliquot
3323 2077 3459 2132 item
3507 2078 3679 2133 annis

2023 2148 2301 2219 grandior
2328 2149 2456 2219 ipso
2490 2149 2761 2220 Dionysio
2794 2149 2948 2218 (cum
2983 2148 3139 2202 enim
3182 2148 3498 2219 Dionysius
3528 2154 3679 2204 tem-

2024 2235 2161 2289 pore
2192 2220 2484 2291 passionis
2518 2221 2691 2274 fuerit
2718 2224 2947 2275 tantum
2980 2220 3185 2292 viginti
3207 2222 3467 2291 quinque
3494 2237 3678 2276 anno-

2023 2308 2178 2353 rum,
2229 2293 2396 2347 Titus
2446 2292 2755 2346 minimum
2807 2292 3017 2363 viginti
3070 2307 3299 2357 novem,
3348 2308 3415 2345 ex
3468 2293 3678 2348 eodem

2023 2363 2294 2434 Equilino
2335 2364 2515 2418 fuisse
2557 2363 2873 2434 colligitur)
2922 2369 2985 2416 ut
3029 2363 3274 2433 proinde
3318 2382 3351 2418 a
3396 2363 3677 2434 Dionysio

2022 2452 2137 2489 non
2190 2435 2432 2505 perinde
2479 2436 2669 2489 vocari
2721 2435 2880 2489 ﬁlius
2928 2436 3203 2506 potuerit,
3251 2451 3424 2506 quam
3475 2436 3676 2490 Timo-

2021 2509 2213 2561 theus.
2238 2507 2360 2569 Qua
2382 2509 2452 2561 de
2478 2522 2538 2561 re
2568 2508 2696 2561 vide
2729 2506 3063 2578 Equilinum
3098 2506 3247 2560 libro
3280 2524 3356 2560 vn
3390 2507 3671 2577 Catalogi,

2023 2580 2209 2648 capite
2233 2580 2355 2646 108,
2381 2581 2478 2633 ubi
2508 2579 2648 2633 dicit
2678 2579 2877 2633 Titum
2911 2578 3115 2647 viginti
3151 2594 3337 2633 annos
3368 2583 3670 2642 natum,et

2023 2650 2253 2705 Homeri
2301 2651 2684 2712 carminibus,
2717 2650 3323 2721 philosophorumque
3358 2649 3528 2704 libris
3561 2667 3667 2721 ap-

2022 2723 2209 2793 prime
2258 2723 2545 2785 deditum.
2602 2723 2899 2793 excepisse
2958 2724 3027 2776 de
3082 2721 3222 2775 coelo
3273 2738 3493 2789 vocem,
3541 2738 3668 2791 quae

2021 2796 2450 2858 commonebat,
2475 2794 2589 2849 ista
2619 2798 2861 2862 prol‘ana
2893 2793 3213 2861 studiuipsi
3236 2794 3509 2864 deinceps
3542 2810 3672 2850 esse

2020 2866 2422 2936 relinquenda,
2456 2870 2512 2919 et
2544 2867 2754 2921 animae
2797 2865 2972 2919 saluti
3026 2865 3450 2935 providendum
3488 2882 3505 2936 :7
3561 2882 3666 2921 no-

2018 2955 2143 2993 vem
2179 2954 2311 2992 vero
2361 2935 2494 3009 pest
2543 2938 2713 2993 annis
2761 2938 3054 2993 eumdem.
3092 2936 3236 3009 lecto
3289 2937 3449 2991 Isaiae
3497 2935 3668 3006 libro,

2020 3015 2137 3064 tam
2189 3027 2308 3065 suae
2363 3008 2538 3082 quam
2587 3010 2834 3082 aliorum
2877 3008 3087 3082 salutis
3112 3008 3237 3078 jam
3279 3009 3672 3082 cupidiorem,

2022 3082 2269 3136 missum
2304 3080 2695 3137 ab'avunculo
2728 3096 2834 3135 suo
2865 3081 3040 3136 Cretae
3074 3080 3424 3151 proconsule
3472 3080 3671 3134 Hiero-

2026 3155 2337 3224 solymam,
2372 3153 2570 3222 ibique
2610 3153 2670 3207 in
2719 3153 2931 3206 Christi
2983 3153 3215 3206 venisse
3262 3152 3555 3224 notitiam.
3592 3154 3675 3207 En

2024 3223 2204 3295 igitur
2234 3241 2420 3279 annos
2451 3225 2655 3295 viginti
2685 3238 2887 3278 novem
2930 3224 3043 3277 Titi
3098 3228 3239 3295 ante
3278 3223 3491 3277 Christi
3546 3240 3680 3295 pas-

2025 3301 2247 3351 sionem
2278 3316 2290 3362 ;
2325 3312 2473 3367 quos
2524 3294 2629 3351 nec
2677 3295 2991 3367 Dionysius
3021 3294 3292 3367 aequavit,
3327 3297 3544 3351 nedum
3582 3295 3679 3351 Ti-

2025 3369 2319 3424 motheus.

2097 3441 2173 3494 Ex
2222 3440 2335 3517 his,
2370 3438 2723 3517 utﬂopinor,‘
2752 3438 2897 3492 satis
2944 3437 3127 3517 fuisse
3175 3453 3365 3517 causas
3416 3440 3682 3517 apparet,

2026 3512 2403 3581 quamobrem
2431 3510 2489 3564 S.
2514 3510 2857 3565 Timotheus
2878 3510 3065 3563 vocari
3094 3526 3125 3563 a
3150 3513 3210 3562 B.
3238 3508 3513 3581 Dionysio
3540 3524 3684 3581 puer

2026 3579 2125 3637 aut
2160 3583 2314 3637 [ilius
2350 3581 2624 3653 potuerit,
2659 3585 2716 3636 et
2753 3597 2866 3635 non
2902 3582 3040 3634 item
3073 3582 3280 3653 Titus:
3336 3580 3553 3653 quippe
3584 3579 3683 3648 qui

2027 3663 2275 3725 utroque
2308 3651 2482 3708 fuerit
2514 3660 2652 3707 natu
2682 3654 2889 3721 major,
2910 3657 3027 3707 tam
3054 3653 3181 3722 ipso
3204 3651 3683 3725 Dionysio,quam

2023 3724 2340 3781 Timotheo.
2374 3729 2561 3790 Quare
2592 3742 2723 3780 cum
2749 3728 2872 3795 jam
2909 3724 3274 3793 ergumentis
3325 3728 3526 3778 contra
3575 3739 3679 3779 n0-

2026 3804 2205 3853 stram
2241 3813 2734 3869 communemque
2779 3797 3130 3852 sententiam
3167 3797 3420 3869 objectis
3445 3796 3679 3851 abunde

2024 3886 2392 3942 responsum,
2420 3870 2516 3931 sit,
2552 3874 2610 3924 et
2644 3867 2781 3924 haec
2810 3868 3259 3942 tertiaiqumstio
3292 3867 3678 3942 sufﬁcienter,

2023 3947 2087 3998 ut
2120 3939 2263 3997 mihi
2298 3941 2534 4014 quidem
2567 3942 2823 4008 videtur,
2855 3941 3181 4013 explicata;
3227 3955 3382 3993 nunc
3411 3939 3678 3995 transibo

2024 4016 2093 4070 ad
2129 4020 2396 4088 quartam
2432 4019 2489 4069 et
2518 4022 2895 4086 postremam.

1705 4449 2061 4521 QUIESTIO
2123 4452 2218 4511 IV.

314 4634 416 4696 De
442 4652 696 4715 corpore
725 4632 921 4695 sancti
948 4633 1234 4713 Dionysii
1259 4634 1644 4715 Areopagith
1679 4652 1694 4706 ;
1744 4643 1946 4715 utrum
1981 4632 2137 4695 illud
2172 4640 2252 4694 sit
2291 4634 2350 4693 in
2380 4632 2527 4693 urbe
2556 4639 2628 4695 S.
2663 4632 2948 4712 Dionysii
2968 4650 3154 4712 prape
3182 4628 3484 4691 Lutetiam
3514 4645 3593 4688 an

1569 4714 1903 4775 Ratisbonw
1934 4715 1997 4776 in
2032 4715 2357 4794 Bajoaria.

305 4958 476 5014 Haud
512 4974 753 5029 parvum
788 4956 928 5013 facit
958 4956 1043 5029 ad,
1065 4972 1275 5029 nomen
1300 4957 1617 5029 etgloriam
1640 4958 1893 5029 alicujus
1924 4961 1968 5026 D
2000 4958 2370 5013 tisbonenses
2422 4955 2578 5011 enim
2631 4954 2998 5029 translatum,
3028 4954 3096 5009 ad
3144 4968 3204 5007 se
3256 4950 3479 5029 dicunt,
3514 4950 3664 5029 tem:

168 5026 173 5031 ⁷
236 5031 453 5095 sancti,
504 5026 658 5085 inter
715 5030 904 5085 claros
959 5028 1303 5102 nobilesque
1348 5026 1597 5102 pbpulos
1646 5032 1716 5085 de
1765 5026 1893 5101 ejus

239 5104 385 5159 olim
447 5102 804 5175 decertatum
838 5118 963 5175 esse
993 5101 1283 5175 hodieque
1314 5101 1605 5175 decertari
1633 5118 1893 5175 corpore.

235 5178 278 5230 A
312 5175 529 5245 pietate
561 5173 1119 5245 enimpopulorum,
1154 5178 1209 5229 et
1235 5174 1306 5229 ab
1338 5173 1893 5229 zestimetione‘san-

238 5243 471 5302 ctarum
533 5243 937 5314 reliquiarum,
979 5246 1268 5313 ejusmodi
1323 5247 1476 5303 inter
1532 5246 1897 5302 Christianos

240 5317 457 5375 exoriri
492 5317 683 5372 solent
715 5315 1053 5388 certamina.
1086 5318 1178 5373 Sic
1222 5317 1402 5388 igitur
1445 5319 1599 5373 inter
1646 5319 1897 5374 Francos

242 5396 301 5447 et
332 5390 681 5446 Germanos.
716 5388 835 5441 sive
866 5386 1082 5457 potius,
1112 5386 1267 5444 inter
1297 5392 1544 5445 duorum
1590 5389 1897 5445 celeberri-

240 5476 481 5517 morum
515 5459 913 5516 crenobiorum
939 5457 1093 5513 viros
1113 5460 1430 5527 religiosos,
1454 5462 1631 5517 unius
1664 5463 1722 5517 in
1756 5464 1900 5517 urbe

241 5536 303 5590 S.
347 5532 605 5603 Dionysii
664 5532 818 5585 haud
872 5530 1071 5603 procul
1111 5531 1376 5603 Parisiis,
1415 5535 1655 5589 alterius
1703 5534 1897 5589 Datis-

234 5608 409 5661 bonae
459 5601 517 5657 in
571 5601 1254 5675 Bajoaria,'olim_vignit
1308 5610 1364 5659 et
1420 5624 1572 5661 nunc
1624 5606 1778 5675 viget
1828 5607 1899 5661 de

238 5676 435 5751 sancti
471 5675 744 5751 Dionysii
769 5673 1120 5751 Areopagitfe
1155 5692 1318 5731 sacro
1353 5694 1593 5751 corpore
1627 5673 1736 5751 non
1775 5694 1895 5733 me-

240 5748 461 5823 diocris
490 5745 805 5823 contentio.
838 5745 1092 5823 Namilli
1123 5764 1184 5823 se
1217 5745 1808 5823 semper‘posscdisse
1845 5753 1901 5804 ct

247 5821 585 5894 possidere;
636 5819 694 5875 hi
742 5834 878 5894 vero
922 5818 1069 5874 istos
1100 5818 1508 5894 olimquidem
1541 5821 1898 5894 possedisse,

250 5890 358 5950 sed
390 5910 546 5951 nunc
577 5909 639 5951 se
667 5890 985 5968 possidere,
1022 5891 1160 5949 totis
1202 5890 1423 5952 viribus
1471 5890 1754 5969 pugnant.
1789 5890 1901 5951 Ra-

2012 5045 2239 5103 pnsque
2270 5034 2325 5084 et
2356 5030 2591 5083 modum
2626 5033 2683 5083 et
2712 5026 3188 5103 commoditatem
3215 5022 3665 5103 ostendunt,aut

2016 5096 2172 5158 certe
2202 5106 2510 5168 conantur,
2546 5101 2730 5172 quoad
2768 5104 3037 5172 possunt,
3066 5096 3395 5172 ostendere.

2076 5175 2220 5229 Nam
2254 5174 2418 5228 aiunt
2447 5162 2712 5241 tem-pore
2746 5162 3031 5240 Arnulphi
3062 5170 3273 5239 imper.
3301 5166 3529 5241 hoc_est
3553 5162 3662 5217 sub

2007 5263 2228 5301 annum
2261 5245 2475 5319 Christi
2510 5235 2636 5307 890,
2667 5261 2702 5319 a
2749 5235 3072 5319 Gisalberto
3118 5235 3243 5319 uno
3296 5255 3362 5291 ex
3405 5235 3665 5319 impera-

2007 5319 2147 5373 toris
2179 5317 2517 5389 proceribus
2552 5315 2677 5389 (qui
2728 5314 2920 5389 specie
2974 5312 3217 5367 admissi
3266 5308 3665 5389 sacrilegii‘in

2008 5379 2334 5445 coenobium
2367 5379 2573 5442 Sancti
2600 5379 2853 5458 Dionysii
2899 5402 2964 5439 ex
3015 5383 3341 5458 composito
3374 5379 3667 5458 relegatus

2012 5464 2205 5531 fuerit)
2233 5460 2515 5516 devinctis
2548 5461 2658 5513 sibi
2686 5454 2966 5531 ex'amica
2999 5464 3055 5531 et
3087 5454 3313 5531 liberali
3349 5455 3665 5531 consuetu-

2008 5537 2144 5589 dine
2176 5526 2498 5598 monachis,
2549 5549 2612 5587 ac
2663 5530 2840 5584 semel
2886 5529 3056 5582 hilari
3093 5527 3350 5583 convivio
3383 5526 3664 5598 exceptis,

2005 5609 2257 5675 vinoque
2312 5610 2365 5658 et
2415 5621 2617 5657 somno
2669 5602 2937 5672 sepultis,
2972 5597 3417 5675 sanctnmillud
3451 5609 3666 5675 corpus

2010 5670 2367 5735 clandestine
2395 5670 2747 5745 subreptum
2773 5679 3123 5748 esse,_atque
3149 5674 3217 5727 ad
3243 5670 3665 5748 imperatorem

2010 5753 2409 5819 deportatum:
2440 5748 2535 5818 qui
2568 5743 2888 5818 imperator
2909 5744 3059 5819 illud
3094 5743 3425 5799 Rastibonaa
3458 5743 3663 5819 inca}-

2011 5812 2184 5878 nobio
2217 5822 2368 5879 588
2402 5812 2554 5875 beati
2589 5812 2921 5873 Emmerani
2953 5818 3131 5888 (quod
3178 5829 3305 5871 esse
3329 5812 3661 5888 _ornatissi-

2014 5911 2177 5952 mum
2210 5894 2505 5968 cupiebat)
2536 5891 2892 5965 deposuerit.
2926 5883 3076 5954 Quin
3109 5893 3163 5944 et
3193 5883 3481 5959 quadrata
3512 5895 3663 5953 quae-
