4162 6368
460 301 558 356 951

980 297 1078 349 DE
1113 297 1172 349 S.
1212 295 1528 349 DIONYSII
1563 292 2046 347 AREOPAGITJE
2086 295 2252 348 VITA
2296 295 2387 347 ET
2425 295 2743 348 SCRIPTIS
2781 293 3244 357 QUESTIONES
3279 296 3374 349 IV.

3774 293 3880 348 952

466 432 636 483 utens
677 424 940 491 dixisset,
985 419 1268 493 praecipue
1317 418 1497 474 sancti
1525 417 1781 493 Dionysii
1820 433 2054 493 cpi-pore
2091 432 2120 472 θ
2147 420 2201 485 Α
2231 417 2402 472 didit.
2439 421 2668 493 _Fertur
2721 421 2937 493 autem,
2999 417 3152 493 qnod
3188 417 3410 488 praefati
3457 434 3682 493 vermes
3720 419 3879 493 adeo

462 498 650 556 Gallis
707 488 962 552 traducto
985 488 1316 559 'honoravit,
1379 495 1479 545 aut
1528 496 1682 544 certe
1736 488 1922 544 simili
1973 505 2115 559 quo-

508 573 624 627 iam
676 567 966 624 sermonis
1025 580 1234 635 genere
1271 579 1413 617 usus
1443 567 1617 617 esset.
1643 563 1710 635 _ls
1741 567 1934 635 autem
1965 561 2116 616 Otho

489 658 636 714 onge
667 645 756 714 est
793 639 906 694 ﬁde
957 633 1215 714 digninr.
1265 649 1440 714 quam
1472 638 1596 714 aut
1625 633 1966 714 Aventinus,
2019 636 2120 714 aut

464 705 791 781 Grahtzius,
824 725 972 782 quos
1011 705 1462 780 quadringentis
1492 705 1702 760 saltem
1752 705 1922 759 annis
1956 709 2117 760 ante-

465 785 663 843 cessit.

536 855 756 912 Tertio.
782 850 1203 919 Witichindus,
1238 848 1336 919 qui
1360 845 1532 919 annis
1553 844 1861 919 minimum
1889 863 2120 902 sexcen-

463 928 538 985 tis
563 929 796 984 eosdem
832 917 1197 978 Aventinum»
1222 917 1279 974 et
1299 917 1630 974 Crantzium
1675 918 1983 972 scribendo
2016 935 2118 973 an-

463 1000 652 1067 teivit,
702 1003 760 1053 et
798 995 920 1050 illis
950 994 1162 1067 litteris
1195 989 2118 1067 Ratisponensibusintegrosie-

465 1071 597 1128 culo
631 1060 933 1138 antiquior
961 1067 1088 1130 fuit;
1122 1065 1194 1129 is,
1233 1060 1910 1138 inquam,WAiti‘chindus
1933 1061 2119 1138 libro:

467 1132 1216 1199 Gestorum—Saxonicoram
1277 1132 1503 1200 scribit,
1561 1132 1834 1188 Calorum
1893 1133 2122 1204 Simpli-

463 1231 589 1271 cem
641 1213 1004 1268 Francorum
1065 1221 1261 1278 regem
1313 1206 1591 1278 adversus
1623 1221 1795 1276 quem
1831 1205 1920 1258 sui
1968 1206 2122 1278 prin:

467 1287 627 1358 cipes
659 1276 1286 1358 tum_riebellaverant,
1344 1276 1575 1358 misisse
1635 1293 1871 1331 manum
1933 1277 2122 1331 sancti

468 1349 728 1426 Dionysii
762 1353 831 1408 ad
866 1352 1179 1426 Henricum
1209 1349 1859 1426 _Sa_x_onic_orum__r_egem
1890 1359 2123 1426 tnempe

469 1419 639 1485 anno"
671 1425 901 1480 Domini
930 1424 1079 1490 920),
1115 1421 1386 1476 amicitiae
1411 1421 1540 1490 ejus
1590 1419 1697 1474 sibi
1748 1419 2122 1475 concilianda:

516 1498 666 1554 ratia
695 1497 869 1551 verba
899 1496 1028 1565 ejus
1086 1492 1401 1565 sunthaec
1430 1509 1442 1546 :
1473 1515 1505 1565 }<
1537 1493 1777 1556 Quando
1818 1508 1962 1565 _ver_o
2022 1510 2120 1565 rex

524 1572 740 1626 henum
764 1562 1115 1622 transiverat
1137 1565 1206 1619 ad
1229 1563 1593 1618 dilatandam
1618 1580 1794 1634 super
1817 1562 2121 1618 Lotharios

470 1641 785 1713 imperium
819 1653 1014 1713 suum,
1047 1636 1309 1713 occurrit
1341 1634 1670 1713 ei_leg_atus
1694 1634 1915 1713 Caroli,
1938 1640 1994 1690 et
2026 1653 2118 1713 sa-

464 1706 655 1769 lutato
689 1729 754 1768 eo
785 1709 981 1765 verbis
999 1706 1668 1772 humillimis,Dominus
1689 1723 1877 1773 meus,
1905 1708 2116 1777 inquit,

460 1785 701 1842 Carolus
743 1785 899 1853 regia
928 1781 1225 1853 quondam
1262 1783 1544 1853 pqtestate
1590 1780 1890 1853 praditus,
1925 1780 2116 1853 mpdo

458 1857 740 1928 privatus,
767 1848 928 1928 misit
947 1848 1035 1906 ine
1076 1851 1147 1904 ad
1193 1848 1270 1928 te,
1299 1850 1662 1928 demandans
1709 1850 1853 1928 quia
1881 1848 2032 1928 nihil
2059 1851 2109 1904 ei

461 1920 532 1984 ab
565 1926 827 1982 inimicis
859 1925 1250 1978 circumvento
1305 1921 1648 1987 jucundius,
1711 1920 2112 1976 nihildulcius

465 2016 595 2080 esse
627 1997 851 2080 pnssit,
874 2009 1049 2080 quam
1073 1994 1142 2048 de
1166 1992 1249 2073 tui
1275 1992 1572 2080 magniﬁci
1607 1993 1900 2062 profectus
1932 1991 2116 2080 gloria

461 2063 689 2141 aliquid
722 2063 942 2141 audire,
990 2067 1169 2141 l'ama‘
1191 2063 1474 2141 virtutum
1522 2067 1758 2141 tuarum
1803 2064 2113 2141 consolari.

464 2135 676 2198 Ethoc
707 2139 810 2193 tibi
845 2139 1082 2209 signum
1140 2136 1270 2189 ﬁdei
1331 2143 1387 2189 et
1444 2135 1704 2209 veritatis
1763 2137 2112 2209 transmisit,

471 2213 827 2286 protulitque
853 2206 927 2264 de
954 2208 1085 2286 sinu
1121 2223 1364 2286 manum
1393 2206 1954 2286 pretiosimartyrist
1984 2209 2116 2286 Dio-

470 2278 620 2356 nysii
654 2278 796 2356 auro
840 2279 1206 2356 gemmisque
1254 2278 1558 2356 inclusam.
1599 2279 1724 2356 Hoc
1773 2279 2116 2356 inquitLha-

468 2350 601 2412 béto
653 2350 892 2426 pignnst
928 2352 1160 2406 foederis
1237 2350 1515 2426 perpstni
1559 2352 1905 2426 et_amoris_
1957 2351 2113 2426 vica-

467 2428 560 2497 rii,
596 2448 622 2476 ››
654 2421 763 2482 etc.
792 2424 934 2479 Vide
965 2440 1145 2495 supra
1173 2421 1300 2493 cap.
1331 2421 1421 2490 29,
1459 2421 1592 2476 Vitre
1639 2421 1828 2493 ipsius
1873 2423 1929 2477 S.
1985 2423 2113 2478 Dio-

467 2515 641 2554 UVSII.

582 2516 641 2552 u.

508 2516 670 2625 yfliam
705 2568 752 2622 si
787 2583 986 2622 verum
1037 2571 1127 2621 est
1170 2565 1320 2636 quod
1369 2561 1825 2636 Batisponenses
1877 2581 2114 2620 asseve-

471 2647 624 2710 rant,
653 2644 842 2696 totum
873 2654 936 2694 se
966 2635 1389 2710 corpus'sancti
1415 2635 1670 2710 Dionysii
1693 2636 2018 2707 acccepisse
2038 2638 2112 2710 ab

462 2707 768 2783 Arnulpho
826 2726 956 2783 rege
1014 2707 1431 2783 Bajqariorum,
1465 2708 1574 2762 sub
1607 2724 1824 2783 annum
1887 2709 2116 2783 Domini

461 2779 691 2840 circiter
714 2784 818 2836 800
850 2779 1006 2852 (nam
1059 2781 1169 2852 sub
1209 2779 1267 2833 id
1311 2785 1541 2852 tempus
1589 2779 1910 2852 regnabat),
1961 2782 2115 2836 unde

461 2856 680 2913 habere
712 2849 898 2926 potuit
926 2851 1166 2907 Carolus
1195 2849 1448 2926 simple;
1479 2849 1966 2926 annistringinta
1984 2858 2116 2926 post

461 2920 922 2988 manum-illam,
957 2940 1134 2994 quam
1162 2923 1231 2976 ad
1257 2920 1570 2994 Henricum
1592 2921 1796 2994 imper.
1834 2920 2020 2977 misit?
2053 2925 2110 2978 Si

465 3016 496 3055 θ
527 2999 774 3054 Francia
802 2992 1146 3062 (inde—enim
1179 3009 1241 3048 se
1273 2993 1499 3063 mittere
1531 2992 1771 3059 indicat)
1821 3010 1952 3063 ergo
1997 3011 2110 3049 non

463 3077 654 3126 totum
692 3061 926 3137 corpus,
973 3069 1227 3137 excepta
1258 3061 1505 3137 minima
1537 3079 1763 3137 manus
1803 3061 2108 3137 particula,

2231 490 2608 558 seaturirent,
2645 496 2708 544 ut
2738 489 2918 544 nullis
2943 490 3306 561 medicorum
3350 490 3506 544 curis
3538 490 3730 545 minui
3754 507 3881 561 pos-

2227 567 2376 616 sent.
2410 582 2436 614 »
2470 561 2560 615 Sic
2586 562 2684 616 ibi.
2718 560 3194 617 Etnihilominus
3218 561 3325 615 illae
3347 579 3526 631 supra
3548 560 3762 632 positae
3787 561 3881 616 lit-

2226 638 2362 688 teras
2439 633 2592 705 598
2644 633 2866 705 volunt,
2927 637 2991 687 ut
3048 647 3147 686 rex
3202 633 3459 689 Franciae
3514 635 3882 705 congaudeat

2227 703 2476 776 apostoli
2510 705 2596 760 sui
2631 703 2849 776 gloriae,
2884 705 2981 774 qui
3020 709 3157 776 tam
3216 705 3483 760 devotum
3543 703 3735 760 furem
3788 707 3882 762 sui

2229 775 2488 848 cerporis
2520 775 2748 841 habuit,
2773 793 2914 848 auro
2946 775 3149 848 utique
3171 781 3228 830 et
3248 777 3475 848 topazio
3499 778 3825 832 meliorem.
3854 801 3874 827 ι

2231 847 2390 903 Idem
2425 847 2879 920 absurditateml
2917 848 2985 902 Et
3010 847 3244 920 quidem
3305 847 3437 920 post
3469 854 3630 903 tanta
3662 849 3882 919 ﬂagitia

2228 925 2284 975 et
2316 920 2625 991 sacrilegia
2657 919 2990 991 litterisad,
3027 919 3427 991 posteritatem
3470 927 3708 976 exarata
3761 937 3876 975 non

2229 993 2464 1047 erubuit
2520 989 2803 1061 scriptum
2854 989 2999 1045 illud
3030 989 3474 1062 ’Ratisponense
3504 993 3576 1047 de
3607 993 3708 1046 illo
3756 991 3874 1047 haec

2229 1064 2537 1118 enuntiare
2570 1079 2582 1116 :
2631 1084 2656 1113 α
2686 1065 2790 1129 Qui
2827 1062 2984 1116 fures
3018 1068 3194 1133 atque
3226 1065 3541 1134 sacrilegos
3573 1072 3701 1120 erat
3735 1065 3874 1118 soli-

2229 1140 2326 1190 tus
2359 1134 2768 1206 condemnare.
2803 1155 2831 1182 »
2864 1135 3131 1205 Baptista
3159 1134 3297 1190 item
3328 1135 3612 1206 Egnatius
3642 1135 3794 1190 libro
3818 1152 3878 1189 III

2231 1209 2611 1262 Romanorum
2634 1205 2973 1278 principum,
3015 1206 3280 1276 ejusdem
3329 1205 3626 1278 Arnulphi
3657 1206 3878 1262 scelera

2229 1283 2287 1332 et
2316 1279 2599 1333 scelerum
2633 1292 2833 1347 poenas
2868 1277 2948 1331 ita
2993 1295 3166 1348 quam
3201 1277 3545 1333 brevissime
3588 1279 3876 1348 perstrin-

2229 1350 2349 1404 xit:
2390 1373 2408 1398 α
2435 1349 2578 1422 Quia
2597 1350 2877 1422 adversus
2897 1354 3285 1404 Nortmannos
3306 1366 3407 1422 res
3447 1354 3712 1422 egregias
3766 1349 3879 1422 pri-

2232 1438 2326 1476 mo
2359 1421 2559 1492 gessit,
2593 1438 2726 1474 mox
2755 1420 2814 1474 in
2847 1422 3107 1490 rapinas,
3141 1420 3615 1492 templorumque
3655 1420 3878 1492 spolia-

2229 1495 2417 1548 tiones
2451 1492 2946 1562 conversusjusta
2976 1492 3286 1547 numinum
3312 1493 3399 1547 ira
3420 1493 3873 1563 plectitur.Nam

2231 1569 2286 1619 et
2309 1565 2465 1635 prior
2491 1563 2656 1618 illum
2691 1563 2961 1619 fellicitas
2982 1565 3242 1619 deseruit
3270 1570 3326 1620 et
3355 1566 3510 1620 brevi
3547 1564 3874 1635 pediculari

2231 1635 2434 1690 morbo
2465 1636 2761 1707 confectus
2795 1635 2965 1707 obiit.
2990 1657 3017 1684 ››
3049 1635 3364 1691 Simillima
3411 1637 3668 1707 reperies
3721 1636 3877 1706 apud

2227 1708 2506 1762 Jacobum
2539 1705 3076 1779 Wimphelengium
3127 1708 3185 1762 in
3215 1705 3493 1779 Epitome
3513 1725 3708 1764 rerum
3741 1705 3875 1763 Ger-

2147 1786 2192 1849 B
2224 1781 2573 1834 manicarum
2603 1777 2793 1850 capite
2814 1777 3045 1850 decimo
3073 1777 3305 1850 quinto;
3333 1779 3416 1834 sic
3448 1780 3602 1835 enim
3633 1779 3876 1836 scribit:

2224 1874 2252 1900 «
2286 1851 2647 1933 arnulphns,
2678 1849 2967 1933 septimus
2997 1867 3030 1905 a
3056 1849 3259 1933 Carelo
3290 1851 3879 1933 Magngimperator,

2223 1923 2412 1992 primo
2442 1921 2679 1992 quidem
2711 1928 2946 1977 strenue
2978 1924 3230 1993 sumptis
3258 1921 3444 1978 armis
3473 1921 3880 1978 Nort’mannos

2239 1993 2480 2048 rebelles
2524 1993 2860 2064 perdomuit
2905 2009 3104 2048 verum
3164 2010 3297 2050 mox
3338 1994 3399 2049 in
3443 1995 3879 2050 ecclesiasticos

2227 2066 2496 2137 saeviens,
2535 2065 2631 2119 Dei
2663 2071 2804 2119 nutu
2859 2064 3176 2136 pediculari
3225 2067 3427 2121 morbo
3477 2083 3651 2137 quem
3690 2065 3874 2121 Graci

2273 2136 2536 2208 Οειρίασιν
2593 2140 2820 2203 vocant,
2877 2138 3033 2191 brevi
3093 2136 3640 2208 consumptus’est,
3671 2137 3872 2193 relicto

2245 2208 2342 2264 ilio
2362 2208 2650 2281 Ludovico
2665 2224 3023 2281 successore.
3037 2208 3161 2281 Non
3178 2209 3512 2281 invenimus
3526 2210 3870 2281 quempiam

2226 2281 2377 2336 filios
2405 2280 2661 2335 ﬁliorum
2694 2296 2933 2335 suorum
2965 2279 3203 2347 vidisse,
3236 2285 3337 2334 aut
3359 2279 3602 2336 feliciter
3630 2279 3872 2336 tandem

2225 2362 2546 2417 mortuum,
2578 2352 2678 2422 qui
2710 2353 2952 2416 clerum,
2987 2352 3087 2422 qui
3120 2351 3477 2424 ecclesiam,
3495 2353 3603 2424 qui
3635 2353 3739 2409 Dei
3771 2353 3875 2407 mi-

2227 2426 2444 2480 nistros
2467 2429 2775 2496 perscutus
2808 2424 3018 2496 damno
3049 2423 3133 2478 vel
3166 2423 3540 2496 contumeliis
3590 2442 3692 2481 eos
3738 2425 3875 2480 aﬂ‘e-

2227 2499 2419 2551 cisset.
2458 2519 2484 2544 »
2513 2497 2594 2550 Ita
2625 2495 2737 2551 ille.
2775 2495 2997 2562 Quibus
3027 2495 3303 2552 omnibus
3335 2497 3588 2552 succinit
3617 2498 3876 2552 Jacobus

2225 2568 2364 2694 Pilno
2399 2570 2455 2622 in
2487 2568 2637 2623 Serz'e
2694 2569 3061 2622 Romanorum
3116 2569 3539 2640 imperatorum,
3589 2569 3689 2624 bis
3748 2585 3874 2624 ver-

2226 2657 2273 2694 s}
2327 2656 2440 2694 us:

2226 2656 2394 2696 SlDUS
2428 2656 2440 2694 ἒ

2223 2737 2540 2806 Arnulphus
2560 2735 2705 2790 subit
2734 2738 2980 2808 egregias
3010 2738 3106 2806 qui
3133 2737 3304 2806 gessit
3336 2741 3397 2792 in
3426 2739 3565 2808 ipso.

2223 2809 2475 2876 Auspicio
2507 2808 2732 2878 imperii
2761 2824 2846 2863 res
2868 2816 3122 2863 strenuus
3134 2825 3154 2869 ,°
3187 2809 3315 2862 inde
3345 2809 3574 2879 rapina:

2223 2879 2488 2946 Sectatus,
2518 2879 2722 2948 spoliat
2748 2881 2947 2949 tempta
2977 2883 3028 2935 et
3058 2883 3298 2935 donaria
3327 2881 3521 2935 divum
3554 2900 3572 2935 :

2226 2952 2372 3006 Unde
2401 2950 2736 3022 luitpaenas,
2768 2957 3118 3022 consumptus
3148 2951 3406 3006 Numinis
3434 2954 3525 3007 ira

2230 3021 2570 3088 Vermiculis,
2599 3039 2810 3076 nonum
2842 3021 3058 3078 interea
3088 3022 3221 3077 dum
3249 3023 3536 3078 clauditur
3564 3039 3768 3092 (suum,

461 3143 586 3218 jam
621 3133 947 3218 Ratisponae
978 3133 1159 3218 era-tis
1183 3134 1270 3191 sin
1324 3133 1647 3218 Ratispona
1674 3135 1915 3218 habuit,‘
1948 3141 2003 3191 et
2053 3137 2110 3218 in
2146 3150 2190 3218 ρ
2229 3137 2285 3191 id
2307 3142 2423 3218 est,
2455 3135 3046 3218 exspinaviteseunte
3076 3153 3228 3218 nono
3257 3136 3470 3193 Christi
3503 3136 3741 3208 saeculo,
3758 3137 3877 3192 sive

469 3207 799 3268 'Saxoniam'
837 3207 1169 3264 transmisit
1202 3207 1494 3278 quomodo
1526 3209 1758 3260 centum
1793 3213 1924 3277 post
1946 3209 2115 3265 annis

471 3299 656 3355 eoque
688 3281 964 3355 amplius,
999 3279 1107 3355 hoc
1139 3285 1227 3355 est
1257 3279 1579 3355 annoiQSZ
1639 3278 1725 3348 (ut
1780 3279 1888 3349 ipsi
1952 3281 2118 3355 aiunt

465 3349 958 3426 Ratisponenses)
984 3351 1214 3426 decerni
1250 3349 1437 3426 potuit
1489 3349 1777 3426 integrum
1832 3352 2117 3426 apud_eos

467 3420 684 3498 corpus
717 3440 844 3481 esse
877 3420 1102 3498 ?bujus
1163 3420 1357 3475 multas
1415 3420 1722 3498 partes'in
1785 3420 1942 3498 varia
1992 3423 2117 3480 loca

459 3493 872 3568 transportata:
897 3497 1021 3564 jam
1069 3499 1247 3568 erant
1305 3509 1515 3568 mantis
1551 3493 1607 3546 in
1661 3493 1992 3568 saxoniam,
2033 3513 2118 3568 tos

467 3565 689 3626 brachii
727 3569 997 3634 Romam,
1030 3565 1145 3619 alia
1174 3581 1308 3619 ossa
1366 3565 1420 3618 in
1457 3565 1876 3634 Burgundiam,
1911 3572 1965 3621 et
1996 3567 2118 3622 alia

465 3642 580 3696 alio
611 3642 876 3709 ejusdem
913 3636 1060 3692 sacri
1089 3635 1372 3709 corporis
1422 3634 1730 3709 reliquiae?
1781 3641 1856 3692 De
1904 3639 2118 3708 quibus

464 3714 596 3767 vide
628 3707 1013 3783 antiquitates
1049 3708 1303 3762 abbatim
1329 3707 1388 3761 S.
1427 3707 1681 3778 Dionysii
1717 3708 1775 3762 in
1811 3707 2049 3765 Francia
2079 3711 2117 3765 l.

468 3803 508 3838 1.
549 3801 598 3837 c.
632 3785 718 3836 30.

494 3827 508 3853 ’
543 3827 783 3920 é'uEEio.
818 3855 880 3906 In
915 3849 1124 3904 iisdem
1154 3849 1670 3920 Ratisponensium
1699 3849 1941 3920 litteris
2002 3854 2120 3907 fur-

475 3919 603 3980 tum
640 3924 807 3988 illud,
842 3922 962 3995 sive
997 3922 1192 3995 potius
1224 3919 1509 3995 nefarium
1560 3919 1954 3992 sacrilegium,
2004 3941 2119 3995 quo

473 3997 542 4052 ad
577 4013 637 4053 se
672 3990 1022 4051 translatum
1061 3990 1314 4060 Dionysii
1365 4007 1577 4114 corpus
1628 3990 1822 4046 terunt
1873 3995 1940 4062 (si
1993 3990 2120 4063 q'ui-

476 4070 604 4114 dam
639 4085 730 4114 res
765 4083 891 4114 vera
923 4069 1076 4114 esset
1104 4063 1295 4114 verbis
1348 4061 1459 4114 mol
1495 4062 1623 4114 ibus
1671 4066 1726 4114 et
1773 4065 1957 4114 vanis-
1994 4084 2119 4114 mn-

476 4070 606 4124 dem
639 4085 730 4122 res
765 4083 891 4120 vera
923 4069 1076 4120 esset
1104 4063 1295 4116 verbis
1348 4061 1623 4115 mollibus
1671 4066 1726 4116 ct
1773 4065 1958 4131 vanis,
1993 4061 2119 4120 mo-

470 4141 802 4210 lestamque
832 4135 1290 4193 consolationem
1327 4133 1727 4200 all‘erentibus,
1770 4140 1827 4210 et
1871 4137 2121 4207 impera-

472 4213 620 4267 toris
644 4206 859 4285 pietate
891 4210 1230 4285 excusatur;
1265 4210 1624 4285 cumtamen
1680 4206 1822 4262 satis
1872 4206 2121 4285 constet,

471 4300 604 4338 eum
647 4275 830 4348 longe
890 4277 1287 4352 impiissimum
1350 4275 1530 4352 fuisse
1565 4293 1785 4352 :_quem
1845 4284 1902 4333 et
1956 4275 2119 4352 impii

481 4355 729 4409 Herodis
761 4347 1064 4408 morbo—ob
1098 4347 1456 4419 suaﬂagitia
1489 4349 1752 4419 periisse,
1787 4353 1982 4405 cuncti
2007 4347 2123 4408 fere

474 4426 740 4482 scribunt
771 4421 1055 4478 historici.
1083 4418 1522 4489 Luitbprandus
1555 4427 1705 4475 certe
1737 4421 1822 4475 vir
1858 4424 1967 4478 «ob
1991 4442 2121 4479 eru-

475 4498 759 4553 ditionem
784 4500 840 4550 et
861 4493 1231 4567 prudentiam
1260 4491 1476 4567 multa},
1513 4498 1573 4546 ut
1605 4492 1685 4567 ait
1715 4492 2122 4567 Bellarminus,

473 4563 892 4625 auctoritatis?)
918 4567 990 4635 (is
1020 4569 1335 4636 estquam.
1381 4563 1760 4636 Berengarius
1805 4563 2126 4636 imperator

470 4642 729 4713 legatum
785 4634 948 4692 misit
977 4637 1074 4713 ad
1111 4634 1578 4713 Constantinum
1622 4636 1762 4713 imp.
1828 4634 2115 4713 Graecum)

470 4706 618 4768 libro
651 4730 667 4766 1
701 4713 900 4766 Rerum
927 4708 998 4762 ab
1029 4709 1261 4780 Europae
1291 4706 1730 4780 imperaforibas
1791 4725 1856 4762 ar
1901 4706 2125 4780 regibus

474 4788 770 4856 gestorum,
805 4782 884 4856 ita
913 4781 982 4836 de
1025 4777 1322 4856 Arnulpbo
1375 4795 1476 4856 pen
1521 4777 1730 4856 letbale
1783 4777 2057 4856 poculum
2093 4802 2120 4838 a

478 4849 748 4911 sensibus
784 4853 1038 4909 alienato
1070 4849 1273 4905 scribit
1309 4866 1320 4903 :
1374 4872 1398 4896 ‹‹
1435 4850 1612 4904 Credo
1674 4857 1865 4906 autem
1916 4855 2121 4909 Arnul-

480 4928 552 4998 pb
567 4945 656 4982 um
675 4942 864 4995 regem
891 4925 1058 4998 justa
1073 4920 2120 4998 severijndiciscensurahujusmodi

478 4993 702 5071 pestem
737 4993 1077 5071 incurrisse.
1112 4993 1387 5071 Secundae
1419 4993 1573 5071 enim
1610 5011 1701 5071 res
1749 4995 1885 5071 dum
1940 5013 2121 5069 Impe-

480 5065 630 5126 rium
665 5071 843 5139 hujus
871 5068 1086 5138 ubique
1105 5065 1568 5139 magniﬁcarcnt,
1600 5066 1812 5120 virtute
1843 5084 1960 5121 sua)
1980 5065 2112 5124 cun-

485 5149 576 5197 cta
603 5136 832 5206 tribuit,
880 5136 1290 5194 non‘debitum
1309 5136 1688 5205 omnipotenti
1719 5139 1826 5193 Deo
1847 5140 2123 5197 honorem

486 5214 760 5269 reddidit.
795 5210 1131 5266 Sacerdotes
1175 5207 1469 5262 Deivincti
1495 5208 1912 5264 trahebantur:
1943 5230 2121 5268 sacrae

475 5285 729 5355 virgines
761 5284 814 5338 vi
846 5281 1347 5355 opprimebantur,
1375 5281 1700 5355 conjugataz
1731 5281 2118 5351 violabantur,

476 5351 676 5426 Neque
707 5355 862 5412 enim
888 5351 1148 5409 ecclesiae
1195 5351 1677 5426 confugientibus
1704 5357 1968 5420 poterant
1995 5372 2124 5410 esse

477 5422 725 5501 asylum.
761 5429 821 5482 In
857 5427 950 5481 his
983 5440 1234 5501 namque
1266 5422 1530 5501 symbols
1575 5423 1884 5501 faciebant,
1917 5433 2121 5501 gestus

476 5495 704 5571 turpes,
739 5506 948 5554 cantus
981 5498 1344 5571 ludicroset
1385 5495 1888 5571 debacchationes.
1926 5498 2033 5554 Sed
2068 5503 2123 5554 et

482 5566 759 5628 mulieres
811 5572 866 5625 in
893 5570 1092 5626 eodem
1141 5566 1372 5637 publice
1431 5568 1956 5637 prostituebantur.
1994 5593 2021 5620 »
2055 5572 2121 5626 Et

410 5689 420 5695 .
478 5646 652 5716 paulo
689 5643 934 5698 inferius
969 5642 1036 5696 de
1071 5643 1254 5716 morte
1283 5639 1788 5716 ejusturpissima
1820 5643 1904 5696 sic
1943 5643 2121 5716 subji-

479 5710 558 5774 cit
594 5736 605 5773 :
643 5741 670 5767 «
703 5711 1199 5789 protectusqnein
1233 5710 1486 5789 propria,
1521 5712 1864 5789 turpissima
1901 5710 2120 5770 valetn-

481 5790 621 5845 dine
669 5781 1303 5859 eispiravitflitinutis
1331 5782 1548 5859 quippe
1597 5785 1916 5859 vermibus,
1976 5803 2123 5859 quos

485 5854 791 5933 pediculos
822 5859 1007 5927 aiunt,
1038 5854 1410 5911 vehementer
1431 5855 1684 5914 afﬂictus
1704 5854 1974 5930 spiritum
1991 5854 2125 5916 red-

2158 4520 2201 4582 D
2235 4505 2351 4582 tam
2381 4514 2636 4582 sacrum,
2694 4503 2810 4582 tam
2875 4499 2974 4553 reli

2230 3210 2340 3264 sub
2373 3225 2592 3262 annum
2623 3208 2857 3263 Domini
2890 3210 3421 3278 nongentesimum.

2299 3281 2532 3343 Quinto.
2567 3280 2868 3343 Quomodo
2921 3281 3109 3351 potuit
3139 3281 3285 3335 tanti
3337 3281 3694 3335 Francorum
3737 3296 3876 3350 apo-

2228 3352 2364 3406 stoli
2395 3369 2628 3422 corpus,
2667 3356 2824 3406 tanta
2857 3367 3088 3420 semper
3117 3369 3259 3407 cura
3290 3354 3674 3421 custoditum,
3716 3357 3879 3406 tanta

2231 3423 2575 3494 populorum
2636 3425 3005 3478 veneratione
3064 3423 3316 3491 cultum,
3348 3424 3493 3479 tanti
3554 3441 3588 3478 a
3649 3422 3877 3478 cunctis

2227 3498 2580 3550 Francorum
2620 3496 2854 3565 regibus
2885 3494 3385 3564 mstimatum,aut
3406 3494 3608 3551 insciis
3639 3499 3744 3549 aut
3766 3495 3875 3550 dis-

2229 3565 2648 3621 simulantibus
2666 3566 2860 3639 bancti
2888 3567 3148 3638 Dionysii
3173 3567 3477 3623 coenobitis
3498 3583 3528 3639 e
3550 3572 3877 3639 cryptasua

2229 3640 2375 3708 erui,
2408 3655 2438 3693 e
2469 3638 2820 3694 monasterio
2850 3639 3038 3706 educi,
3071 3655 3101 3693 e
3133 3655 3307 3707 regno
3337 3638 3547 3703 etl‘erri,
3582 3637 3878 3693 ut'nullus

2229 3714 2467 3765 omnino
2502 3711 2573 3764 ad
2615 3727 2970 3780 quemquam
3012 3710 3366 3765 Francorum
3421 3727 3484 3764 ra
3532 3710 3568 3764 ti
3612 3711 3707 3765 sui
3748 3726 3879 3780 apo-

2231 3781 2365 3835 stoli
2399 3799 2594 3835 rumor
2624 3788 2724 3835 aut.
2747 3798 3011 3835 murmur
3041 3783 3370 3835 emanaret?
3402 3728 3602 3835 nullus
3633 3783 3876 3835 verbum

2231 3781 2365 3836 stoli
2399 3799 2594 3838 rumor
2624 3788 2724 3836 aut.
2747 3798 3011 3836 murmur
3041 3783 3370 3837 emanaret?
3402 3781 3602 3837 nullus
3633 3783 3876 3836 verbum

2234 3871 2412 3925 unum
2448 3854 2701 3909 taceret?
2723 3858 2864 3907 Nam
2885 3855 3122 3922 ﬁngere,
3143 3870 3345 3908 omnes
3377 3870 3619 3924 prorsus
3643 3853 3876 3925 religio-

2231 3943 2327 3979 sos
2359 3924 2516 3980 illius
2539 3925 2783 3980 coenobii
2819 3927 2899 3979 ita
2928 3925 3059 3979 vino
3083 3942 3408 3996 somnoque
3432 3926 3611 3980 fuisse
3635 3924 3879 3981 obrutos

2231 3997 2716 4068 sepultosque,ut
2751 3998 2888 4066 quid
2911 3997 3064 4051 domi
3091 4002 3410 4068 gereretur,
3444 3999 3780 4066 nescirent;
3819 4000 3880 4051 ut

2231 4068 2524 4149 clavesad
2559 4070 2704 4149 tanti
2736 4068 3170 4149 subreptionem
3206 4068 3470 4149 thesauri
3495 4068 3578 4123 vel
3601 4070 3772 4149 _ultro
3796 4069 3878 4148 οξ-

2235 4140 2467 4204 ferrent,
2502 4141 2586 4194 vel
2621 4157 2653 4194 a
2690 4157 2751 4194 se
2806 4138 2930 4211 tolli
2964 4156 3077 4194 non
3129 4140 3638 4211 persentiscerent,
3699 4138 3877 4195 nimis

2233 4227 2470 4280 vanum,
2503 4212 2678 4266 nimis
2697 4210 3007 4265 ridiculum
3033 4210 3320 4268 est.Adde
3340 4228 3496 4279 vero,
3521 4213 3677 4282 quod
3703 4214 3882 4282 caput

2233 4287 2319 4336 est
2368 4290 2636 4354 extremae
2685 4282 2738 4334 id
2794 4283 3069 4353 nequitiae
3119 4287 3175 4338 et
3228 4284 3625 4354 improbitatis
3675 4283 3878 4345 videri,

2233 4354 2447 4408 audere
2478 4353 2732 4425 aliquem
2768 4358 2998 4409 tantum
3029 4364 3078 4408 et
3111 4360 3228 4410 tam
3262 4353 3620 4411 barrendum
3647 4354 3881 4412 sacrile-

2234 4426 2392 4496 gium
2446 4432 2770 4492 attentare;
2799 4427 3080 4481 nimirum
3114 4427 3166 4480 id
3201 4428 3353 4497 quod
3379 4427 3576 4498 aliquo
3607 4427 3668 4482 in
3702 4443 3879 4498 regno

2982 4498 3211 4622 giosum
3272 4499 3348 4580 sit
3403 4499 3458 4553 id
3511 4500 3673 4581 quod.
3715 4503 3880 4554 tanto

3011 4570 3266 4622 ebretur.
3300 4571 3357 4622 id
3390 4587 3503 4622 auo
3552 4569 3700 4622 nlhll
3749 4586 3879 4622 nre-

2235 4568 2393 4624 cultu
2427 4574 2483 4624 et
2513 4570 2883 4642 veneratione
2921 4568 3266 4635 celebretur,
3300 4570 3357 4624 id
3390 4587 3503 4642 quo
3529 4568 3700 4626 —nihil
3722 4641 3725 4642 ν
3749 4586 3879 4640 pre-

2233 4641 2621 4713 tiosius,nihil
2653 4641 2915 4696 sanctius
2949 4643 3101 4696 inter
3132 4647 3377 4696 cunctas
3407 4641 3544 4713 ejus
3574 4641 3766 4712 gentis
3793 4658 3882 4696 re-

2233 4712 2991 4786 liquias_baheatur,justis
3039 4719 3159 4786 tam
3210 4713 3368 4786 longi
3417 4712 3702 4784 temporis
3745 4730 3878 4769 suc-

2233 4783 2566 4839 cessoribus
2597 4785 2722 4839 sine
2754 4801 2930 4840 causa
2961 4783 3278 4840 subfurari.

2306 4857 2454 4920 Quin
2500 4864 2556 4911 et
2603 4856 2711 4911 hoc
2769 4856 3032 4912 fortassis
3083 4855 3325 4910 minime
3375 4855 3878 4911 contemnendum

2234 4926 2446 4997 aliquis
2469 4929 3029 4997 judicaverit,totam
3053 4927 3573 4998 Ratisponensium
3594 4928 3664 4982 de
3684 4927 3794 4982 hac
3809 4927 3879 4982 ad

2233 5015 2291 5051 se
2316 5001 2700 5056 translatione
2726 4999 2979 5055 fabulam
2997 5003 3186 5053 ortum
3213 4999 3424 5055 habere
3445 5004 3501 5053 et
3524 4998 3879 5070 principium

2232 5071 2305 5125 ab
2337 5070 2590 5127 hominis
2645 5088 2894 5143 nequam
2953 5075 3010 5143 et
3066 5071 3336 5142 sacrilegi
3391 5071 3545 5143 dicto
3575 5071 3882 5142 ctjureju-

2233 5144 2436 5198 rando:
2473 5145 2563 5198 cui
2597 5142 2790 5211 potius
2821 5142 3109 5198 creditum
3133 5143 3208 5198 sit
3231 5143 3449 5198 dicenti
3473 5142 3618 5197 illud
3643 5159 3878 5214 corpus,

2232 5217 2384 5284 quod
2422 5215 2799 5286 Ratisponam
2838 5215 3069 5269 atl‘erret
3105 5215 3178 5284 (si
3234 5215 3375 5286 quid
3425 5219 3626 5270 tamen
3663 5214 3881 5341 attulit?

2232 5303 2358 5340 esse
2390 5303 2600 5341 cornus
2635 5288 2822 5341 sancti
2860 5286 3136 5341 Dionvsii.
3170 5303 3345 5341 quam
3380 5287 3658 5341 omnibus
3699 5287 3854 5341 simu

2232 5303 2358 5340 esse
2390 5303 2600 5357 corpus
2635 5288 2822 5342 sancti
2860 5286 3136 5357 Dionysii,
3170 5303 3345 5356 quam
3380 5287 3658 5342 omnibus
3699 5287 3854 5342 simu

2231 5357 2520 5430 religiosis
2555 5358 2887 5430 Dionysiani
2923 5358 3169 5412 coenobii
3207 5358 3258 5430 id
3303 5363 3503 5414 sancte
3547 5375 3878 5430 pernegan-

2233 5429 2392 5510 tibus
2422 5435 2597 5511 atque
2639 5429 2790 5511 apud
2847 5447 2907 5511 se
2961 5445 3088 5484 esse
3137 5429 3328 5511 palam
3366 5429 3875 5511 monstrantibus,

2234 5501 2349 5554 imo
2382 5509 2438 5555 et
2471 5501 2726 5556 externis
2759 5501 2996 5569 regibus
3030 5518 3094 5556 ac
3125 5501 3493 5572 principibus
3526 5501 3582 5556 id
3605 5503 3876 5573 proﬁten-

2232 5573 2411 5627 tibus.
2448 5573 2591 5628 Vide
2625 5591 2804 5644 supra
2836 5578 3010 5642 caput
3037 5574 3105 5626 27
3138 5573 3280 5627 Vita:
3315 5573 3411 5628 ubi
3457 5573 3636 5628 verba
3685 5573 3873 5629 sancti

2233 5645 2484 5698 Eduardi
2547 5643 2714 5710 regis
2756 5643 3094 5716 Anglorum.
3156 5645 3374 5716 scripta
3432 5661 3586 5700 anno
3650 5647 3870 5700 Domini

2234 5717 2544 5771 millesimo
2568 5715 3055 5787 quinquagesimo
3089 5732 3261 5779 nono,
3286 5715 3539 5781 laudavi,
3566 5717 3621 5770 in
3658 5717 3872 5787 quibus

2232 5789 2392 5860 dicit,
2425 5795 2692 5844 sanctum
2732 5788 3072 5860 Dionysium
3098 5787 3492 5860 apudAnglos
3516 5789 3755 5859 quidem
3780 5806 3869 5845 ce-

2230 5859 2408 5920 lebris
2431 5861 2722 5919 memoria:
2747 5858 3057 5932 nominari,
3080 5860 3236 5932 apud
3257 5858 3512 5920 Francos
3535 5858 3739 5920 autem
3763 5861 3870 5920 coli
