4162 6368
283 320 389 376 953

1185 310 1489 365 MARTINI
1526 308 1796 363 DELRIO
1833 307 2176 361 VlNDlCIzE
2217 307 2787 363 ARBOPAGITICE.

3589 310 3697 367 954

282 452 338 504 et
364 445 589 501 haberi.
625 443 684 499 Si
732 458 868 513 ergo
917 439 1070 511 apud
1118 437 1368 492 Francos
1401 438 1523 515 erat
1554 449 1707 515 anno
1740 430 1933 514 mille-
1965 435 2018 499 Α
2049 447 2177 515 esse
2210 431 2591 515 Rat-isponasr“?
2617 432 3147 515 Maneatproinde,
3193 441 3255 515 ut
3286 435 3454 515 longe
3481 439 3696 515 proba-

284 521 435 576 simo
467 504 971 588 quinquagesimo
1015 526 1187 588 nono,
1224 508 1517 588 quomodo
1567 504 1935 588 decernipo-

283 592 416 654 tuit,
440 578 594 645 anno
620 578 930 643 miIIEsimo
956 578 1449 653 quinquagesimo
1472 578 1729 654 secundo
1758 578 1936 630 fuisse

280 649 419 719 olim
452 663 513 715 in
544 658 919 716 Germaniam
970 649 1348 719 translatum,
1387 657 1557 720 atque
1609 649 1933 704 etiamnum

562 824 745 833 —_.—~

2050 503 2246 585 bilius,
2296 503 2515 558 dictum
2549 504 2607 559 S.
2641 503 3195 585 Dionysii__corpus_
3220 509 3277 585 in
3310 503 3552 585 Francia
3581 528 3689 583 p0—

2047 576 2165 629 tius
2214 592 2364 701 esse,
2398 592 2574 646 quam
2610 576 2839 647 uspiam
2873 577 3011 633 alibi
3049 576 3152 635 :‘et
3184 580 3277 637 hic
3310 581 3387 636 sit
3416 576 3693 654 quaestio-

2047 663 2189 701 num
2245 664 2378 701 nnis.

2047 663 2189 702 num
2226 663 2378 702 llDlS.

2242 814 2406 823 ..ρο-ο--
2426 815 3071 823 -ν---οα--Μῴ--φ-υ

1450 968 2506 1136 EXCERPTA

989 1408 1994 1531 MABTINI
2152 1406 2993 1527 DEEBIO

1210 1629 1757 1745 VINDICIIS
1836 1627 2742 1746 ABEOPAGITICIS.

270 1834 422 1891 594
456 1834 590 1889 Cum
620 1835 882 1905 pleraque
913 1834 1361 1905 adversariorum
1393 1839 1734 1899 argumenta,
1768 1847 1887 1905 qua:
1917 1830 1994 1884 ait
2024 1829 2255 1905 Operam
2283 1830 2599 1905 S.Dionysii
2629 1831 3361 1905 auctoritatemelevandum
3388 1830 3685 1905 obiiciunt,

336 1908 459 1975 fuse
488 1906 622 1960 satis
655 1911 707 1961 et
734 1902 991 1961 accurate
1018 1924 1051 1960 a
1082 1904 1374 1960 reverenda
1400 1909 1462 1957 P.
1496 1906 1658 1958 Petro
1690 1904 1941 1969 Haltoix,
1974 1903 2273 1972 qumstione
2302 1903 2367 1971 ll,
2412 1917 2537 1975 quae
2565 1910 2644 1975 est
2671 1902 2733 1975 de
2759 1902 2981 1972 scriptis
3011 1904 3066 1958 S.
3099 1902 3370 1974 Dionysii,
3420 1902 3604 1957 soluta
3636 1906 3685 1957 et

338 1974 584 2055 ecfututa
614 1979 750 2055 sint,
782 1994 852 2032 ne
882 1977 1079 2055 iisdem
1108 1976 1413 2055 repetendis
1444 1976 1637 2055 lectori
1664 1990 1934 2055 nauseant
1965 1989 2297 2055 mouerimus,
2350 1990 2419 2028 ea:
2469 1974 2753 2055 Vindiciis
2794 1974 3227 2055 freopagiticis
3274 1975 3431 2055 ΙζλΡ.
3467 1975 3693 2055 Martini

340 2045 433 2104 De!
442 2048 523 2104 rio
554 2065 619 2103 ea
648 2052 919 2103 duntaxat
947 2045 1278 2117 argumenta
1308 2053 1358 2103 et
1389 2048 1753 2117 antiquorum
1785 2045 2109 2099 testimonia
2138 2047 2502 2116 proferemus,
2529 2046 2601 2100 ad
2630 2062 2757 2117 qui?
2786 2045 3011 2101 Hattoix
3037 2045 3353 2116 compendii
3381 2062 3546 2101 causa
3578 2046 3685 2101 tec-

342 2125 513 2176 torem
546 2120 781 2175 remittit
811 2139 829 2175 :
860 2128 914 2176 et
943 2136 1072 2175 sane
1103 2124 1322 2176 tantum
1351 2118 1609 2189 ponderis
1640 2118 1837 2173 habent
1868 2117 1954 2173 ad
1985 2118 2101 2173 hac
2129 2119 2305 2187 Opera
2334 2122 2393 2173 S.
2434 2117 2694 2190 Dionysii
2722 2117 3091 2184 vindicanda,
3132 2126 3193 2173 ut
3242 2134 3399 2173 nemo
3446 2118 3688 2188 prudens

341 2192 586 2263 amplius
615 2192 680 2247 de
710 2192 785 2248 iis
817 2193 1083 2247 dubitare
1106 2207 1267 2263 posse
1296 2191 1569 2246 videatur.

816 2454 913 2508 EX
951 2452 1201 2507 CAPITE
1240 2451 1387 2505 VIII.

270 2543 383 2610 Qui
412 2544 647 2614 factum,
680 2552 739 2597 ut
771 2546 847 2599 tot
875 2543 1040 2597 annis
1066 2541 1183 2668 natae
1222 2542 1392 2614 Opera
1450 2539 1701 2611 Dionysii
1750 2540 1922 2594 latue-

1028 2630 1115 2668 rm
1150 2656 1161 2667 .

1028 2630 1161 2668 νιηι.

342 2738 595 2819 Ιᾴηυηο
645 2742 914 2819 superest
943 2736 1365 2819 ambiguitatis
1400 2753 1411 2791 :
1442 2735 1534 2819 yix
1566 2735 1741 2819 “enim
1795 2734 1921 2817 qui:

268 2810 523 2865 busdam
577 2805 858 2865 credibile
902 2805 1236 2875 visumftot
1285 2808 1513 2863 saeculis
1566 2808 1621 2862 Β.
1656 2805 1922 2877 Dionysii

270 2882 656 2953 Areopagitae,
686 2888 805 2936 tam
840 2880 979 2937 clari
1015 2888 1071 2936 et
1102 2880 1405 2951 apostolici
1438 2879 1546 2933 viri
1593 2878 1773 2933 libros
1822 2894 1921 2932 oc-

266 2953 481 3010 cultari
531 2953 827 3023 potuisse;
873 2960 1047 3023 atque
1098 2957 1439 3024 suspectum
1488 2955 1745 3024 estpeos
1783 2958 1915 3024 tam

268 3024 470 3081 subito
502 3022 569 3079 ex
602 3025 743 3080 adeo
794 3022 1093 3080 diuturnis
1139 3022 1394 3079 tenebris
1426 3028 1481 3077 et
1530 3022 1747 3078 abditis
1780 3022 1921 3076 late-

268 3096 396 3151 bris
428 3098 760 3152 emersisse.
794 3096 907 3150 Nec
939 3113 1086 3152 nova
1118 3096 1365 3167 quaestio
1408 3100 1515 3162 est,
1551 3111 1654 3149 nec
1704 3095 1923 3167 intacta

263 3168 617 3239 D.Dionysii
647 3168 1001 3235 vindicibus,
1038 3166 1246 3223 causas
1278 3168 1623 3239 peridoneas
1654 3166 1921 3239 reddide-

266 3245 434 3295 runt.
468 3237 659 3296 Prima
686 3245 773 3295 est
805 3239 995 3293 Suidaa
1029 3245 1086 3294 et
1116 3237 1409 3294 Anastasii
1464 3237 1918 3301 Bibliothecarii,

266 3328 449 3383 quam
475 3311 569 3366 his
594 3312 785 3366 verbis
802 3311 1057 3366 Joannes
1080 3312 1404 3366 Saracenus
1432 3309 1920 3383 proposuitepist.

266 3380 345 3440 ad
376 3383 633 3439 Odonem
667 3384 724 3439 S.
765 3383 1015 3453 Dionysii
1054 3384 1325 3438 abbatem
1366 3400 1377 3436 :
1415 3380 1443 3430 «ἐ
1476 3382 1620 3444 Quia
1652 3380 1924 3453 citholici

266 3455 665 3511 obtestatione
714 3456 771 3510 S.
803 3452 1066 3525 Dionysii
1117 3461 1283 3510 erant
1324 3453 1608 3525 obstricti,
1644 3468 1714 3506 ne
1744 3452 1924 3525 impef

267 3528 403 3582 rita;
433 3526 927 3591 multitudini,sed
961 3523 1106 3581 solis
1137 3528 1325 3581 doctis
1359 3542 1465 3580 sua
1498 3523 1923 3595 scripta,quasi

267 3599 598 3653 multorum
667 3600 1049 3669 capacitatem
1119 3598 1478 3663 excedentia,
1550 3595 1920 3669 revelarent:

263 3672 464 3725 doctis
496 3675 691 3724 autem
726 3668 1005 3739 paulatim
1041 3670 1452 3725 deficientibus
1485 3668 1675 3738 (culpa
1721 3683 1923 3721 eorum

263 3743 551 3806 maxime,
583 3746 647 3796 ut
680 3742 943 3813 reor,qui
980 3742 1350 3811 prrelationes
1382 3740 1763 3795 ecclesiarum
1798 3740 1924 3813 suis

1954 2450 2000 2514 B
2029 2456 2180 2515 eant,
2216 2468 2284 2506 ne
2319 2456 2541 2521 pateret
2574 2457 2843 2508 sanctum
2893 2452 3161 2518 canibus,
3209 2456 3312 2506 aut
3344 2450 3534 2523 porcis
3559 2450 3677 2521 spi-

2033 2524 2576 2596 ritalesmargaritaa
2592 2526 2714 2596 proj
2726 2526 3014 2580 icerentur
3027 2524 3316 2594 (a).Quare
3330 2522 3463 2577 cum
3479 2522 3680 2594 Orige-

2034 2609 2158 2660 nes,
2210 2595 2498 2667 Eusebius
2547 2595 2723 2666 atque
2769 2601 2824 2652 Β.
2865 2597 3269 2667 Hieronymus,
3320 2596 3676 2667 scriptorum

2032 2666 2561 2740 ecclesiasticorum
2592 2665 2920 2740 catalogum
2956 2665 3234 2731 texentes,
3271 2666 3490 2721 nullam
3523 2665 3677 2740 Ope-

2033 2753 2165 2791 rum
2189 2739 2386 2811 sancti
2424 2740 2675 2811 Dionysii
2712 2738 3069 2795 mentionem
3104 2740 3340 2806 faciant,
3375 2755 3487 2793 non
3540 2738 3676 2792 inde

2034 2809 2321 2878 sequitur,
2358 2809 2479 2865 haec
2508 2809 2697 2882 Opera
2742 2818 2883 2866 tunc
2940 2812 3201 2866 nondum
3233 2810 3547 2873 exstitisse,
3578 2814 3680 2864 aut

2033 2897 2101 2935 ex
2122 2882 2496 2955 ignoratione
2526 2886 2597 2939 ab
2629 2884 2774 2955 ipsis
2804 2882 3027 2955 omissa
3055 2883 3274 2950 fuisse;
3306 2882 3447 2952 quin
3482 2883 3679 2951 potius

2034 2952 2234 3025 eadem
2289 2952 2587 3022 religionis
2635 2952 2834 3010 studio
2866 2954 3102 3009 siluisse
3135 2955 3379 3025 putandi
3412 2960 3571 3019 sunt,
3607 2970 3678 3007 ne

2034 3024 2173 3097 dum
2206 3024 2471 3093 ipsorum
2525 3026 2771 3097 catalogi
2805 3028 2874 3081 ad
2909 3024 3171 3081 omnium
3218 3026 3437 3097 passim
3472 3042 3678 3079 manus

2034 3096 2392 3163 deveniront,
2426 3099 2473 3152 si
2508 3100 2563 3153 in
2599 3099 2671 3153 iis
2704 3096 2912 3153 horum
2947 3099 3118 3169 (quos
3149 3096 3681 3169 Ecclesiaipseque

2032 3169 2345 3239 Dionysius
2379 3188 2492 3225 non
2527 3188 2695 3226 secus
2726 3188 2791 3225 ac
2841 3167 3121 3238 mysteria
3151 3186 3278 3240 quas
3310 3171 3369 3224 in
3404 3167 3548 3239 ipsis
3578 3184 3679 3223 ac-

2034 3241 2406 3297 curatissime
2452 3242 2839 3312 explicantur,
2874 3242 3205 3297 rudioribus
3258 3242 3536 3295 abscondi
3578 3256 3678 3295 cu-

2036 3312 2251 3383 piebat)
2304 3314 2523 3368 mentio
2571 3314 2751 3381 ﬁeret,
2802 3313 3051 3367 curiosis
3101 3328 3240 3367 ansa
3305 3312 3680 3383 praeberetur,

2036 3386 2215 3453 ipsos.
2254 3384 2334 3437 uti
2370 3386 2427 3439 in
2478 3386 2726 3439 vetitum
2763 3400 2995 3454 semper
3033 3384 3299 3443 nitimur.
3349 3384 3679 3438 studiosius

2034 3455 2450 3523 investigandi,
2483 3463 2537 3511 et
2568 3461 2991 3525 consequenter
3024 3462 3144 3510 tam
3178 3471 3275 3509 eos
3306 3470 3483 3524 quam
3518 3471 3683 3509 sacra

2036 3527 2313 3597 mysteria
2344 3529 2493 3584 595
2530 3530 2591 3582 in
2623 3528 2694 3583 iis
2724 3533 3019 3595 contenta,
3070 3532 3272 3581 contra
3328 3531 3680 3597 praeceptum

2041 3597 2265 3652 Domini
2299 3605 2356 3653 et
2396 3605 2649 3655 mentem
2700 3602 2991 3666 Ecclesiae,
3042 3598 3299 3668 profanis
3331 3604 3388 3653 et
3431 3597 3682 3669 impuris

2036 3669 2377 3726 hominibus
2412 3671 2777 3743 propalandi.

2105 3745 2237 3795 Haec
2268 3739 2462 3797 autem
2488 3739 2716 3798 videtur
2746 3742 2886 3797 mihi
2914 3742 3094 3797 fuisse
3126 3740 3270 3797 ratio
3302 3739 3606 3795 verissima
3628 3743 3684 3795 et

264 3814 728 3895 guibuscunque
778 3810 1111 3895 conferunt,
1141 3814 1429 3895 litteratos
1452 3810 1924 3895 gespuunt).qui-
1958 3829 2003 3895 ρ
2045 3813 2541 3895 probabilissima,
2574 3832 2678 3870 cur
2706 3816 2763 3870 in
2798 3830 3168 3895 communem
3204 3812 3552 3883 scriptorum
3588 3829 3681 3895 ca-

263 3884 383 3941 bus
415 3885 875 3949 committerent,
914 3900 1026 3939 non
1063 3884 1414 3939 habuerunt.
1450 3884 1713 3937 Forsitan
1748 3884 1925 3938 etiam

262 3959 409 4039 inde
446 3958 832 4039 Ilierpnymus
882 3955 1447 4038 excellentissimum
1491 3955 1925 4039 AreOpagitam,

261 4031 429 4084 inter
477 4028 906 4084 ecclesiasticos
954 4029 1266 4099 scriptores
1298 4046 1413 4083 non
1462 4028 1926 4094 connumeravit,

262 4102 413 4172 quia
445 4102 577 4169 ejus
610 4100 813 4167 libros,
854 4098 1135 4168 tanquam
1169 4101 1516 4166 eminentes,
1552 4116 1666 4153 non
1708 4098 1931 4172 putavit

263 4171 342 4228 ad
380 4188 757 4227 communem
792 4172 1062 4227 notitiam
1098 4174 1429 4243 deputatos.
1468 4192 1494 4219 ››
1526 4172 1616 4225 Sic
1647 4188 1780 4238 ergo
1810 4171 1929 4226 hinc

260 4246 465 4317 prima
497 4244 895 4311 causa,caligo
930 4244 1346 4317 etobscuritas
1381 4243 1927 4317 scriptionis,quam

261 4314 443 4388 pauci
500 4320 772 4388 poterant
826 4315 1156 4385 dispellere,
1192 4326 1246 4388 et
1305 4314 1689 4388 intelligentia
1752 4332 1927 4384 pene-

259 4386 447 4443 trare.
482 4388 626 4443 Hine
683 4387 837 4440 enim
891 4391 1028 4440 nata
1081 4386 1347 4456 paucitas
1379 4387 1840 4440 describentium
1875 4390 1931 4439 et

262 4461 593 4529 legentium
631 4460 881 4523 raritas;
917 4473 1089 4527 quam
1124 4462 1326 4511 secuta
1359 4457 1625 4511 socordia
1654 4456 1925 4529 etnegle-

263 4528 387 4588 otio
417 4530 923 4586 contemnentium
980 4546 1094 4583 non
1149 4529 1463 4590 intellecta,
1499 4533 1563 4581 ut
1611 4528 1733 4581 fieri
1765 4529 1927 4581 vide-

264 4622 425 4668 mus,
461 4609 517 4657 et
548 4602 781 4657 Juiiano
830 4604 1121 4673 Apostata:
1157 4602 1365 4656 beatus
1406 4601 1807 4673 Nazianzenus
1838 4616 1929 4652 ex-

264 4674 588 4747 probravit.
624 4671 1165 4747 Semper'aliquos
1200 4674 1380 4728 fuisse
1413 4673 1514 4743 qui
1545 4671 1725 4725 libros
1760 4688 1927 4747 nove-

264 4744 423 4811 rant,
457 4763 525 4800 ex
556 4744 940 4816 sequentibus
976 4745 1232 4815 patebit;
1269 4762 1449 4816 quare
1481 4761 1593 4798 non
1628 4744 1925 4811 omnibus,

265 4820 372 4876 sed
407 4817 702 4889 plerisque
732 4817 912 4887 ignoti
950 4816 1267 4889 latuerunt,
1290 4817 1444 4889 quod
1483 4817 1677 4870 minus
1712 4816 1927 4889 miran-

265 4888 576 4955 dum’,cum
613 4890 907 4959 plerisque
926 4888 1319 4959 scriptoribus
1338 4890 1595 4944 sciamus
1624 4888 1925 4942 accidisse.

265 4965 446 5019 Porro
482 4962 543 5015 D.
582 4961 841 5033 Dionysii
878 4962 1188 5015 obtestatio
1238 4960 1339 5015 illa
1372 4961 1705 5033 continetur
1739 4964 1815 5013 De
1839 4976 1928 5014 ec-

263 5034 577 5091 clesiastica
628 5030 972 5097 hierarchia,
1022 5050 1149 5103 cap.
1190 5036 1239 5099 1,
1276 5034 1332 5087 in
1369 5030 1655 5103 principio
1688 5037 1741 5084 et
1775 5033 1927 5098 ﬁne;

267 5110 343 5163 De
370 5107 577 5232 diuinis
617 5107 963 5175 nominibus,
997 5121 1121 5176 cap.
1156 5105 1177 5159 l
1212 5124 1224 5173 ;
1260 5107 1331 5160 De
1362 5106 1603 5174 mystica
1634 5103 1926 5172 theologia,

267 5195 399 5232 can.
482 5218 492 5230 .

267 5195 399 5245 cap.
438 5195 492 5232 1.

342 5249 447 5305 Ubi
485 5252 642 5307 nota.
678 5249 735 5303 S.
770 5248 1115 5317 Dionysium
1148 5246 1367 5318 passim
1406 5245 1712 5318 Timotheo
1746 5244 1931 5299 incul-

265 5338 423 5387 care,
450 5326 513 5376 ut
545 5320 686 5375 solis
716 5320 1083 5375 antistitibus
1115 5317 1204 5375 sui
1241 5318 1533 5374 similibus
1566 5317 1684 5371 haec
1712 5319 1930 5388 scripta

269 5392 777 5457 communicaret;
811 5396 868 5447 et
898 5395 1181 5460 tanquam
1217 5408 1429 5445 arcana
1461 5390 1725 5460 quadam
1763 5406 1927 5445 sacra

267 5465 445 5534 vulgo
495 5465 797 5519 inaccessa
848 5469 1026 5532 atque
1074 5462 1419 5517 intemerata
1452 5470 1723 5517 servaret.
1762 5462 1923 5524 Quod

268 5553 388 5615 non
423 5535 1037 5615 mirabiturguisquis
1061 5551 1183 5615 _non
1218 5534 1458 5603 ignarus
1490 5538 1781 5603 est,quam
1807 5541 1926 5588 stu-

269 5609 438 5663 diose
470 5606 527 5661 in
565 5606 820 5662 Ecclesia
853 5606 1149 5676 primitiva
1192 5611 1690 5661 sacramentorum
1742 5610 1797 5661 et
1828 5623 1923 5660 sa-

271 5695 505 5735 crarum
535 5679 1013 5733 caeremoniarum
1038 5678 1457 5747 religionisque
1476 5677 1923 5747 mysteria,non-

271 5754 410 5807 dum
448 5748 697 5805 initiatis
730 5768 797 5805 ac
827 5750 1089 5821 profanis
1122 5748 1464 5805 hominibus
1497 5748 1779 5806 abscondi
1814 5749 1925 5805 sol-

342 5877 422 5951 (a)
453 5873 662 5933 Matth.
695 5889 797 5941 vn,
826 5876 880 5931 6.

2046 3883 2304 3953 talogum
2350 3887 2484 3941 olim
2538 3888 2725 3942 sancti
2776 3884 3030 3958 Dionysii
3088 3888 3273 3957 Opera
3323 3902 3437 3940 non
3473 3883 3686 3958 iuerint

2042 3958 2349 4013 recensita.
2382 3960 2703 4014 Conﬁrmat
2754 3958 2904 4014 hanc
2929 3956 3269 4029 opinionem
3308 3972 3497 4011 meam
3530 3956 3685 4026 epis-

2039 4029 2157 4083 tola
2207 4030 2423 4085 Nicolai
2461 4049 2618 4101 papa:
2652 4032 2719 4084 ad
2754 4028 3021 4084 Carolum
3065 4030 3326 4101 Calvum,
3360 4028 3532 4097 cujus
3563 4044 3684 4101 me-

2041 4101 2212 4155 minit
2242 4099 2600 4157 Baroniust.
2637 4102 2703 4163 X,
2734 4119 2886 4155 anno
2938 4101 3150 4154 Christi
3180 4100 3305 4155 878.
3349 4101 3491 4154 Cum
3526 4099 3685 4153 enim

2039 4174 2294 4228 Joannes
2325 4175 2534 4227 Scotus
2567 4175 2812 4242 Erigena
2848 4172 3093 4225 Athenis
3125 4170 3549 4242 studuisset,et
3582 4170 3688 4242 ibi-

2041 4246 2196 4324 dem,
2251 4245 2596 4324 ulihcurioso
2632 4241 2770 4324 erat
2813 4244 3066 4324 ingenio,
3100 4241 3397 4313 exemplar
3449 4241 3684 4309 aliquod

2041 4316 2304 4370 Graecum
2340 4315 2667 4388 S.Dionysii
2699 4315 3105 4382 investigando
3139 4322 3349 4388 nactus
3380 4321 3687 4388 e_sset,_sua

2041 4404 2217 4442 manu
2252 4388 2399 4441 clam
2434 4384 2790 4458 descriptum
2825 4403 3023 4441 secum
3060 4388 3114 4440 in
3148 4385 3365 4458 Gallias
3397 4384 3690 4458 detulit,et

2039 4476 2070 4513 a
2103 4475 2165 4513 se
2200 4460 2398 4513 Latine
2448 4455 2897 4529 interpretatum
2946 4458 3150 4514 Carolo
3199 4457 3367 4512 Calvo
3399 4455 3689 4529 dedicavit

2040 4546 2105 4583 ac
2167 4530 2499 4599 publicavit.
2562 4527 2679 4586 Hoc
2738 4530 3054 4596 intellecto,
3106 4530 3377 4586 Nicolaus
3432 4527 3688 4598 pontifex

2038 4602 2505 4672 Maximus,quod
2532 4603 2809 4658 nimirum
2837 4602 2946 4656 sub
2975 4602 3126 4673 regis
3146 4601 3340 4657 Galliis
3364 4600 3685 4673 patrocinio

2040 4673 2097 4726 S.
2129 4674 2391 4744 Dionysii
2426 4674 2635 4744 Opera,
2666 4692 2789 4741 quae
2824 4672 3109 4744 hactenus
3162 4675 3218 4728 in
3262 4672 3520 4729 Ecclesia
3552 4679 3684 4726 tan-

2039 4761 2214 4813 quam
2247 4743 2488 4800 sacruni
2507 4748 2799 4817 quoddam
2820 4743 3112 4815 κειμήλιον
3134 4748 3282 4815 apud
3310 4761 3505 4800 sacros
3536 4744 3685 4798 anti-

2039 4816 2205 4889 stites
2237 4816 2941 4889 asservabantur,publici
2962 4820 3112 4884 juris
3136 4818 3286 4872 facta
3315 4821 3513 4872 essent
3533 4830 3684 4884 aegre

2039 4888 2284 4960 tulit,uti
2324 4906 2426 4960 par
2455 4897 2563 4953 est,
2589 4908 2650 4945 se
2682 4888 3011 4944 inconsulto
3043 4894 3100 4944 et
3131 4890 3372 4943 minime
3399 4888 3681 4957 requisito

2038 4959 2093 5013 id
2120 4959 2337 5014 factum
2382 4968 2437 5015 et
2464 4979 2609 5016 ausu
2646 4962 2954 5015 temerario
2988 4966 3273 5015 tentatum
3308 4976 3460 5020 esse,
3492 4964 3547 5012 et
3575 4962 3681 5013 Ca-

2040 5031 2228 5086 rolum
2264 5048 2457 5101 regem
2490 5033 2583 5086 his
2622 5035 2816 5087 verbis
2845 5033 3154 5087 admonuit
3186 5049 3197 5086 :
3234 5055 3261 5081 ‹‹
3292 5031 3559 5085 Relatum
3592 5035 3682 5084 est

2042 5103 2397 5173 apostolatui
2432 5110 2655 5165 nostro.
2678 5105 2829 5174 quod
2862 5104 3020 5175 Opus
3053 5103 3202 5159 beati
3224 5101 3479 5175 Dionysii
3514 5103 3684 5175 Areo-

1960 5193 2005 5257 ι)
2042 5176 2269 5257 pagitze,
2302 5177 2451 5257 quod
2486 5177 2555 5231 de
2587 5173 2801 5257 divinis
2830 5173 3314 5257 nominibushvel
3348 5173 3684 5257 coelestibus

2039 5245 2345 5302 ordinibus
2402 5252 2597 5303 Graeco
2656 5248 2968 5315 descripsit
3022 5247 3277 5317 eloquio,
3309 5245 3549 5314 quidam
3596 5245 3684 5299 vir

2036 5320 2296 5374 Joannes
2324 5321 2532 5375 Scotus
2566 5336 2991 5389 genere,nuper
3023 5321 3079 5374 in
3112 5321 3383 5374 Latinum
3418 5322 3680 5372 transtu-

2037 5391 2185 5445 lerit.
2222 5393 2382 5452 Quod
2414 5394 2577 5455 juxta
2610 5409 2828 5446 morem
2867 5391 3036 5446 nobis
3078 5391 3250 5455 mitti,
3285 5396 3340 5445 et
3364 5396 3562 5445 nostro
3585 5390 3680 5458 ju-

2036 5464 2186 5517 dicio
2219 5464 2419 5517 debuit
2450 5465 2778 5535 approbari,
2802 5486 2828 5511 ››
2861 5468 2969 5517 etc.
3004 5464 3229 5529 Quibus
3260 5463 3452 5516 verbis
3487 5461 3680 5531 ponti-

2038 5535 2127 5589 fex
2159 5535 2451 5589 maximus
2503 5537 2656 5589 haud
2706 5536 2951 5589 obscure
3000 5536 3315 5605 signiﬁcat,
3349 5535 3460 5589 ista
3489 5542 3677 5605 Opera

2038 5551 2127 5589 lex
2159 5552 2451 5589 maxxmus
2503 5551 2656 5589 naua
2706 5551 2951 5589 ooscure
3000 5551 3315 5605 Signiucat,
3349 5551 3460 5589 ista
3489 5551 3673 5657 Upera

2034 5623 2162 5661 esse
2196 5609 2251 5660 S.
2285 5607 2543 5677 Dionysii
2596 5607 2950 5677 Areopagitae
2999 5621 3185 5677 neque
3235 5608 3361 5660 sine
3392 5623 3540 5677 pecu
3568 5605 3673 5677 iari

2034 5684 2375 5751 etexprcssa
2394 5675 2688 5750 pontificis
2709 5675 2951 5733 Romani
2985 5675 3676 5751 approbatione—evulgari

2032 5748 2800 5823 debuissellaudquaquam
2821 5768 2959 5807 sane
2979 5748 3039 5807 id
3066 5748 3185 5823 regi
3208 5750 3408 5807 Galliis
3431 5748 3679 5820 scriptu-
