4162 6368
437 279 546 334 959

1347 282 1652 337 ΜΔΒΤΙΝΙ
1690 281 1957 337 DELRIO
1992 280 2332 335 VINDICL/E
2374 278 2945 336 AREOPAGITICE.

3762 283 3871 337 960

442 413 766 479 strinxerit,
796 430 921 485 quae
955 413 1265 485 Dionysius
1300 418 1418 469 tam
1452 414 1578 470 fuse
1612 412 1942 485 explicavit,
1975 427 2090 465 non
2124 410 2177 476 Α
2222 484 2227 485 γ
2262 408 2497 485 _Eodem
2532 410 2712 485 ferme
2740 427 2853 485 quo
2871 410 3154 485 Origenes
3178 406 3634 485 vixit_tempore,
3659 411 3872 485 beatus

444 486 601 541 hunc
634 486 706 540 ab
743 487 843 541 illo
875 487 1224 558 sumpsisse,
1260 488 1355 541 sed
1391 488 1461 541 ab
1494 487 1601 541 hoc
1654 488 1850 558 potius
1901 488 2091 539 muta-

442 563 569 613 tum
602 558 772 612 illum
807 559 1312 629 deberejudicari.

474 673 807 730 Iestimonia
836 691 909 730 ea:
939 673 1192 799 Gregcolr'z'o
1224 672 1607 799 Natzianzveno,
1643 674 1975 745 Hieronymo
2008 678 2060 728 et

1119 762 1293 799 trusos
1320 762 1461 799 omo.

1119 762 1461 817 irysosromo.

510 846 587 896 Ex
619 841 710 897 his
744 842 921 897 etiam
945 844 1227 913 arguebat
1254 842 1524 910 Budaeus,
1550 843 1868 898 arbitratus
1892 843 2090 899 divum

439 913 860 982 Hieronymum
909 915 1057 969 libro
1088 932 1126 969 ιι
1164 918 1425 970 Adversus
1467 916 1843 983 Iovinianum,
1876 915 2090 970 seriem

436 986 837 1057 angelicorum
863 987 1136 1040 ordinum
1166 1003 1229 1040 ex
1258 988 1527 1057 Dionysio
1551 991 1751 1041 nostro
1774 988 2087 1057 accepisse,

432 1057 525 1112 his
556 1057 752 1111 verbis
791 1074 858 1129 :7«
894 1060 1082 1123 Quare
1114 1058 1170 1110 in
1205 1074 1383 1126 regno
1424 1061 1702 1113 ccelorum
1752 1059 2087 1129 archangeli

432 1134 601 1201 sunt,
663 1128 878 1201 angeli,
942 1128 1170 1193 throni,
1232 1130 1686 1195 dominationes,
1746 1128 2085 1201 potestates,

438 1200 765 1269 cherubim,
795 1208 851 1255 et
894 1201 1212 1273 seraphirn,
1246 1206 1302 1255 et
1333 1217 1506 1256 omne
1545 1200 1759 1273 nomen
1792 1204 1945 1273 quod
1980 1220 2084 1257 no-

431 1274 717 1353 minatur,
748 1289 865 1353 non
899 1273 1089 1328 solum
1125 1272 1483 1353 inpraesenti
1520 1272 1751 1353 saeculo,
1780 1272 1879 1329 sed
1907 1273 2082 1353 etiam

430 1345 488 1396 in
524 1346 759 1398 futuro?
794 1344 929 1398 Sine
963 1359 1141 1398 causa
1165 1344 1473 1398 diversitas
1510 1346 1813 1400 nominum
1848 1352 1955 1411 est,
1985 1346 2083 1401 ubi

429 1431 545 1488 non
577 1421 667 1469 est
697 1415 1005 1469 diversitas
1050 1416 1413 1471 meritorum.
1446 1416 1858 1488 Archangelus
1880 1420 2082 1487 utique

435 1486 683 1541 aliorum
719 1488 1014 1541 minorum
1050 1488 1391 1556 angelorum
1432 1498 1521 1542 est
1559 1486 1942 1557 arch'angelus
1978 1486 1999 1543 :7
2024 1495 2082 1545 et

431 1563 771 1629 potestates,
805 1566 860 1612 et
904 1558 1333 1614 dominationes
1383 1560 1596 1615 habent
1643 1561 1755 1615 alia
1804 1578 1903 1631 per
1950 1578 2079 1630 quae

428 1636 1131 1711 exerceuutpotestatem,
1158 1636 1216 1685 et
1240 1631 1450 1711 inquae
1486 1634 1748 1701 subjecta
1779 1631 2079 1711 dominen-

427 1708 543 1757 tur.
568 1724 594 1750 υ
624 1702 683 1756 Si
714 1702 896 1768 dicas,
925 1719 993 1757 ex
1022 1703 1275 1772 ipsomet
1309 1703 1487 1757 Paulo
1524 1711 1853 1759 mutuatum
1883 1704 2079 1759 Hiero-

2210 481 2521 551 Dionysius
2568 480 2999 537 Alexandrinus
3059 480 3277 543 ﬂoruit,
3322 480 3491 550 juxta
3550 483 3872 539 nonnullos

2206 552 2473 625 Origenis
2498 555 2768 608 auditor:
2796 555 2951 609 hunc
2983 554 3053 625 in
3074 553 3188 606 ista
3211 552 3466 624 Dionysii
3502 555 3872 625 Areopagitae

2206 624 2493 704 opuscula
2544 626 2849 704 scripsisse
2898 624 3143 704 scholia,
3178 630 3470 704 testantur
3512 624 3870 683 Anastasius

2205 695 2428 768 Sinaita
2451 695 2785 768 patriarcha
2804 697 3222 765 Antiochenus,
3244 696 3302 750 in
3327 695 3478 751 libro
3498 712 3678 766 quem
3704 705 3870 754 vocat

2202 764 2521 841 Οδηγόνξθῐ
2561 769 2851 841 Maximus
2895 773 3116 839 martyr
3154 764 3213 821 in
3245 764 3702 841 cap.5Carlesti:
3750 772 3869 825 hie-

2202 840 2476 897 rarchiae:
2510 860 2534 890 κ
2571 840 2733 895 Unde
2776 840 3142 907 refelluntur,
3169 840 3265 907 qui
3300 840 3576 911 Dionysio
3608 840 3868 897 Alexan-

2201 912 2371 967 drino
2408 914 2522 966 hmo
2556 913 2843 983 opuscula
2890 913 3145 967 tribuere
3177 912 3427 966 conati.»
3463 912 3575 967 Sed
3609 930 3718 968 cur
3752 915 3863 968 Eu-

2200 984 2401 1057 sebius
2434 984 2642 1057 horum
2674 985 2931 1057 Dionysii
2962 983 3329 1039 Alexandrini
3352 984 3715 1039 soholiorum
3748 1004 3864 1041 non

2202 1054 2510 1110 meminit?
2530 1060 2773 1111 Secutus
2793 1054 3133 1112 institutum
3158 1072 3353 1120 suum,
3378 1072 3447 1110 ne
3465 1057 3549 1111 vel
3575 1057 3660 1111 sic
3685 1064 3866 1113 Areo-

2199 1129 2406 1200 pagitas
2432 1126 2615 1200 libros
2643 1128 2948 1183 indicaret.
2971 1129 3124 1183 Mala
3151 1144 3315 1182 mens
3340 1144 3401 1182 se
3433 1128 3699 1198 prodidit
3722 1132 3864 1200 quia

2199 1198 2384 1253 tacuit
2405 1199 2781 1253 Alexandrini
2808 1200 3067 1271 Dionysii
3090 1200 3329 1271 scripta,
3354 1200 3412 1254 in
3438 1200 3658 1271 quibus
3680 1198 3865 1257 Arius

2195 1276 2281 1324 tot
2309 1272 2479 1324 annis
2505 1277 2639 1325 ante
2664 1273 3059 1326 damnationis
3088 1271 3423 1341 praejudicio
3446 1273 3858 1341 multabatur;

2194 1349 2397 1397 contra
2428 1342 2743 1413 diligenter
2776 1344 3046 1399 meminit
3090 1342 3323 1397 illorum
3366 1344 3757 1415 scriptorum,
3797 1345 3866 1399 in

2192 1415 2408 1484 quibus
2440 1421 2643 1469 contra
2691 1415 3011 1470 Sabellium
3066 1415 3274 1469 acriter
3317 1414 3655 1486 disputans,
3697 1416 3868 1473 visus

2192 1486 2301 1558 fuit
2324 1486 2420 1556 qni
2441 1487 2794 1558 quibusdam
2819 1486 3121 1542 catholicis
3145 1486 3479 1541 Arianismo
3503 1488 3714 1558 favere,
3732 1506 3807 1543 no
3824 1506 3858 1541 n

2190 1557 2435 1624 malitia,
2458 1557 2556 1612 Sed
2583 1559 2821 1614 incauto
2847 1560 2902 1613 in
2928 1558 3330 1613 adversarium
3356 1558 3602 1627 fervere,
3629 1565 3693 1615 ut
3720 1577 3861 1614 eum

2188 1634 2425 1701 accusat
2460 1630 2704 1701 Magnus
2748 1631 2998 1685 Basilius
3040 1629 3286 1700 epistola
3317 1630 3376 1683 41
3417 1631 3485 1684 ad
3526 1631 3859 1686 Maximum

2188 1700 2627 1771 philosophum,
2681 1718 2807 1771 quae
2858 1702 3065 1772 incipit
3108 1719 3120 1755 :
3158 1723 3185 1749 «
3236 1703 3582 1773 Animorum
3636 1704 3860 1773 imagi-

430 1791 464 1827 n
510 1790 702 1838 mum;
730 1774 921 1843 quoad
946 1774 1186 1828 nomina
1212 1774 1380 1829 facile
1412 1777 1717 1843 assentiar,
1740 1794 1851 1830 non
1876 1778 2066 1846 quoad
2099 1783 2148 1847 Β
2183 1788 2304 1828 nes.
2332 1795 2358 1821 η
2392 1773 2734 1828 Habuerunt
2777 1790 2914 1844 ergo
2965 1772 3274 1844 Dionysius
3305 1772 3861 1841 Alexandrinusfet

430 1791 586 1898 liram
633 1846 1175 1898 subordinationem
1225 1863 1401 1898 quam
1446 1847 1690 1898 addidit.
1728 1855 1781 1898 et
1839 1854 2070 1898 nrooter
2183 1844 2280 1898 aui
2319 1844 2483 1898 illum
2520 1846 2704 1898 secuti
2732 1845 3079 1898 Anastasius
3106 1849 3163 1898 et
3198 1844 3488 1898 Maximus
3522 1846 3631 1898 hos
3666 1846 3859 1898 libros

424 1846 463 1899 il

494 1862 586 1899 a'n
633 1846 1175 1917 subordinationem
1225 1863 1401 1915 quam
1446 1847 1690 1911 addidit,
1728 1855 1781 1902 et
1837 1854 2070 1917 propter

426 1933 603 1986 quam
636 1917 837 1972 subdit
869 1934 931 1971 ;‹‹
972 1916 1084 1971 Ηοο
1124 1918 1181 1970 ίιι
1218 1918 1380 1971 caelis
1424 1922 1534 1979 est,
1567 1918 1672 1973 hoc
1703 1919 1757 1973 in
1794 1916 2067 1988 mysterio

425 1987 547 2054 Dei,
576 2005 643 2041 ne
663 2004 768 2042 nos
791 1988 963 2042 solito
989 2006 1145 2043 more
1172 1989 1413 2044 irridens
1433 1995 1611 2059 atque
1634 1987 1984 2056 subsannes,
2020 1992 2068 2046 si

425 2060 805 2129 imperatores
838 2060 1231 2129 posuerimus,
1266 2065 1322 2113 et
1362 2062 1681 2131 praefectos,
1714 2068 1771 2117 et
1801 2062 2066 2131 comites,

424 2139 479 2184 et
509 2132 800 2204 tribunos,
834 2138 893 2185 et
936 2132 1327 2204 centuriones,
1360 2140 1419 2187 et
1461 2134 1816 2204 manipulos,
1846 2140 1901 2188 et
1932 2134 2070 2189 reli-

422 2218 607 2276 quum
643 2202 863 2257 militias
902 2203 1241 2276 ordinem.»
1279 2204 1402 2261 Νοιι
1447 2202 1697 2260 arbitror
1727 2206 1838 2261 alio
1872 2221 2069 2276 respe-

420 2274 596 2347 nisse,
627 2290 805 2345 quam
860 2274 929 2328 ad
986 2276 1199 2329 tradita
1242 2282 1297 2327 et
1339 2276 1629 2331 uberrime
1690 2274 1984 2347 explicata
2036 2296 2069 2333 a

423 2346 593 2400 beato
654 2346 923 2416 Dionysio
982 2350 1100 2401 toto
1148 2346 1297 2401 libro
1348 2349 1423 2402 De
1476 2348 1678 2403 caelesti
1730 2346 2064 2416 hierarchia,

425 2420 750 2489 praesertim
782 2434 912 2489 cap.
942 2418 995 2471 6.

492 2491 741 2566 sanctus
766 2488 1079 2566 Gregorius
1102 2488 1432 2566 Theologus
1458 2488 1676 2566 lib._Ei.;
1695 2490 1769 2566 _ra‘z
1798 2488 2065 2566 γενέθλια,

424 2560 481 2634 in
543 2561 693 2615 hanc
752 2560 1102 2615 sententiam
1164 2560 1445 2632 scripsit:
1490 2587 1529 2634 αν
1567 2564 1631 2617 Et
1690 2564 1772 2617 ita
1810 2560 2065 2634 quidem

422 2632 656 2707 Sancta
680 2638 1053 2707 sanctorum,
1078 2649 1207 2703 qua:
1239 2651 1271 2687 a
1303 2633 1599 2705 seraphim
1648 2632 2063 2707 conteguntur,

424 2708 482 2758 et
514 2703 918 2778 gloriﬁcantur
964 2704 1155 2759 tribus
1205 2703 1773 2762 sanctificationibus
1825 2703 1953 2778 quae
2008 2709 2064 2762 in

424 2777 1086 2850 unamdominationem
1112 2782 1286 2850 atque
1304 2779 1579 2833 deitatem
1602 2783 1813 2833 coeunt
1835 2777 2068 2850 {quem-

421 2848 735 2920 admodum
767 2849 917 2903 alius
940 2848 1231 2919 quispiam
1268 2852 1554 2919 majorum
1587 2856 1641 2904 et
1674 2848 2067 2920 pulcherrime

424 2918 875 2991 philosophatus
899 2918 1007 2986 est,
1030 2918 1589 2976 etsublimissime.»
1612 2918 1752 2985 Quis
1774 2922 1922 2977 iste?
1950 2940 2063 2978 non

426 2990 628 3057 Isaias,
654 2990 767 3066 non
792 2991 953 3066 enim
981 2997 1213 3066 vocaret
1239 3012 1266 3040 ‹‹
1292 2992 1472 3066 alium
1502 2994 1838 3066 quempiam
1880 2997 2064 3066 majo-

425 3079 578 3116 rum.
606 3084 632 3109 »
665 3062 895 3116 Nicetas
940 3062 996 3115 in
1041 3064 1312 3117 Adnotat.
1348 3064 1418 3117 de
1451 3062 1865 3121 BfAtha‘nasio
1897 3062 2063 3123 acce-

2183 1844 2280 1915 qui
2319 1844 2483 1899 illum
2520 1846 2704 1899 secuti
2732 1845 3079 1900 Anastasius
3106 1849 3163 1898 et
3198 1844 3488 1900 Maximus
3522 1846 3631 1901 hos
3666 1846 3859 1902 libros

2182 1933 2284 1991 pro
2319 1916 2763 1991 Areopagiticis.
2794 1916 3017 1991 N‘am_si
3048 1916 3495 1991 Alexandrinus
3530 1918 3857 1991 Dionysius

2182 1986 2317 2059 illos
2363 1986 2668 2042 habuisset
2703 2006 2800 2058 pro
2833 1988 3001 2043 libris
3048 1988 3308 2059 Dionysii
3344 1989 3657 2058 Corinthii,
3688 1986 3856 2045 Ἀηδ-

2181 2058 2398 2113 stasius
2431 2064 2486 2113 et
2518 2060 2806 2114 Maximus
2839 2060 2895 2113 id
2933 2059 3176 2114 minime
3210 2058 3603 2117 reticuissent
3642 2079 3654 2117 :
3694 2079 3858 2117 nunc

2180 2129 2323 2215 satis
2376 2131 3558 2215 indicantquoddixi..1nternDionysium
3611 2150 3855 2215 quoque

2177 2201 2660 2265 Alexandrinum,
2694 2208 2750 2257 et
2796 2203 3131 2273 Dionysium
3170 2201 3561 2268 Corinthium,
3604 2201 3722 2259 non
3754 2201 3859 2260 in-

2178 2279 2572 2328 tercesserunt
2603 2280 2839 2328 centum
2885 2274 3045 2344 anni,
3082 2279 3145 2327 ut
3178 2292 3290 2329 non
3325 2275 3403 2329 sit
3433 2277 3760 2331 verisimile
3791 2278 3859 2332 in

2181 2344 2357 2415 hujus
2392 2344 2573 2399 libros
2607 2345 2774 2399 illum
2802 2346 3026 2401 scholia
3048 2347 3474 2417 composuisse.
3502 2349 3707 2403 Cesset
3739 2351 3862 2403 ita-

2180 2434 2293 2491 que
2320 2416 2579 2491 suspicio
2611 2417 2682 2471 de
2728 2417 3631 2491 DionysioCurinthioauctore,
3668 2436 3855 2491 quem

2179 2489 2237 2561 S.
2276 2490 2367 2544 Dei
2419 2495 2754 2561 martyrem,
2789 2488 3133 2561 incredibile
3169 2495 3258 2543 est
3308 2489 3392 2545 sic
3441 2488 3702 2547 voluisse
3736 2496 3855 2547 sub

2176 2560 2334 2614 larva
2364 2560 2585 2615 Christi
2612 2561 2927 2617 Ecclesiam
2975 2560 3284 2617 ludiﬁcari.
3313 2563 3589 2626 Quamvis
3644 2571 3853 2618 autem

2177 2630 2433 2698 Dionysii
2465 2633 2751 2687 Corinthii
2802 2635 2987 2688 forent
3042 2650 3239 2702 opera,
3272 2640 3656 2690 censerentur
3695 2637 3855 2690 anti-

2178 2703 2401 2775 quitate
2426 2704 2557 2775 plus
2580 2721 2750 2774 quam
2778 2705 2933 2760 mille
2966 2710 3021 2760 et
3052 2706 3628 2776 quadringentorum
3663 2725 3857 2763 anno-

2176 2791 2347 2849 rum_:_
2369 2777 2470 2849 sed
2505 2794 2619 2830 non
2649 2781 2787 2831 sunt
2818 2778 2967 2847 ejus,
2998 2781 3059 2830 ut
3089 2777 3228 2849 dixi.
3259 2778 3517 2849 Denique
3546 2780 3851 2836 Eusebius

2175 2854 2233 2902 et
2267 2847 2575 2903 [lilduinus
2626 2853 2938 2913 testantur,
2978 2848 3317 2917 Dionysium
3372 2847 3746 2907 Corinthium
3788 2854 3850 2907 in

2174 2919 2423 2993 epistola
2453 2920 2522 2974 ari
2555 2920 2937 2993 Athenienses
2974 2920 3153 2976 nostri
3181 2921 3442 2993 Dionysii
3476 2923 3855 2981 mentionem

2176 2991 2380 3066 fecisse
2411 2993 2506 3066 cui
2528 2992 2746 3048 veritus
2781 2992 2987 3049 fuisset
3010 2991 3420 3064 ascribere,‘de
3453 2996 3673 3066 quibus
3715 3001 3847 3053 tum

2177 3062 2355 3119 facile
2392 3064 2806 3119 revinceretur.

428 3134 539 3225 pit';
574 3134 674 3225 sed
709 3133 1198 3225 nequehunevix
1228 3135 1568 3225 defunctum
1594 3137 1820 3225 videtur
1849 3138 2063 3225 sic‘ap-

2191 3155 2264 3208 Ex
2302 3155 2363 3209 Β.
2399 3152 2620 3225 Cyrillo
2660 3153 3053 3221 Alexandrino,
3096 3162 3145 3210 et
3189 3155 3250 3211 Β.
3297 3156 3543 3214 Maximo
3584 3159 3859 3214 monacho

432 3204 771 3277 pellaturus.
794 3205 1177 3261 Verisimilior
1196 3213 1283 3261 est
1317 3207 1511 3262 Budzei
1537 3210 1848 3277 sententia,
1869 3204 2067 3265 volen-

429 3277 505 3332 tis
537 3276 853 3354 significari
888 3278 1122 3333 beatum
1156 3278 1492 3354 Dionysium
1518 3283 1950 3353 Areopagitam,
1980 3282 2079 3354 qui

435 3349 639 3404 merito
670 3349 752 3404 sic
784 3354 1037 3415 vocetur,
1062 3355 1117 3404 et
1151 3349 1541 3419 pulcherrime
1567 3370 1631 3407 ac
1662 3349 2082 3409 sublimissime

434 3422 505 3475 de
539 3420 626 3475 his
670 3420 777 3475 fuit
827 3421 1273 3496 philosophatus
1306 3423 1539 3479 Cazleslz's
1588 3427 1833 3493 Hieran,
1865 3443 1991 3496 cap.
2024 3429 2078 3483 7.

432 3498 579 3547 Sane
608 3494 949 3563 Gregorium
975 3494 1403 3549 Nazianzenum
1441 3496 1623 3551 fuisse
1650 3515 1761 3552 non
1796 3494 1966 3553 modo
1995 3515 2083 3553 as-

434 3565 671 3619 siduum
702 3564 996 3629 lectorem,
1022 3568 1121 3620 sed
1152 3565 1504 3622 imitatorem
1531 3570 1861 3624 studiosum
1897 3571 2081 3625 nostri

437 3636 695 3708 Dionysii
728 3636 907 3692 voluit
937 3639 1027 3690 vir
1057 3638 1316 3709 optimus
1360 3645 1415 3692 ct
1459 3640 1839 3696 doctissimus
1883 3642 2081 3696 Billius

441 3708 742 3774 Prunasus,
793 3710 975 3763 abbas
1022 3708 1427 3766 SfMichaelis
1484 3710 1584 3765 lib.
1636 3729 1652 3766 ι
1703 3713 2078 3769 Observation.

434 3796 669 3855 saer_ar..
703 3796 828 3855 cap.
852 3784 941 3848 23,
967 3780 1059 3834 cui
1084 3780 1420 3855 _Graecarum
1457 3782 1781 3838 litterarum
1815 3790 2078 3855 gustum,

435 3853 627 3914 crodo,
664 3852 851 3923 quivis
883 3852 1180 3923 concedet.

507 3922 937 3997 Gerte’propter
964 3922 1389 3997 sublimitatem
1423 3924 1773 3995 scriptorum
1807 3924 2078 3997 istorum,

435 3992 494 4047 B.
520 3992 969 4066 Chrysostomus
992 3994 1048 4049 in
1076 3994 1279 4050 ultimo
1323 3992 1645 4050 Sermonem
1666 4013 1907 4051 suorum
1932 3992 2080 4055 libro

436 4066 705 4139 (siceum
737 4069 875 4123 citat
916 4067 1263 4139 Anastasius
1295 4066 1782 4123 Bibliothecarius
1813 4069 1871 4122 in
1906 4070 2079 4139 epist.

433 4138 504 4192 ad
538 4138 802 4194 Carolum
840 4144 1053 4210 regem)
1078 4138 1835 4211 ChrysostomusLinquam,
1858 4138 2082 4198 voeavit

434 4214 699 4283 nostrum
743 4209 1087 4283 Dionysium
1128 4209 1369 4264 πιὲεεινὸν
1394 4212 1491 4263 τοῦ
1524 4209 1770 4281 ademi/06,
1800 4213 2080 4269 volucrum

428 4281 570 4358 creti,
604 4297 670 4337 eo
702 4284 868 4358 quod
885 4281 1072 4358 penna
1116 4283 1269 4338 haui
1306 4285 1769 4358 metuentesolvi,
1812 4286 2079 4358 adusque

427 4351 1103 4429 thronum'Divinitatis,
1139 4370 1317 4429 supra
1357 4355 1658 4429 cherubim
1691 4361 1747 4412 et
1777 4351 2076 4429 seraph'im

431 4441 513 4490 se,
549 4425 753 4482 divinae
786 4428 984 4499 gratiae
1020 4426 1248 4481 favonio
1281 4427 1570 4497 sublatus,
1604 4425 1929 4485 sustulerit:

510 4542 837 4597 Testimonz'a
878 4558 946 4597 ea:
986 4544 1217 4612 Origene
1246 4545 1297 4597 et
1327 4543 1585 4615 Dionysio
1616 4544 2007 4602 Alexandrino.

505 4639 661 4693 Inter
691 4656 865 4709 opera
896 4640 1163 4711 Origenis
1216 4640 1547 4696 Adamantii
1583 4646 1740 4698 tomo
1775 4644 1822 4699 II
1853 4649 2083 4701 exstant

433 4709 657 4781 aliquot
689 4709 1089 4766 orationes—in
1139 4712 1299 4767 varia
1337 4713 1477 4767 Novi
1526 4715 1882 4772 Testamenti
1933 4717 2077 4773 loca.

434 4782 651 4860 Earum
674 4783 873 4860 prima
894 4783 1241 4860 scribiturzu
1272 4786 1333 4839 In
1368 4785 1480 4855 ipso
1510 4786 1679 4853 enim,
1705 4795 1764 4842 ut
1797 4806 1860 4843 os
1892 4787 2080 4860 loqui-

436 4857 532 4931 tur
562 4855 713 4931 599
750 4856 1032 4919 divinum,
1066 4855 1323 4931 eruimus,
1356 4872 1643 4912 movemur
1671 4870 1722 4914 et
1749 4877 1933 4915 sumus
1965 4855 2034 4931 (l2)
2065 4878 2077 4915 :

434 4930 507 5001 et,
548 4932 608 4980 ut
640 4927 739 4989 ait,
779 4944 1028 4997 magnus
1066 4927 1377 5001 Dionysius
1410 4932 1772 5001 Areopagita,
1803 4948 1932 4987 esse
1963 4927 2081 4988 om-

436 4996 599 5051 nium
635 5004 721 5053 est
749 4996 1181 5069 superessentia
1212 4996 1268 5053 et
1307 4996 1603 5056 divinitas.
1637 4996 1851 5058 Locum
1898 5004 2080 5061 habes

436 5071 587 5150 apud
624 5076 888 5150 nostrum
925 5073 994 5150 De
1023 5070 1227 5150 emisisti
1254 5073 1604 5150 h_z'cr:arrh‘z'a.,
1630 5091 1753 5146 cap.
1775 5077 1837 5150 ξιτ
1865 5076 1942 5131 Τὸ
1974 5076 2078 5150 γὰρ

435 5140 573 5217 εἶναι
596 5138 981 5217 «immutatis
1085 5142 1215 5217 ὑπὲρ
1244 5143 1304 5195 τὸ
1338 5143 1467 5197 sint
1504 5138 1713 5213 Οεὸτηςί
1738 5148 1792 5201 Si
1822 5150 1954 5217 quis

434 5212 711 5292 gethanc
733 5214 995 5283 Origenis
1018 5192 1316 5271 homiliam
1342 5234 1489 5285 esse,
1517 5192 1912 5290 antiq‘uissi‘ini
1939 5238 2081 5277 sane

434 5286 735 5364 scriptoris
785 5302 913 5364 esse
944 5302 1073 5364 Anon
1111 5304 1320 5364 negare
1347 5294 1583 5364 potest,
1618 5286 1749 5347 cum
1800 5308 1927 5347 eam
1976 5310 2078 5364 pro

436 5352 1107 5436 Drigenianahlluﬁnus,
1143 5352 1393 5436 velquis
1442 5352 1593 5418 alius
1625 5380 1693 5419 ex
1725 5368 1918 5420 Graeco
1948 5352 2078 5420 v'er-

438 5426 834 5503 terit.‘Potuit
894 5431 1177 5503 recentior
1234 5426 1539 5503 interpres,
1576 5441 1639 5490 ut
1692 5436 1910 5491 scimus
1965 5454 2075 5493 non

437 5514 567 5576 raro
598 5496 842 5576 factum,
866 5501 1062 5572 aliqua
1093 5504 1322 5571 Origeni
1348 5496 1413 5561 de
1438 5496 1540 5561 suo
1574 5508 1903 5576 addidisse;
1942 5526 2076 5565 nam

436 5570 491 5651 in
544 5586 611 5651 ea
671 5573 885 5651 mentio
938 5570 999 5629 tit
1058 5570 1426 5651 Arianorum,
1480 5580 1577 5651 qui
1639 5570 1901 5649 Origene.
1941 5585 2080 5637 sunt

430 5642 697 5767 iuniores
734 5662 745 5699 :
782 5644 991 5701 saltem
1016 5648 1126 5703 erit
1157 5642 1715 5725 alicujus'arionymi
1741 5642 1937 5710 ‘Patris
1974 5672 2076 5710 an-

466 5730 607 5767 ιαυι.

466 5730 607 5784 iqui.

512 5854 591 5927 (ἡ)
619 5856 746 5915 Aot.
776 5873 918 5929 xvn,
948 5859 1038 5919 28.

2849 3236 2898 3281 et
2927 3235 3190 3297 martyre.

2262 3295 2373 3351 Vix
2406 3296 2627 3371 Graecia
2656 3296 2829 3371 nobis
2861 3295 3178 3371 doctiorem
3230 3298 3392 3371 dedit
3436 3299 3605 3354 beato
3637 3299 3859 3371 Cyrillo

2191 3367 2622 3441 Alexandrino;
2655 3370 2807 3423 hunc
2838 3388 2903 3424 ex
2938 3370 3102 3425 libris
3132 3370 3287 3425 beati
3316 3370 3571 3441 Dionysii
3602 3367 3859 3440 AreOpa-

2190 3439 2321 3510 gitzn
2353 3441 2621 3511 quaedam
2662 3446 3019 3500 mutuatum.
3055 3446 3309 3497 testatur
3355 3439 3663 3497 Liberatus
3692 3439 3856 3510 Afer,

2192 3513 2360 3581 cujus
2390 3513 2568 3566 verba
2596 3513 2745 3567 dabo
2787 3512 2956 3567 infra.
2992 3514 3125 3568 Mihi
3160 3530 3311 3567 cura
3346 3531 3457 3569 non
3493 3514 3601 3567 fuit
3632 3514 3764 3570 loca
3794 3517 3854 3571 in

2190 3583 2320 3638 divo
2369 3582 2582 3654 Cyrillo
2615 3601 2922 3656 quaerere,
2957 3584 3095 3655 quia
3146 3585 3358 3641 Graecis
3404 3585 3851 3656 exemplaribus

2192 3671 2380 3716 careo,
2414 3660 2471 3709 et
2501 3655 2725 3728 Latinis
2758 3672 2871 3711 non
2906 3657 3051 3711 satis
3092 3658 3353 3725 conﬁdo;
3388 3655 3665 3728 quoniam
3700 3676 3851 3727 gna-

2192 3743 2475 3799 ruswsium,
2502 3727 2805 3783 haereticos
2832 3727 3178 3799 interpretes
3211 3744 3367 3784 more
3389 3727 3559 3784 Solito
3591 3730 3648 3783 in
3690 3730 3852 3785 beati

2190 3798 2384 3870 Cyrilli
2416 3799 2679 3874 versione
2710 3798 3086 3874 segessisse.
3123 3800 3335 3871 Magna
3359 3818 3611 3874 _quoque
3639 3800 3843 3874 Cyrilli

2190 3886 2432 3944 operum
2463 3888 2603 3944 pars
2635 3871 2935 3941 interiit,in
2961 3873 3179 3944 quibus
3200 3890 3327 3943 quas
3358 3871 3661 3929 Liberatus
3689 3871 3843 3930 dicit

2190 3942 2475 3997 contineri
2506 3949 2837 4014 potuerunt.

2260 4014 2322 4088 Βἶ
2359 4014 2658 4088 Maximus,
2689 4014 3033 4081 monachus,
3069 4014 3457 4087 phiIOSOphus
3486 4018 3545 4070 et
3594 4020 3841 4088 martyr,

2188 4086 2462 4158 Capitum
2510 4087 2971 4158 tbeologioorum
3028 4086 3429 4152 sermone’57,
3478 4088 3725 4143 adduxit
3758 4086 3845 4144 ex

2185 4157 2533 4231 Areopagita
2562 4157 2757 4214 nostro
2787 4159 2981 4215 locum
3008 4174 3059 4213 :«
3083 4159 3240 4223 Quod
3277 4163 3471 4231 autem
3495 4158 3845 4231 bonoipror-

2193 4244 2295 4301 suis
2326 4230 2617 4300 privatum
2651 4235 2756 4298 est,
2790 4230 2848 4286 id
2892 4247 3182 4301 nusquam
3233 4230 3351 4286 ullo
3383 4233 3551 4301 pacto
3581 4230 3839 4298 vel’fuit,

2186 4300 2277 4355 vel
2320 4306 2428 4371 est,
2463 4301 2549 4357 vel
2598 4302 2728 4372 erit,
2760 4303 2848 4359 vel
2898 4300 3035 4358 esse
3075 4306 3293 4372 potest;
3318 4323 3345 4351 »
3378 4300 3561 4372 habes
3593 4318 3739 4372 eum,
3768 4304 3844 4358 De

2184 4372 2392 4446 diuinis
2416 4369 2772 4446 "nominibus,
2806 4392 2933 4446 cap.
2967 4375 3019 4441 4,
3052 4369 3179 4446 ΞίὲΟ
3211 4391 3223 4430 :
3255 4373 3353 4446 Τὸ⁸
3372 4369 3433 4446 _6‘s
3482 4370 3844 4446 κατὰ-’πάντα

2182 4443 2391 4535 τρρόποχ
2430 4441 2784 4535 τοῦνᾶγαροῖξ
2840 4441 3195 4535 ἐᾶτξρηιξρνον
3227 4487 3241 4514 ,
3297 4441 3513 4535 εὗδαξῆ
3571 4442 3840 4535 ορἱδαμῶς

2110 4521 2161 4589 D
2191 4514 2313 4571 ο-ῧτε
2358 4518 2448 4586 ἦν,
2502 4514 2645 4591 οὕτεί
2677 4516 2841 4591 ἐστὶν,
2895 4514 3229 4591 οὔληίῖσται,
3262 4514 3383 4572 οὔτε
3423 4515 3555 4591 εἶναι
3590 4514 3840 4591 advertat.

2192 4591 2349 4646 Idem
2381 4591 2604 4663 scholia
2635 4590 2691 4647 in
2726 4589 2931 4648 omnes
2967 4589 3227 4663 Dionysii
3260 4590 3620 4661 Areopagitae
3651 4590 3844 4649 libros

2192 4662 2449 4733 scripsit,
2473 4680 2598 4734 quas
2632 4664 2813 4720 textui
2838 4662 3268 4733 subjunximus.
3294 4663 3451 4719 Idem
3482 4663 3543 4717 in
3576 4663 3843 4735 disputa-

2192 4735 2345 4808 tione
2375 4740 2578 4791 contra
2613 4736 2897 4808 Pyrrhum
2944 4735 3839 4808 Monothelitam,patriarcham

2188 4805 2922 4878 Constantinopol'itanum,
2955 4824 3071 4878 qua
3115 4805 3283 4861 illum
3314 4824 3381 4863 ex
3412 4805 3618 4862 haeresi
3658 4809 3729 4863 ad
3766 4809 3841 4863 {i-

2189 4877 2318 4951 dem
2353 4877 2704 4935 catholicam
2728 4877 3313 4951 convertit,Dionysii
3345 4879 3533 4935 nostri
3564 4880 3735 4951 epist.
3764 4880 3841 4936 ad

2190 4948 2389 5004 Caium
2440 4953 2768 5023 θεραπευτήν
2821 4950 3097 5007 laudavit.
3134 4948 3293 5006 Idem
3344 4952 3400 5005 in
3453 4948 3843 5008 Ecclésiastica

2190 5025 2527 5093 mystagogia
2560 5024 2666 5079 hos
2709 5024 2890 5079 libros
2938 5023 3297 5095 Areopagitas
3346 5023 3664 5091 adjudicat.
3704 5024 3843 5081 Fuit

2191 5097 2385 5148 autem
2430 5096 2712 5152 Maximus
2744 5098 2853 5151 iste
2882 5095 2969 5150 vir
3000 5112 3298 5161 summus;
3332 5095 3505 5166 cujus
3553 5096 3841 5151 sanctita-

2190 5168 2305 5240 tem
2342 5182 2432 5240 res
2459 5174 2656 5240 gestas,
2685 5167 3075 5240 cognitionem
3108 5168 3314 5221 divinas
3346 5172 3401 5223 et
3432 5167 3709 5223 humanas
3742 5186 3840 5223 sa-

2190 5237 2422 5312 pientiae
2469 5239 2628 5296 illius
2678 5237 2958 5312 temporis
3008 5240 3322 5312 scriptores
3370 5255 3578 5312 omnes,
3625 5240 3841 5297 merito

2190 5310 2579 5379 celebrarunt,
2622 5316 2678 5366 et
2717 5310 2847 5367 libri
2886 5310 3227 5381 plurimiab
3258 5327 3324 5365 eo
3356 5311 3673 5382 conscripti
3715 5318 3839 5369 tes-

2190 5384 2418 5449 tantur;
2453 5400 2703 5453 quorum
2733 5383 2949 5439 multos
2979 5383 3221 5439 Photius
3252 5381 3472 5449 retulit,
3497 5381 3697 5453 plures
3730 5385 3838 5441 Ba-

2191 5453 2392 5527 ronius
2424 5456 2621 5510 Annal.
2650 5460 2787 5510 tom.
2812 5456 2960 5517 VIII,
2987 5472 3139 5527 anno
3170 5454 3385 5511 Christi
3412 5456 3537 5521 657,
3563 5456 3633 5510 ad
3658 5474 3836 5527 quem

2188 5528 2264 5594 te,
2289 5525 2487 5599 lector,
2510 5528 2761 5584 remitto.
2784 5528 3060 5597 Ejusdem
3085 5526 3315 5582 Maximi
3344 5544 3530 5599 nuper
3550 5525 3837 5599 opuscula

2190 5598 2375 5652 multa
2405 5604 2604 5653 contra
2651 5599 3061 5655 Monothelitas
3111 5614 3178 5653 ex
3226 5598 3488 5655 versione
3539 5598 3836 5658 Francisci

2186 5670 2460 5796 Furriani
2493 5672 2675 5727 nostri
2709 5673 3069 5744 prodierunt,
3096 5688 3222 5743 quae
3244 5672 3495 5728 necdum
3526 5671 3663 5745 legi.
3695 5674 3834 5730 Vide

2211 5758 2244 5796 ιι
2277 5760 2360 5796 ra.

2211 5758 2360 5798 DII‘B.
