4162 6368
447 288 557 342 983

456 417 813 469 Francorum
847 411 1100 468 Historia
1129 414 1566 484 depromptum,
1620 413 2094 484 quandoquidem

454 485 618 541 lubet
677 489 946 541 excutere
997 490 1053 540 et
1084 485 1642 557 examinarewpaulo
1687 485 1989 550 subtilius,
2029 484 2100 539 ad

456 557 740 613 latebram
780 557 962 612 totius
995 557 1362 612 difficultatis
1392 556 1868 619 illuminandam,
1912 564 2100 612 totum

457 630 553 683 hic
584 632 896 700 apponam.
939 629 1022 685 lla
1051 631 1232 701 igitur
1263 629 1876 699 habetlibr01,cap.30
1902 646 1912 683 :
1937 651 1962 679 ‹‹
1987 631 2101 684 liu-

449 703 551 772 jus
584 706 1102 773 temporeseptem
1128 702 1238 755 viri
1260 701 1518 773 episcopi
1540 702 1789 773 ordinati
1817 701 1887 754 ad
1906 701 2110 772 prwdi-

459 774 717 828 candum
744 773 802 827 in
835 772 1054 846 Gallias
1087 774 1261 828 missi
1287 772 1635 842 sunt,’sicut
1663 772 1926 846 historia
1977 790 2106 846 pas-

460 845 647 900 sionis
700 845 890 899 sancti
948 846 1183 900 Saturni
1245 846 1564 900 denarrat:
1623 843 1704 898 ait
1761 843 2112 913 enimfsub

461 917 637 974 Decio
669 921 724 970 et
755 918 929 972 Grato
961 917 1330 986 consulibus,
1357 918 1509 972 sicut
1530 916 1683 970 fideli
1712 919 2114 976 recordatione

462 989 789 1045 retinetur:
827 988 1082 1058 primum
1145 1006 1210 1044 ac
1242 1005 1541 1043 summum
1575 987 1865 1044 Tolosana
1909 990 2114 1048 civitas

465 1065 738 1117 sanctum
773 1062 1158 1115 Saturninum
1201 1060 1414 1116 habere
1445 1065 1698 1131 cmperat
1727 1062 2112 1118 sacerdotem.

468 1133 535 1188 Hi
570 1149 706 1205 ergo
736 1132 898 1205 missi
925 1133 1396 1200 sunt,Turonicis
1425 1132 1736 1187 Gratianus
1768 1135 2112 1205 epiSCOpus;

472 1204 935 1273 Arelatensihus,
994 1205 1350 1273 Trophimus
1408 1205 1759 1274 episcopus;
1809 1204 2112 1274 Narbona,

468 1277 686 1349 Paulus
719 1278 1064 1349 episcopus;
1099 1277 1338 1344 'l‘olosze,
1380 1276 1735 1331 Saturninus
1767 1276 2118 1349 episcopus:

469 1348 800 1412 Parisiacis,
825 1347 1136 1419 Dionysius
1162 1349 1472 1419 episcopus
1499 1367 1512 1410 ;
1539 1348 1842 1413 Arvernis,
1867 1347 2122 1405 Stremo-

474 1421 610 1473 nius
643 1421 994 1489 episcopus;
1030 1419 1439 1486 Lemovicinis,
1464 1419 1750 1474 Martialis
1767 1425 1856 1474 est
1875 1421 2125 1476 destina-

477 1497 578 1546 tus
610 1495 942 1562 episcopus.
977 1513 1003 1541 »

555 1563 839 1632 Equidem
870 1562 1027 1616 hunc
1059 1561 1380 1616 antistitem
1430 1577 1542 1616 non
1571 1563 1690 1632 agri
1722 1563 1892 1618 modo
1942 1564 2128 1618 Turo-

479 1636 683 1689 nensis
710 1636 908 1704 decus,
943 1635 1041 1690 sed
1075 1635 1256 1689 totius
1286 1633 1483 1689 Galliae
1516 1634 1738 1696 lumen,
1775 1634 1923 1689 tanti
1961 1635 2125 1702 facio,

480 1707 685 1778 quanti
723 1723 825 1778 par
851 1713 940 1760 est
972 1723 1128 1771 eum,
1189 1706 1287 1777 qui
1321 1705 1670 1761 clarissimis
1699 1777 1704 1778 ί
1731 1709 2129 1762 monumentis

1534 292 1631 344 DE
1670 292 1731 344 S.
1772 290 2088 344 DIONYSII
2125 291 2443 353 EJUSQUE
2479 294 2802 346 SCRIPTIS

3771 287 3880 342 984

2131 419 2178 482 Α
2213 413 2349 486 sita,
2384 413 2480 468 ubi
2504 415 2781 486 quotanis
2815 414 2884 469 ad
2916 413 3210 470 Kalendas
3242 414 3426 470 Maias
3457 414 3880 486 frequensun-

2214 485 2392 556 dique
2415 485 2692 558 populus,
2743 487 3037 542 humanas
3069 487 3296 542 hostias
3319 502 3421 558 pro
3448 485 3882 558 suasospitate

2214 557 2470 613 mactare
2502 563 2903 614 consueverat.
2941 563 3140 629 Itaque
3178 565 3294 614 tres
3321 557 3586 630 ’juvenes
3636 557 3880 629 publica

2216 631 2461 697 pecunia
2491 637 2721 702 emptos
2752 647 2862 685 ano
2894 635 3011 685 toto
3055 630 3426 700 saginabant,
3460 646 3610 702 quos
3653 631 3880 684 consti-

2213 709 2340 757 tuto
2365 702 2458 757 die
2488 703 2556 757 ad
2586 704 2774 774 ipsam
2819 719 2981 756 aram
3036 702 3449 774 immolabant,
3497 703 3880 756 victimarum

2216 776 2502 844 sanguine
2561 773 3046 830 circumstantem
3115 773 3396 846 populum
3456 779 3882 845 aspergentes,

2217 863 2390 917 quem
2424 847 2599 901 ritum
2635 847 2700 901 D.
2731 846 3092 917 Trophimus
3119 862 3190 900 ex
3223 847 3600 917 septuaginta
3640 847 3881 900 duobus

2218 916 2431 973 Christi
2477 918 2782 989 discipulis
2831 916 2933 972 illo
2957 916 3548 989 efoudaea’missus,
3589 917 3879 989 sustulit;

2220 991 2457 1058 docens,
2476 1009 2588 1045 non
2604 988 2809 1044 cruore
2824 988 3162 1045 mortalium
3181 989 3509 1058 hominum,
3525 990 3626 1044 sed
3653 988 3877 1043 Christi

2222 1063 2509 1132 sanguine
2541 1062 2672 1117 illos
2703 1063 2913 1116 debere
2975 1063 3233 1132 aspergi.
3264 1083 3290 1110 »
3341 1061 3507 1116 Hunc
3563 1060 3770 1132 igitur,
3812 1061 3886 1113 ad

2223 1133 2399 1188 rudes
2431 1134 2658 1187 animos
2690 1133 2969 1203 religione
2999 1133 3368 1200 imbuendos,
3417 1133 3526 1188 sub
3559 1133 3737 1188 Decio
3788 1148 3889 1186 ve-

2225 1206 2384 1260 nisse
2419 1205 2472 1257 in
2508 1204 2757 1259 Galliam
2792 1211 3088 1276 putemus.

2297 1276 2578 1346 Sequitur
2609 1272 2922 1331 tertioloco
2945 1275 3343 1330 Narbonensis
3367 1274 3615 1330 antistes
3636 1272 3887 1337 Paulus,

2229 1347 2298 1402 de
2329 1365 2461 1418 quo,
2497 1349 2542 1402 si
2603 1349 2805 1403 eadem
2854 1348 3100 1402 vetustis
3159 1354 3552 1418 monumenta
3597 1347 3880 1412 scrutari,

2231 1425 2288 1473 et
2317 1417 2682 1491 pervolutare
2745 1418 3451 1491 Martyrologiavelimus,
3507 1417 3594 1473 sic
3661 1419 3888 1491 reperi-

2231 1489 2418 1559 emus,
2455 1492 2677 1546 nullam
2716 1491 2879 1546 Decii
2915 1489 3296 1555 mentionem,
3332 1489 3553 1544 nullam
3584 1506 3722 1545 cum
3754 1490 3884 1544 Dio-

2233 1563 2398 1633 nysio
2430 1569 2628 1618 nostro
2669 1563 2725 1616 in
2761 1563 3186 1634 peregrinando
3218 1561 3888 1634 societatemadhiberi.

2232 1632 2414 1689 Vetus
2438 1632 2838 1689 RomanumieZ
2863 1632 3047 1690 M'artii
3067 1635 3280 1689 diserte
3300 1633 3495 1704 ipsum
3522 1632 3891 1703 discipulum

2235 1707 2632 1777 apostolorum
2669 1707 3118 1779 indigitat._x\uo
3151 1707 3223 1761 De
3269 1705 3564 1775 [estivilaic
3608 1707 3892 1779 apostolo-

479 1777 1003 1852 gloriosi’nominis
1037 1778 1251 1852 famam
1284 1778 1575 1852 obtinuit;
1611 1777 1710 1833 sed
1737 1779 1792 1832 in
1821 1779 1935 1852 hac
1970 1795 2029 1832 re
2050 1784 2127 1833 ta-
2160 1787 2208 1852 Β
2237 1795 2362 1833 rum
2397 1797 2408 1833 :
2439 1799 2464 1830 ι
2495 1779 2715 1852 Natalis
2748 1777 2824 1833 Sf
2842 1777 3026 1848 Pauli,
3059 1794 3230 1852 quem
3267 1777 3897 1852 beatiapostoliordi-

483 1867 626 1921 men
650 1867 763 1904 non
798 1850 930 1921 plus
965 1851 1138 1904 habet
1187 1849 1470 1903 momenti
1503 1850 1634 1919 ejus
1688 1850 1893 1913 oratio,
1947 1867 2124 1920 quam

482 1920 585 1976 illa
616 1920 746 1992 ipsa
778 1920 1480 1993 passiuSaturniniquam
1501 1922 1717 1993 laudat,
1738 1937 2036 1992 quamque
2069 1923 2126 1976 in

487 1991 803 2048 maeandris
833 1993 1205 2063 antiquitatis
1236 1991 1563 2063 relegendis
1593 1991 1829 2048 Helicen
1865 1991 2042 2048 unam
2075 1999 2131 2049 et

486 2066 850 2136 Cynosuram
883 2066 1165 2133 sequitur.
1197 2069 1388 2136 Atque
1428 2064 1536 2118 hoc
1586 2064 1721 2136 ipso
1775 2065 2014 2119 introitu
2070 2066 2129 2120 in

489 2136 949 2206 disputationem
982 2135 1344 2207 videremihi
1377 2136 1592 2203 videor,
1628 2135 1761 2207 quis
1791 2153 1921 2192 eum
1957 2137 2130 2192 ﬂatus

490 2207 548 2280 in
583 2205 796 2280 erroris
828 2208 1102 2280 scopulos
1127 2205 1393 2280 illiserit;
1420 2224 1560 2280 nam
1582 2205 1728 2280 cum
1758 2207 1814 2262 in
1845 2225 1913 2263 ea
1939 2213 2130 2263 Satur-

493 2279 617 2352 nini
653 2296 846 2335 rerum
879 2279 1174 2352 gestarum
1224 2279 1490 2346 historia,
1545 2279 1788 2352 vidisset
1828 2282 2127 2351 egregium

489 2350 657 2405 illum
690 2350 902 2407 Christi
937 2351 1271 2407 bellatorem
1305 2352 1414 2406 sub
1447 2350 1615 2406 Decio
1653 2350 1887 2407 venisse
1914 2352 1972 2407 in
2004 2352 2131 2407 Gal-

487 2421 650 2490 liam,
695 2424 1278 2495 existimavitietiam
1317 2422 1462 2478 alios
1504 2423 1693 2478 claros
1740 2423 1917 2493 viros,
1981 2441 2130 2495 quos

488 2495 701 2568 deinde
741 2496 1026 2563 nominat,
1061 2494 1189 2551 fidei
1213 2496 1390 2550 duces
1405 2501 1457 2548 (-t
1473 2501 1909 2568 propagatores,
1927 2494 2128 2550 eadem

486 2566 617 2638 ipsa
643 2572 815 2622 tetate
865 2568 1064 2622 Galliae
1095 2584 1338 2638 regnum
1376 2568 1502 2621 vitae
1554 2566 1888 2622 innocentia
1917 2572 1973 2622 et
2029 2570 2128 2622 do-

487 2637 678 2694 ctrina
710 2639 1118 2694 illustravisse.
1155 2637 1356 2694 Itaque
1405 2645 1470 2693 ut
1500 2638 1556 2692 in
1605 2640 1861 2694 tenebris
1906 2638 2130 2694 micans

489 2656 678 2694 ctrina
710 2656 1118 2694 muscrawsse.
1156 2656 1356 2764 itaqfue
1405 2656 1470 2693 ur.
1500 2656 1556 2692 in
1605 2656 1861 2694 tenenris
1906 2656 2128 2694 micans

489 2715 546 2764 et
578 2710 858 2780 incertus,
893 2711 1121 2766 nullum
1157 2729 1258 2782 pro
1287 2716 1375 2766 ert
1403 2715 1732 2766 Romanum
1795 2710 2128 2782 pontiﬁcem

490 2783 673 2837 totius
696 2783 964 2839 Ecclesiae
997 2781 1470 2853 gubernatorem,
1504 2799 1538 2836 a
1565 2799 1678 2850 quo
1709 2781 1803 2836 illi
1848 2781 2128 2853 primipili

494 2854 799 2925 religionis
852 2857 920 2910 ad
979 2854 1444 2924 triumphantem
1506 2853 1725 2924 ubique
1769 2854 2130 2925 impietatem

491 2928 867 2981 coercendam
904 2927 1022 2980 sint
1053 2925 1303 2979 dimissi.
1337 2926 1484 2979 Sunt
1514 2925 1695 2994 igitur
1715 2925 1830 2979 duo
1862 2926 2131 2996 quaedam

493 2997 634 3052 mihi
669 2998 854 3052 obiter
885 3004 939 3051 et
971 2997 1311 3051 brevissime
1355 2997 1749 3051 ostendenda:
1801 2996 1858 3050 in
1902 2996 2129 3067 primis,

493 3070 676 3122 fuisse
711 3069 923 3138 plures,
943 3071 1115 3122 etiam
1135 3083 1197 3122 ex
1214 3069 1285 3121 iis
1305 3084 1452 3138 quos
1466 3073 1771 3122 enumerat
1791 3068 2129 3139 Gregorius,

2241 1857 2444 1904 natum
2498 1851 2621 1905 urbi
2669 1851 2950 1906 Narbona:
2981 1851 3327 1921 episcopum
3365 1848 3672 1904 miserunt.
3699 1850 3886 1921 Quem

2240 1926 2484 1976 tradunt
2511 1925 2781 1977 eumdem
2829 1919 3028 1992 ipsum
3059 1919 3242 1976 fuisse
3299 1921 3567 1991 Sergium
3631 1919 3884 1992 Paulum

2241 1994 2674 2064 proconsulem,
2705 1991 2891 2049 virum
2926 1996 3294 2065 prudentem,
3329 2009 3362 2046 a
3388 1992 3649 2065 quoipse
3665 1991 3890 2065 Paulus

2241 2063 2484 2121 sortitus
2513 2070 2602 2121 est
2634 2082 2866 2134 nomen,
2891 2063 3031 2134 quia
3057 2081 3191 2120 eum
3229 2065 3359 2120 fidei
3391 2063 3605 2119 Christi
3639 2063 3890 2134 subege-

2242 2142 2350 2205 rat,
2413 2139 2630 2209 quique
2687 2139 2758 2192 ab
2818 2135 3021 2192 eodem
3055 2141 3259 2192 sancto
3301 2135 3603 2207 ApOstolo,
3629 2151 3772 2209 cum
3808 2136 3881 2209 ad

2241 2207 2552 2280 Hispanias
2587 2209 2938 2281 praedicandi
2971 2209 3159 2280 gratia
3183 2212 3464 2281 pergeret,
3489 2207 3645 2281 apud
3673 2208 3885 2281 praefa-

2238 2279 2362 2335 tam
2385 2279 2927 2337 urbem—Narbonam
2953 2279 3206 2352 relictus,
3232 2279 3666 2352 praedicationis
3689 2279 3886 2334 officio

2242 2369 2356 2407 non
2391 2355 2648 2424 segniter
2679 2353 2942 2424 impleto,
2976 2351 3170 2408 clarus
3217 2351 3519 2424 miraculis
3568 2357 3890 2424 coronatus

2241 2423 3033 2495 sepelitor.»Illustrissimus
3047 2423 3330 2478 Baronius
3343 2423 3698 2493 hancipsam
3715 2423 3897 2477 histo-

2241 2497 2389 2550 riam
2417 2513 2676 2567 purpura
2697 2496 2979 2551 oratiouis
2999 2496 3338 2551 convestivit
3360 2500 3417 2550 et
3438 2497 3688 2558 ornavit,
3710 2511 3894 2565 quam

2241 2568 2378 2623 huic
2411 2586 2603 2640 panno
2637 2567 2898 2640 minime,
2937 2573 3150 2633 attexo,
3184 2567 3292 2622 hoc
3347 2583 3532 2622 unum
3565 2573 3896 2640 contentus

2242 2638 2587 2708 ostendisse,
2613 2644 2699 2694 tot
2729 2639 3072 2694 saeculorum
3098 2644 3451 2708 aetatumque
3473 2639 3720 2707 judicio,
3741 2638 3895 2692 Mar-

2240 2711 2504 2783 tyrologii
2545 2711 2902 2780 testimonio,
2926 2711 3613 2783 scriptorumillustrium
3647 2726 3897 2765 consen-

2241 2782 2426 2846 sione,
2471 2783 2731 2854 Gregorii
2762 2782 3120 2839 Turonensis
3142 2782 3475 2854 opinionem
3509 2782 3802 2851 abiectam
3840 2786 3898 2835 et

2241 2855 2601 2926 repudiatam
2636 2856 2838 2911 fuisse.
3083 2925 3089 2926 ί
3233 2899 3254 2915 ..

2312 2922 2593 2982 Numerat
2623 2927 2832 2981 deinde
2861 2925 3263 2989 Saturninum,
3298 2925 3368 2980 de
3408 2940 3522 2994 quo
3544 2922 3722 2978 etiam
3749 2923 3897 2994 quid

2241 3004 2409 3054 vetus
2443 3001 2725 3054 memoria
2757 2998 3055 3070 praedicet,
3081 2997 3405 3070 videamus.
3436 2994 3618 3050 Vetus
3649 2996 3895 3070 quidem

2249 3073 2576 3126 Romanum
2613 3069 3079 3142 Martyrologium
3117 3069 3286 3140 plane
3316 3069 3470 3142 silet.
3506 3085 3609 3142 nec
3662 3070 3734 3142 in_
3760 3069 3898 3142 Vita

492 3139 835 3215 Christiana;
867 3140 1436 3215 {ideibuccinatores
1469 3139 1526 3193 in
1556 3139 2131 3215 Gallia,_priu_squam
2167 3139 2210 3204 C
2251 3160 2428 3215 quam
2469 3142 2704 3215 Surius
2743 3139 2897 3215 temo
2933 3143 3005 3195 VI
3054 3139 3269 3215 posuit,
3328 3139 3653 3215 discipulus
3713 3140 3900 3215 fuisse

492 3211 701 3266 Decius
734 3211 963 3283 imperii
1004 3211 1265 3267 habenas
1291 3212 1726 3278 moderaretur;
1758 3211 1988 3278 deinde,
2037 3229 2136 3267 ne-

493 3285 712 3338 minem
746 3301 948 3339 eorum
982 3285 1358 3354 scriptorum,
1389 3283 1486 3353 qui
1529 3284 1798 3339 Ecclesiae
1843 3285 2137 3340 nascentis

492 3357 835 3410 memoriam
872 3357 1197 3428 posteritati
1248 3356 1723 3424 transmiserunt,
1779 3363 2134 3427 martyrum-

489 3444 600 3499 que
635 3428 858 3483 natales
892 3429 1015 3483 dies
1039 3428 1486 3500 collegeruntde
1508 3431 1569 3481 B.
1604 3428 1900 3497 Dionysio,
1925 3429 2136 3484 conﬁr-

488 3515 701 3564 masse,
736 3517 867 3556 eum
897 3518 1013 3555 una
1041 3517 1172 3555 cum
1200 3499 1504 3567 Gratiano,
1556 3500 1892 3563 Saturnino,
1914 3500 2136 3556 caeteris

487 3571 545 3626 in
576 3571 823 3627 Galliam
861 3573 1042 3627 fuisse
1071 3571 1328 3642 legatum
1363 3589 1430 3626 :e
1458 3572 1674 3640 quibus
1705 3571 1953 3642 liquido,
2011 3574 2132 3643 opi-

487 3660 610 3709 nor,
638 3644 949 3710 constabit,
971 3661 1144 3714 quam
1175 3644 1338 3709 levis,
1358 3648 1529 3712 atque
1552 3643 1910 3713 falsa,qnam
1939 3645 2136 3699 inanis

487 3716 564 3769 sit
585 3715 841 3785 Gregorii
863 3716 1231 3770 Turonensis
1246 3715 1526 3784 opinatio,
1547 3716 1692 3768 167
1714 3731 1886 3783 quam
1916 3733 2132 3770 vanum

484 3784 735 3857 denique
749 3786 1272 3854 sitingeniosorum
1289 3787 1595 3858 hominum
1613 3787 2133 3858 commentum,qui

494 3858 736 3927 antiquo
770 3859 1024 3912 Romano
1056 3858 1457 3928 Martyrologio
1493 3857 1594 3910 niti
1618 3858 1747 3925 ejus
1771 3857 2132 3928 opinionem,

489 3929 1002 4000 robustioremque
1033 3929 1155 3984 fieri
1188 3929 1548 3983 existimant.

563 4000 887 4072 Utrumque
911 3999 1050 4056 vero
1081 4001 1243 4056 exiis
1275 4000 1683 4070 scriptoribus,
1717 3999 1814 4070 qui
1849 4005 2131 4072 Martyro-

487 4072 641 4143 logia
673 4091 906 4128 summa
938 4091 1072 4128 cura
1103 4078 1160 4128 et
1187 4073 1385 4128 labore
1416 4072 1862 4138 concinnarunt,
1898 4089 2012 4127 non
2046 4077 2134 4128 est

486 4161 798 4215 Operosum
833 4147 1157 4202 ostendere.
1211 4145 1355 4200 Nam
1391 4153 1454 4199 ut
1485 4161 1518 4199 a
1557 4143 1832 4199 Gratiano
1892 4143 2129 4199 inchoe-

487 4233 640 4285 mus,
676 4223 839 4272 vetus
869 4219 1194 4272 Romanum
1228 4215 1728 4288 Martyrologium,
1772 4222 1827 4271 et
1857 4217 2130 4286 deinceps

479 4289 602 4360 Ado
639 4290 701 4344 18
752 4289 1039 4356 Octobris,
1075 4306 1178 4344 nec
1211 4307 1326 4360 quo
1377 4287 1637 4360 tempore
1669 4287 1742 4342 sit
1800 4288 2020 4343 missus
2071 4289 2128 4342 in

483 4359 728 4416 Galliam
760 4363 1074 4433 explicant,
1138 4359 1241 4416 nec
1273 4359 1516 4417 socium,
1547 4366 1609 4415 Β.
1654 4361 1907 4432 Dionysii
1949 4360 2130 4416 fuisse

486 4435 867 4489 contendunt.
903 4435 1012 4488 Par
1033 4433 1342 4504 utriusque
1373 4433 1669 4488 silentium
1699 4433 1769 4486 de
1790 4433 2126 4502 Trophimo,

2245 3210 2500 3284 Dionysii
2530 3211 2706 3269 nOstt‘l
2731 3214 2984 3280 dicitur;
3012 3212 3151 3281 quin
3174 3211 3406 3267 Graecus
3429 3210 3898 3284 scriptornullus

2243 3283 2621 3358 reperieturp
2655 3286 2755 3355 qui
2810 3285 2967 3358 dicat
3011 3284 3330 3358 Saturnum
3396 3283 3582 3338 sancti
3633 3283 3896 3358 Dionysii

2243 3356 2490 3426 socium,
2525 3356 2878 3412 Tolosanum
2945 3356 3126 3409 fuisse
3166 3356 3526 3424 episcopum.
3563 3357 3746 3420 Adde,
3798 3371 3898 3407 ne-

2242 3434 2460 3489 minem
2495 3445 2842 3493 memorare,
2900 3433 3144 3482 mortem
3189 3428 3353 3481 illum
3387 3427 3734 3482 occubuisse
3783 3427 3896 3479 sub

2242 3503 2601 3561 Fescennino
2632 3499 2909 3564 Sisinnio,
2935 3505 3109 3569 atque
3139 3501 3304 3566 adeo,
3330 3497 3440 3553 nisi
3474 3514 3567 3553 me
3600 3515 3732 3552 mea
3781 3512 3899 3551 me-

2240 3575 2426 3632 moria
2459 3571 2624 3640 fallit,
2667 3590 2782 3626 non
2815 3576 3041 3626 exstare
3091 3571 3243 3641 apud
3299 3570 3486 3624 ullum
3521 3569 3618 3641 qui
3671 3585 3767 3623 res
3797 3585 3895 3623 ve-

2239 3653 2392 3704 teres
2425 3643 2750 3699 litterarum
2771 3640 3166 3698 monumentis
3191 3643 3503 3705 mandarit,
3526 3640 3707 3695 ullam
3728 3657 3896 3695 men-

2241 3721 2461 3775 tionem
2495 3717 2803 3786 cujusdam
2845 3715 3111 3783 praesidis
3159 3713 3420 3779 Sisinnii,
3475 3713 3584 3786 qui,
3624 3718 3897 3786 tempore

2249 3791 2396 3872 Decii
2429 3785 2801 3872 imperatoris
2834 3787 3080 3872 floreret.
3117 3786 3304 3868 Latini
3337 3801 3467 3872 vero
3489 3785 3588 3855 qui
3612 3785 3896 3872 deinceps

2237 3854 2539 3918 Saturnini
2573 3860 2994 3921 meminerunt,
3027 3874 3158 3912 cum
3205 3858 3260 3912 in
3284 3857 3485 3912 cadem
3508 3854 3756 3927 vestigia
3779 3856 3894 3909 sint

2236 3933 2508 4004 ingressi,
2545 3949 2671 4004 quae
2704 3932 2910 4004 palans
2959 3929 3454 4004 ante‘Gregorius
3483 3929 3890 4004 impresserat,

2237 3999 2352 4061 novn
2386 4009 2472 4060 est
2505 3999 2743 4066 mirum,
2779 4003 2828 4056 si
2862 4018 2994 4056 cum
3027 4000 3229 4057 eodem
3259 3999 3335 4056 de
3373 4001 3464 4055 via
3519 3999 3889 4055 deflexerint.

2234 4078 2440 4133 Merito
2472 4075 2652 4144 igitur
2694 4073 2792 4128 illa
2833 4073 2904 4128 ab
2957 4072 3231 4128 Hilduiuo
3283 4073 3560 4128 dicuntur
3601 4089 3731 4142 pag.
3758 4072 3891 4144 _69:

2237 4172 2264 4197 ‹‹
2300 4150 2368 4204 Et
2391 4142 2891 4219 quodGregorius
2921 4145 3305 4219 Turonensis,
3338 4145 3492 4219 sicut
3523 4145 3581 4197 in
3617 4142 3889 4219 passione

2243 4220 2303 4275 S.
2335 4213 2633 4274 Saturnini
2667 4213 2877 4288 legisse
2935 4233 2998 4272 se
3027 4217 3272 4282 dixerat,
3333 4216 3442 4270 sub
3482 4213 3895 4288 autu'matione

2234 4285 2952 4361 memoretistum'ipsum
2979 4294 3238 4361 tempore
3274 4287 3700 4361 persecutionis
3738 4285 3893 4361 Decii

2233 4364 2344 4420 sub
2378 4365 2440 4419 B.
2475 4361 2632 4418 Sixto
2664 4359 2797 4416 cum
2830 4359 2964 4414 aliis
2997 4359 3440 4432 sex‘episcopis,
3462 4375 3728 4432 quorum
3763 4359 3895 4432 vita:

2230 4435 2318 4491 vel
2371 4434 2678 4507 passiones
2727 4430 3278 4507 nequaquamgéjus
3329 4430 3506 4507 dictis
3554 4430 3897 4507 iuratione

480 4521 654 4588 quem
689 4501 1297 4588 alioquiAdiscipulum
1340 4505 1738 4588 apostolorum
1767 4501 1994 4588 vocant.
2045 4505 2124 4588 De
2155 4513 2201 4578 D
2234 4501 2568 4580 temporum
2602 4501 2961 4572 consonant,
2997 4504 3056 4558 in
3115 4501 3224 4559 has
3257 4502 3521 4572 regiones
3561 4501 3752 4558 fuisse
3805 4503 3897 4558 di-

483 4579 582 4631 illo
614 4595 745 4632 vero
783 4576 1130 4633 liincAdonis
1149 4579 1328 4633 verba
1353 4576 1538 4632 notari
1564 4576 1756 4638 velim,
1781 4593 1912 4630 cum
1950 4576 2018 4630 de
2043 4578 2120 4631 fe-

479 4649 838 4704 stivitatibus
872 4649 1291 4721 apostolorum,
1333 4673 1360 4699 ‹‹
1395 4647 1639 4712 Natalis,
1665 4648 1894 4721 inquit,
1938 4648 2124 4704 sancti

476 4721 778 4792 Trephimi
814 4724 883 4776 de
912 4720 1024 4791 quo
1047 4721 1586 4793 scribitApostolus
1610 4720 2120 4793 ad_Timothetim:

477 4791 827 4863 Trophimum
857 4804 1040 4849 autem
1073 4794 1281 4864 reliqui
1310 4791 1599 4863 inﬁrmum
1624 4791 1796 4845 Mileti
1818 4793 2122 4862 (7)).Hicab

483 4866 767 4936 apostolis
802 4867 996 4921 Romae
1055 4867 1361 4920 ordinatus
1420 4866 1748 4934 episcopus,
1794 4863 2017 4936 primus
2049 4869 2119 4919 ad

475 4935 766 4993 Arelatem
803 4939 1000 4993 urbem
1035 4937 1230 4992 Gallia:
1255 4937 1326 4992 ob
1348 4936 1561 4990 Christi
1583 4935 1958 5007 Evangelium
1981 4953 2122 5007 pras-

476 5010 792 5065 dicandum
826 5011 1082 5065 directus
1113 5015 1218 5065 est.
1254 5014 1330 5063 Ex
1361 5011 1531 5076 cujus
1565 5010 1741 5075 fonte,
1777 5012 1841 5062 ut
1873 5009 1933 5062 Β.
1969 5026 2120 5080 papa

477 5082 744 5138 Zosimus
777 5083 1001 5150 scribit,
1036 5086 1167 5136 tota?
1200 5081 1393 5136 Gallia
1413 5081 1716 5135 ﬁdeirivos
1733 5085 2116 5152 acceperunt:

473 5154 574 5225 qui
628 5155 779 5225 apud
834 5155 1100 5208 eamdem
1135 5155 1337 5209 urbem
1377 5154 1430 5207 in
1459 5169 1596 5224 pace
1629 5152 1865 5225 quievit.
1897 5176 1915 5225 nt
1959 5154 2114 5208 Idem

472 5224 782 5281 confirmat
803 5225 861 5280 in
882 5226 1165 5282 Chronico
1197 5232 1358 5280 aetate
1385 5235 1564 5291 sexta,
1601 5243 1752 5279 anno
1783 5224 2000 5279 Christi
2046 5225 2116 5278 59

469 5297 772 5368 Gaguinus
804 5298 952 5352 libro
986 5316 1039 5352 IX
1072 5299 1142 5353 de
1174 5299 1376 5354 Carolo
1401 5297 1448 5350 V
1483 5315 1613 5368 rege
1663 5297 1948 5360 scribens,
1995 5295 2114 5352 haec

465 5369 535 5425 de
566 5370 884 5441 Trophimo
921 5372 1132 5426 refert:
1169 5394 1196 5421 «
1230 5371 1517 5426 Arelatem
1552 5367 1712 5441 regni
1741 5367 2111 5441 iBurgundo-

465 5459 596 5497 rum
633 5440 970 5511 primariam
1024 5443 1312 5498 civitatem
1368 5448 1422 5497 et
1449 5440 1637 5512 caput
1672 5440 1874 5506 fuisse,
1927 5440 2108 5510 impe-

463 5515 672 5585 rioque
704 5515 996 5587 paruisse,
1032 5520 1256 5571 certum
1286 5521 1412 5570 est:
1448 5532 1650 5587 quam,
1685 5518 1748 5567 ut
1797 5513 2109 5587 Gervasius

463 5585 898 5659 scribit,‘Aram
938 5586 1114 5643 latam
1151 5587 1326 5659 prisci
1360 5586 1772 5659 appellabant;
1801 5601 1932 5639 nam
1959 5585 2016 5659 in
2042 5601 2108 5639 eo

462 5658 589 5715 loco
625 5676 802 5730 prope
834 5657 1279 5729 civitatem,‘qui
1311 5657 1564 5715 Rocheta
1613 5657 1931 5730 dicebatur.
1980 5658 2106 5712 duae

463 5729 753 5789 columnas
785 5735 1093 5788 exstructa:
1125 5737 1291 5788 erant
1322 5737 1379 5788 et
1408 5749 1582 5805 super
1613 5747 1712 5787 eas
1769 5747 1869 5786 ara
1915 5729 2106 5801 impo-

533 5874 610 5947 (p)
643 5873 692 5930 II
722 5872 872 5930 Tim.
900 5890 976 5946 tv,
1008 5874 1097 5933 20.

2235 4585 2480 4635 rectum.
2515 4600 2542 4628 ››

2324 4599 2480 4635 tum.
2515 4600 2542 4628 ))

2265 4599 2513 4715 eEuinto
2544 4648 2670 4704 loco
2703 4647 3345 4720 Dionysiumnostrum
3379 4650 3662 4720 recenset,
3689 4662 3893 4717 quem,

2231 4727 2296 4777 ut
2327 4724 2620 4778 delectum
2681 4717 2962 4787 Argivum
3021 4719 3234 4786 virum,
3268 4719 3338 4775 ad
3396 4719 3584 4790 ipsam
3637 4717 3892 4774 heroum

2228 4795 2474 4850 classem
2507 4792 2910 4862 Gallicamque
2935 4792 3370 4862 expeditionem
3406 4795 3703 4862 aggregat.
3752 4791 3890 4846 Pro-

2229 4867 2482 4922 feremus
2515 4865 2690 4934 igitur
2737 4863 3251 4936 Martyrplogium,
3290 4864 3448 4936 quod
3496 4867 3684 4918 totum
3714 4864 3794 4936 ab
3822 4879 3890 4918 eo

2224 4955 2355 4994 esse
2388 4933 2607 4994 volunt.
2645 4937 2731 4992 Ita
2760 4933 2909 4991 vero'
2952 4934 3132 4990 habet
3158 4936 3190 4990 3
3221 4934 3487 4990 Octobris
3521 4952 3534 4989 :
3572 4955 3600 4983 (ί
3635 4933 3890 5000 Athenis,

2228 5009 2488 5082 Dionysii
2518 5010 2882 5082 Areopaigitx,
2914 5007 3013 5082 sub
3044 5007 3291 5082 Adriano
3325 5007 3560 5082 diversis
3592 5010 3892 5082 (omenti:

2219 5079 2397 5153 passi,
2431 5087 2492 5138 ut
2523 5079 2789 5136 Aristides
2820 5081 2970 5135 testis
3002 5086 3080 5153 esi
3114 5079 3174 5134 in
3205 5095 3363 5150 opere
3387 5081 3558 5153 _quod
3609 5079 3677 5153 de
3726 5079 3888 5134 Chri-

2219 5151 2406 5210 stiana
2464 5153 2738 5223 religione
2792 5151 3118 5223 composuit,
3180 5156 3289 5207 etc.
3324 5173 3351 5199 ››
3386 5151 3451 5206 Et
3478 5154 3513 5205 9
3570 5152 3885 5221 ejusdem:

2226 5248 2246 5275 ιι
2285 5229 2523 5282 Parisiis
2555 5222 2814 5295 Dionysii
2842 5222 3088 5294 episcopi
3110 5240 3233 5278 cum
3255 5225 3414 5280 sociis
3442 5225 3555 5279 suis
3583 5240 3618 5278 a
3647 5227 3888 5280 Fasceis-

2219 5301 2372 5354 mino
2417 5297 2612 5367 gladio
2660 5295 3128 5352 animadversi.»
3182 5296 3262 5350 Ex
3295 5295 3388 5350 his
3446 5295 3590 5351 locis
3640 5295 3882 5364 quidam

2218 5367 2812 5440 existimarunt.quod
2835 5367 3128 5440 eprivatis,
3153 5383 3356 5423 eorum
3379 5367 3592 5423 litteris
3612 5370 3884 5438 cognovi,

2221 5443 2526 5513 perspicue
2559 5438 2711 5496 duos
2741 5438 3027 5513 distingui
3060 5439 3390 5513 Dionysios,
3425 5445 3629 5513 notata
3677 5440 3786 5495 loci
3827 5445 3883 5494 et

2217 5511 2328 5570 diei
2359 5511 2665 5568 varietate.
2709 5512 2844 5575 Sed,
2869 5512 3051 5584 quod
3077 5528 3216 5584 pace
3251 5511 3478 5567 illorum
3524 5512 3598 5567 sit
3630 5513 3879 5581 dictum,

2214 5588 2464 5642 vitreum
2501 5585 2643 5639 illud
2671 5589 2760 5639 est
2791 5587 2846 5639 et
2888 5582 3090 5656 fragile
3127 5584 3602 5652 fundamentum,
3659 5601 3726 5640 ex
3759 5601 3876 5656 quo

2213 5659 2362 5740 effici
2385 5657 2541 5740 nihil
2572 5656 2731 5711 aliud
2768 5656 2972 5740 possit,
3000 5671 3177 5740 quam
3209 5656 3506 5740 solemnes
3534 5657 3660 5712 dies
3695 5659 3873 5740 festos

2211 5731 2313 5788 uni
2345 5735 2402 5788 et
2449 5731 2635 5787 eidem
2669 5728 2822 5785 varie
2880 5733 3275 5784 consecratos.
3339 5728 3539 5801 Neque
3597 5745 3734 5786 vero
3782 5735 3870 5785 est
