4162 6368
223 320 324 375 9‘39

1235 324 1298 374 P.
1341 319 1721 372 LANSSELII
1761 317 2187 371 DlSPUTATIO
2222 318 2620 373 APOLOGET.

3527 316 3637 369 990

227 446 547 503 ordinatus.
585 446 792 500 Petrus
825 444 883 500 in
918 445 1188 516 Catalogo
1231 443 1334 498 lib.
1378 459 1503 510 vui,
1548 457 1678 511 cap.
1732 441 1872 496 108:
1907 451 1956 515 Α
1990 441 2140 495 roris
2166 441 2233 516 S.
2259 441 2931 516 Gregoriig’l‘uronensis,
2965 446 3023 496 et
3052 440 3299 516 aliorum
3371 441 3644 516 posteriO‘

228 519 557 574 Antoninus
588 518 735 572 621
794 522 954 588 parte
1013 534 1052 581 1,
1105 519 1194 570 tit.
1244 519 1298 581 6,
1359 531 1488 586 cap.
1537 516 1607 588 8,,
1637 519 1692 567 et
1741 520 1876 568 ante

229 608 432 646 omnes
467 591 732 645 homines
765 587 871 644 hos
904 588 1250 644 Hincmarus
1281 603 1413 641 cum
1440 588 1560 657 agit
1581 587 1652 640 de
1673 591 1874 640 sancto

231 663 501 733 Dionysio
533 663 900 730 Areopagita.

291 728 544 790 Sanctus
575 728 850 804 Nigasius
885 736 984 784 aut
1014 730 1304 798 Nicasius,
1325 729 1637 804 episcopus
1660 728 1873 804 Rhoto-

224 806 545 876 magensis,
582 799 968 872 lt'Octohris,
1004 820 1036 856 a
1071 803 1234 859 beato
1280 806 1575 876 Clemente
1625 800 1683 876 in
1735 799 1872 876 Gal:

222 871 583 932 lias'missus
615 893 749 930 cum
788 881 841 929 Β.
879 875 1174 945 Dionysio,
1208 879 1262 927 et
1284 873 1522 936 caeteris,
1566 873 1736 945 cujus
1793 871 1871 924 rei

222 949 391 1004 ﬁdem
421 949 646 1004 faciunt
677 949 890 1014 adhuc,
927 943 1117 1015 inquit
1158 945 1572 1009 Demochares,
1599 1014 1602 1015 ν
1625 951 1680 996 et
1714 943 1871 997 locus

221 1021 485 1091 martyrii
538 1021 719 1089 hujus
772 1014 1122 1091 percelehris
1165 1022 1229 1091 et
1278 1033 1455 1091 saces,
1508 1014 1769 1091 reliquiis
1818 1020 1873 1070 et

219 1087 436 1163 templa
465 1091 574 1147 sub
608 1087 786 1160 hujus
842 1090 1075 1163 nomine
1127 1088 1284 1163 clara
1335 1105 1367 1142 a
1415 1087 1707 1158 Rupelorti
1758 1104 1870 1141 non

220 1160 476 1219 multum
512 1163 818 1217 distantia.
853 1162 994 1215 Vide
1029 1160 1364 1214 Baronium.

285 1237 538 1290 Sanctus
595 1235 875 1290 Crescens
951 1237 1053 1287 aut
1126 1232 1498 1286 Crescentius
1560 1231 1870 1302 episcopus

212 1306 594 1375 Viennensis,
624 1308 691 1359 27
753 1304 936 1369 Junii,
995 1304 1146 1357 beati
1209 1302 1370 1357 Pauli
1433 1301 1762 1373 discipulus
1817 1307 1873 1356 et

212 1385 457 1450 martyr.
485 1376 630 1432 Vide
662 1377 978 1432 Baronium
1015 1378 1082 1429 ad
1113 1375 1269 1450 hunc
1298 1375 1473 1450 diem.

287 1445 544 1505 Sanctus
584 1450 876 1503 Maximus
946 1451 1049 1501 aut
1117 1445 1488 1513 Maximinus,
1555 1445 1869 1515 episcopus

211 1522 555 1592 Aquiensis,
587 1523 620 1576 8
647 1521 830 1584 Junii,
859 1519 958 1590 qui
993 1517 1380 1592 cumsanctis
1417 1518 1652 1592 Lazaro,
1688 1516 1871 1571 Maria

215 1589 581 1664 Magdalena,
648 1589 890 1646 Martha’
941 1591 1262 1664 sororibus,
1316 1595 1372 1644 et
1435 1589 1689 1664 Cedonio
1743 1595 1870 1659 post

212 1660 526 1722 ascensum
557 1664 848 1718 Christiin
883 1661 1118 1730 ccelum,
1171 1661 1356 1716 classe
1401 1660 1718 1715 Massiliam
1773 1676 1869 1729 ap-

261 1736 388 1792 ulit.
445 1742 647 1791 Petrus
706 1735 764 1791 in
824 1735 1095 1804 Catalogo
1151 1733 1299 1788 libro
1348 1750 1400 1802 ν,
1461 1750 1588 1803 cap.
1655 1732 1751 1786 101
1815 1736 1870 1786 et

285 1883 533 1935 Sanctus
563 1877 810 1932 Ursinus
831 1881 933 1931 aut
966 1874 1293 1937 Ursinicus,
1347 1876 1658 1946 epiSCOpus
1686 1872 1872 1946 iBitu-

215 1951 485 2017 ricensis,
516 1951 550 2003 9
581 1948 959 2004 Novembris:
997 1948 1154 2001 hunc
1187 1945 1869 2017 quidamdicuntNatha-

215 2023 466 2078 naelem.
503 2021 711 2076 Petrus
741 2021 800 2075 in
826 2019 1095 2090 Catalogo
1118 2035 1244 2089 cap.
1277 2022 1332 2087 9,
1367 2019 1404 2073 l.
1433 2036 1481 2090 il,
1514 2025 1568 2072 et
1602 2035 1729 2088 cap.
1784 2017 1871 2085 41,

209 2094 362 2150 libro
396 2112 451 2148 x.
484 2095 610 2150 Ado
638 2111 649 2148 :
678 2115 705 2142 ‹‹
734 2095 877 2148 Item
905 2089 1105 2145 eodem
1141 2090 1233 2144 die
1258 2091 1412 2161 apud
1431 2089 1717 2144 Bituricas
1743 2105 1873 2142 san-

211 2167 288 2221 cti
323 2165 542 2235 Ursini,
596 2165 693 2234 qui
748 2163 1387 2235 Romaaiordinatusia
1432 2161 1872 2235 successoribus

211 2233 656 2310 apostolorum,
674 2237 903 2310 primus
932 2234 1119 2310 eidem
1146 2235 1275 2288 urbi
1301 2233 1872 2310 destinaturepisco-

212 2304 326 2382 piis
362 2327 377 2382 ξ
417 2331 444 2357 ››
478 2304 949 2382 δυηξίῥείεείωα
980 2308 1157 2360 verba
1189 2304 1672 2382 sanctiAGregorii
1696 2305 1874 2359 Turo-

214 2377 416 2436 nensis
447 2386 522 2435 De
546 2380 726 2448 gloria
758 2380 1190 2443 conl'essorum,
1217 2393 1343 2448 cap.
1376 2377 1464 2431 80.

283 2445 916 2520 Sanctus'Eutropius
986 2445 1306 2519 episcopus
1346 2445 1749 2520 Santonensis,

213 2523 457 2594 Aprilis.
493 2547 519 2572 ιι
547 2539 578 2576 a
603 2518 1322 2594 B.,Clemcnte_episc0po,
1359 2520 1548 2594 inquit
1570 2519 1739 2594 _Ado,
1793 2518 1875 2570 di-

214 2590 410 2650 rectus
444 2595 501 2650 in
537 2593 776 2658 Gallias,
804 2615 829 2642 »
858 2597 968 2647 etc.
995 2591 1209 2646 Beatus
1229 2593 1547 2663 Gregorius
1569 2590 1874 2663 Turonen-

216 2668 300 2722 sis
324 2669 395 2722 De
424 2667 607 2737 gloria
639 2669 949 2736 martyrum
984 2681 1113 2737 cap,
1159 2664 1249 2718 56.
1285 2686 1334 2737 «_
1353 2661 1682 2737 Eutropius
1731 2677 1872 2737 quo-

217 2683 300 2722 sis
324 2681 395 2722 ue
424 2681 607 2737 αισι-ια
639 2681 949 2736 martyrum
984 2681 1112 2789 (δεῖ),
1159 2681 1249 2718 oo.
1285 2686 1310 2711 ‹‹
1369 2681 1682 2732 δυιτοριυε
1731 2681 1872 2731 quo-

217 2754 331 2809 que
365 2744 585 2809 martyr
612 2737 940 2809 Santonica;
989 2753 1056 2790 ur
1104 2736 1172 2809 is,
1223 2753 1255 2789 a
1304 2735 1364 2788 B.
1413 2732 1872 2809 Clemente_epi-

219 2804 398 2880 scopo
433 2804 615 2864 fertur
638 2809 896 2863 directus
927 2807 984 2862 in
1019 2807 1256 2880 Gallias,
1286 2830 1306 2857 ι)
1346 2811 1436 2880 etc
1469 2810 1686 2880 Petrus
1712 2804 1873 2880 Cata-

223 2877 355 2952 logo
389 2881 488 2935 lib.
515 2898 590 2947 ιν,
625 2896 752 2952 cap.
791 2881 910 2934 105.
948 2878 1300 2952 Breviarium
1354 2877 1679 2952 Parisiense
1731 2877 1874 2952 dicit

223 2947 478 3009 missum
528 2947 714 3007 fuisse
765 2968 898 3008 cum
968 2957 1166 3006 sancto
1220 2949 1496 3020 Dionysio
1544 2967 1574 3004 a
1625 2949 1684 3002 Β.
1747 2947 1869 3003 Cle-

222 3031 440 3080 mente.

293 3100 375 3151 Ne
407 3095 511 3164 ibi,
547 3094 764 3163 Lector,
801 3092 1084 3148 molestus
1132 3092 1265 3156 sim,
1312 3091 1361 3147 si
1400 3090 1622 3164 diutius
1672 3091 1730 3143 in
1783 3108 1872 3164 rre-

217 3167 256 3222 li
311 3167 404 3222 uis
436 3163 845 3233 te’detineam,
891 3164 1061 3218 finem
1114 3164 1190 3217 im
1241 3180 1436 3227 cnam,
1489 3163 1583 3216 uhi
1635 3163 1874 3217 nomina

218 3185 582 3292 reciiauorum
619 3242 950 3291 sanctorum
985 3235 1083 3292 oui
1119 3181 1336 3289 Gallias
1368 3239 1501 3288 ante
1531 3233 1690 3288 Decii
1727 3239 1871 3287 tem-

218 3257 278 3294 re

309 3241 582 3309 iquorum
619 3210 950 3309 sanctorum
985 3235 1083 3306 qui
1119 3210 1501 3309 Galliasante
1531 3233 1699 3309 D_ecii
1727 3239 1871 3309 tem-
1906 3210 1947 3275 (ἶ

219 3305 367 3379 pora
398 3309 622 3363 lumine
656 3308 788 3362 fidei
820 3305 1218 3379 illustrarunt,
1247 3306 1530 3361 indicaro.
1559 3306 1644 3360 Tu
1671 3306 1740 3360 de
1766 3305 1884 3360 illis

221 3378 546 3437 Baronium
578 3385 634 3436 et
661 3379 806 3435 alios
837 3378 1130 3434 consules.

296 3455 549 3509 Sanctus
581 3451 876 3506 Taurinus
910 3447 1276 3505 Ebroicensis
1304 3447 1638 3518 episcopus,
1680 3451 1731 3501 11
1764 3453 1882 3502 Au-

221 3525 404 3596 gusti.
439 3525 691 3596 Sanctus
726 3519 1357 3596 LucianusABellovaci,
1381 3520 1413 3573 8
1437 3519 1720 3596 Januarii.
1743 3521 1881 3574 San-

226 3592 356 3652 ctus
387 3594 648 3652 Valerius
707 3593 1101 3658 Treverensis,
1153 3593 1222 3646 29
1291 3592 1578 3647 Januarii.
1628 3595 1880 3646 Sanctus

224 3668 505 3724 Julianus
537 3665 1017 3729 Cenomanensis,
1047 3666 1116 3718 27
1144 3663 1432 3718 Januarii.
1480 3667 1727 3717 Sanctus
1773 3664 1878 3718 Za-

224 3740 458 3794 charias
506 3738 878 3805 Viennensis,
947 3737 1016 3790 26
1079 3735 1231 3790 Maii.
1275 3736 1526 3790 Sanctus
1592 3734 1878 3789 Martinus

235 3809 608 3875 Viennensis,
681 3811 746 3863 10
793 3807 955 3864 Julii.
1005 3812 1252 3862 Sanctus
1313 3807 1497 3862 Verus
1566 3806 1878 3877 episcopus

232 3881 604 3949 Viennensis,
642 3881 662 3934 1
698 3880 970 3952 Augusti.
995 3879 1080 3952 _De
1109 3879 1216 3952 his,
1250 3883 1314 3933 ut
1365 3878 1653 3946 dicebam,
1686 3879 1877 3933 omni-

228 3955 344 4010 bus
370 3954 516 4009 nihil
545 3950 947 4024 penitusdixit
981 3950 1317 4024 Gregorius,
1377 3966 1628 4024 quorum
1680 3954 1876 4005 tamen

229 4043 324 4081 res
359 4043 463 4080 nec
496 4023 682 4096 parvae
714 4041 818 4078 nec
850 4025 1112 4096 obscura)
1149 4023 1403 4089 fuerunt,
1426 4023 1877 4096 utquisanctos

223 4094 510 4154 Ecclesiae
523 4100 706 4152 cretus
729 4095 1111 4167 publicasque
1133 4094 1508 4167 caeremonias
1532 4094 1748 4167 multos
1780 4112 1877 4149 an-

225 4185 336 4224 nos
369 4171 487 4225 sint
520 4165 823 4223 moderati.
856 4165 1079 4238 Ergone
1111 4167 1180 4220 de
1214 4170 1273 4219 Β.
1316 4165 1583 4238 Dionysio
1630 4182 1755 4236 quis
1778 4167 1874 4220 di-

224 4242 331 4309 xit,
364 4243 516 4296 docti
553 4240 820 4294 homines
871 4237 1152 4310 tanquam
1205 4237 1425 4310 sibyllae
1461 4237 1674 4310 folium
1723 4239 1874 4293 exci-

224 4314 409 4383 pient,
442 4318 498 4368 et
543 4311 852 4367 verissima
891 4309 1038 4383 esse
1085 4309 1478 4383 contendent?
1528 4310 1674 4383 Quid
1718 4313 1869 4383 quod

223 4379 412 4439 multa
444 4389 581 4441 sunt
609 4385 681 4438 ab
712 4400 778 4437 eo
812 4381 1169 4453 praescripta,
1223 4396 1352 4453 quae,
1379 4397 1410 4434 a
1431 4379 1607 4434 choro
1656 4379 1873 4435 intelli-

218 4457 484 4525 gentium
517 4455 786 4511 omnium
817 4452 1266 4525 repudiantur?
1300 4452 1465 4506 Libro
1493 4453 1720 4525 xMz‘ra_c.
1747 4468 1871 4522 cap.

219 4523 314 4593 28,
349 4530 420 4583 de
451 4527 774 4598 apostolatu
811 4523 1215 4598 magniPetri,
1237 4527 1637 4598 quremsnoster
1659 4523 1871 4598 Diony-

219 4580 772 4672 siusfcorgr/prhteum:
815 4607 864 4653 et
910 4580 1215 4672 sublimem,
1254 4580 1562 4672 theologia
1615 4580 1872 4672 verticeni
1906 4580 1947 4645 Ι)

219 4666 630 4740 ηοωίηειῐζείο
665 4670 887 4724 habet:
941 4691 968 4718 «
1023 4668 1228 4723 Petrus
1273 4666 1594 4740 apostolus,
1647 4667 1746 4738 qui
1800 4668 1869 4722 ab

217 4738 503 4813 apostolis
536 4741 757 4799 casteria
805 4741 1117 4813 episcopus
1164 4739 1491 4813 ordinatus,
1544 4738 1736 4794 Romae
1781 4755 1872 4793 ca-

219 4812 490 4870 thedram
521 4814 749 4870 locavit.
784 4835 812 4863 »
839 4813 1000 4877 Quod
1035 4812 1116 4866 ita
1148 4812 1360 4866 durum
1394 4816 1501 4877 est,
1533 4816 1596 4865 ut
1629 4812 1686 4865 ni
1719 4828 1870 4866 com-

217 4885 784 4958 modaiexpositione
809 4883 1123 4958 molliatur,
1151 4883 1286 4958 ferri
1319 4887 1587 4954 nequeat,
1613 4899 1738 4958 cap.
1759 4883 1827 4936 29
1853 4900 1865 4938 :

221 4979 248 5010 ι
283 4955 677 5024 Paulus—vero,
731 4957 940 5027 inquit,
997 4957 1316 5025 apostolus,
1361 4960 1492 5026 post
1539 4955 1866 5010 revolutum

216 5031 358 5085 anni
393 5030 702 5099 circulum,
737 5028 862 5098 ipsa
899 5028 992 5082 die
1023 5044 1136 5098 qua
1173 5028 1373 5083 Petrus
1406 5027 1706 5099 apostolus
1740 5044 1869 5098 pas-

215 5119 338 5157 sus.
377 5124 404 5150 »
434 5109 519 5156 An
555 5097 871 5158 sectatOres
903 5097 1113 5154 haac’in
1147 5116 1206 5154 re
1256 5097 1717 5163 habet’multos,
1743 5097 1866 5166 iqui

215 5174 572 5229 contrariam
627 5173 904 5227 omnibus
949 5187 1123 5241 prope
1172 5170 1466 5225 historicis
1512 5169 1865 5226 sententiam

211 5247 539 5301 tueantur?
571 5244 693 5308 Qua
724 5245 793 5298 de
827 5260 885 5298 re
917 5242 1147 5298 videndi
1181 5242 1570 5298 eruditissimi
1634 5241 1739 5297 viri
1765 5243 1863 5297 Ba-

213 5317 419 5372 ronius
451 5322 506 5373 et
541 5322 738 5372 noster
774 5315 1105 5370 Deekerius.
1144 5315 1313 5370 Libro
1350 5332 1365 5368 1
1418 5315 1696 5378 Historiae,
1723 5331 1860 5386 icap.

210 5389 303 5454 30,
337 5390 505 5443 docet
535 5389 758 5444 Sixtum
811 5387 1145 5457 pontificem
1198 5387 1551 5448 Romanum,
1604 5391 1659 5441 et
1715 5385 1864 5440 Lau-

208 5460 470 5516 rentium
506 5461 982 5515 archidiaconum
1038 5458 1147 5512 sub
1198 5458 1366 5512 Decio
1411 5474 1638 5527 passos.
1687 5458 1862 5526 Atqui

209 5532 295 5587 illi
329 5531 592 5601 signiferi
628 5531 863 5601 pietatis
907 5530 1016 5585 sub
1067 5528 1373 5583 Valeriano
1419 5531 1611 5584 Romae
1664 5529 1721 5582 in
1775 5547 1862 5584 ex-

206 5604 363 5660 celso
399 5609 456 5656 et
485 5603 702 5657 illustri
728 5601 852 5656 loco
889 5618 1188 5673 purpurea
1227 5601 1482 5671 trophzea
1516 5606 1860 5672 posuerunt.

211 5677 364 5748 quod
394 5674 681 5748 baronius
713 5673 864 5748 clare
894 5690 924 5729 e
972 5678 1027 5730 S.
1054 5674 1355 5748 _Cypri_ano
1385 5674 1782 5748 demonstrat,
1807 5677 1864 5728 et

209 5744 410 5805 noster
460 5745 726 5802 Mariana
784 5744 886 5801 lib.
938 5761 994 5800 IV
1045 5745 1118 5800 De
1166 5744 1328 5800 rebus
1377 5744 1679 5816 Hispaniw,
1731 5760 1858 5816 cap.

214 5820 437 5948 1Oi‘iulli
460 5886 642 5963 igitur
672 5884 888 5943 mirum
918 5884 1203 5958 videatur,
1232 5883 1584 5946 Hilduinum
1598 5884 1748 5946 hanc
1769 5902 1858 5946 er-

1992 530 2120 566 rum
2155 515 2438 584 originem
2475 514 2698 568 afferre.
2737 536 2761 561 ››
2798 515 2940 568 Fieri
2972 515 3128 568 enim
3165 519 3356 583 potest
3384 519 3447 566 ut
3492 514 3639 566 dixi-

1987 601 2141 650 mus,
2177 588 2330 656 quod
2363 592 2582 640 textum
2623 586 2916 655 passionis
2941 586 3126 656 ipsius
3151 585 3338 640 sancti
3377 584 3641 639 Uomnini

1985 673 2053 710 ex
2083 658 2439 712 authenticis
2489 658 2773 728 scriptum
2821 674 2934 711 non
2978 657 3251 722 habeant,
3298 663 3354 711 et
3405 658 3531 710 ideo
3582 658 3639 710 in

1986 728 2092 782 hoc
2126 734 2342 796 errent,
2376 729 2512 799 quia
2558 735 2613 782 et
2674 745 2779 782 nos
2831 729 3027 798 plures
3080 729 3375 782 codicillos
3436 730 3641 782 exinde

1985 800 2261 866 vidimus,
2297 801 2395 870 qui
2433 803 2490 854 in
2525 799 2882 871 quibusdam
2923 817 3098 854 sensu
3121 801 3468 854 videbantur
3499 817 3638 854 con-

1985 873 2245 940 cordare,
2300 875 2398 926 sed
2453 873 2779 926 litteratura
2823 873 3137 926 admodum
3201 873 3527 938 dissonare,
3581 874 3634 926 in

1983 944 2337 1013 quihusdam
2369 950 2561 999 autem
2591 960 2696 998 nec
2729 960 2903 998 sensu
2941 960 3045 998 nec
3099 943 3380 998 orationis
3439 951 3638 998 tenore

1985 1021 2257 1085 poterant
2287 1016 2538 1081 sociari;
2574 1015 2727 1086 quod
2763 1016 3141 1070 manifestum
3174 1020 3284 1082 est,
3339 1016 3515 1084 hujus
3548 1032 3635 1069 ve-

1985 1087 2267 1142 nerabilis
2300 1093 2355 1142 et
2388 1087 2791 1157 antiquissimi
2827 1088 3008 1142 Petris
3032 1093 3261 1142 vetusta
3293 1086 3633 1158 longinqui-

1983 1163 2124 1230 tate,
2157 1165 2212 1213 et
2244 1159 2458 1227 ignota:
2490 1166 2664 1229 atque
2698 1159 3011 1229 peregrinae
3034 1158 3266 1230 linguae,
3295 1159 3391 1213 ubi
3415 1161 3485 1213 de
3508 1160 3634 1228 ejus

1983 1229 2194 1285 notitia
2227 1231 2478 1285 maxime
2512 1231 2794 1300 scriptum
2829 1237 2972 1299 erat,
3004 1229 3255 1297 inscitia,
3311 1247 3412 1286 seu
3468 1232 3637 1284 devo-

1981 1305 2139 1356 tione
2160 1302 2419 1356 fidelium
2436 1303 2740 1368 accidisse,
2772 1303 3002 1372 quinon
3019 1304 3296 1358 studuere
3319 1303 3387 1356 ad
3416 1303 3639 1372 priscas

1981 1374 2258 1428 historias
2292 1391 2393 1446 pro
2425 1375 2760 1446 cognitione
2793 1377 2921 1443 eius
2946 1391 3265 1442 recurrere,
3291 1375 3478 1446 sediea
3510 1390 3641 1445 quae

1982 1447 2187 1500 auditu
2223 1445 2604 1518 collegerunt,
2640 1452 2702 1499 ut
2733 1447 3044 1517 Gregorius
3082 1445 3465 1515 Turonensis,
3510 1463 3634 1518 non

1980 1518 2171 1572 votivo
2195 1517 2387 1572 errore
2423 1517 2648 1579 fallens,
2710 1519 2970 1572 videntes
3019 1519 3275 1588 insignia
3321 1517 3637 1588 magnifica

1982 1595 2158 1659 atque
2183 1589 2637 1644 innumerabilia
2671 1606 2772 1659 per
2793 1607 2925 1643 eum
2950 1590 3091 1656 ﬁeri,
3120 1595 3290 1661 prout
3313 1590 3636 1660 unicuique

1981 1678 2157 1715 sensu
2193 1662 2533 1733 abundavit,
2566 1669 2914 1716 curaverunt
2947 1663 3184 1733 scriptis
3226 1662 3590 1733 committere
3618 1678 3631 1728 ;

1982 1734 2064 1788 sic
2101 1741 2156 1787 et
2186 1732 2256 1786 de
2289 1738 2624 1797 sanctorum
2658 1731 3275 1805 apostoloriimgestis
3306 1749 3372 1788 ac
3414 1731 3634 1804 paSsio-

1903 1829 1948 1893 Β
1984 1805 2158 1893 nibus
2193 1805 2409 1893 factum
2441 1805 2805 1886 legimus,.et
2837 1807 2906 1859 de
2931 1805 3070 1893 aliis
3095 1807 3432 1887 quibusque
3456 1805 3633 1859 histo-

1983 1877 2086 1930 riis
2121 1875 2387 1930 Ecclesiaz
2421 1876 2772 1931 necessariis
2803 1875 3126 1931 manifeste
3156 1875 3578 1947 comperimus.
3611 1897 3637 1924 »

1981 1947 2048 2001 Et
2080 1947 2252 2019 paulo
2288 1953 2457 2019 post:
2500 1970 2520 1997 ι
2552 1947 2833 2019 Caeterum
2872 1950 3229 2018 parcendum
3268 1963 3353 2004 est
3405 1947 3634 2018 simpli-

1981 2018 2146 2074 citati
2178 2021 2283 2073 viri
2317 2018 2601 2090 religiosi,
2633 2018 2895 2090 Gregorii
2945 2021 3306 2075 Turonensis
3353 2019 3634 2090 episcopi,

1982 2092 2082 2161 qui
2117 2091 2305 2145 multa
2328 2090 2497 2146 aliter
2528 2107 2703 2160 quam
2730 2107 2790 2144 se
2814 2092 3026 2146 veritas
3050 2093 3277 2155 habeat,
3309 2093 3630 2158 aestimans,

1981 2179 2097 2217 non
2129 2162 2655 2234 calliditatisiastu,
2691 2164 2790 2216 sed
2827 2163 3205 2234 benignitatis
3237 2170 3368 2218 voto
3421 2162 3632 2218 litteris

1980 2234 2434 2289 commendavit.
2471 2233 2737 2288 Patenter
2767 2239 2822 2288 et
2853 2237 3091 2306 quidem
3127 2252 3366 2290 noscere
3417 2251 3631 2306 possu-

1984 2322 2138 2378 mus,
2174 2323 2284 2378 non
2321 2306 2462 2360 adeo
2496 2306 2760 2378 quaedam
2787 2305 3030 2361 solerter
3052 2324 3185 2361 eum
3212 2305 3626 2378 investi’gasse,

1981 2377 2121 2448 quin
2155 2377 2204 2431 ei
2237 2377 2689 2448 contemporalis
2722 2378 2873 2433 622
2909 2379 3202 2434 exsistens
3235 2380 3321 2432 vir
3353 2377 3632 2448 prudens,

1981 2455 2038 2503 et
2067 2448 2624 2504 scholasticissimus
2659 2452 3032 2521 Fortunatus,
3066 2451 3165 2520 qui
3211 2453 3378 2521 plura
3410 2455 3466 2504 et
3521 2450 3633 2504 fre-

1983 2521 2314 2593 quenterad
2336 2521 2607 2593 eumdem
2629 2520 2962 2592 scripserat,
2989 2520 3272 2593 hymnum
3291 2521 3632 2593 rhythmicaa

1981 2592 2420 2664 compositionis
2454 2592 2915 2664 pulcherrimum
2945 2595 3014 2648 de
3037 2592 3155 2648 isto
3204 2592 3632 2664 gloriOsissimo

1981 2670 2235 2735 martyre
2261 2664 2653 2735 composuerit
2686 2681 2696 2718 :
2729 2664 2787 2718 in
2820 2673 2936 2734 qdo
2970 2673 3412 2732 commemorat,
3437 2681 3568 2720 eum
3593 2681 3626 2718 ει

1980 2735 2042 2790 Β.
2076 2735 2371 2807 Clemente
2402 2736 2784 2802 destinatum,
2821 2737 2976 2790 sicut
3007 2737 3065 2791 in
3105 2738 3437 2791 Latinorum
3469 2735 3634 2807 pagi-

1981 2807 2074 2880 nis
2105 2806 2309 2862 didicit
2340 2827 2353 2874 ;
2388 2808 2458 2862 de
2482 2807 2715 2880 natione
2750 2813 2946 2862 autem
2979 2809 3130 2880 ejus,
3161 2816 3216 2864 et
3268 2806 3633 2864 ordinatione

1979 2879 2350 2952 episcopatus
2398 2878 2754 2934 mentionem
2785 2950 2792 2952 Α
2825 2896 2938 2936 non
3009 2878 3178 2947 facit,
3232 2881 3369 2952 quia
3422 2880 3635 2951 lingua:

1978 2955 2186 3034 Grsecaa
2213 2951 2446 3034 penitus
2478 2968 2684 3034 expers
2716 2950 2909 3034 fuit.)

2053 3021 2311 3094 Longius
2345 3024 2456 3078 fuit
2480 3021 2588 3077 hoc
2610 3040 2741 3076 cum
2768 3023 2825 3078 S.
2853 3022 3132 3094 Gregorio
3168 3021 3494 3078 Turonensi
3520 3038 3636 3076 cer-

1981 3098 2200 3161 tamen,
2234 3095 2449 3165 quippe
2470 3094 2726 3149 Achilles
2753 3095 3228 3149 adversariorum
3255 3094 3487 3150 habitus
3507 3094 3637 3161 fuit,

1988 3166 2288 3237 turrisque
2321 3166 2456 3221 belli
2489 3187 2502 3234 ;
2545 3166 2734 3221 caeteri
2770 3172 2833 3220 ut
2863 3166 3062 3221 velites
3112 3174 3288 3237 atque
3342 3166 3503 3233 nudi,
3561 3165 3640 3220 le-

1987 3238 2130 3292 viori
2165 3237 2540 3310 contentione
2575 3238 2897 3310 fundentur
2925 3237 3106 3292 Aiunt
3137 3239 3326 3308 primo
3357 3237 3641 3310 Nicepho-

1987 3325 2141 3380 rum,
2176 3309 2274 3380 qui
2301 3310 2542 3364 nomina
2572 3309 3001 3380 episcoporum,
3036 3310 3133 3379 qui
3159 3326 3299 3365 suas
3327 3309 3512 3365 sedes
3545 3326 3638 3364 re-

1986 3379 2317 3450 liquissent,
2387 3397 2518 3436 cum
2572 3379 2843 3435 accurate
2907 3386 3251 3446 recenseret,
3315 3383 3385 3436 de
3433 3385 3634 3435 sancto

1986 3452 2260 3522 Dionysio
2297 3455 2587 3518 tacuisse;
2626 3459 2848 3507 certum
2899 3452 3097 3522 igitur,
3152 3453 3331 3506 videri
3387 3452 3635 3507 Athenis

1985 3523 2152 3577 illum
2187 3525 2300 3578 vita
2334 3525 2621 3578 functum.
2681 3525 2786 3578 Sed
2851 3524 3145 3594 perfacilis
3206 3524 3344 3578 huic
3404 3529 3493 3579 est
3547 3541 3638 3579 re-

1985 3595 2225 3677 sponsio
2261 3614 2273 3664 ;
2307 3597 2458 3650 clare
2489 3596 2703 3650 etenim
2740 3596 2862 3664 ipse
2894 3596 3034 3649 dicit
3069 3595 3358 3666 plurimos
3389 3613 3450 3651 se
3482 3596 3636 3650 omi-«

1984 3683 2153 3721 81586.

2053 3737 2337 3800 Secundo,
2370 3737 2622 3791 Severus
2654 3735 2942 3807 Sulpitius
2983 3737 3044 3791 B.

1983 3808 2098 3876 lus,
2131 3809 2229 3880 qui
2265 3809 2419 3864 circa
2441 3824 2662 3863 annum
2691 3808 2914 3863 Domini
2940 3809 3042 3862 400
3069 3809 3280 3875 floruit,
3307 3811 3477 3866 testis
3505 3808 3629 3877 est;

1982 3882 2450 3954 «persecutione
2474 3881 2710 3954 demum
2746 3881 2950 3954 quinta
2983 3881 3263 3954 martyria
3312 3882 3370 3936 in
3419 3882 3626 3938 Galliis

1980 3952 2107 4008 viSa
2139 3953 2339 4016 fuisse,
2373 3953 2561 4007 serius
2589 3956 2752 4006 trans
2784 3952 2962 4023 Alpes
2996 3953 3097 4007 Dei
3135 3952 3412 4024 religione
3441 3971 3636 4010 susce-

1982 4028 2098 4096 pta.
2135 4046 2162 4074 ›ι
2196 4024 2374 4096 Atqui
2407 4026 2476 4080 ad
2512 4024 2617 4078 hoc
2651 4028 2907 4096 tempus,
2942 4032 3000 4096 ut
3023 4025 3110 4079 vir
3151 4025 3516 4080 clarissimus
3541 4026 3634 4080 Ni-

1980 4095 2181 4152 colaus
2214 4095 2397 4151 Faber
2428 4096 2735 4168 scribebat,
2768 4095 3080 4168 Dionysius
3111 4097 3457 4168 Areopagita
3497 4113 3629 4168 per-

1978 4170 2174 4224 venire
2208 4185 2322 4222 non
2352 4167 2559 4238 potuit,
2593 4183 2697 4220 nec
2763 4167 2893 4238 ejus
2941 4167 3284 4238 martyrium
3337 4167 3631 4224 stare’sub

1978 4241 2310 4295 Domitiano
2337 4237 2426 4311 vel
2460 4238 2733 4311 Trajauo,
2759 4237 2816 4311 in
2842 4238 2993 4311 quod
3023 4237 3254 4311 tempus
3277 4239 3331 4311 id
3360 4240 3631 4311 rejiciunt

1979 4256 2310 4295 uomitiano
2341 4256 2426 4292 vei
2460 4256 2816 4308 'i'rajauo,1n
2842 4256 2993 4308 quoa
3023 4256 3134 4293 rem
3189 4256 3254 4293 us
3277 4256 3331 4293 iu
3360 4256 3621 4311 rejicmni

1979 4313 2079 4382 qui
2111 4310 2447 4368 diutissime
2478 4310 2692 4383 vixisse
2723 4309 2927 4383 volunt
2959 4309 3016 4363 in
3049 4256 3252 4366 Galliis
3287 4310 3333 4366 si
3362 4315 3621 4383 primum

1979 4381 2056 4437 ibi
2091 4383 2296 4453 quinta
2328 4381 2730 4454 persecutione
2769 4381 2877 4436 visi
2938 4391 3219 4454 martyres
3243 4381 3423 4440 fuere.
3477 4386 3628 4439 Sane

1979 4452 2490 4526 hoctelumrquod
2528 4452 2876 4526 acerrimum
2911 4452 3154 4523 quidam
3184 4461 3413 4526 putant.
3439 4456 3630 4512 erudi-

1981 4525 2197 4580 tissimi
2235 4525 2398 4580 li‘abri
2432 4525 2598 4595 quasi
2633 4531 2998 4579 armamento
3030 4532 3085 4580 et
3115 4525 3458 4583 auctoritate
3499 4545 3632 4583 con-

1982 4601 2225 4662 tortum,
2258 4598 2338 4650 ita
2371 4597 2488 4651 leve
2523 4596 2829 4666 dehileque
2856 4597 3082 4668 judico,
3119 4604 3182 4652 ut
3232 4598 3374 4653 nihil
3434 4601 3629 4655 videa-

1983 4674 2078 4724 tur
2101 4668 2566 4741 hebetiueram
2603 4668 2798 4723 Severi
2831 4669 3066 4738 quidem
3099 4670 3331 4741 Sulpitii
3380 4671 3627 4737 dictum,

1982 4741 2134 4813 quod
2168 4757 2293 4795 meo
2316 4739 2540 4813 judicio
2574 4741 2752 4793 Faber
2784 4757 2896 4813 non
2918 4739 3280 4811 comprobat,
3305 4759 3415 4798 non
3442 4749 3634 4813 potest

1983 4811 2363 4886 nonindoclae
2409 4811 2651 4883 plenum
2704 4811 2978 4886 vanitatis
3034 4811 3497 4886 temeritatisque
3555 4816 3634 4869 vi-

1981 4883 2126 4950 deri,
2161 4883 2270 4938 nisi
2298 4889 2627 4954 opportuna
2657 4883 3042 4953 explicatione
3091 4883 3419 4941 eondiatur:
3479 4886 3628 4950 Quid

1981 4955 2135 5029 enim
2159 4956 2186 5010 ?
2217 4972 2416 5029 verum
2452 4955 2595 5010 illud
2623 4971 2749 5010 esse
2769 4963 2962 5025 queat,
2990 4961 3121 5009 ante
3153 4957 3415 5026 quintam
3443 4975 3631 5029 perse-

1981 5028 2298 5101 cntionem,
2330 5028 2385 5081 id
2420 5031 2509 5101 est
2539 5032 2910 5101 antegannum
2973 5030 3358 5083 centesimum
3394 5028 3633 5101 septua—

1980 5100 2296 5171 gesimum,
2332 5099 2526 5154 nullos
2561 5099 2618 5154 in
2652 5098 2843 5171 Gallia
2888 5105 3170 5170 martyres
3227 5101 3432 5156 visos?
3463 5098 3628 5168 'Quid

1979 5170 2159 5242 igitur
2191 5171 2470 5245 faciemus
2495 5170 2966 5245 generosissimis
2991 5171 3108 5226 illis
3137 5173 3400 5228 Ecclesiae
3429 5175 3627 5245 primae

1984 5243 2344 5315 proceribus,
2373 5260 2521 5369 quos
2545 5246 2803 5298 veterum
2839 5242 3217 5298 historiarum
3253 5245 3398 5300 fides
3429 5242 3628 5301 'disci-

1984 5315 2151 5369 nulos
2180 5320 2382 5369 anosto
2411 5331 2578 5369 orum
2614 5315 2771 5369 facit.
2807 5315 2905 5369 oui
2937 5317 3114 5369 variis
3146 5317 3201 5369 in
3238 5316 3378 5369 locis
3429 5318 3625 5369 Gallia:

1981 5315 2151 5386 pulos
2180 5315 2578 5385 apostolorum
2614 5315 2771 5386 facit,
2807 5315 2905 5385 qui
2937 5317 3114 5370 variis
3146 5317 3201 5372 in
3238 5316 3378 5372 locis
3429 5318 3625 5373 Gallia:

1977 5385 2048 5443 de
2085 5388 2369 5460 perfidia,
2395 5385 2781 5460 immanitate,
2805 5387 3630 5460 supersititione,gloriosissi-

1977 5477 2101 5535 mos
2132 5459 2466 5535 triumphos
2499 5459 2884 5513 retulerunt?
2931 5461 3016 5535 An
3059 5461 3203 5535 forte
3257 5459 3541 5535 martyres
3589 5464 3626 5517 ii

1978 5532 2090 5585 dici
2127 5533 2367 5585 minime
2402 5536 2664 5600 possunt,
2699 5547 2948 5602 quorum
2981 5530 3039 5584 in
3088 5532 3360 5602 patiendo
3414 5530 3626 5591 nobili-

1977 5607 2095 5657 tata
2128 5604 2485 5667 constantia,
2537 5602 2676 5677 ‘ferri
2729 5601 2934 5665 aciem,
2986 5601 3189 5677 uncos,
3239 5605 3536 5677 equuleos,
3570 5611 3625 5660 et

1975 5690 2147 5749 omne
2173 5690 2367 5749 genus
2393 5673 2744 5749 carniﬁcina:
2767 5675 3112 5749 superavit?
3141 5673 3446 5749 Cum—ergo
3478 5679 3621 5734 scri-

1974 5745 2396 5828 bithsuipitius,
2431 5744 3093 5828 persecutione’demum
3117 5751 3323 5818 quinta
3342 5744 3624 5828 niartyria

1973 5816 2032 5889 in
2067 5815 2268 5889 Galliis
2299 5815 2659 5883 visa'fuisse,
2692 5832 2807 5872 non
2839 5817 2963 5889 vult
3013 5815 3225 5889 dice—re,
3275 5821 3468 5877 nullos
3498 5815 3619 5889 'pe-

1971 5887 2134 5947 nitus
2181 5887 2364 5947 fuisse
2415 5892 2720 5962 martyres,
2779 5887 2882 5947 sed
2945 5893 3072 5948 tum
3147 5887 3404 5964 primum
3462 5887 3622 5949 velut

3103 3737 3337 3793 Martini
3377 3738 3634 3810 discipu-
