4162 6368
202 280 309 337 993

1222 280 1284 333 Ρ.
1323 277 1696 333 LANBSBLII
1732 274 2167 333 DISPUTATIO
2206 274 2605 330 APOLOGET.

3517 277 3624 335 994

202 414 459 463 veterem
493 404 769 476 pietatem
792 403 1209 460 illustrandam
1231 403 1461 471 idonea,
1487 402 1850 475 propediem,
1881 415 1935 476 Α
1965 397 2152 476 «Nisi
2182 415 2338 476 vero,
2363 397 2522 476 quod
2556 398 2626 476 ad
2643 397 2821 476 prius
2838 404 3083 476 spectat,
3109 402 3266 473 quod
3289 403 3446 476 apud
3473 406 3622 461 Ana-

203 480 434 551 Opinor,
462 480 657 551 lucem
682 476 925 531 videbit.

274 551 432 625 624
459 549 595 625 Post
625 553 972 625 argumenta
1001 545 1379 625 tamnmulta,
1416 550 1654 625 tamque
1709 542 1847 625 illu-

201 624 368 692 stria,
404 621 621 690 quibus
653 618 796 674 casio
832 618 1483 692 terraquefaventibus,
1533 618 1846 692 Areopagi-

199 689 836 761 tam'llierophantem
893 690 953 744 in
1021 689 1269 744 Galliam
1340 691 1714 757 deduximus,
1777 705 1849 743 an

201 773 608 834 exspectemus
632 763 773 816 dum
806 762 1000 816 solum
1036 762 1253 831 ipsum,
1304 762 1445 815 dum
1479 762 1730 834 parietes
1764 767 1847 814 at-

204 833 323 909 que
352 841 502 890 tecta
530 850 725 909 vocem
760 836 1004 909 mittant
1025 836 1440 909 etexclament,
1467 833 1849 909 etghominum

203 906 291 981 (ut
324 907 767 981 modestissime
798 907 1012 981 dicam)
1030 906 1185 981 _plus_
1210 906 1391 981 nimio
1435 906 1547 959 sibi
1581 907 1849 981 tribuen-

203 976 354 1034 tium
387 978 719 1049 opinionem
760 976 1054 1032 refutent?
1111 977 1333 1031 nihilne
1387 976 1849 1049 vetustissimum

202 1047 533 1107 Graecorum
595 1049 883 1120 templum
944 1054 1305 1104 exstructum
1366 1048 1645 1111 Parisiis,
1705 1047 1851 1101 nihil

203 1128 259 1177 S.
292 1121 553 1194 Dionysii
585 1138 785 1194 carcer
811 1128 863 1175 et
896 1121 1129 1194 defossa
1157 1137 1389 1191 specus,
1422 1120 1568 1194 nihil
1620 1124 1701 1194 tot
1730 1121 1854 1173 loca

206 1195 321 1250 late
354 1191 580 1265 sparsa,
610 1200 735 1265 tum
769 1193 1026 1265 Dionysii
1060 1194 1240 1247 nostri
1276 1199 1397 1265 tum
1430 1191 1851 1265 discipulorum

204 1270 335 1337 ejus
363 1264 563 1321 notata
596 1264 875 1331 vestigiis,
912 1264 1143 1337 pietate,
1168 1264 1476 1337 sanguine,
1519 1264 1852 1337 laureisque

205 1334 437 1403 ornata,
481 1338 551 1391 ad
612 1337 784 1391 ﬁdem
834 1335 1161 1391 faciendam
1222 1334 1537 1390 valebunt?
1598 1334 1853 1390 lllustris

207 1411 355 1466 mihi
389 1411 447 1463 in
478 1410 587 1463 hoc
620 1425 831 1480 genere
875 1409 1028 1480 visa
1053 1408 1159 1461 fuit
1219 1415 1403 1462 oratio
1442 1410 1500 1462 D.
1527 1478 1535 1480 _
1563 1407 1850 1473 Bocherii,

205 1483 463 1537 doctoris
495 1478 750 1551 theologi
786 1478 1088 1534 Sorbonici
1111 1482 1269 1533 omni
1295 1496 1503 1551 genere
1526 1478 1852 1533 litterarum

205 1554 441 1619 exculti,
475 1569 649 1621 quam
682 1553 971 1622 integram
1002 1552 1095 1605 hic
1124 1552 1247 1617 tibi,
1284 1552 1508 1617 Lector,
1535 1568 1854 1620 repraesen-

208 1627 447 1680 tandam
480 1624 698 1694 putavi,
732 1640 801 1677 ne
834 1625 882 1678 si
919 1623 1001 1678 vel
1037 1624 1351 1677 minimum
1387 1639 1492 1691 ego
1525 1630 1855 1677 commuta-

205 1715 360 1763 vero,
394 1695 616 1766 aliquid
649 1696 719 1748 de
751 1697 896 1748 tanti
919 1695 1023 1748 viri
1049 1695 1333 1765 sapientia
1359 1702 1415 1749 et
1444 1695 1734 1766 elegantia
1756 1702 1854 1750 de-

210 1774 409 1852 matur
436 1765 659 1852 :le’oque
690 1768 901 1852 faciam
933 1766 987 1847 id
1024 1766 1328 1852 libentius,
1359 1765 1853 1852 quodéclarinviri
1888 1789 1931 1852 Β

210 1839 676 1911 disputationem
696 1840 899 1893 doctor
915 1838 1231 1908 singularis
1252 1839 1510 1893 Andreas
1528 1838 1851 1911 Duvallius,

212 1910 492 1969 Sorbonaa
523 1911 743 1974 lumen,
778 1928 883 1965 suo
910 1911 1138 1979 judicio
1171 1910 1590 1980 comprobavit.
1627 1912 1724 1965 llle
1758 1912 1864 1982 igi-

214 1991 311 2038 tur
340 2002 373 2037 a
406 1999 497 2037 me
529 1999 704 2051 super
736 1983 844 2038 hac
878 1986 1196 2052 quastione
1228 1988 1489 2053 rogatus,
1524 1984 1602 2037 ita
1636 2000 1737 2054 per
1771 1986 1865 2039 lit-

214 2061 373 2111 teras
406 2055 712 2124 respondit
737 2072 748 2108 :

294 2150 316 2175 .
354 2123 518 2190 Quod
550 2143 583 2180 a
616 2142 706 2180 me
740 2126 909 2196 petis,
938 2123 1053 2178 imo
1078 2124 1333 2195 flagitas,
1368 2124 1445 2178 mi
1478 2125 1762 2190 Lansseli,
1796 2126 1866 2180 de

218 2202 473 2270 utroque
504 2198 658 2252 circa
688 2197 1099 2270 Areopagitam
1126 2197 1465 2267 Dionysium
1491 2198 1756 2266 (tuumne
1778 2198 1865 2270 di-

218 2285 348 2324 cam
376 2267 455 2324 an
487 2275 751 2323 nostrum
773 2268 799 2322 ?
830 2270 932 2322 sed
968 2267 1160 2322 ve:ius
1192 2276 1458 2322 nostrum
1480 2273 1650 2337 atque
1678 2269 1866 2340 tuum)

218 2342 583 2412 problemate
611 2341 747 2410 quid
783 2340 1055 2404 sentiam,
1090 2341 1292 2407 altero,
1323 2340 1476 2394 sitne
1509 2340 1603 2394 bio
1644 2347 1867 2407 noster,

216 2413 269 2465 1d
308 2420 397 2467 est
430 2412 807 2479 Parisiorum,
844 2412 995 2465 idem
1028 2413 1126 2482 qui
1152 2412 1312 2482 prius
1347 2412 1709 2466 Athenarum
1742 2412 1864 2483 epi-

216 2501 453 2555 scopus,
488 2484 689 2549 altero,
723 2501 797 2537 an
827 2484 1041 2555 γνήσια,
1087 2501 1214 2554 quae
1264 2486 1499 2537 nomine
1552 2484 1679 2552 ejus
1732 2500 1866 2538 cen-

216 2564 425 2610 sentur
459 2572 636 2626 Opera
667 2562 841 2624 atque
867 2557 1084 2623 scripta
1128 2562 1400 2625 (quorum
1452 2555 1698 2611 alterum
1734 2561 1867 2610 ante

214 2643 399 2682 annos
435 2628 840 2698 septingentos
889 2630 1173 2697 agitatum
1220 2643 1284 2680 ac
1334 2627 1617 2689 decisum,
1670 2627 1865 2681 saeculi

214 2699 400 2753 nostri
436 2701 854 2753 nonnullorum
879 2702 949 2752 de
975 2699 1146 2753 rebus
1169 2700 1550 2767 quantumvis
1572 2698 1866 2753 clarisdu-

214 2771 443 2852 bitapdi
480 2772 885 2852 nodumve,‘ut
930 2771 1164 2852 dicitur,
1225 2771 1281 2852 in
1316 2771 1510 2852 scirpo
1567 2772 1865 2852 quaerendi

216 2840 488 2909 κακόηθες
519 2843 857 2909 renovavit;
904 2842 1151 2895 alterum
1215 2843 1435 2896 dudum
1473 2840 1728 2912 sopitum
1764 2859 1868 2897 no-

221 2922 489 2968 vaturum
523 2914 633 2968 sibi
667 2931 699 2967 a
721 2913 822 2967 tali
845 2915 1227 2983 auctorejure
1254 2915 1639 2969 metuentium
1666 2916 1749 2969 sic
1773 2931 1864 2969 re-

221 2987 377 3040 coxit
409 2986 700 3055 impietas,
738 2991 802 3039 ut
832 2986 1123 3055 peperisse
1154 2986 1444 3056 videatur)
1478 2987 1619 3040 facis
1643 2993 1702 3040 tu
1736 2987 1865 3056 qui-

216 3058 348 3111 dem
382 3057 467 3110 sic
491 3057 672 3111 amice
708 3062 764 3111 et
795 3056 1179 3122 familiariter,
1205 3063 1268 3111 ut
1305 3058 1562 3112 vicissim
1586 3075 1679 3113 me
1702 3059 1867 3113 fateri

215 3127 587 3222 familiaritas
613 3129 841 3222 jubeat,
860 3128 1212 3210 sij‘udicium
1240 3146 1427 3209 meum
1455 3133 1682 3222 tantulm
1703 3147 1858 3201 quze-
1894 3156 1934 3222 Ο

215 3202 317 3268 ris,
353 3201 587 3269 perinde
622 3202 674 3253 id
712 3217 803 3253 me
834 3201 1119 3271 accipere,
1162 3216 1228 3273 ac
1258 3201 1306 3253 si
1340 3208 1540 3271 aperto
1586 3202 1861 3273 claroque

214 3272 335 3326 sole
368 3288 620 3342 quaeras,
652 3278 957 3326 noctemne
984 3287 1135 3326 anne
1167 3272 1320 3325 diem
1353 3289 1481 3327 esse
1514 3279 1729 3339 putem.
1766 3272 1866 3328 Sin

216 3351 279 3398 ut
310 3343 463 3397 lucis
496 3343 716 3414 aliquid
752 3343 985 3408 addam,
1033 3343 1270 3415 perinde
1298 3361 1361 3397 ac
1385 3345 1679 3411 sijubeas,
1707 3344 1865 3415 lych-

218 3431 363 3469 num
401 3430 492 3469 me
538 3416 643 3469 soli
705 3416 1032 3469 admovere.
1094 3416 1317 3485 Quippe
1372 3416 1469 3486 qui
1532 3417 1589 3469 in
1626 3433 1684 3469 re
1747 3424 1866 3472 tam

215 3486 395 3557 longa
429 3487 775 3540 saeculorum
802 3487 1083 3541 memoria
1112 3494 1232 3542 tam
1266 3487 1751 3557 acribusjudiciis
1780 3489 1866 3542 in-

219 3560 453 3627 dagata,
488 3564 573 3611 tot
603 3560 967 3613 eruditorum
1003 3576 1067 3612 ac
1101 3564 1440 3613 sanctorum
1475 3560 1863 3628 confessione,

219 3632 671 3699 Grmcorumque
701 3647 762 3683 ac
797 3631 1137 3684 Latinorum
1190 3647 1475 3685 consensu
1534 3632 1753 3686 credita
1809 3638 1866 3687 et

222 3705 484 3771 probata,
512 3701 818 3755 nec'modo
852 3702 1181 3772 principum
1218 3708 1392 3772 atque
1435 3703 1578 3756 adeo
1610 3705 1865 3773 impera-

223 3779 418 3827 torum
451 3778 507 3827 et
539 3789 761 3842 regum,
795 3778 852 3827 et
883 3774 981 3844 qui
1012 3774 1071 3827 in
1103 3774 1335 3829 Oriente
1366 3779 1421 3828 et
1447 3775 1543 3845 qui
1602 3775 1658 3828 in
1702 3774 1865 3829 Occi-

223 3845 398 3898 dente
429 3862 618 3898 rerum
655 3845 816 3914 potiti
852 3850 1008 3905 sunt,
1046 3848 1140 3900 sed
1166 3852 1222 3899 et
1254 3847 1595 3916 pontificum
1652 3846 1864 3901 Roma-

223 3932 432 3970 norum
488 3917 832 3970 auctoritate
887 3917 1127 3970 suffulta
1153 3922 1208 3971 et
1240 3920 1529 3983 roborata,
1563 3918 1865 3974 miraculis

220 3988 473 4060 denique
504 3990 867 4048 conﬁrmata,
904 3988 1043 4060 quid
1078 3989 1310 4043 multa?
1368 3988 1524 4043 nullo
1559 4006 1668 4043 non
1725 4008 1863 4060 pra)-

221 4059 559 4129 scriptionis
574 4075 784 4131 genere
800 4059 1078 4131 stabilita,
1097 4079 1162 4115 ac
1180 4061 1423 4125 munita,
1444 4059 1795 4131 Pyrrhonicu
1808 4080 1863 4117 m

218 4131 380 4205 istud
406 4132 596 4205 denuo
629 4148 729 4185 seu
764 4129 993 4205 duopch
1026 4149 1127 4186 seu
1160 4131 1400 4204 σκέψεως
1444 4129 1702 4187 ω’ῐηυίεηή
1761 4151 1859 4205 ge~

218 4219 332 4256 nus
365 4203 598 4272 (nedum
635 4219 845 4271 negare
876 4202 1085 4265 ἁπλῶς,
1111 4210 1168 4259 et
1190 4202 1512 4271 cornicum,
1541 4211 1603 4258 ut
1628 4202 1863 4272 dicitur,

215 4274 418 4329 oculos
449 4276 761 4343 conligere)
785 4281 903 4347 tam
931 4276 1246 4346 pervicacis
1266 4277 1443 4330 animi
1479 4292 1604 4330 esse
1639 4284 1860 4347 putem,

216 4362 388 4417 quam
424 4346 475 4399 id
517 4349 761 4415 probare
791 4346 933 4401 velle
987 4348 1263 4417 amplius,
1322 4349 1549 4402 inutilis
1581 4346 1765 4417 operae
1798 4366 1863 4403 ac

214 4416 454 4489 laboris.
488 4419 735 4473 Maxime
766 4435 920 4485 vero,
955 4434 1019 4472 ex
1051 4416 1165 4488 quo
1222 4424 1351 4489 post
1381 4418 1536 4472 clara
1600 4416 1859 4487 priorum

218 4488 863 4584 saeculorumuEpplerim
890 4491 1401 4584 lu‘mi‘naketquos
1452 4490 1658 4584 Oriens
1696 4491 1857 4584 tulit,
1895 4522 1937 4584 Β

216 4561 520 4632 Syngelos,
559 4562 899 4629 Methodios,
936 4562 1384 4632 Metaphrastas.
1417 4568 1472 4616 et
1519 4578 1664 4633 quos
1696 4562 1856 4617 Occi-

214 4633 360 4687 dens
396 4633 699 4688 llilduinos
722 4639 782 4687 et
808 4636 1170 4697 llincmaros,
1196 4652 1226 4688 a
1250 4635 1466 4706 quibus
1492 4634 1609 4688 haec
1638 4635 1859 4689 dudum

214 4709 339 4777 tam
365 4711 633 4760 accurate
667 4707 1008 4776 disceptata,
1034 4706 1324 4770 discussa,
1348 4706 1542 4761 decisa
1566 4712 1724 4771 sunt,
1761 4708 1862 4777 qui

212 4776 531 4831 novissime
562 4777 775 4831 saeculo
810 4783 1009 4833 nostro
1055 4779 1414 4848 prodierunt,
1480 4776 1859 4843 Genebrardi,

210 4847 437 4909 Galeni,
474 4849 723 4914 Baronii,
751 4847 1118 4919 amplissime
1171 4866 1302 4904 vero
1362 4850 1561 4915 Delrii,
1621 4868 1861 4906 causam

209 4919 365 4973 hanc
396 4920 479 4973 sic
514 4920 905 4983 illustrarunt,
938 4922 1056 4975 imo
1079 4922 1463 4992 pervicerunt,
1491 4928 1552 4976 ut
1574 4922 1859 4991 quidquid

210 4992 365 5045 istud
397 4993 655 5061 amplius
690 4994 746 5046 in
772 5000 1020 5064 utroque
1052 4994 1411 5064 problemate
1437 4995 1860 5062 controversias,

209 5080 309 5140 seu
350 5065 544 5134 potius
575 5064 921 5140 φιλονεικίας
970 5072 1047 5140 et_
1086 5066 1407 5140 ambitiosa:
1440 5068 1861 5140 contentionis

209 5136 340 5207 erit,
375 5152 486 5189 non
523 5136 639 5190 tam
674 5138 743 5191 ad
780 5138 833 5191 id
869 5136 1309 5192 dissolvendum
1347 5136 1567 5192 ratione
1590 5140 1864 5207 autjudi-

207 5206 315 5271 cio,
350 5224 529 5277 quam
564 5225 742 5263 sensu
772 5226 924 5279 opus
947 5226 1075 5264 esse
1106 5211 1388 5264 videatur.
1422 5211 1613 5271 Plane,
1638 5206 1763 5265 utsi
1794 5211 1862 5264 iis

208 5280 305 5349 qui
342 5286 559 5348 negant
591 5280 677 5335 vel
710 5281 981 5335 dubitant
1010 5298 1101 5336 me
1125 5284 1471 5351 adjungam,
1498 5288 1615 5337 tam
1640 5282 1698 5336 in
1723 5283 1862 5337 vitio

206 5352 443 5424 futurus
466 5352 601 5424 sim,
638 5368 813 5423 quam
846 5354 895 5406 si
931 5354 999 5407 iis
1034 5355 1131 5423 qui
1195 5358 1361 5409 aiunt
1418 5354 1859 5424 affirmantque,

205 5422 368 5477 aliud
432 5423 576 5476 nihil
635 5422 893 5494 amplius
953 5422 1144 5496 egero,
1207 5444 1383 5496 quam
1446 5432 1508 5481 ut
1567 5422 1758 5497 poeta!
1804 5428 1858 5481 id

204 5510 533 5563 usurpem:

658 5567 839 5621 Vitavi
870 5567 1107 5638 denique
1138 5570 1379 5639 culpam,

462 5640 581 5692 Non
615 5639 837 5694 laudem
870 5640 1190 5695 merui......

999 5717 1170 5782 Hom,
1206 5713 1277 5767 Dc
1306 5718 1422 5768 arte
1451 5722 1615 5785 poet.,
1646 5729 1699 5770 v.
1730 5712 1856 5766 267.

275 5856 387 5925 (18)
425 5852 668 5925 Niceph.
707 5852 841 5921 1.11,
877 5870 931 5910 c.
970 5854 1060 5909 21.

2362 470 2429 524 R.
2472 470 2531 524 E.

1964 470 2214 526 stasium
2248 471 2305 525 S.
2362 470 2429 524 R.
2472 470 2531 524 E.
2596 469 3221 529 bibliothecarium'S.
3288 469 3617 533 Methodius

1958 544 2408 615 Constantinop.
2434 542 2769 613 episcopus,
2802 546 2954 614 apud
2985 545 3373 615 Lipomanum
3405 548 3466 602 B.
3513 550 3614 602 Mi-

1961 614 2124 668 chael
2146 615 2455 689 Syngelus,
2472 615 2883 689 apudib‘urium
2909 614 3142 671 Simeon
3165 618 3617 689 Metapbrastes,

1964 688 2160 760 magni
2184 688 2345 741 illius
2367 688 2729 760 Areopagitae
2752 686 2894 740 Vita:
2920 689 3257 760 scriptores,
3283 686 3497 745 etcum
3548 694 3619 749 iis

1962 757 2357 829 Nicephorum
2380 759 2515 828 (48),
2544 758 2724 813 Graeci
2749 776 2974 827 omnes,
2999 757 3264 829 ejusdem
3291 763 3348 816 in
3398 763 3617 820 Galiias

1963 831 2278 903 adventum
2314 847 2430 883 uno
2462 836 2861 903 oregastruunt
2892 847 2904 884 :
2938 841 2994 885 et
3025 833 3178 903 quod
3203 836 3355 903 apud
3394 836 3616 891 llildui-

1965 918 2106 983 num
2129 902 2405 983 'l‘aras‘i_us
2429 901 2765 983 patriarcha
2790 901 3093 983 Constant.
3118 910 3176 958 et
3205 901 3331 974 ipse
3358 906 3615 971 Graecus,

1964 973 2218 1028 sollicita
2250 973 2517 1046 adhibita
2548 974 2953 1043 inquisitione,
2986 976 3045 1029 id
3082 992 3182 1046 pro
3206 973 3363 1032 certo
3381 983 3617 1035 tandem

1964 1061 2029 1099 ac
2052 1051 2353 1116 comperto
2381 1045 2556 1100 habet
2588 1066 2602 1109 τ,
2635 1050 2692 1100 et
2717 1047 2874 1116 quod
2903 1047 3055 1117 apud
3085 1045 3473 1105 Hincmarum
3502 1051 3613 1105 Hil-

1964 1118 2214 1193 duinum
2246 1118 2632 1193 discipulum,
2668 1134 2734 1193 ac
2775 1119 3165 1193 Rhemensem
3224 1121 3614 1193 archiepisco-

1966 1205 2128 1260 pum,
2154 1188 2356 1261 Carolo
2381 1190 2558 1244 (jalvo
2592 1190 2712 1261 regi
2744 1192 3095 1246 scribentem
3120 1198 3359 1247 sanctus
3382 1188 3612 1249 sancti-

1966 1277 2077 1343 pus
2098 1260 2412 1343 meldensis
2434 1260 2769 1343 episcopus,
2802 1264 2858 1317 S.
2895 1263 3154 1343 Dionysii
3170 1264 3527 1343 discipulus,
3557 1271 3615 1321 et

1966 1332 2223 1387 historias
2253 1332 2512 1405 martyrii
2545 1332 2794 1404 scriptor
2823 1351 3001 1405 quam
3035 1332 3097 1391 se
3128 1336 3283 1390 idem
3330 1332 3613 1393 Hincma-

1967 1421 2068 1459 rus
2098 1420 2165 1459 ex
2214 1406 2631 1459 vetustissimis
2692 1409 3049 1462 membranis
3104 1408 3510 1478 descripsisse,
3562 1414 3621 1464 et

1967 1478 2265 1547 exemplar
2293 1478 2423 1546 ejus
2456 1478 2524 1531 ad
2561 1478 2829 1531 Carolum
2863 1481 3102 1534 Calvum
3138 1480 3367 1535 mittere
3398 1482 3617 1535 ibidem

1968 1548 2201 1623 scribit,
2229 1549 2383 1602 hunc
2412 1550 2824 1623 Areopagitam
2857 1552 2914 1605 S.
2949 1551 3111 1605 Pauli
3139 1552 3499 1623 discipulum
3524 1569 3621 1622 per

1969 1619 2382 1674 revelationem
2415 1622 2685 1675 ordinata
2716 1622 2825 1675 sibi
2860 1624 3178 1676 commissa
3212 1619 3467 1679 Ecclesia
3506 1619 3619 1679 Ro-

1970 1708 2127 1745 mam
2160 1694 2407 1757 venisse,
2442 1700 2497 1747 et
2529 1709 2561 1746 a
2596 1698 2654 1745 B.
2692 1693 2983 1749 Clemente
3015 1696 3241 1765 papain
3269 1697 3486 1751 Gallias
3530 1697 3617 1750 di-

1969 1771 2191 1818 rectum
2226 1765 2428 1829 fuisse,
2466 1764 2835 1834 Parisiosque
2865 1764 3029 1820 adeo
3066 1766 3316 1835 venisse,
3377 1769 3618 1823 disertis

1968 1836 2158 1910 verbis
2191 1837 2271 1889 ait
2290 1852 2307 1910 νε
2336 1836 2608 1910 quodque
2629 1836 2703 1889 iis
2724 1838 2981 1906 amplius
2998 1845 3107 1905 est,
3132 1845 3189 1893 et
3210 1842 3617 1910 superioribus

1972 1907 2121 1985 belle
2152 1908 2422 1985 quadrat,
2456 1908 2611 1985 quod
2645 1910 3136 1985 apud_Eusebium
3176 1907 3619 1985 (49)'Dionysius

1969 1979 2405 2054 Corinthiorum
2439 1982 2752 2054 episcopus
2785 1980 3064 2054 Dionysio
3094 1979 3475 2054 Areopagitaa'
3507 1984 3618 2038 Pu-

1970 2051 2179 2116 blium,
2207 2052 2409 2124 Publio
2442 2051 2821 2124 Quadratum,
2856 2051 2955 2123 qui
2989 2053 3191 2124 utique
3242 2051 3342 2108 adv
3386 2055 3621 2109 Adriani

1970 2123 2342 2197 imperatoris
2364 2128 2626 2193 tempora
2650 2123 2965 2197 pertinent,
2995 2126 3050 2178 in
3076 2123 3418 2197 episcopatu
3447 2128 3621 2181 Athe-

1971 2194 2157 2249 niensi
2190 2200 2438 2269 testatur
2469 2195 2864 2269 successisse:
2899 2214 3013 2251 non
3046 2194 3365 2252 commisso
3416 2200 3618 2269 utique

1972 2283 2184 2337 magno
2216 2265 2313 2320 illo
2347 2266 2593 2335 apostoli
2628 2265 2789 2320 Pauli
2815 2272 2877 2320 ut
2908 2269 3185 2322 doctrinae
3217 2269 3300 2323 sic
3338 2265 3623 2325 sanctita-

1974 2339 2048 2392 tis
2080 2338 2393 2408 discipulo,
2430 2344 2491 2392 ut
2523 2339 2594 2392 de
2624 2338 2879 2393 statione
2911 2341 3236 2405 decederet,
3272 2341 3380 2395 nisi
3425 2343 3621 2396 divina

1972 2416 2207 2480 urgeret
2239 2409 2483 2479 vocatio,
2514 2410 2804 2464 uberioris
2831 2411 2886 2463 in
2911 2427 2980 2465 ea
3013 2412 3247 2481 regione
3272 2415 3613 2468 messiscol-

1972 2481 2219 2555 ligendi»
2254 2498 2448 2543 causa,
2498 2483 2568 2536 ad
2621 2498 2796 2555 quam
2843 2483 3089 2555 Graeciae
3141 2484 3499 2555 orientisque
3561 2490 3624 2539 ut

1971 2552 2344 2614 eruditionis.
2378 2554 2461 2607 sic
2486 2554 2720 2623 pietatis
2742 2552 2973 2609 divitias
2998 2556 3245 2609 conferri
3271 2552 3622 2624 praeordina-

1974 2630 2097 2678 tum
2132 2625 2414 2679 divinitus
2443 2631 2585 2679 erat.
2612 2625 2759 2691 Haec,
2793 2626 3053 2694 inquam,
3087 2628 3283 2681 omnia
3328 2635 3449 2682 tam
3501 2629 3625 2682 exi-

1974 2697 2070 2767 gui
2110 2697 2383 2765 ponderis
2415 2703 2571 2763 sunt,
2609 2704 2670 2751 ut
2704 2714 2817 2768 prae
2854 2700 3025 2753 unius
3076 2699 3454 2754 dormitantis
3513 2701 3626 2753 ali-

1976 2769 2235 2839 quando,
2269 2771 2422 2840 quod
2456 2770 2542 2823 vel
2581 2772 2749 2838 bono,
2781 2770 2835 2822 id
2869 2776 2958 2824 est
2992 2772 3368 2839 quantumvis
3426 2771 3621 2842 sagaci

1979 2846 2033 2913 et
2076 2847 2316 2906 attento,
2360 2842 2601 2913 llomero
2635 2842 2882 2905 accidat,
2942 2842 3202 2913 Gregorii
3256 2843 3620 2897 Turonensis

1972 2912 2124 2965 dicto
2158 2913 2321 2981 (pace
2348 2911 2495 2965 tanti
2523 2912 2627 2967 viri
2662 2913 2929 2981 dixerim)
2974 2911 3080 2985 qui
3125 2916 3195 2969 ad
3248 2915 3397 2971 625
3462 2915 3619 2969 Decii

1972 2990 2234 3054 tempora
2260 2985 2598 3055 Dionysium
2634 2991 2897 3039 nostrum
2935 2988 3125 3051 refert,
3172 2987 3315 3040 nihil
3373 2987 3622 3041 debeant

1971 3055 2271 3109 aestimari.
2306 3056 2378 3111 Ut
2408 3057 2457 3110 ei
2497 3056 2740 3119 scilicet,
2803 3073 2974 3126 quem
3031 3058 3176 3128 viro,
3238 3060 3623 3128 quantumvis

1972 3128 2290 3201 eruditoet
2322 3132 2553 3201 sancto,
2580 3129 2635 3182 in
2670 3144 2841 3201 opere
2869 3146 2981 3201 non
3033 3134 3149 3183 tam
3214 3128 3387 3201 longo
3442 3147 3620 3201 quam

1978 3200 2285 3269 multiplici
2324 3206 2385 3274 et
2438 3200 2619 3274 vario,
2679 3200 2764 3274 fas
2820 3200 2928 3254 fuit
2982 3217 3255 3274 somnum
3317 3200 3621 3274 obrepere,

1978 3287 2272 3341 quemque
2322 3272 2464 3324 adeo
2519 3272 2847 3341 Obrepsisse
2904 3289 3038 3327 cum
3087 3272 3201 3327 alia
3254 3272 3621 3339 multa,'tum

1975 3343 2276 3412 Trephimi
2298 3343 2676 3408 Arelatensis,
2713 3344 2810 3413 qui
2842 3344 3267 3412 Pauliapostoli
3295 3346 3623 3413 discipulus

1984 3363 2005 3397 1
2025 3363 2276 3412 ropnimi
2298 3363 2676 3408 APCIBEBDSIS,
2713 3363 2810 3413 (μιι
2842 3363 3001 3397 1’8Ull
3022 3363 3267 3412 BPOSIOII
3295 3363 3437 3399 (1ιὲ01
3491 3363 3623 3401 υιυε

1977 3414 2103 3479 fuit,
2131 3416 2186 3469 in
2212 3415 2371 3468 Actis
2395 3415 2789 3485 apostolorum
2812 3420 2867 3468 et
2881 3417 3136 3470 secunda
3159 3417 3227 3470 ad
3246 3363 3623 3473 Timotiieum

1980 3485 2234 3556 Epistola
2284 3494 2659 3545 memoratus.
2690 3487 2948 3556 itemque
3000 3488 3161 3541 Pauli
3203 3488 3621 3554 Narbonensis,

1975 3558 2073 3627 qui
2111 3558 2217 3610 luit
2246 3558 2484 3629 Sergius
2521 3558 2735 3612 Paulus
2766 3558 3076 3628 proconsul
3110 3576 3140 3612 a
3199 3570 3401 3614 sancto
3444 3562 3624 3615 Paulo

1974 3630 2327 3699 baptizatus,
2353 3637 2409 3683 et
2434 3630 2714 3684 Martialis
2744 3630 3187 3689 Lemovicensis.
3214 3632 3313 3702 qui
3340 3632 3621 3701 Stephani

1975 3703 2423 3772 protomartyris
2482 3702 2957 3766 consanguineus
3014 3719 3269 3773 puerque
3302 3704 3398 3758 ille
3444 3704 3625 3759 fuisse

1975 3774 2338 3848 traditurqui
2356 3773 2618 3848 quinque
2637 3790 2814 3848 panes
2832 3774 3180 3848 hordeaceos
3195 3782 3250 3830 et
3266 3776 3413 3830 duos
3440 3777 3626 3848 pisces

1974 3845 2031 3897 in
2060 3846 2289 3899 deserto
2316 3847 2558 3900 habuit:
2592 3847 2797 3900 missio
2831 3847 2900 3900 ad
2950 3847 3070 3902 haec
3100 3846 3228 3916 ipsa
3284 3845 3453 3902 Decii
3473 3854 3627 3902 tem-

1974 3933 2114 3987 pora
2143 3918 2215 3971 ab
2251 3917 2374 3987 ipso
2411 3918 2586 3973 relata
2617 3918 2850 3985 clamat,
2876 3935 3052 3988 quam
3079 3920 3187 3973 sub
3212 3920 3479 3988 ejusdem
3504 3920 3628 3975 Cle-

1976 3990 2190 4043 mentis
2223 3990 2563 4063 pontilicatu
2602 3990 2803 4063 fuisse,
2841 4007 2973 4044 cum
3018 3993 3303 4060 temporis
3335 4009 3451 4063 quo
3503 3992 3625 4046 vix-

1971 4067 2144 4114 erunt
2176 4062 2339 4126 ratio,
2378 4067 2507 4134 tum
2536 4062 2941 4133 Martyrologia
2986 4064 3185 4117 omnia
3227 4062 3456 4130 docent,
3494 4064 3625 4134 plus

1972 4149 2147 4202 quam
2182 4138 2265 4185 tot
2296 4133 2720 4187 oculatissimis
2753 4150 2816 4186 ac
2849 4133 3317 4203 vigilantissimis
3368 4133 3624 4189 Orientis

1972 4212 2028 4259 et
2050 4205 2382 4259 Occidentis
2418 4204 2742 4259 luminibus
2774 4206 3006 4259 credere
3035 4207 3330 4276 sapientes
3353 4207 3625 4263 homines

1971 4282 2255 4331 ooorteat.

2051 4294 2255 4330 orieat.

2010 4294 2067 4395 pa
2103 4349 2287 4410 Quam
2320 4346 2473 4399 enim
2507 4362 2711 4400 verum
2738 4347 2837 4411 sit,
2870 4347 3098 4402 divinas
3131 4347 3274 4403 istas
3299 4351 3369 4405 de
3400 4350 3626 4405 oriente

1972 4417 2030 4493 i_n
2064 4418 2421 4493 occidentem
2457 4419 2702 4472 convehi
2735 4419 3011 4493 debuisse
3046 4437 3289 4484 merces,
3326 4439 3627 4493 quamque

1970 4489 2039 4542 de
2072 4489 2315 4543 orientis
2348 4490 2621 4559 pharetra
2648 4492 2833 4559 promi
2859 4509 2985 4561 quae
3015 4493 3311 4546 mittendze
3334 4489 3404 4547 de
3448 4489 3622 4547 manu

1972 4561 2226 4634 potentis
2253 4561 2307 4613 in
2335 4563 2509 4634 corda
2531 4562 2832 4617 Gallorum
2854 4564 3105 4633 sagittae,
3131 4566 3182 4617 id
3212 4571 3299 4617 est
3322 4565 3625 4634 Evangeli-

1968 4633 2017 4707 (_:i
2062 4634 2217 4707 verbi
2255 4632 2663 4707 przedicatores
2713 4640 2900 4700 erant,
2932 4632 3004 4689 ob
3062 4637 3238 4707 idque
3272 4637 3325 4690 id
3363 4639 3444 4691 ita
3486 4632 3626 4691 fieri

1970 4703 2083 4779 Deo
2116 4704 2422 4779 placuerit.
2460 4711 2842 4779 praaterquam
2879 4709 3029 4776 quod
3070 4708 3123 4761 id
3148 4703 3274 4761 ’veri
3310 4711 3451 4763 solis
3484 4726 3625 4779 pen-

1968 4776 2159 4848 dentis
2221 4778 2278 4829 in
2329 4792 2499 4830 cruce
2558 4777 2794 4843 Christi,
2828 4780 3211 4845 occidentem,
3274 4790 3446 4848 atque
3480 4776 3624 4835 adeo

1968 4847 2215 4901 Galliam
2250 4848 2555 4922 intuentis,
2589 4848 2645 4902 in
2675 4865 2922 4920 eamque
2946 4850 3112 4904 oculo
3136 4852 3292 4922 (nam
3319 4847 3373 4906 et
3417 4853 3625 4922 praedi-

1969 4926 2194 4993 catores
2226 4920 2563 4991 oculisunt)
2598 4923 2670 4974 ab
2730 4922 2948 4975 oriente
2978 4921 3286 4993 dirigentis
3345 4920 3424 4977 ac
3469 4923 3625 4978 velut

1970 4991 2164 5065 radios
2190 4993 2499 5053 vibrantis,
2537 5008 2724 5063 neque
2756 4993 2811 5047 id
2843 4991 3122 5053 tantum,"
3144 4994 3242 5047 sed
3277 4998 3331 5047 et
3363 4997 3489 5065 ejus
3523 4995 3623 5064 qui

1969 5063 2268 5118 Christum
2307 5066 2563 5131 proxime
2589 5066 2872 5119 referebat
2896 5065 3042 5118 Petri
3072 5067 3143 5119 de
3185 5063 3407 5120 oriente
3446 5066 3499 5119 in
3526 5063 3622 5121 oc-

1970 5137 2259 5189 cidentem
2297 5137 2489 5189 venire
2522 5155 2548 5188 a
2587 5136 2700 5191 Deo
2736 5137 3083 5191 nominatim
3112 5137 3315 5206 jussit,
3356 5143 3417 5191 ut
3450 5141 3623 5192 refert

1968 5209 2417 5281 Metaphrastes.
2438 5208 2819 5281 Galliamque
2846 5208 3083 5279 speciali
3114 5209 3317 5263 affectu
3368 5210 3623 5281 comple-

1969 5280 2184 5333 ctentis
2212 5280 2554 5350 mysterium
2588 5282 2872 5349 exigebat,
2908 5283 3120 5335 docent
3146 5281 3322 5334 variis
3346 5280 3628 5352 tempori-

1971 5353 2101 5424 bus,
2138 5352 2294 5405 varia
2344 5352 2540 5406 Galliae
2589 5353 2709 5406 loca
2767 5359 2970 5422 praeter
3018 5354 3363 5424 Dionysium
3416 5355 3621 5417 istum,

1965 5422 2311 5478 Christianas
2347 5425 2629 5478 sementis
2661 5444 2690 5479 e
2723 5424 2943 5479 Graecia
2973 5432 3029 5479 et
3074 5422 3309 5479 Oriente
3368 5428 3624 5481 cultores

1970 5495 2157 5570 missi,
2196 5498 2381 5570 utqui
2451 5508 2522 5550 ne
2574 5496 2875 5570 Polycarpi
2934 5498 3309 5568 Smyrnensis
3367 5499 3624 5570 episcopi

1967 5567 2170 5621 schola
2195 5569 2548 5639 Lugdunum
2574 5567 3307 5637 Ireneei,AugustOdunum
3339 5567 3625 5625 Andochii

1967 5643 2023 5713 et
2055 5640 2255 5710 Thyrsi
2288 5641 2461 5713 :_quii
2485 5657 2551 5694 ex
2581 5642 2771 5697 Attica
2810 5641 3112 5713 Arelatem
3145 5641 3375 5713 Egidii,
3436 5648 3493 5697 et
3523 5643 3623 5713 qui

1971 5710 2025 5764 in
2062 5711 2425 5766 Harmoniam
2449 5712 2689 5784 Belgicae
2722 5712 2918 5768 Gallia:
2936 5710 3295 5785 provinciam
3312 5710 3626 5786 deepisco-

2047 5856 2159 5930 (46)
2191 5856 2404 5912 Euseb.
2439 5855 2478 5913 Ι.
2514 5873 2589 5928 iv,
2613 5874 2664 5912 c.
2699 5858 2789 5912 23.
