4162 6368
473 283 580 340 999

1528 285 1624 338 DE
1661 285 1717 338 Β.
1761 285 2100 341 DIONYSIO
2139 288 2462 356 EJUSQUE
2500 291 2821 346 SCRIPTIS

3745 295 3890 350 1000

473 435 569 484 tus
602 424 1355 500 prophetiaauprzcjudicium
1404 425 1696 500 iuterdum
1741 426 2113 498 eloquentur,

2232 421 2370 500 runt
2398 417 2600 498 eodem
2644 422 2773 471 satu
2816 416 2961 500 bene
2991 415 3292 500 ‘multi,_in
3334 417 3569 498 eosdem
3599 437 3712 500 non
3743 421 3888 476 ridi-

477 497 759 558 non'huic
793 498 983 571 simile
1011 498 1104 552 hic
1137 497 1383 571 aliquid,
1418 499 1566 571 citra
1598 499 1748 568 ejus,
1781 497 1993 571 ex’quo
2018 501 2121 554 illa

476 574 689 628 hausta
721 569 994 642 mysteria
1019 575 1178 639 sunt,
1215 569 1440 624 Paulini
1474 571 1714 640 spiritus
1747 569 2019 640 injuriam
2055 589 2120 626 ac

477 645 924 700 diminutionem
961 642 1213 712 potuerit
1243 642 1580 711 contigisse.
1615 644 1719 696 Sed
1753 649 1809 696 et
1837 645 1990 697 absit
2013 643 2120 698 hoc

477 717 658 772 multo
680 714 885 785 magis,
911 719 973 767 ut
996 730 1098 785 pro
1129 713 1222 779 iis,
1245 729 1366 782 qua:
1395 713 1486 767 hic
1519 719 1637 767 tam
1665 714 1847 768 multa
1877 723 1932 769 et
1973 732 2121 785 pree-

477 789 630 843 clara
660 794 798 842 sunt
819 792 1043 841 tantum
1067 786 1144 838 sit
1169 787 1324 854 apud
1348 801 1452 840 nos
1480 789 1833 840 Novatorum
1864 788 2115 857 pondus,

477 870 534 915 ut
568 860 626 914 in
665 874 868 913 eorum
898 858 1168 928 gratiam,
1218 862 1454 927 propter
1483 873 1551 911 ea
1594 872 1719 926 quae
1760 858 1868 925 ipsi
1915 866 2118 914 contra

466 932 763 987 catholicas
796 929 1064 1002 Ecclesiae
1098 929 1293 1002 fidem,
1330 928 1613 1002 delibero
1659 929 1810 1002 628
1853 931 2113 1002 arbitrio,

467 1005 537 1058 de
571 1008 806 1074 peccato
839 1001 1083 1074 orginis,
1117 1001 1187 1054 de
1220 999 1489 1074 Ecclesiae
1517 1000 1860 1066 hierarchia,
1887 1018 1952 1056 ac
1998 999 2115 1072 pri;

468 1071 632 1129 matu
667 1074 838 1136 Petri,
873 1074 942 1125 de
974 1072 1086 1125 [ide
1109 1081 1281 1141 atque
1313 1071 1611 1141 operibus,
1659 1074 1727 1125 de
1751 1071 2114 1129 sacramento

463 1148 595 1210 olei,
633 1146 702 1199 de
732 1143 1086 1198 eucharistia
1130 1150 1186 1196 et
1235 1142 1426 1216 missa:
1479 1145 1785 1216 sacrificio,
1835 1147 1903 1199 de
1947 1147 2114 1216 panis

461 1224 520 1271 et
545 1216 661 1270 vini
685 1216 742 1270 in
778 1232 988 1286 corpus
1007 1224 1062 1268 et
1093 1215 1438 1285 sanguinem
1467 1215 1679 1268 Christi
1712 1219 2111 1283 conversione,

461 1291 532 1343 de
561 1290 689 1358 ejus
724 1289 778 1340 in
833 1287 1190 1340 encharistia
1240 1287 1604 1349 adoratione,
1634 1288 1704 1340 de
1756 1291 1872 1341 vita
1915 1305 2113 1343 mona-

461 1361 626 1425 stica,
657 1360 728 1413 de
759 1360 945 1421 festis,
975 1359 1045 1411 de
1065 1358 1311 1427 jejuniis
1345 1358 1834 1428 Quadragesimae,
1868 1369 1923 1414 et
1955 1362 2110 1428 aliis,

458 1435 528 1487 de
556 1446 856 1486 sacrarum
887 1430 1214 1500 imaginum
1249 1429 1305 1482 in
1340 1431 1574 1502 templis
1600 1447 1730 1498 usu,
1766 1435 1836 1485 de
1874 1433 2114 1502 angelo-

464 1521 591 1557 rum
629 1518 694 1556 ac
726 1505 1026 1556 beatorum
1084 1502 1398 1575 spirituum
1430 1501 1810 1575 invocatione,
1858 1501 2111 1575 denique

455 1577 527 1629 de
559 1574 941 1643 reliquiarum
976 1574 1639 1646 veneratione,garriunt
1675 1573 2108 1646 blalerantque-

457 1653 572 1700 tam
601 1647 862 1714 improbe
887 1686 900 1708 ,
937 1661 1183 1714 quorum
1209 1644 1496 1710 omnium,
1517 1649 1654 1698 utet
1675 1645 1813 1698 olim
1857 1644 2107 1702 consub-

461 1717 753 1772 stantialis
784 1717 1017 1789 Ariani,_
1040 1724 1156 1769 tam
1187 1716 1555 1789 pulchrehic
1583 1733 1821 1789 causam
1876 1736 2106 1789 perora-

458 1796 578 1844 tam
611 1790 833 1855 Vident,
887 1788 972 1842 Vel
1007 1787 1171 1862 ipsis,
1207 1803 1383 1862 quam
1442 1788 1495 1841 id
1551 1788 1695 1862 male
1745 1805 1843 1842 eos
1877 1787 2104 1845 habeat
2133 1799 2180 1862 Β

457 1876 754 1932 quamque
785 1861 1184 1932 AreOpagitica
1215 1860 1336 1913 haec
1369 1875 1531 1932 arma
1561 1859 1836 1932 horreant
1868 1862 2101 1916 fatenti-

453 1930 588 2013 bus,
611 1948 790 2013 seque
812 1934 977 2013 adeo,
1005 1938 1066 1984 ut
1089 1931 1225 1983 olim
1256 1930 1619 2013 ltllSISiODBIaC
1637 1931 1887 1987 silentio.
1928 1935 2104 2013 Euse-

457 2004 590 2059 bius
612 2048 625 2074 ,
661 2001 984 2072 sicjudicio
1007 2019 1113 2056 suo
1136 2008 1193 2055 et
1223 2002 1442 2075 garritu
1469 2001 1623 2055 velut
1645 2019 1812 2075 sorex
1847 2006 2100 2075 proden-

455 2073 618 2130 tibus
639 2091 704 2130 ac
728 2075 1067 2141 mysterium
1095 2073 1509 2143 aperientibus,
1541 2073 1786 2128 Luthero
1828 2073 2101 2145 primum,

458 2149 556 2218 qui
593 2146 856 2218 delirum
900 2161 1094 2200 senem
1120 2152 1175 2198 et
1199 2161 1420 2218 merum
1447 2147 1886 2212 somniatorein,
1914 2156 2105 2203 aucto-

459 2216 577 2273 rem
613 2217 770 2271 hunc
803 2216 994 2272 dicere
1043 2234 1157 2269 non
1190 2223 1280 2271 est
1309 2217 1551 2282 veritus,
1604 2217 1815 2273 deinde
1846 2219 2104 2283 Calvino,

459 2307 523 2344 ac
562 2290 944 2362 novissimum
999 2288 1579 2362 Scaligero;__popter
1649 2289 2104 2362 haactinquam)

459 2369 694 2434 scutum
730 2360 856 2434 hoc,
883 2360 1036 2434 quod
1068 2361 1239 2434 ignea
1271 2359 1478 2414 talium
1505 2375 1757 2434 fereque
1779 2359 2108 2434 ignedigna

463 2433 578 2486 tela
611 2432 954 2501 restinguat,
982 2431 1130 2485 hanc
1155 2431 1467 2501 plusquam
1503 2431 1808 2486 Phocionis
1831 2431 2104 2504 securim,

463 2521 590 2576 quae
623 2504 883 2558 infelices
915 2503 1150 2558 arbores
1183 2506 1286 2557 has
1317 2504 1735 2558 excaudicetac
1769 2503 2105 2574 rescindat,,

466 2582 572 2630 hoc
602 2577 822 2630 fulmen
851 2577 998 2644 quod
1057 2577 1327 2628 absumat
1359 2577 1755 2646 cxstirpetque
1806 2579 2105 2645 radicitus,

462 2648 622 2702 hunc
654 2649 835 2702 solem
871 2648 965 2716 qui
1002 2648 1273 2702 tenebras
1303 2647 1447 2700 istas
1479 2648 1772 2709 discutiat,
1807 2657 1858 2703 et
1894 2652 2109 2705 bestias

467 2719 576 2792 has
607 2720 675 2774 ad
730 2736 839 2774 sua
872 2719 1060 2792 lustra
1105 2721 1365 2792 remittat
1399 2727 1455 2772 et
1499 2719 1831 2789 compellat,
1857 2723 2108 2792 denique

466 2790 618 2846 hanc
644 2792 958 2861 plusquam
989 2790 1250 2862 Herculis
1273 2791 1497 2844 clavam
1521 2807 1646 2860 qua:
1668 2793 1906 2862 hydram
1936 2790 2107 2860 hanc,

465 2880 532 2916 ac
565 2864 929 2918 renascentia
961 2861 1284 2915 novitatum
1318 2862 1657 2932 capitatam
1687 2861 1982 2932 protenter
2005 2868 2108 2920 de-

475 2940 657 2989 metat
682 2951 748 2988 ac
794 2934 1088 2993 conﬁciat,
1141 2935 1210 2986 de
1245 2949 1419 2986 manu
1447 2931 1530 2984 vel
1566 2931 1698 2987 utro
1745 2938 1994 3004 abjicere
2027 2937 2106 2990 vel

473 3007 617 3075 eripi
653 3005 824 3059 nobis
853 3005 969 3074 pati
1004 3003 1341 3056 debeamus.
1377 3005 1479 3058 Cui
1515 3005 1590 3058 rei
1626 3006 1674 3058 si
1708 3003 1997 3060 assentiar
2016 3015 2114 3062 aut

474 3078 527 3129 vi
569 3080 684 3141 tiat,
722 3093 836 3149 non
872 3090 1206 3149 repugnem,
1236 3091 1474 3149 non__me
1504 3091 1707 3130 eorum
1748 3083 1976 3132 tantum
2011 3080 2111 3149 qui

477 3154 560 3222 tot
592 3146 825 3222 saeculis
875 3148 1217 3222 ﬂoruerunt,
1251 3163 1316 3201 ac
1353 3146 1533 3200 libros
1568 3150 1669 3202 hos
1700 3152 1811 3222 sub
1859 3146 2110 3222 Areopa-

476 3220 608 3289 gitae
669 3219 906 3272 nomine
963 3221 1286 3273 citaverunt
1343 3223 1685 3274 sanctorum
1761 3219 2114 3277 Patrum—et

476 3289 990 3363 scholasticorum,
1038 3292 1154 3345 imo
1187 3297 1244 3344 et
1285 3292 1688 3358 conciliorum,
1745 3311 1993 3363 quorum
2031 3296 2118 3348 in-

473 3361 658 3416 dicem
697 3363 923 3416 Dclrius
953 3369 1067 3416 tam
1106 3363 1346 3437 pulchre
1373 3379 1436 3417 ac
1469 3361 1781 3437 diligenter
1800 3366 1959 3431 texit,
1992 3384 2117 3437 pre-

473 3441 614 3500 mat,
649 3437 1002 3504 damnetque
1053 3435 1394 3500 auctoritas,
1440 3436 1538 3489 sed
1574 3442 1630 3488 et
1679 3435 2119 3502 diligentissimi

470 3524 534 3560 ac
570 3506 1059 3577 perspicacissiini
1114 3507 1294 3560 nostri
1327 3506 1520 3559 sa-culi
1558 3507 1741 3561 totius
1787 3509 1992 3563 Graecae
2027 3528 2118 3563 sa-

473 3575 1079 3652 pientiszlindigatoris
1112 3585 1168 3652 et
1189 3579 1395 3652 arbriti
1429 3579 1688 3652 civisque
1719 3581 1863 3635 adeo
1894 3587 1947 3634 et
1981 3599 2120 3652 gen-

469 3649 592 3722 tilis
624 3649 736 3702 mei
765 3654 865 3722 (ne
896 3649 1857 3722 domesticumhocpriejiidiriurn
1893 3649 2118 3722 sileam)

468 3721 532 3775 G.
578 3721 776 3774 Audasi
827 3736 1076 3792 censura
1127 3721 1531 3790 reprehendat,
1567 3723 1664 3790 qui
1706 3721 2118 3792 lgnatios.aqui

469 3793 874 3872 Hieronymus,
895 3808 959 3844 ac
977 3791 1425 3872 Chrysostoinos
1455 3796 1666 3846 t'ontem
1705 3791 1992 3872 huncnsap
2019 3791 2118 3849 en-

467 3863 557 3916 tiae
589 3863 903 3925 delibasse,
950 3864 1030 3914 sic
1083 3863 1368 3932 agnoscit,
1404 3871 1466 3915 ut
1516 3881 1654 3917 suas
1704 3882 1800 3917 eos
1859 3863 2018 3920 illinc
2049 3868 2120 3921 de

468 3934 856 4006 abditissiiiiis
887 3936 1079 3998 rebus,
1115 3939 1172 3987 et
1195 3951 1339 4002 quas
1373 3933 1436 3987 D.
1474 3934 1651 3988 l’aulo
1690 3943 1961 4003 acceptas
1988 3941 2119 4006 jure

461 4005 601 4076 quis
666 4007 813 4060 l'erre
859 4006 1087 4071 debeat,
1134 4006 1458 4059 sententias
1504 4007 1944 4077 deprompsisse
1995 4005 2116 4062 non

465 4079 650 4131 obscu
666 4094 724 4131 re
757 4080 974 4130 t‘atentu
988 4096 1030 4129 r.

538 4173 564 4197 ‹‹
599 4153 731 4202 Hac
771 4149 976 4206 habui.
1014 4165 1140 4218 quae
1178 4147 1276 4200 tibi
1315 4153 1376 4201 ut
1414 4149 1660 4202 iacerem
1685 4149 1825 4202 satis
1857 4150 1924 4203 de
1961 4159 2120 4202 utro-

468 4237 583 4289 que
614 4240 644 4273 a
677 4228 731 4274 te
763 4221 1064 4291 proposito
1115 4220 1472 4290 problemate
1523 4238 1636 4273 non
1676 4225 1790 4274 tam
1841 4222 2116 4286 dicerem,

467 4308 641 4361 quam
678 4292 917 4347 aliunde
951 4307 1097 4360 pene
1145 4291 1357 4345 hausta
1389 4298 1732 4360 repeterem.
1777 4299 1914 4358 Quae
1948 4294 1994 4346 si
2033 4311 2120 4347 iiie

468 4367 650 4417 ﬁxum
685 4380 750 4417 ac
795 4363 1031 4416 ﬁrmum
1086 4380 1288 4416 eorum
1345 4363 1441 4432 qui
1477 4364 1642 4417 aiunt
1687 4364 2116 4433 allirmantque,

465 4451 581 4505 prie
611 4434 728 4488 illis
763 4435 862 4504 qui
899 4439 1115 4503 negant
1162 4442 1244 4487 vel
1300 4435 1579 4488 dubitant
1609 4435 1694 4505 (ut
1725 4444 1920 4505 aperte
1963 4439 2114 4506 quod

464 4507 658 4560 sentio
689 4506 920 4576 loquar)
956 4507 1332 4576 probatorum
1383 4507 1867 4577 laudatoremque
1898 4509 2115 4573 dixero,

464 4580 751 4647 tamjure
801 4579 857 4632 id
912 4581 1120 4638 fecero,
1163 4594 1334 4646 quam
1371 4577 1607 4632 illorum
1659 4581 1889 4632 erudita
1942 4587 2117 4648 atque

463 4651 655 4712 ﬁrma,
701 4648 1130 4718 horumjejuna
1157 4666 1220 4702 ac
1249 4649 1421 4718 plane
1446 4651 1630 4714 nulla,
1655 4667 1758 4705 seu
1775 4659 2125 4716 argumenta

467 4736 572 4775 seu
612 4729 907 4775 momenta
953 4738 1080 4774 esse
1116 4721 1259 4774 ratio
1295 4722 1421 4791 ipsa
1469 4728 1769 4776 monstrat.
1807 4722 1964 4789 Vale,
1999 4741 2119 4777 me-

466 4809 604 4861 que,
639 4800 700 4846 ut
736 4793 877 4846 t'acis
902 4808 1101 4846 amare
1135 4809 1328 4862 perge,
1382 4798 1438 4846 et
1469 4793 1774 4848 sacrificiis
1824 4811 2121 4848 commen-

463 4867 668 4919 datum
739 4865 888 4918 habe
945 4865 1189 4918 Tornaci
1242 4864 1586 4919 Nerviorum
1660 4867 1935 4920 Kalendis
1988 4867 2119 4921 Maii

471 4937 630 4990 1615.
671 4957 697 4983 ››

537 5007 666 5061 llaec
696 5006 985 5078 sapientis
1009 5011 1057 5060 et
1096 5007 1314 5076 copiosi
1342 5005 1595 5075 theologi
1633 5007 1979 5078 disputatio.
2005 5025 2119 5061 non

465 5080 644 5133 modo
699 5078 1006 5148 perspicue
1058 5079 1460 5148 Areopagitam
1506 5080 1844 5151 Dionysium
1899 5079 2118 5147 Galliae,

461 5151 560 5204 sed
597 5151 706 5220 ipsi
761 5151 1033 5216 Diiioysio
1089 5152 1304 5224 scripta
1355 5169 1459 5205 sua
1513 5151 1790 5213 vindicat,
1825 5170 1950 5224 qua:
1988 5169 2120 5220 pars

460 5228 586 5275 erat
619 5229 830 5275 nostrae
862 5221 1284 5290 disputationis
1319 5225 1622 5290 secunda;
1661 5221 1855 5293 quam'
1884 5239 2120 5276 necesse

458 5299 547 5347 est
597 5294 1084 5347 constabiliarnus
1138 5294 1243 5347 hoc
1295 5294 1420 5348 loco
1451 5301 1626 5365 atque
1677 5297 2000 5360 Iirmemus,
2049 5311 2120 5348 ne

458 5381 632 5435 quem
670 5366 862 5418 adhuc
887 5366 943 5418 in
965 5381 1158 5419 errore
1184 5367 1401 5419 versari
1433 5368 1744 5437 patiamur.
1773 5368 1923 5421 Sunt
1962 5367 2116 5420 enim

457 5437 723 5509 etiamin
760 5439 869 5509 hac
905 5443 1065 5507 parte
1097 5437 1249 5490 haud
1287 5440 1620 5506 pauciores,
1653 5457 1779 5493 mea
1823 5439 2116 5509 Opinione,

459 5508 858 5562 inimicissimi
888 5511 1072 5562 sancti
1127 5510 1382 5580 Dionysii
1423 5511 1644 5575 hostes,
1694 5508 2118 5565 obtrectatores

455 5580 658 5655 invidi,
717 5582 866 5655 bono
911 5581 1464 5655 alienojmcerentes
1516 5590 1691 5655 atque
1744 5584 1980 5650 virtute,
2016 5583 2114 5652 qui

457 5653 926 5726 commentarios
953 5652 1321 5726 divinissime
1342 5652 1898 5726 scriptos',quosque
1923 5655 2118 5709 omnis

458 5725 674 5800 mirata
696 5729 781 5778 est
807 5723 1152 5800 antiquitas.
1179 5723 1495 5794 apostolico
1515 5723 1728 5799 spiritu
1757 5723 1816 5782 et
1835 5729 2115 5800 primige-

453 5798 553 5852 nia
587 5797 801 5871 pietate
835 5797 1111 5871 indignos
1147 5801 1525 5854 contendant.
1552 5797 2114 5871 Lutherusjampri-

453 5872 611 5939 dem,
664 5870 828 5942 Beza,
870 5868 1282 5941 Calvinusque,
1316 5875 1440 5926 tum
1481 5872 1582 5942 qui
1616 5872 1828 5928 deinde
1858 5868 2116 5945 pullula-

2231 486 2360 564 cule
2390 489 2585 564 minus
2612 489 3075 564 guamrt'ure‘nter
3103 489 3578 564 declamitarunt.
3613 492 3890 564 Nuperus

2227 559 2559 638 scriptorin
2611 561 2867 638 Batavis,
2917 560 3192 638 Scaliger,
3223 576 3446 638 cumse
3478 559 3724 638 minime
3779 565 3887 638 hy-

2228 632 2636 701 pobolimaeum
2669 633 2782 687 dici
2814 639 2872 687 et
2921 632 3243 701 existimari
3279 631 3434 700 velit,
3468 636 3642 689 audet
3685 631 3885 692 tamen

2228 700 2495 757 nostrum
2521 703 2862 776 Dionysium
2887 700 3298 773 ὑποϐολιμαῖον
3324 704 3877 763 nominareJisdem

2227 776 2283 828 in
2318 776 2485 830 libris
2522 776 2783 846 lllyricus
2813 779 3135 846 genuinum
3170 776 3376 841 infixit,
3402 777 3682 833 Erasmus
3716 797 3881 834 arro-

2223 847 2321 915 sit,
2343 846 2866 922 LaurentiusValla
2887 850 3123 920 carpsit,
3145 849 3435 922 innumeri
3478 849 3577 922 alii
3600 852 3670 905 de
3701 868 3882 922 grege

2227 935 2509 973 novorum
2535 917 2838 989 ἀλαζόνων,
2865 923 2962 992 qui
2990 917 3380 992 necessarium
3403 920 3618 976 bellum
3645 917 3881 978 indixe-

2225 997 2364 1044 runt
2397 992 2616 1062 pietati,
2668 993 2789 1048 haec
2815 991 3046 1063 quoque
3079 993 3140 1047 B.
3177 991 3439 1062 Dionysii
3492 1004 3882 1050 monumenta

2225 1064 2699 1133 repudiaverunt.
2752 1065 2870 1136 Ego
2926 1081 3062 1118 vero
3121 1064 3415 1118 neminem
3465 1067 3706 1134 posthac
3753 1072 3877 1122 tam

2223 1141 2418 1190 mente
2449 1142 2706 1205 captum,
2741 1145 2857 1190 tam
2900 1141 3339 1206 praeposterum,
3387 1141 3502 1190 tam
3551 1140 3879 1207 projectum

2221 1209 2289 1261 ad
2326 1208 2659 1280 audendum
2697 1211 2956 1280 tutorum
2991 1207 3257 1280 puto,qui
3293 1211 3394 1280 hos
3425 1209 3604 1263 libros
3625 1218 3885 1280 Areopa-

2220 1281 2349 1351 gitae
2369 1278 2642 1351 Dionysio
2666 1279 2801 1333 velit
2823 1281 3087 1351 deripere
3122 1321 3135 1344 ,
3169 1279 3217 1332 si
3244 1279 3413 1332 modo
3435 1281 3727 1346 animum,
3774 1278 3880 1336 va-

2219 1349 2753 1419 cuamque’malitia
2786 1349 3060 1410 mentem.
3085 1351 3170 1404 vel
3197 1351 3264 1403 ad
3303 1351 3535 1406 unicam
3581 1354 3874 1408 rationem

2217 1423 2692 1476 accommodarit.
2720 1423 2862 1476 Nam
2892 1439 3024 1478 cum
3049 1422 3259 1477 horum
3291 1421 3874 1479 Commentariorum

2217 1495 2470 1566 scriptor
2501 1494 2676 1548 Paulo
2721 1501 3071 1566 praeceptore
3117 1493 3394 1562 glorietur
3442 1501 3620 1566 atque
3668 1497 3878 1552 Hiero-

2215 1567 2374 1630 theo,
2417 1572 2801 1635 spectatorem
2839 1583 2902 1621 se
2933 1567 3110 1621 fuisse
3144 1567 3295 1620 dicat
3326 1567 3640 1620 exorientis
3678 1569 3874 1623 Eccle-

2215 1639 2334 1699 siae,
2369 1647 2423 1691 et
2459 1645 2580 1690 tum
2619 1638 2868 1707 primum
2903 1641 2973 1692 ad
2997 1640 3277 1692 orientem
3308 1638 3756 1704 elflorescentis,
3791 1641 3873 1694 si-

2214 1711 2263 1764 is
2297 1728 2409 1764 non
2445 1711 2524 1763 sit
2554 1709 2866 1780 Dionysius
2894 1710 3259 1781 Areopagita,
3288 1726 3461 1780 quem
3497 1712 3700 1766 doctor
3731 1728 3872 1781 gen-

2214 1783 2359 1835 tium
2394 1783 2464 1834 ab
2496 1782 2656 1834 inani
2693 1783 3107 1853 superstitione
3142 1781 3447 1844 revocavit,
3472 1798 3646 1852 quem
3691 1784 3876 1836 inter-

2212 1858 2430 1923 pretem
2459 1853 2759 1924 religionis
2799 1870 2928 1908 esse
2977 1854 3182 1924 voluit,
3235 1855 3601 1923 Athenisque
3643 1856 3874 1924 episco-

2209 1942 2344 1996 pum
2376 1949 2388 1988 ς
2419 1923 2832 1979 σει-ισηθοεεεθ
2853 1935 2942 1980 est
2975 1923 3273 1978 hominem
3301 1926 3480 1978 fuisse
3499 1923 3872 1981 monstriﬁco

2209 2012 2418 2069 genere
2435 2013 2464 2050 e
2486 1997 2907 2052 diversissimis
2930 1996 3157 2052 naturis
3175 1997 3675 2065 conglutinatum;
3698 1997 3874 2052 hinc-

2207 2071 2394 2122 virum
2419 2073 2710 2136 sanctum,
2746 2070 3138 2138 ingeniosum,
3166 2069 3557 2133 moderatum,
3592 2071 3650 2123 in
3685 2069 3864 2124 theo-

2210 2142 2363 2212 logia
2384 2156 2709 2206 summum,
2733 2142 2828 2208 qui
2851 2139 3128 2212 mysteria
3150 2141 3369 2194 caeteris
3395 2141 3740 2196 hominibus
3763 2160 3864 2194 ar-

2210 2211 2356 2267 cana
2378 2211 2602 2276 viderit,
2631 2211 2929 2282 sapientiai
2963 2216 3151 2266 fontes
3184 2212 3498 2282 aperuerit,
3532 2213 3866 2267 caelestium

2213 2301 2402 2339 rerum
2438 2281 2951 2338 admirabilitatem
2989 2281 3298 2355 magniﬁco
3330 2300 3538 2354 genere
3569 2285 3864 2339 orationis

2211 2363 2269 2412 et
2329 2355 2498 2438 plane
2545 2355 2742 2438 divipo
2773 2355 3110 2436 explicarit;
3143 2355 3278 2409 hinc
3331 2363 3534 2438 contra
3591 2356 3863 2438 plan-um.

2213 2425 2594 2499 malitiosum,
2619 2425 2812 2499 γόητα,
2845 2425 2945 2498 qui
2977 2433 3321 2496 personatus
3356 2428 3516 2496 quasi
3544 2425 3675 2496 post
3695 2430 3868 2498 sipa-

2213 2501 2366 2555 rium
2402 2498 2747 2554 delitesCens
2780 2504 3175 2570 spectatorum
3209 2504 3439 2553 animos
3472 2499 3784 2564 deluserit,
3807 2500 3868 2553 in

2213 2573 2500 2626 cothurno
2532 2571 2721 2626 alieno
2746 2571 3070 2635 incesserit,
3087 2587 3237 2625 caeca
3259 2578 3316 2624 et
3338 2571 3496 2624 inani
3532 2571 3872 2626 imitatione

2214 2661 2243 2698 e
2276 2649 2574 2698 mustaceo
2627 2645 2881 2696 lauream
2918 2645 3110 2696 nescio
3144 2659 3318 2710 quam
3370 2650 3561 2711 petere
3594 2644 3874 2705 voluerit,

2214 2715 2492 2789 qui_cum
2544 2711 2740 2789 ψεῦδος
2791 2715 2966 2785 probe
2999 2715 3191 2789 sciret
3223 2713 3340 2789 ego)
3369 2713 3640 2789 τοῦᾃθεξου
3691 2718 3876 2789 χοροῦ

2217 2786 2371 2856 poni,
2404 2787 2663 2841 tabulam
2692 2794 2884 2841 tamen
2922 2786 3284 2852 subornavit,
3313 2786 3756 2842 mendaciorum
3787 2789 3879 2841 in-

2215 2857 2568 2926 dignissima
2587 2859 2862 2913 varietate
2886 2865 2942 2912 et
2968 2857 3289 2912 tmdissima
3311 2858 3499 2913 sutela
3513 2866 3877 2914 contextam.

2219 2931 2317 2983 llic
2335 2930 3061 2984 autamilludCassianum
3083 2930 3273 2983 audiri
3297 2930 3470 2984 velim
3500 2948 3511 2984 :
3535 2931 3639 2987 Cui
3667 2933 3826 2986 bono
3853 2931 3880 2982 ?

2216 3008 2316 3056 aut
2347 3003 2480 3074 quiﬁt
2521 3003 2757 3056 tandem
2791 3018 2857 3056 eo
2909 3002 3144 3071 ingenio
3175 3003 3259 3056 vir
3289 3007 3346 3056 et
3375 3003 3668 3074 doctrina.
3701 3021 3732 3057 e
3770 3021 3878 3074 pu-

2215 3074 2339 3129 tida
2391 3073 2545 3127 6‘29
2596 3074 2696 3128 illa
2746 3090 2981 3144 sperare
3047 3073 3246 3128 fraude
3299 3073 3634 3145 potuisset?
3680 3073 3880 3145 Atque

2226 3146 2373 3200 hanc
2421 3147 2699 3200 rationem
2723 3147 2911 3204 docte.
2935 3151 2996 3198 ut
3023 3145 3192 3210 solet,
3223 3149 3281 3200 et
3301 3144 3745 3214 elegantissimo
3772 3144 3876 3216 ju-

2225 3218 2376 3272 dicio
2435 3216 2711 3287 explicuit
2763 3222 2819 3270 P.
2887 3217 3222 3270 Leonardus
3281 3217 3516 3271 Lessius
3575 3219 3879 3273 societatis

2227 3295 2439 3343 nostra:
2472 3289 2801 3359 theologus,
2827 3305 2999 3359 quem
3039 3305 3148 3342 non
3176 3305 3336 3343 naevo
3369 3289 3587 3359 aliquo,
3621 3292 3725 3344 sed
3751 3290 3877 3344 cla-

2227 3361 2482 3416 rissimis
2527 3362 2698 3415 editis
2742 3361 3017 3430 operibus
3060 3361 3179 3430 jam
3237 3361 3597 3415 eruditorum
3655 3362 3877 3416 chorus

2227 3431 2480 3504 agnovit.
2519 3432 2680 3486 lllius
2721 3432 3072 3502 sapientiam
3108 3448 3240 3485 cum
3286 3440 3570 3504 tanquam
3597 3434 3880 3504 Pythium

2226 3503 2553 3575 Apollinem
2589 3520 2766 3574 super
2791 3506 2894 3558 hac
2936 3520 2995 3557 re
3027 3503 3484 3567 consuluissem,
3540 3503 3748 3560 breves
3783 3505 3879 3558 lit-

2226 3583 2380 3630 teras
2414 3577 2482 3628 ad
2520 3593 2610 3630 me
2649 3576 2829 3634 dedit.
2863 3592 3011 3645 quas
3062 3575 3252 3629 libens
3283 3592 3417 3629 cum
3453 3576 3692 3630 Lectore
3751 3594 3883 3630 meo

2225 3648 2693 3703 communicabo.
2759 3648 3014 3701 Fuerunt
3075 3653 3271 3701 autem
3342 3647 3576 3718 scriptae
3635 3649 3694 3702 in
3761 3649 3882 3702 haec

2225 3721 2400 3774 verba
2428 3737 2439 3772 :

2297 3814 2323 3839 ‹‹
2363 3791 2695 3844 Rcverende
2726 3789 2782 3843 in
2816 3787 3046 3844 Christo
3081 3791 3270 3854 Pater,
3305 3806 3415 3858 pax
3445 3789 3683 3844 Christi.

2301 3863 2611 3916 «Litteras
2661 3861 2992 3916 reverentiae
3044 3863 3257 3914 vestra?
3295 3861 3466 3916 datas
3515 3861 3761 3916 Parisiis
3814 3861 3884 3915 14

2227 3934 2445 4004 Aprilis
2498 3933 2686 4004 accepi
2747 3935 2816 3986 24
2874 3933 3163 4001 ejusdem.
3229 3932 3426 3995 Miror,
3489 3939 3642 4004 post,
3692 3933 3881 4003 patris

2227 4003 2460 4060 Martini
2499 4003 2684 4058 Delrio
2714 4004 3013 4058 Vindicias
3045 4003 3499 4074 Areopagiticas,
3553 4003 3752 4059 adhuc
3783 4021 3882 4058 su-

2229 4075 2831 4146 perassealiquos,qui
2849 4077 2919 4129 de
2936 4077 3041 4129 hoc
3061 4091 3232 4146 opere
3259 4076 3631 4138 dubitent,an
3652 4075 3882 4130 auctori

2227 4147 2309 4200 illi
2344 4150 2422 4201 sit
2467 4147 2931 4212 vindicandum;
2967 4145 3272 4202 dissolutis
3303 4151 3458 4202 enim
3510 4147 3882 4201 adversario-

2228 4235 2356 4271 rum
2415 4218 2784 4275 ratiunculis.
2835 4223 2922 4273 tot
2985 4219 3204 4288 profert
3250 4225 3507 4274 veterum
3571 4227 3879 4274 auctorum

2225 4291 2402 4359 (inter
2431 4307 2578 4360 quos
2615 4290 2783 4344 multi
2817 4291 3030 4344 summi
3068 4290 3391 4360 pontitices,
3416 4296 3472 4343 et
3507 4290 3613 4344 viri
3649 4291 3882 4344 sancti-

2226 4366 2347 4415 tate
2371 4361 2654 4427 illustres)
2681 4361 3038 4424 testimonia,
3064 4362 3280 4432 quibus
3301 4362 3519 4432 scripta
3542 4362 3643 4417 illa
3666 4363 3723 4417 S.
3749 4363 3884 4417 Dio-

2229 4433 2391 4506 nysio
2449 4437 2804 4506 AreOpagitze
2840 4434 3198 4502 tribuuntur,
3255 4440 3319 4487 ut
3347 4435 3440 4487 vix
3502 4442 3701 4504 putem
3755 4451 3886 4488 esse

2151 4541 2195 4604 D
2228 4505 2464 4604 giquuod.
2496 4507 2880 4604 apItliquorum
2914 4510 3150 4604 Patrum
3207 4506 3723 4604 scriptum3,qu9d
3739 4506 3888 4604 ‘91P?

2228 4579 2392 4631 ribus
2448 4579 2700 4631 testibus
2750 4594 2854 4632 suo
2885 4577 3110 4632 auctori
3164 4579 3350 4647 possit
3398 4577 3702 4632 vindicari.
3739 4577 3882 4630 Mihi

2230 4666 2362 4703 vero
2399 4665 2486 4703 res
2519 4649 2662 4702 adeo
2717 4649 3024 4718 perspicua
3055 4649 3308 4714 videtur,
3346 4655 3409 4703 ut
3441 4649 3673 4703 etiamsi
3733 4650 3888 4716 ejus-

2230 4720 2383 4775 modi
2420 4720 2750 4774 testimonia
2784 4721 3024 4774 minime
3075 4726 3477 4791 suppeterent,
3529 4739 3644 4774 non
3682 4731 3887 4790 putem

2229 4795 2303 4851 ei.
2339 4791 2437 4862 qui
2470 4792 2751 4846 attentius
2782 4793 3120 4861 expenderit
3143 4794 3335 4861 operis
3367 4791 3790 4858 conditionem,
3819 4794 3889 4847 de

2229 4871 2464 4918 auctore
2498 4864 2938 4934 ambigendum.
2975 4868 3092 4918 Hac
3123 4864 3278 4919 enim
3316 4865 3490 4919 unica
3536 4866 3764 4920 ratione
3800 4866 3885 4919 fa-

2228 4937 2334 4989 cile.
2355 4935 2749 4994 convincetur.
2774 4953 2890 5006 qua
2913 4942 2968 4990 et
2995 4952 3120 5001 ego,
3151 4953 3218 4990 ex
3243 4953 3357 5006 quo
3378 4942 3679 4991 auctorem
3717 4936 3885 4990 illum

2226 5008 2362 5074 legi,
2396 5008 2704 5062 convictus
2736 5024 2884 5061 sum.
2907 5008 2958 5061 Si
2993 5024 3142 5078 opus
3171 5006 3312 5062 illud
3343 5026 3457 5062 non
3490 5015 3649 5063 esset
3680 5007 3887 5074 magni

2226 5080 2388 5132 illius
2423 5080 2685 5151 Dionysii
2717 5080 3079 5149 Areopagitae
3112 5082 3210 5150 qui
3248 5080 3614 5150 temporibus
3648 5087 3886 5148 aposto-

2230 5151 2414 5204 lorum
2450 5151 2612 5223 vixit,
2647 5152 2743 5206 sed
2798 5151 3048 5218 alicujus
3100 5152 3459 5222 posterioris,
3512 5157 3576 5206 ut
3614 5151 3889 5223 Dionysii

2226 5222 2629 5283 Alexandrini,
2677 5224 2762 5276 vel
2799 5223 3108 5291 Corinthii,
3145 5223 3227 5277 vel
3282 5224 3597 5290 cuiusdam
3635 5223 3739 5291 qui
3777 5222 3886 5276 ali-

2226 5301 2368 5364 quot
2400 5294 2630 5348 saeculis
2665 5302 2864 5363 postea
2891 5297 3252 5366 temporibus
3293 5294 3617 5352 Justiniani
3656 5294 3694 5350 ll
3733 5296 3889 5350 circa

2226 5384 2444 5420 annum
2485 5366 2710 5421 Domini
2767 5367 3260 5438 sexcentesimum
3309 5367 3766 5438 nonagesimum
3800 5369 3885 5420 vi-

2223 5438 2391 5502 xerit,
2428 5443 2488 5490 iit
2521 5438 2643 5492 vult
2671 5437 2968 5507 Scaliger;
3005 5445 3207 5494 auctor
3235 5440 3366 5508 ejus
3422 5437 3575 5493 esset
3609 5441 3884 5496 mendax.

2225 5511 2545 5580 hypocrita,
2581 5516 2638 5563 et
2679 5509 2982 5580 impostor.
3021 5511 3111 5564 Ait
3136 5510 3315 5576 enim,
3369 5517 3792 5581 praeceptorem
3829 5519 3888 5564 et

2223 5583 2620 5636 institutorem
2656 5581 2710 5633 in
2746 5582 2918 5635 rebus
2943 5582 3154 5638 divinis
3177 5600 3239 5637 se
3269 5599 3384 5636 una
3406 5600 3540 5637 cum
3566 5583 3882 5638 Timotheo

2224 5654 2503 5708 habuisse
2536 5653 2596 5707 S.
2632 5652 2900 5718 Paulum,
2933 5655 3141 5708 deinde
3170 5661 3226 5710 S.
3260 5655 3674 5720 Hierotheum,
3709 5661 3773 5710 ut
3803 5655 3882 5708 vi-

2222 5727 2360 5780 dere
2391 5731 2480 5780 est
2513 5723 2612 5778 lib.
2647 5725 2717 5778 De
2747 5726 3115 5781 ecclesiastica
3163 5727 3464 5791 hierarch.,
3498 5744 3546 5780 c.
3569 5729 3624 5793 2,
3654 5733 3803 5797 part.
3841 5745 3877 5791 i,

2222 5803 2276 5851 et
2309 5798 2380 5852 De
2409 5797 2615 5851 divinis
2654 5813 2827 5864 ποθι,
2862 5815 2909 5852 c.
3029 5803 3087 5853 et
3107 5813 3156 5852 ο.
3188 5800 3241 5852 7.
3273 5798 3455 5853 Aﬂ'ert
3484 5799 3873 5867 objectionem

2223 5868 2436 5939 Elymis
2471 5867 2625 5940 magi
2674 5874 2956 5942 tanquam
2997 5868 3238 5942 aequalis
3265 5873 3322 5925 et
3366 5871 3866 5944 contemporanei.
