4162 6368
319 265 451 321 1001

1309 271 1372 325 Ρ.
1412 272 1780 330 LANSSELII
1818 272 2244 329 DISPUTATIO
2282 273 2677 330 APOLOGET.

3582 278 3719 332 1002

309 394 383 481 ρε
399 392 615 481 “divini:
641 391 1107 481 nqmjnibus‘cap.
1139 392 1192 448 8.
1220 395 1521 481 Ite-mncap.
1556 399 1590 452 3
1621 400 1701 455 ait
1742 417 1825 481 _se
1874 400 1961 454 in-
1990 411 2044 474 Α
2073 396 2255 481 fuisse
2284 397 3100 481 eminentissimesapientiae
3131 402 3186 453 et
3211 414 3443 481 magnae
3475 401 3713 481 sancti-

306 464 577 543 terfuisse
609 463 782 543 cqetui
812 464 1208 543 apostolorum
1256 471 1313 521 et
1360 463 1599 537 fret-um,
1657 470 1756 543 qui
1825 488 1960 525 con-

307 541 584 590 venerant
606 537 677 608 ad
706 537 1099 591 contuendum
1155 554 1368 608 corpus
1428 537 1779 597 beatissimus
1835 544 1960 596 Vir-

309 608 464 679 ginis
491 607 757 684 :_ibidem
784 608 1049 684 adfuisse
1083 607 1318 684 Petrum
1360 617 1415 665 et
1463 614 1770 683 Jacobum,
1804 616 1962 684 ejus-

313 678 422 750 que
458 678 539 733 rei
589 678 958 733 Timotheum
992 696 1120 734 esse
1153 683 1329 751 probe
1387 700 1687 741 conscum.
1751 678 1958 741 Hiero-

312 753 511 805 theum
547 756 960 876 praeregtorem
995 752 1071 806 ibi
1105 759 1235 823 post
1265 756 1580 824 apostolosi
1619 757 1962 813 excelluisse

313 824 371 876 in
406 821 704 876 laudanda
777 823 1075 876 iviuitate:
1111 825 1314 876 scribit
1343 828 1652 876 eoistnalm
1679 829 1746 876 ad
1793 832 1959 876 Pnlv-

313 824 371 876 in
406 821 704 900 laudanda
734 821 1075 900 divinita_t_e:
1107 821 1320 900 Scribit
1343 828 1654 896 epistoalm
1679 829 1749 884 ad
1793 832 1959 900 Poly-

311 910 577 964 carpum,
610 893 787 947 aliam
822 896 891 948 ad
951 895 1173 958 Titum,
1219 893 1394 951 aliam
1449 901 1519 953 ad
1571 902 1627 954 S.
1672 893 1959 956 Joannem

310 964 732 1039 evangelistam
766 967 823 1019 in
858 965 1061 1039 Patmo
1083 969 1470 1039 exsulantem,
1504 977 1560 1025 et
1590 971 1646 1025 in
1672 989 1736 1027 ea
1762 977 1960 1027 narrat

311 1038 422 1091 sibi
453 1036 764 1090 revelatam
823 1037 949 1106 ejus
1008 1037 1407 1093 liberationem
1456 1036 1527 1096 'et
1587 1044 1838 1098 reditum
1898 1043 1956 1098 in

311 1109 526 1162 Asiam.
560 1107 775 1180 Scribit
808 1109 879 1162 ad
916 1109 1400 1180 ApolIOphanem,
1440 1112 1703 1169 hortatur
1726 1131 1860 1169 eum
1885 1115 1956 1169 ad

311 1181 488 1255 fidem
519 1179 755 1255 Christi,
807 1185 863 1233 et
892 1179 1225 1236 commonet
1252 1182 1486 1253 eclipsis
1543 1202 1717 1255 quam
1782 1186 1955 1241 simul

308 1251 564 1325 viderint
594 1250 650 1304 in
683 1251 926 1322 zEgypto
964 1257 1226 1322 tempore
1279 1250 1576 1323 passionis
1600 1257 1952 1325 Dominicis;

308 1323 597 1393 quomodo
628 1338 756 1396 eam
802 1326 1229 1396 conspexerint,
1264 1341 1392 1396 quis
1444 1330 1623 1382 verba
1684 1330 1835 1384 inter
1894 1323 1956 1384 se

309 1392 750 1470 commutarint.
780 1396 912 1470 Haac
943 1399 999 1448 et
1021 1394 1134 1450 alia
1181 1392 1385 1470 scribit
1415 1397 1513 1453 ille
1548 1406 1753 1455 auctor
1780 1419 1793 1456 :
1827 1417 1953 1470 quae

308 1466 509 1520 omnia
541 1464 686 1519 l'alsa
711 1469 908 1539 essent
935 1471 991 1519 et
1016 1482 1180 1539 merae
1211 1468 1571 1539 imposturae,
1606 1472 1653 1526 si
1697 1472 1807 1527 iste
1838 1464 1951 1526 non

307 1542 460 1616 esset
492 1538 1102 1616 magnuspionysius
1159 1538 1818 1616 apostolis_e'_57xpovoc,
1854 1546 1949 1598 sed

305 1608 517 1682 junior
534 1607 711 1682 alius.
747 1608 916 1682 Atqui
945 1607 1207 1682 prorsus
1240 1607 1721 1682 incredibile'e'st,
1753 1620 1949 1669 aucto-

306 1696 427 1735 rem
462 1679 621 1734 illius
652 1679 846 1749 oporis
866 1680 1121 1735 voluisse
1154 1687 1272 1736 tam
1307 1684 1454 1739 foede
1488 1679 1743 1750 mentiri,
1764 1694 1817 1739 et
1846 1687 1948 1741 ho-

309 1751 569 1853 mingbus
600 1750 931 1853 i‘mponeqe:
964 1751 1072 1807 hoc
1104 1753 1255 1833 enim
1289 1757 1593 1853 nonmcadit
1642 1758 1731 1853 in‘
1757 1758 1950 1812 virum
1984 1790 2030 1853 Β

309 1840 408 1853 ...ω
459 1839 551 1853 ,πη
579 1839 607 1853 η
656 1839 853 1853 an...“
889 1839 936 1853 ...
962 1840 1343 1853 ...........,........
1455 1845 1543 1853 ,κ
1574 1845 1706 1853 η--
1744 1834 1797 1853 ,ι

307 1824 638 1897 probumst
656 1822 942 1897 sapientia
961 1824 1372 1897 conspicuum.
1404 1827 1547 1883 Nam
1572 1832 1820 1897 constat,
1849 1847 1952 1884 au-

308 1892 525 1969 ctorem
560 1892 936 1969 illiusbperis
966 1892 1127 1949 tanta
1156 1895 1340 1953 fuisse
1369 1900 1654 1969 sapientia
1684 1904 1741 1954 et
1762 1892 1955 1955 rerum

308 1966 643 2042 divinarum
678 1966 1031 2042 cognitione,
1063 1971 1127 2021 ut
1147 1966 1724 2042 summistheologis,
1750 1988 1817 2026 ex
1842 1990 1957 2042 quo

308 2037 364 2089 in
402 2035 592 2114 lucem
628 2037 863 2114 prodiit,
890 2039 1063 2092 fuerit
1093 2040 1576 2114 a_dmirationi,iet
1607 2035 1776 2097 nemo
1830 2035 1960 2114 post

304 2107 601 2184 apostolos
633 2110 682 2162 ei
716 2114 952 2184 putetur
984 2111 1400 2184 prterljerendus,
1426 2113 1509 2167 vel
1530 2115 1705 2169 etiam
1729 2107 1959 2184 ecquan-

310 2180 460 2257 dus;
497 2196 666 2257 nemo
699 2180 1021 2257 de__nat_ura
1078 2181 1293 2257 divina,
1351 2186 1593 2257 ejusque
1652 2180 1956 2257 perfectio-

306 2250 485 2323 nibus
508 2256 563 2305 et
593 2251 1028 2323 operationibus
1059 2253 1297 2323 scripsit
1337 2250 1669 2310 sublimius.
1705 2263 1806 2311 aut
1862 2274 1957 2312 co-

310 2322 575 2395 piosius;
638 2339 807 2395 nemo
866 2322 1206 2395 angelorum
1265 2327 1518 2395 ordines,
1579 2328 1958 2393 hierarchias,

307 2400 483 2471 actus.
513 2393 924 2471 hierarchicos,
952 2393 1314 2471 omnemque
1335 2393 1800 2467 dispositionem,
1829 2417 1959 2471 prm-

306 2471 397 2521 ter
426 2465 591 2519 illum
629 2464 797 2520 nobis
855 2466 1166 2537 descripsit
1193 2464 1234 2531 ς’
1263 2464 1447 2523 nemo
1480 2471 1805 2540 Scripturas
1830 2464 1843 2471 ’
1864 2489 1955 2525 sa-

307 2553 463 2600 cras,
496 2552 818 2608 earumque
848 2554 1058 2592 sensus
1111 2555 1376 2605 arcanos,
1410 2542 1726 2597 sublimius
1783 2543 1961 2597 inter-

306 2614 590 2685 pretatur.
620 2608 718 2663 Ille
751 2609 1549 2685 nobisuprirnustheologiam
1575 2614 1959 2685 symbolicam

304 2680 367 2735 et
396 2680 702 2754 mysticam
738 2680 1001 2754 tradidit.
1037 2681 1262 2754 Excidit
1294 2680 1488 2737 tamen
1511 2680 1658 2754 opus
1692 2684 1835 2740 illud
1887 2687 1959 2740 De

304 2752 924 2827 symbolicatlieologt'a,
983 2757 1038 2807 et
1085 2753 1274 2808 solum
1336 2752 1580 2811 diversis
1638 2758 1782 2811 locis
1832 2757 1961 2827 ejus

309 2824 411 2878 dat
445 2822 679 2897 aliquod
708 2822 1002 2897 specimen
1030 2840 1043 2890 ;
1074 2840 1144 2897 ex
1168 2841 1283 2894 quo
1318 2843 1632 2896 possumus
1677 2822 1966 2897 conjicere

320 2911 501 2968 quam
536 2893 968 2968 adiqnirabileet
998 2893 1249 2968 sublime
1282 2893 1427 2968 opus
1460 2898 1603 2953 illud
1639 2893 1827 2954 fuerit.
1865 2900 1967 2953 Ex-

318 2962 463 3041 cidit
502 2970 559 3041 et
590 2965 745 3021 aliud
797 2962 1104 3041 Θξολογικᾳξ
1166 2962 1538 3041 ignoro-ndicat:
1595 2970 1966 3041 inscriptum,

320 3037 493 3113 cujus
516 3038 641 3107 ipse
665 3037 934 3113 meminit
961 3037 1136 3093 variis
1175 3039 1336 3096 locis.
1362 3041 1551 3113 Nemo
1578 3037 1797 3095 eorum-
1840 3037 1966 3113 quae

311 3109 375 3164 in
410 3108 792 3164 sacramentis
824 3115 1106 3180 geruntur
1136 3112 1430 3181 mysteria,
1461 3117 1517 3167 et
1573 3113 1831 3167 occultas
1860 3108 1962 3166 ἐἰ-

361 3181 748 3244 niticationes,
781 3181 1133 3251 profundius
1180 3188 1281 3237 aut
1337 3184 1632 3253 copiosius
1666 3185 1955 3254 patefecit.

305 3197 748 3307 gmncanones,
781 3197 1133 3251 prorunaius
1180 3197 1281 3237 aut
1337 3200 1632 3253 copiosms
1666 3197 1955 3254 patelecit.

354 3269 447 3306 am
480 3269 614 3307 vero
646 3269 822 3323 quam
848 3269 990 3307 sana
1023 3254 1240 3323 ubique
1289 3254 1346 3308 in
1392 3260 1553 3309 tanta
1601 3256 1961 3310 sublimitate

304 3323 550 3397 theorize
574 3325 643 3379 de
675 3323 1321 3397 maximisChristianae
1371 3326 1670 3397 religionis
1720 3328 1961 3397 dogma-

303 3395 495 3458 tibus,
531 3396 825 3468 doctrina,
842 3400 915 3468 ut
944 3396 1014 3450 de
1046 3396 1236 3452 tribus
1257 3398 1314 3451 in
1340 3398 1781 3468 simplicissima
1802 3395 1963 3452 divi-

311 3468 499 3522 nitate
530 3466 946 3540 hypostagsibus
979 3482 1080 3540 seu
1134 3470 1419 3538 personis,
1459 3466 1551 3524 'de
1591 3487 1791 3524 earum
1832 3487 1963 3540 pro-

310 3538 588 3594 cessione’
624 3544 682 3593 et
734 3538 1126 3605 distinctiOne,
1160 3540 1231 3594 de
1291 3541 1514 3595 unitate
1572 3538 1861 3609 essentia,
1895 3542 1965 3595 de

301 3609 569 3665 indivisa
616 3610 969 3681 operatione,
1004 3611 1072 3665 de
1098 3611 1431 3666 admirabili
1480 3612 1693 3667 unione
1742 3618 1967 3667 naturae

321 3682 533 3737 divinae
567 3686 621 3735 et
664 3681 953 3754 humanae
1014 3683 1078 3754 in
1138 3700 1257 3737 una
1305 3683 1618 3754 bypostasi,
1677 3684 1847 3739 Verbi
1895 3685 1965 3738 de

318 3757 533 3827 natura
566 3752 726 3818 mali,
758 3753 845 3827 _de
870 3753 1064 3827 Aeflicia
1102 3752 1629 3821 sacramentorum,
1681 3756 1750 3810 de
1781 3772 1966 3827 augu-

316 3825 587 3881 stissimo
647 3824 981 3879 eucharitiae
1042 3830 1431 3889 sacramento,
1490 3827 1640 3895 quod
1702 3843 1767 3881 ex
1840 3824 1968 3881 scn-

315 3898 508 3952 tentia
540 3895 629 3950 sui
665 3894 860 3968 inclyti
897 3897 1266 3968 praeceptoris
1298 3894 1562 3968 (Paulum
1594 3898 1709 3968 _vel
1770 3897 1967 3952 Hiero-

316 3970 524 4025 theum
554 3965 911 4037 intelligens)
943 3965 1238 4023 dicit—esse
1267 3965 1498 4021 τὲλετῶν
1531 3965 1777 4037 τελετήν,
1802 3969 1971 4039 quasi

317 4041 486 4095 dicas
518 4043 1013 4111 sacramentorum
1046 4040 1309 4095 omnium
1342 4042 1775 4111 perfectionem.
1810 4042 1971 4104 Quod

320 4115 394 4168 ad
428 4110 813 4167 elocutionem
847 4111 1073 4183 attinet,
1100 4127 1223 4166 eam
1258 4110 1486 4183 qucque
1520 4113 1837 4178 angelicam
1873 4130 1973 4183 po-

320 4186 446 4240 tius
478 4183 692 4237 dixeris
722 4198 897 4253 quam
950 4181 1295 4251 humanam,
1338 4181 1481 4238 adeo
1532 4184 1804 4238 sublimis
1853 4181 1971 4248 est;

321 4254 607 4310 nimirum
643 4260 703 4308 ut
734 4254 1176 4323 conceptionum
1214 4254 1638 4308 sublimitatem
1695 4257 1975 4310 orationis

320 4326 660 4383 sublimitas
681 4324 1109 4395 exaequet.Quis
1135 4330 1261 4395 post
1281 4325 1575 4395 apostolos
1600 4343 1855 4395 unquam
1881 4328 1977 4380 de-

319 4398 652 4468 divinisita
682 4394 911 4451 locutus
943 4400 1067 4451 est:
1124 4394 1284 4468 Tp_t5tr,
1320 4394 1627 4468 ίὺπεροῦςξιε
1684 4394 1771 4447 7.13.
1815 4397 1978 4468 ὑπὲρ-ξ

320 4472 430 4535 θεε,
476 4465 578 4556 καὶ⁷
615 4467 934 4540 ὑπεράγαθε,
985 4487 1035 4521 κ,
1074 4486 1136 4557 ,‘E.
1168 4465 1242 4521 ⁷λ.
1294 4471 1444 4557 ilicet
1493 4465 1606 4529 θεία
1644 4467 1841 4557 πατριᾶ
1888 4465 1979 4556 κάξ

359 4541 372 4557 ο
399 4539 411 4557 Ι
703 4546 730 4557 ~
868 4538 878 4557 Ι

320 4539 517 4628 υἲὸτης
562 4537 641 4628 ex“
800 4536 1034 4628 ⁷τττλὶνίιῖωνΧ
1071 4536 1412 4628 ἐξῃρημὲκίης
1462 4536 1825 4612 πατριαρχίας
1891 4539 1977 4590 καὶ
2028 4584 2029 4587 η

359 4614 373 4628 .
729 4613 741 4628 ι
967 4612 1010 4628 ηπ
1099 4621 1116 4628 -
1437 4615 1475 4628 ..
1539 4613 1559 4621 υ
1718 4617 1758 4628 η
1930 4610 1942 4625 κ

324 4608 581 4684 υἱαρχέας
615 4608 937 4684 δεδώρηται.
967 4609 1043 4665 Τὸ
1096 4608 1382 4684 θέάρῃκὸν
1416 4608 1672 4684 ῨΗνεᾷμτκέ
1703 4608 1856 4684 ligo;
1892 4610 1981 4684 rev

324 4677 671 4759 «ipii'céwto‘r
720 4677 949 4759 Πάιὲᾄρᾳ.
1023 4682 1162 4759 Πρὸς
1192 4677 1198 4682 ’
1229 4677 1369 4759 ίὲἠνῌ
1406 4677 1737 4759 ὑ-περάρχιᾳν
1767 4677 1984 4759 ἇρχῆγ.

323 4751 440 4825 Τῆἶῖ
481 4751 714 4828 ᾇρχμκήν
762 4751 873 4828 acti.
905 4751 1232 4828 ὑπεράςχιφν
1278 4756 1373 4828 τί)ῖᾷ
1423 4751 1717 4828 θεοίρχιίοζ)
1762 4751 1989 4828 ﬂet-596:

325 4808 684 4906 φυλτοδδςίαεί
749 4826 934 4885 ἁὺλοις
1008 4808 1423 4906 ὶριῖαὰῖρερῖέσι
1502 4808 1639 4906 veraq“
1684 4808 1991 4906 ὀωίξαιλμίρῖς

327 4893 689 4969 ἑῖσὸεξάμενοι
774 4896 1130 4970 Ὑπερουσίως
1182 4893 1442 4964 οὖσιώθη.
1476 4893 1791 4970 Θεανδριξςαὶ
1847 4893 1989 4970 575:9-

326 4968 681 5049 ymacao
714 4974 776 5049 [ξι
808 4968 965 5049 mille
996 4971 1111 5024 alia
1143 4986 1268 5049 non.
1315 4975 1515 5049 coacta
1543 4968 1656 5049 non
1704 4968 1992 5049 laboriose

376 5046 596 5107 uaesita,
645 5043 742 5097 sed
803 5046 1008 5113 sponte
1065 5058 1132 5113 ex
1172 5039 1992 5113 altissima,contemplatione

380 5116 595 5172 uentia.
623 5114 749 5182 Legi
798 5110 853 5168 Si
891 5112 1281 5181 Augustinum
1316 5113 1386 5167 de
1417 5111 1774 5177 trinitate,et
1810 5110 1995 5164 multa

330 5195 387 5243 S.
422 5186 683 5258 Gregorii
718 5190 1097 5258 cognomento
1132 5183 1383 5255 theologi
1418 5182 1721 5253 opuscula,
1768 5188 1824 5236 et
1848 5182 1992 5236 alio-

332 5276 467 5316 rum
502 5254 739 5313 Patrum
772 5254 1141 5309 doctissimos
1174 5254 1477 5322 tractatus,
1507 5271 1677 5309 nemo
1701 5260 1893 5308 tamen
1926 5269 1995 5307 ex

331 5333 454 5388 illis
488 5333 648 5384 visus
677 5332 765 5383 est
798 5326 937 5382 mihi
969 5326 1306 5396 Dionysium
1370 5326 1454 5381 vel
1488 5327 1762 5380 doctrinae
1811 5324 1994 5380 subli-

335 5405 564 5467 mitate,
615 5401 703 5456 vel
754 5397 983 5452 dicendi
1051 5397 1352 5466 majestate
1401 5414 1651 5467 aequare.
1695 5398 1877 5460 Quam
1924 5396 1995 5449 ob

337 5490 575 5529 causam
612 5473 903 5526 mirantur
934 5468 1102 5522 illum
1137 5485 1250 5522 non
1281 5469 1467 5523 solum
1504 5485 1707 5523 omnes
1731 5469 1998 5522 doctores

336 5543 672 5601 scholastici
724 5550 992 5613 (quorum
1051 5539 1275 5613 aliquot
1330 5541 1501 5613 etiam
1559 5539 1997 5613 commentariis

338 5618 509 5673 illum
542 5609 954 5670 illustrarunt).
980 5613 1076 5666 sed
1113 5617 1171 5665 et
1201 5610 1300 5664 SS.
1337 5611 1532 5665 Patres
1564 5612 1661 5680 qui
1708 5609 1870 5663 illum
1915 5609 1999 5662 le-

340 5691 660 5759 gerunt,uﬁt
691 5686 750 5739 S.
810 5686 1537 5759 Joannespamascenus,
1588 5684 1643 5736 S.
1690 5681 1996 5759 Maximus,

342 5747 591 5818 Michael
624 5757 931 5827 Syngelus,
964 5761 1020 5810 et
1049 5753 1145 5809 alii
1171 5752 1338 5808 multi
1397 5747 1542 5822 quos
1574 5758 1836 5827 recenset
1882 5751 2003 5827 Del-

343 5836 453 5890 rio.
519 5831 599 5886 Ex
657 5823 872 5899 quibus
918 5823 1157 5883 constat
1215 5830 1512 5881 auctorem
1580 5826 1752 5881 istius
1810 5823 2001 5897 operis

673 5958 936 6017 PATROL.
986 5954 1094 6015 Gn.
1140 5952 1241 6015 ιν.

2073 469 2211 550 tatis
2244 469 2454 537 virum,
2489 474 2550 550 ut
2573 471 2867 550 ‘qui'totus
2989 471 3162 524 rebus
3194 469 3405 550 divinis
3436 475 3493 550 et
3518 489 3714 550 _a_nge-

2072 540 2201 622 licis
2232 540 2826 622 conteiuplationibus
2862 542 3076 622 ubique
3106 547 3384 622 versetur,
3428 549 3485 598 et
3517 540 3714 622 Timo-

2071 613 2269 667 theum
2302 612 2525 683 passim
2558 613 2629 666 ad
2656 628 2851 665 rerum
2875 612 3205 668 divinarum
3229 616 3528 670 assiduam
3552 616 3716 671 theo-

2071 686 2242 758 riam,
2278 683 2496 758 relictis
2539 684 2815 758 omnibus
2865 701 2989 755 quae
3039 686 3433 758 subsensum
3480 692 3715 758 cadunt,

2070 754 2357 810 hortetur.
2395 755 2532 820 Quis
2567 756 2741 809 talem
2777 772 2842 809 ac
2863 754 3094 809 tantum
3129 757 3318 811 virum
3353 760 3552 813 credat
3594 754 3714 814 tam

2069 827 2270 910 putide
2302 826 2554 910 voluisse
2587 826 2936 910 me.ntiri,_et
2966 834 3085 910 tam
3115 828 3388 910 absurda.
3418 830 3713 910 hypocrisi

2068 898 2216 952 falsa
2248 901 2503 970 quadam
2532 898 2723 969 specie
2754 897 3121 969 antiquitatis
3152 904 3207 953 et
3230 897 3557 970 apostolicae
3579 918 3716 957 con-

2067 970 2423 1037 suetudinis,
2451 970 2671 1023 mundo
2692 971 3071 1040 imposturam
3094 972 3468 1026 facere?Non
3492 974 3711 1029 cadunt

2066 1040 2180 1095 ista
2209 1040 2267 1095 in
2302 1042 2487 1096 virum
2524 1041 2771 1111 probum
2805 1045 2862 1095 et
2884 1058 3038 1096 sanae
3058 1042 3292 1109 mentis,
3313 1043 3493 1098 multo
3512 1045 3708 1100 minus

2066 1111 2122 1187 in
2158 1113 2749 1187 sapientissimumet
2783 1113 3251 1187 sanctissimum.
3287 1115 3561 1187 Denique,
3592 1133 3708 1187 quo

2068 1184 2180 1238 ﬁne
2213 1184 2341 1257 haec
2364 1184 2560 1238 omnia
2593 1184 2921 1257 fecisset,et
2951 1201 3013 1239 se
3043 1185 3222 1240 alium
3248 1184 3512 1241 tinxisset
3534 1184 3713 1257 quam

2065 1271 2261 1328 revera
2320 1256 2469 1309 fuit?
2532 1272 2622 1328 an,
2671 1260 2733 1309 ut
2781 1255 3011 1310 labores
3039 1274 3198 1322 suos,
3233 1263 3290 1311 et
3319 1255 3568 1328 gloriam
3598 1258 3716 1313 illis

2064 1327 2342 1393 debitam,
2377 1343 2478 1397 per
2508 1325 2701 1381 scelus
2729 1331 2785 1380 et
2814 1328 3129 1399 amentiam
3153 1325 3421 1399 perderet
3442 1333 3712 1385 PPoterat

2063 1399 2219 1452 enim
2253 1415 2465 1453 nomen
2493 1414 2663 1470 suum
2698 1404 2754 1453 et
2775 1398 3075 1453 veritatem
3119 1398 3537 1470 patefaciendo,
3588 1417 3711 1456 ma-

2062 1472 2281 1523 ximam
2314 1470 2424 1523 sibi
2458 1469 2700 1539 gloriam
2728 1473 2847 1524 toto
2904 1470 3042 1524 orbe
3102 1469 3157 1525 et
3197 1472 3473 1526 omnibus
3523 1472 3710 1528 smolis

2063 1543 2402 1595 duraturam
2436 1556 2796 1611 comparare,
2828 1547 2885 1595 et
2911 1542 3182 1597 maximis
3214 1543 3551 1597 doctoribus
3604 1544 3715 1598 Ec-

2062 1612 2247 1683 clesia:
2281 1613 2520 1682 aequari,
2555 1612 2638 1666 vel
2671 1612 2844 1666 etiam
2879 1614 3150 1683 praeferri.
3192 1614 3416 1669 Poterat
3444 1615 3712 1670 omnium

2060 1682 2462 1755 theologorum
2496 1684 2596 1754 qui
2626 1682 2895 1755 unquam
2942 1684 3121 1738 futuri
3172 1691 3331 1751 sunt,
3368 1686 3707 1742 admiratio-

2063 1771 2217 1821 nem,
2252 1772 2508 1809 amorem
2560 1760 2617 1809 et
2651 1755 3115 1810 benedictionem
3147 1756 3257 1810 sibi
3292 1756 3623 1824 conciliare,
3658 1761 3715 1812 et

2065 1826 2471 1900 illustrissima
2525 1826 2779 1896 ingenia,
2841 1828 2911 1900 ad
2957 1828 3056 1900 sui
3092 1828 3476 1900 imitationem
3501 1845 3709 1900 provo-

2065 1914 2215 1969 care.
2250 1898 2538 1959 Quorsum
2572 1914 2673 1968 per
2703 1898 3008 1951 mendacia
3040 1903 3095 1951 et
3124 1898 3201 1951 im
3215 1901 3391 1968 proba
3414 1898 3584 1967 facta,
3610 1916 3713 1969 per

2064 1968 2421 2039 hypocrisim
2453 1974 2507 2023 et
2539 1970 2893 2037 imposturas
2926 1968 3375 2039 indignissimae
3425 1977 3483 2026 et
3539 1968 3708 2025 inau-

2066 2041 2215 2094 ditas
2247 2041 2712 2094 voluissettanto
2735 2056 2822 2112 se
2870 2042 3017 2094 bono
3077 2040 3321 2112 privare,
3382 2047 3437 2097 et
3495 2058 3709 2098 nomen

2066 2128 2238 2167 suum
2264 2112 2491 2166 aeternis
2524 2111 2779 2165 tenebris
2811 2111 3098 2167 involvere
3118 2111 3145 2165 ?

2136 2204 2163 2230 ‹‹
2194 2183 2322 2236 Haec
2355 2182 2501 2237 ratio
2535 2198 2618 2236 me
2649 2182 2725 2236 ita
2759 2183 3072 2247 convincit,
3106 2188 3169 2237 ut
3201 2181 3346 2236 nihil
3379 2184 3448 2239 de
3478 2188 3715 2239 auctore

2066 2252 2244 2323 hujus
2276 2254 2720 2326 operisgpossim
2752 2254 3057 2326 dubitare:
3095 2271 3199 2308 nec
3228 2253 3563 2326 quisquam,
3588 2255 3712 2326 opi-

2068 2342 2194 2389 nor,
2227 2324 2539 2390 dubitabit,
2568 2326 2667 2395 qui
2701 2325 2845 2379 lecto
2875 2325 3183 2393 diligenter
3226 2324 3397 2395 opere
3451 2326 3565 2381 ista
3621 2324 3713 2381 ex-

2068 2396 2529 2477 penderit.nLegi
2558 2398 2875 2477 szepius,et
2908 2402 3178 2477 accurate
3210 2398 3703 2477 omniaexpendi:

2069 2468 2267 2537 itaque
2299 2468 2444 2521 mihi
2479 2468 2717 2540 placuit,
2752 2475 2812 2521 ut
2841 2468 2994 2522 hunc
3026 2468 3364 2540 Dionysium
3387 2468 3511 2538 jam
3547 2486 3579 2523 a
3604 2468 3712 2523 tri-

2070 2542 2233 2622 ginta
2262 2557 2362 2622 segt
2396 2540 2566 2621 annis
2596 2539 2656 2593 in
2691 2545 3001 2622 patronum
3034 2539 3370 2621 delegerim,
3403 2546 3459 2595 et
3481 2557 3714 2622 semper

2071 2610 2127 2664 in
2163 2610 2447 2664 sacrificio
2481 2610 2673 2664 missae
2706 2611 3564 2678 nominatiminvocarim,mihi
3587 2610 3713 2681 ejus

2072 2683 2422 2751 sapientiam
2457 2686 2514 2735 et
2545 2681 2820 2752 spiritum
2855 2683 3202 2752 imprecaris.
3244 2682 3409 2737 Dolui
3438 2683 3715 2752 subinde,

2074 2754 2227 2823 quod
2265 2770 2375 2807 non
2411 2752 2620 2807 melius
2644 2759 3153 2819 essetconversus,
3172 2770 3274 2808 nec
3299 2756 3383 2808 vis
3404 2757 3715 2809 verborum

2073 2826 2201 2894 ejus
2234 2824 2427 2878 multis
2458 2824 2602 2878 locis
2632 2841 2924 2895 expressa,
2951 2826 3047 2881 sed
3075 2825 3189 2879 alia
3210 2826 3555 2892 substituta,
3588 2843 3716 2896 quae

2075 2898 2347 2951 lectorem
2382 2900 2619 2965 possent
2649 2896 2705 2949 in
2739 2913 2993 2951 errorem
3028 2897 3336 2965 conjicere,
3361 2901 3425 2950 ut
3450 2898 3719 2967 plurimis

2075 2967 2358 3037 exemplis
2392 2984 2620 3037 possem
2651 2969 2977 3023 ostendere.
3012 2972 3196 3034 Quam
3227 2970 3300 3023 ob
3331 2986 3569 3024 causam
3603 2975 3720 3024 sta-

2076 3040 2159 3093 tui
2183 3055 2287 3108 ego
2317 3037 2633 3108 aliquando
2665 3038 2828 3093 illum
2862 3042 3199 3105 transferre,
3232 3044 3288 3094 et
3309 3039 3365 3092 in
3388 3055 3522 3094 eum
3544 3040 3719 3094 ﬁnem

2080 3110 2265 3164 multa
2295 3110 2586 3164 adnotavi.
2626 3111 2829 3165 Verum
2851 3127 2952 3180 per
2973 3111 3118 3165 alias
3140 3112 3553 3180 occupationes
3576 3128 3721 3166 nun-

1993 3158 2034 3221 C
2073 3158 2265 3251 atas
2284 3158 2509 3253 ἑᾱιᾝίίῖ
2525 3158 2533 3164 ’
2552 3158 3315 3252 ’έυῥρἐὲἱῆἕκᾶἰὶῗῑῑᾶυ’ᾱᾷἆῖ
3326 3158 3724 3253 ’ἑῖἒῖιῖιῖυῑεῖν

2070 3254 2198 3319 tibi,
2234 3254 2384 3323 quod
2420 3252 2576 3306 hunc
2609 3253 2866 3307 laborem
2892 3253 3243 3323 susceperis,
3277 3252 3723 3322 eoquenomine

2071 3340 2275 3396 omnes
2307 3323 2584 3396 theologi,
2618 3325 2937 3393 praesertim
2974 3326 3072 3394 qui
3116 3330 3320 3377 Graecae
3356 3324 3569 3396 linguas
3604 3342 3721 3380 non

2072 3395 2215 3450 satis
2248 3401 2387 3448 sunt
2418 3395 2607 3465 periti,
2644 3396 2743 3449 tibi
2781 3396 3032 3450 multum
3069 3397 3384 3463 debebunt,
3410 3399 3455 3451 si
3495 3397 3723 3451 facilem

2072 3466 2188 3520 illis
2222 3467 2445 3519 aditum
2478 3467 2547 3520 ad
2580 3467 2725 3520 tanti
2760 3467 3016 3521 auctoris
3064 3468 3377 3521 lectionem
3430 3472 3486 3521 et
3509 3468 3723 3522 intelli-

2073 3537 2329 3607 gentiam
2366 3539 2722 3607 patefeceris.
2757 3538 2914 3603 Vale,
2946 3538 3025 3593 rni
3058 3540 3245 3609 Pater,
3308 3537 3422 3593 mei
3480 3555 3723 3595 memor.

2074 3608 2332 3677 Lovanii,
2354 3610 2424 3663 25
2454 3609 2668 3680 Aprilis
2699 3610 2857 3665 1615.
2894 3632 2921 3659 ››

2940 3698 3005 3752 Η.
3041 3702 3107 3752 V.
3144 3698 3358 3753 Servus
3390 3698 3449 3752 in
3471 3698 3727 3755 Christo.

3007 3788 3354 3843 Lsomanus
3388 3788 3658 3843 Lsssws.

2152 3895 2566 3949 Potentissima
2598 3895 2834 3965 quidem
2866 3906 2977 3961 est,
3022 3902 3085 3948 ut
3144 3896 3394 3961 aiebam,
3428 3896 3549 3949 haec
3601 3912 3733 3950 ern-

2082 3966 2357 4022 ditissimi
2393 3967 2498 4020 viri
2532 3968 2988 4037 argumentatio,
3020 3984 3209 4037 neque
3239 3968 3453 4021 desunt
3481 3967 3609 4021 aliae
3641 3984 3730 4021 ra-

2084 4040 2269 4093 tiones
2303 4055 2428 4109 qure
2459 4039 2660 4091 eodem
2696 4039 2974 4092 orationis
3007 4054 3183 4092 cursu
3219 4039 3311 4092 hic
3341 4056 3373 4092 a
3405 4055 3507 4109 me,
3548 4054 3731 4107 pone-

2082 4117 2303 4173 rentur,
2326 4108 2383 4162 si
2419 4114 2707 4163 certorum
2736 4109 3038 4163 hominum
3062 4109 3388 4163 voluntates
3406 4108 3732 4164 rationibus

2084 4182 2215 4235 duci
2263 4197 2430 4251 posse
2461 4186 2775 4234 constaret.
2810 4181 2917 4234 Sed
2953 4180 3173 4235 haerent
3206 4181 3261 4233 in
3298 4182 3586 4235 sententia
3633 4181 3731 4234 lir-

2088 4255 2279 4317 miter,
2313 4257 2368 4304 et
2399 4258 2678 4322 tanquam
2712 4252 2765 4303 in
2801 4268 2930 4306 arce
2962 4268 3151 4306 causa:
3187 4253 3388 4306 multis
3441 4252 3731 4322 praesidiis

2088 4324 2233 4392 septi
2270 4327 2325 4375 et
2360 4321 2806 4385 circumvallati,
2842 4324 2951 4377 nisi
2984 4329 3173 4377 turres
3210 4332 3255 4376 et
3296 4321 3734 4393 propugnacula

2090 4394 2452 4463 quatiantur,
2490 4394 2601 4447 nisi
2630 4394 2933 4449 diluantur
2963 4395 3318 4462 obiectiones
3351 4401 3408 4449 et
3459 4395 3731 4449 refellan-

2092 4472 2203 4523 tur,
2231 4466 2447 4537 abduci
2481 4482 2512 4518 ει
2576 4466 2824 4537 pristina
2865 4466 3139 4536 Opinione
3193 4483 3305 4519 non
3362 4472 3630 4537 possunt,
3670 4470 3734 4520 ut

2091 4535 2368 4590 obstinati
2408 4542 2462 4589 et
2513 4536 2831 4590 multarum
2895 4535 3218 4608 palmarum
3281 4535 3629 4608 gladiatores
3676 4554 3739 4593 se

2098 4608 2375 4681 dimoveri
2413 4609 2479 4660 de
2512 4625 2636 4681 suo?
2677 4611 2860 4675 gradu
2924 4626 3059 4681 non,
3096 4611 3318 4664 sinunt.
3373 4615 3489 4681 Age
3538 4610 3738 4681 igitur,

2096 4680 2399 4732 videamus
2431 4696 2557 4750 qum
2590 4680 2897 4746 objiciunt,
2933 4688 2987 4733 et
3018 4680 3064 4735 si
3120 4699 3230 4735 non
3264 4698 3430 4750 aequa
3477 4699 3608 4735 cum
3643 4697 3741 4734 su-

2101 4749 2785 4815 perioribus’l‘elicitate,
2850 4753 2969 4821 pari
3025 4769 3165 4807 sane
3244 4749 3516 4807 felicitate
3584 4752 3744 4805 refu-

2098 4828 2310 4877 temus.

2172 4892 2399 4963 Stylum
2435 4892 2704 4962 inprimis
2733 4892 2986 4963 Dionysii
3032 4893 3215 4947 nostri
3274 4898 3529 4963 arguunt
3573 4896 3748 4964 atque

2101 4964 2379 5031 lacerant,
2412 4980 2585 5033 quem
2611 4965 2922 5017 obscurum
2956 4970 3013 5018 et
3042 4966 3363 5018 involutum
3399 4980 3525 5018 esse
3557 4964 3746 5032 aiunt,

2101 5042 2225 5091 tum
2251 5036 2425 5090 etiam
2449 5035 2809 5107 tumentibus
2831 5035 3107 5103 ampullis
3129 5036 3420 5103 inflatum,
3451 5052 3619 5107 quem
3642 5052 3747 5090 ne-

2102 5113 2243 5179 gant
2271 5106 2574 5160 convenire
2602 5107 2657 5179 in
2702 5104 2846 5179 illud
2896 5113 3148 5177 tempus,
3192 5108 3247 5160 in
3295 5124 3410 5178 quo
3452 5104 3748 5177 religionis

2103 5178 2444 5235 Christianas
2464 5178 2811 5248 simplicitas
2836 5180 3273 5249 moderatioque
3300 5180 3545 5247 lucebat,
3566 5185 3621 5231 et
3640 5178 3748 5233 mi-

2104 5254 2261 5305 nime
2287 5250 2553 5303 omnium
2588 5249 2873 5319 quadrare
2913 5250 2967 5303 in
3012 5266 3145 5304 eum
3187 5252 3399 5316 virum,
3436 5250 3747 5320 quidictus

2103 5329 2192 5377 est
2237 5322 2603 5391 Areopagita.
2649 5320 2905 5374 Primum
2960 5322 3166 5375 lubens
3200 5324 3270 5375 ab
3301 5322 3375 5375 iis
3416 5323 3750 5377 doctoribus

2106 5410 2448 5465 quaererem,
2483 5409 2794 5462 quemnam
2816 5408 2955 5465 esse
2988 5393 3282 5465 hominem
3310 5393 3508 5456 velint,
3536 5400 3591 5448 et
3612 5410 3752 5465 qua-

2104 5464 2218 5520 lern
2252 5464 2947 5537 tandemﬂﬁireopagilam
2984 5464 3348 5536 Dionysium.
3383 5466 3571 5521 Audio
3612 5464 3752 5537 quid

2115 5537 2455 5592 laurentius
2484 5534 2648 5589 Valla
2682 5535 2856 5592 dicat.
2900 5534 3400 5607 quidﬂh‘rasmus,
3460 5538 3598 5607 quid
3629 5534 3755 5590 'alii

2111 5608 2347 5677 quidam
2384 5625 2448 5661 ex
2480 5608 2676 5661 eadem
2712 5607 2945 5659 officina
2978 5606 3299 5677 fuliginosi.
3332 5606 3549 5663 Volunt
3598 5608 3753 5660 enim

2109 5680 2200 5735 vel
2232 5681 2412 5735 vicem
2452 5678 3074 5750 luisseAtheniensem
3113 5697 3292 5731 unum
3331 5680 3397 5733 de
3432 5696 3619 5749 grege,
3657 5677 3758 5750 qui

2114 5770 2147 5806 a
2177 5757 2331 5806 certo
2368 5752 2489 5805 loco
2523 5749 2705 5811 urbis,
2755 5750 3107 5819 AreOpagitze
3150 5766 3357 5804 nomen
3419 5751 3644 5819 tulerit,
3671 5749 3759 5806 vel

2115 5827 2269 5878 certe
2295 5825 2364 5878 de
2396 5838 2641 5878 numero
2664 5820 2933 5894 judicum
2955 5822 3133 5877 fuisse
3152 5839 3358 5891 unum,
3382 5822 3551 5892 quasi
3574 5838 3760 5878 unum

3349 5951 3432 6010 32
