4162 6368
285 342 422 400 1005

1298 349 1360 402 Ρ.
1403 349 1772 405 LANSSELII
1809 350 2241 406 DISPUTATIO
2279 351 2678 406 APOLOGET.

3554 353 3692 412 1006

277 467 443 550 aiunt
471 481 600 549 esse
629 461 846 550 ὀγςιώᾷη
882 466 1167 550 inﬂatam,
1202 471 1512 550 peregrinu
1547 474 1778 550 tumore
1808 489 1921 550 cre-
1953 479 2006 546 Α
2040 473 2137 545 qui
2171 472 2506 550 apostolicis
2537 473 2904 546 temporibus
2944 491 3044 532 eas
3092 476 3371 548 epistolas
3415 477 3688 550 scriptas,

275 546 533 610 pantem,
557 539 932 614 insolentem,
956 539 1067 608 vel,
1092 546 1156 594 ut
1177 539 1430 612 objectat
1452 543 1738 614 Illyricas,
1761 546 1923 598 Asia-

277 617 454 666 ticam
485 617 544 664 et
573 611 1112 678 redundantiorem,
1147 611 1319 681 quam
1357 615 1497 667 utin
1527 611 1658 669 eam
1698 623 1924 671 aetatem

275 689 330 738 et
361 682 657 737 scribendi
681 682 966 738 rationem
999 685 1269 753 quadret.
1303 685 1407 739 Cui
1454 686 1725 742 haeretico
1757 704 1786 742 e
1817 693 1923 743 No-

275 760 541 830 vatorum
573 755 782 830 castris
813 753 1112 809 hominem
1134 772 1330 830 unum
1363 764 1610 830 possunt
1635 775 1926 830 opponere

279 828 544 901 Isaacum
575 825 1020 901 _Ca_sa_ub_o_num,_
1044 829 1142 897 qui
1180 825 1410 884 tametsi
1438 831 1495 884 in
1525 825 1924 901 oppugnanda

273 898 513 952 veritate
538 897 616 950 sit
647 897 865 952 infelici
897 902 953 950 et
985 899 1240 954 timendo
1274 901 1389 954 fato
1442 897 1820 968 immortuus,
1861 909 1923 958 ut

276 975 400 1024 erat
429 974 628 1042 tamen
660 985 776 1042 non
810 970 1124 1025 derelictus
1155 974 1226 1026 ab
1251 972 1508 1042 ingenio,
1534 989 1637 1028 nec
1661 973 1923 1029 lectionis

278 1041 674 1115 complurium
698 1041 950 1115 Auctoru
979 1058 1264 1112 mexpers,
1286 1041 1628 1115 Dionysium
1656 1050 1919 1100 nostrum

273 1113 417 1187 vidit
447 1112 712 1187 divinum
735 1114 1051 1187 quemdam
1079 1130 1206 1168 esse
1231 1112 1526 1169 hominem
1560 1123 1616 1170 et
1637 1117 1921 1187 antiquis-

275 1185 516 1258 simum,
540 1183 716 1258 idque
745 1184 942 1258 ipsum
977 1201 1128 1255 saepe
1157 1193 1247 1242 est
1269 1204 1384 1241 non
1418 1189 1544 1241 sine
1587 1183 1920 1258 prmfatione

277 1255 520 1311 honoris
555 1255 876 1325 professus,
909 1255 979 1309 de
1011 1257 1180 1326 cuius
1223 1259 1279 1311 in
1333 1255 1640 1314 scribendo
1700 1262 1921 1315 ratione

274 1327 644 1403 italaudans,
667 1331 726 1380 et
744 1327 1017 1403 micantis
1041 1329 1302 1403 undique
1325 1332 1678 1403 excellentiae
1699 1332 1922 1403 magni-

275 1400 482 1453 tudine
512 1398 954 1473 obstupefactus
986 1398 1258 1470 praadicat
1291 1419 1303 1456 :
1339 1425 1365 1450 ‹‹
1403 1402 1590 1473 Fingit
1619 1398 1921 1458 voces-uo-

273 1487 402 1544 vas,
427 1476 486 1544 et
517 1470 975 1544 compositiones
1007 1473 1219 1527 format
1242 1470 1576 1542 inusitatas,
1600 1475 1916 1544 inauditas,

275 1542 554 1596 miriﬁcas
581 1557 593 1596 :
619 1558 750 1614 quae
781 1541 1130 1614 simpliciter
1149 1545 1322 1599 verbo
1348 1562 1461 1600 uno
1485 1541 1587 1600 aut
1604 1547 1782 1601 altero
1805 1541 1918 1601 dici

275 1618 566 1686 poterant,
599 1613 879 1686 diffundit
908 1613 969 1667 in
1003 1615 1198 1685 plures
1221 1633 1387 1672 voces
1405 1619 1721 1673 admodum
1753 1635 1921 1672 sono.

277 1685 372 1756 ras
402 1685 857 1756 etmagnificas,
879 1689 1067 1756 atque
1086 1693 1150 1740 ut
1169 1703 1300 1743 vere
1319 1689 1589 1745 observat
1607 1691 1913 1754 Maximus,

275 1752 780 1833 διὰλπολυπῖηθίαμς
808 1752 1001 1824 λέξεωῆ
1049 1763 1237 1810 σκοτοῖ
1283 1759 1372 1812 τὸν
1419 1758 1607 1833 λόγον,
1655 1752 1918 1831 congestis

271 1829 1318 1923 ssre’_-c¥£‘f:.9éf£“{eeamm-
1356 1853 1382 1880 ››
1416 1833 1483 1887 Et
1503 1829 1644 1923 alio
1677 1829 1912 1923 ίεξξιοοο
1941 1859 1989 1923 B

271 1901 354 1975 ait
387 1899 602 1954 multos
633 1901 850 1975 Patres,
882 1900 1089 1975 eximie
1120 1918 1252 1957 vero
1288 1920 1402 1974 pra
1434 1904 1656 1958 ceteris
1701 1904 1914 1975 Diony-

274 1972 430 2045 sium
456 1973 889 2045 AreOpagitam,
912 1973 982 2026 de
1000 1972 1386 2030 sacramentis
1409 1992 1553 2030 novo
1575 1977 1831 2045 quodam
1857 1972 1915 2029 et

272 2042 558 2118 inusitato
588 2042 1044 2118 dicendigenere
1065 2046 1396 2118 scripsisse,
1431 2042 1642 2118 quod'a
1683 2046 1914 2102 cothur-

272 2131 349 2169 no
383 2114 626 2188 tragico,
662 2115 752 2188 vel
773 2114 1226 2188 dithyrambicis
1259 2114 1558 2188 ampullis,
1595 2135 1708 2172 non
1761 2118 1913 2171 mul-

273 2192 404 2241 tum
430 2187 699 2261 videatur
727 2186 964 2241 distare.
997 2187 1185 2257 Hujus
1214 2190 1286 2243 ob
1318 2186 1402 2256 os,
1429 2190 1697 2261 Illyricos
1721 2190 1913 2261 credo,

273 2274 341 2312 os
370 2259 599 2332 aperire
631 2275 806 2332 suum
856 2275 985 2332 non,
1019 2261 1249 2315 audeat.
1301 2259 1649 2332 Quanquam
1706 2260 1916 2330 Illyrici

277 2330 521 2402 quidem
555 2330 943 2402 temeritatem
967 2331 1277 2402 jejunique
1326 2330 1915 2402 animijactationem,

270 2401 636 2474 jampridem
671 2401 972 2456 Matthaeus
1005 2401 1281 2466 Galenus,
1313 2405 1401 2458 vir
1443 2401 1769 2474 praestantis
1796 2418 1921 2458 eru-

280 2472 549 2536 ditionis,
569 2474 966 2542 compescuit:
992 2474 1156 2528 docet
1177 2476 1330 2528 enim
1366 2472 1483 2531 una
1499 2476 1676 2530 etiam
1702 2479 1756 2528 in
1782 2480 1918 2528 aeta-

277 2550 358 2608 te,
391 2544 525 2615 styli
557 2544 892 2617 varietatem
919 2545 975 2617 in
999 2546 1244 2600 diversis
1268 2548 1653 2617 scriptoribus
1678 2563 1806 2601 esse
1831 2562 1922 2616 po-

275 2617 467 2670 tuisse
491 2633 506 2683 ;
529 2615 828 2670 Philonem
851 2616 1140 2683 Judaeum,
1162 2634 1333 2687 quem
1358 2615 1608 2673 Atticum
1628 2639 1640 2684 ;
1657 2625 1713 2672 et
1738 2615 1920 2672 unum

275 2687 548 2743 omnium
573 2688 1076 2757 elegantissimum
1103 2705 1306 2744 omnes
1327 2692 1688 2754 sciunt,cum
1709 2696 1822 2743 tem
1835 2705 1925 2757 po-

277 2759 451 2832 ribus
484 2757 693 2813 iisdem
727 2759 977 2832 tloreret.
1009 2759 1090 2832 ita
1119 2777 1538 2832 nonnunquam
1571 2761 1815 2816 dicendo
1841 2762 1926 2814 in-

275 2831 571 2904 citari,iut
603 2829 872 2904 proprius
904 2830 1056 2886 absit
1085 2848 1352 2904 aimagno
1380 2829 1697 2904 :Dionysio,
1751 2848 1923 2902 quem

276 2902 530 2991 proinde
565 2901 938 2991 meritissima
971 2901 1266 2990 Eusebius
1276 2907 1355 2974 τῷ
1379 2901 1532 2991 λέχφ
1554 2901 1782 2991 sitast-3i;
1804 2906 1922 2962 ταῖς

277 2970 898 3058 διανεξίαιςιὺέίηλρνὶκαὶ
950 2972 1241 3058 μετὲῳρονι
1269 2970 1524 3046 appellat
1557 2979 1687 3058 ;.id'
1731 2977 1924 3058 ipsum

279 3046 441 3117 quod
476 3044 640 3099 scioli
661 3047 898 3115 quidam
924 3044 1400 3116 reprehendant—a
1417 3044 1809 3103 sanctissimis
1833 3047 1928 3101 Pa-

276 3118 498 3190 tribus,
530 3117 628 3186 qui
659 3119 839 3190 totius
860 3117 1088 3190 Graeciae
1117 3119 1281 3173 facile
1310 3119 1600 3190 principes
1646 3119 1783 3173 olim
1818 3136 1924 3172 au-

280 3188 1048 3271 dieript,_exquisita.laude
1079 3188 1358 3271 celebrari
1389 3188 1605 3271 quippe
1627 3209 1658 3244 a
1700 3190 1925 3271 ‘Grego-

282 3261 375 3316 rio
414 3259 774 3316 Nazianzeno
805 3259 947 3314 dicit
974 3263 1098 3316 viro
1129 3259 1630 3331 eloquentissimo,
1661 3268 1717 3316 et
1750 3264 1806 3314 in
1828 3259 1923 3315 re-

280 3348 422 3388 rum
457 3331 952 3403 gravissimarum_
975 3331 1358 3403 intelligentia
1411 3339 1658 3398 versato,
1709 3333 1930 3400 scripta

281 3399 838 3476 fuisseaDionysio
868 3399 1136 3455 κάλλιστά
1164 3399 1223 3457 rte
1273 3403 1362 3456 καὶ
1408 3403 1746 3476 ὑψηλότατα.
1797 3399 1932 3457 Huic

282 3481 348 3531 et
377 3474 496 3548 alia
519 3474 604 3528 vir
635 3473 734 3548 ille
766 3475 1394 3548 doctuscopiosissime
1425 3473 1766 3548 exponebat.
1798 3476 1928 3540 Sed,

284 3549 338 3603 si
376 3546 539 3600 lubet
563 3546 762 3619 pedem
799 3546 1055 3619 propius
1078 3549 1201 3616 jam
1235 3546 1519 3613 conferre,
1544 3548 1679 3619 quid
1705 3551 1932 3601 estma-

287 3633 560 3691 gnopere
582 3618 1082 3691 mirandumesse
1111 3619 1394 3684 videatur,
1428 3622 1474 3677 si
1504 3618 1699 3674 noster
1733 3619 1935 3688 Diony-

289 3688 430 3746 sius
450 3705 518 3744 ea
549 3688 1122 3758 ingeniisubtilitate,
1150 3692 1327 3760 quod,
1361 3697 1425 3746 ut
1445 3692 1686 3746 verbum
1713 3708 1743 3744 a
1768 3696 1937 3760 poeta

289 3765 551 3828 mutuer,
583 3765 790 3814 tenues
828 3760 1106 3816 limarant
1152 3763 1413 3826 Athenae,
1442 3781 1510 3818 ea
1567 3762 1939 3816 institutione

288 3838 472 3903 atque
505 3831 769 3886 doctrina
791 3849 916 3903 quae
949 3832 1344 3888 clarissimum
1379 3835 1522 3889 illud
1576 3833 1939 3888 domicilium

288 3906 626 3976 litterarum
652 3909 904 3974 saperet,
932 3905 1002 3958 iis
1035 3906 1368 3959 doctoribus
1391 3923 1559 3972 usus,
1586 3907 1682 3976 qui
1711 3925 1738 3957 a
1771 3903 1940 3959 tertio

289 3992 486 4045 usque
518 3974 658 4029 ccelo
691 3977 1026 4030 devocatam
1055 3976 1377 4030 ccelestium
1413 3974 1617 4032 rerum
1657 3977 1943 4047 cognitio—

292 4064 430 4102 nem
463 4047 517 4100 in
545 4047 671 4116 ejus
695 4047 959 4101 animum
982 4047 1389 4116 instillassent,
1415 4066 1547 4104 cum
1572 4050 1822 4104 maxime
1852 4063 1943 4102 re-

293 4119 439 4190 ligio
471 4123 527 4170 et
557 4117 788 4172 divinus
819 4136 984 4173 amor
1011 4120 1138 4188 ejus
1178 4121 1360 4175 animi
1419 4120 1943 4176 inﬂammationem

292 4190 711 4262 exsuscitant;
765 4191 813 4244 si
846 4191 1210 4262 iDionysius,
1277 4192 1545 4262 inquam,
1611 4193 1946 4262 sapientum

291 4261 740 4333 Atheniensium
773 4261 1062 4332 primitiae,
1094 4264 1151 4317 in
1175 4280 1241 4318 eo
1263 4261 1468 4319 ardore
1517 4261 1770 4333 pietatis,
1811 4262 1950 4315 deli-

295 4336 483 4390 butus
517 4332 740 4403 liquido
772 4333 987 4402 gaudio
1005 4339 1061 4387 et
1083 4335 1401 4402 voluptate,
1425 4332 1537 4404 qua
1559 4335 1762 4388 divinae
1786 4351 1946 4387 men-

296 4408 380 4461 tis
396 4404 612 4474 illapsu
645 4404 1074 4474 perfruebatur,
1103 4405 1352 4458 humum
1368 4406 1648 4467 deseruit,
1665 4405 1949 4458 extulitse

295 4493 484 4546 supra
507 4492 588 4544 se,
619 4477 792 4530 verba
821 4477 890 4530 ad
925 4476 1107 4531 animi
1134 4477 1535 4531 dominantem
1585 4475 1949 4530 affectionem

296 4548 790 4610 accommodavit,
825 4565 970 4602 nova
1018 4554 1077 4602 et
1123 4548 1405 4603 inusitata
1457 4548 1685 4602 dicendi
1723 4546 1947 4600 ratione

2037 564 2070 599 n
2088 546 2257 616 eget?

2113 619 2293 671 Nemo
2327 617 2587 689 miratur,
2613 633 2747 671 cum
2803 619 3100 672 Platonem
3156 620 3313 676 videt
3361 622 3682 689 Socratem,

2039 688 2631 764 aliosqueinconvio
2680 705 2816 764 cum
2869 692 3116 764 probum
3170 693 3414 748 laudant
3455 688 3684 764 specio4

2039 763 2122 815 sis
2155 760 2372 815 amoris
2408 761 2724 814 involucris
2791 763 3156 828 redimitum,
3203 765 3428 820 incitari
3489 760 3686 821 inente

2038 832 2186 904 style
2233 847 2534 904 assurgre,
2585 830 2971 902 ἐνθουσιασμόν
3022 835 3164 904 pati,
3215 837 3425 903 furere,
3478 837 3684 892 vatici—

2038 903 2187 980 nari,
2224 903 2507 976 βακχεύειν
2546 920 2558 958 :
2589 908 2738 980 hanc
2770 903 3037 980 animam
3070 906 3249 960 divini
3283 908 3501 963 amoris
3550 910 3683 980 igne

2036 976 2577 1056 colliquescentem,
2639 977 3051 1056 Qeo‘plenam,
3109 994 3287 1056 supra
3337 997 3427 1034 res
3478 976 3684 1037 omnes

2036 1048 2457 1118 adspectabiles
2489 1047 2708 1101 amoris
2741 1046 2848 1102 alis
2872 1054 3152 1116 avectam,
3175 1046 3379 1103 divinae
3403 1052 3682 1108 bonitatis

2036 1119 2172 1192 vim,
2207 1120 2570 1183 varietatem,
2605 1119 2972 1192 mirabileset
2998 1120 3437 1192 inexplicabiles
3460 1124 3681 1178 machi-

2034 1191 2302 1263 nationes
2334 1196 2661 1263 canentem,
2697 1191 3152 1263 novosingulari
3193 1208 3404 1263 genere
3451 1194 3678 1249 dicendi

2034 1262 2548 1329 attollentem,non
2573 1262 2827 1316 feramus
2845 1262 2871 1314 Ὺ
2895 1264 2954 1317 ld
2979 1266 3080 1333 qui
3105 1262 3276 1328 volet,
3301 1266 3678 1320 tribunatex-

2032 1333 2436 1389 cellentissimi
2468 1333 2724 1404 Dionysii
2759 1336 2928 1404 genio
2979 1347 3036 1390 et
3083 1337 3349 1402 consilio,
3401 1337 3498 1405 qui
3543 1355 3678 1393 cum

2031 1411 2186 1460 esset
2217 1423 2248 1458 a
2280 1411 2489 1460 natura
2521 1421 2634 1458 non
2660 1407 2832 1460 modo
2856 1407 2927 1460 ad
2949 1407 3316 1476 singularem
3345 1410 3678 1465 animicon—

2031 1477 2308 1552 stantiam
2330 1487 2398 1552 _et
2427 1476 3047 1552 gravitatem,_verum_
3068 1479 3244 1533 etiam
3277 1480 3350 1533 ad
3403 1481 3677 1552 magnifi-

2030 1564 2167 1624 cum
2196 1555 2252 1602 et
2284 1549 2510 1602 illustre
2541 1563 2726 1624 genus
2759 1548 3384 1624 dicendihiustructus,
3437 1548 3675 1624 in'my-

2030 1622 2346 1675 steriorum
2383 1625 2494 1674 ista
2525 1619 2926 1689 explicatione,
2957 1621 3175 1692 aliquid
3202 1623 3380 1676 etiam
3413 1623 3484 1676 ad
3535 1619 3673 1678 con-

2028 1692 2417 1766 suetudinem
2439 1692 2770 1766 adjunxerit
2800 1697 3042 1766 ornatus
3090 1700 3146 1748 et
3198 1694 3674 1766 magniﬁcentiae,

2028 1780 2102 1818 ne
2134 1781 2164 1815 a
2197 1763 2454 1836 profanis
2487 1762 2830 1836 hominibus
2846 1762 3010 1836 facile
3048 1762 3496 1836 attingerentur.

2098 1838 2213 1902 Ego
2244 1851 2375 1906 vero
2407 1835 2489 1887 sic
2513 1836 2700 1906 sentio
2777 1834 2958 1887 divini
3009 1834 3270 1890 Numinis
3319 1835 3566 1906 imperio
3617 1840 3676 1890 et

2024 1914 2277 1960 motione
2308 1905 2425 1958 haec
2458 1909 2528 1959 ab
2567 1921 2633 1959 eo
2665 1905 2847 1958 fuisse
2871 1906 3210 1978 perscripta.
3239 1908 3389 1962 Deus
3411 1905 3672 1978 profecto

2022 1993 2216 2050 rerum
2241 1977 2505 2050 omnium
2542 1977 2735 2050 opifex
2761 1975 2992 2050 quiille
3022 1975 3139 2031 evo
3173 1995 3304 2032 rara
3325 1975 3595 2050 quaidam
3618 1985 3676 2033 et

2021 2047 2304 2120 inusitata
2323 2048 2609 2118 patrabat,
2633 2047 2890 2120 Dionysii
2916 2053 3170 2120 mentem
3196 2047 3372 2120 atque
3412 2050 3672 2120 linguam

2023 2119 2229 2174 habuit
2262 2136 2362 2189 pro
2395 2119 2618 2174 calamo
2650 2118 2854 2173 scribas
2887 2119 3161 2174 velociter
3201 2118 3557 2176 scribentis:
3590 2120 3659 2174 il-

2025 2192 2137 2244 lius
2159 2192 2339 2245 ductu
2363 2198 2536 2259 atque
2559 2190 2781 2244 lumine
2805 2207 2916 2243 non
2945 2192 3202 2260 politiam
3236 2194 3408 2247 modo
3431 2208 3668 2246 omnem

2025 2262 2367 2317 Christiana)
2418 2261 2740 2331 religionis,
2815 2279 3012 2316 verum
3083 2264 3256 2316 etiam
3343 2263 3666 2318 cmlestium

2028 2335 2314 2388 mentium
2346 2334 2599 2400 ordines,
2633 2333 2976 2403 peragravit.
3013 2333 3109 2388 Ille
3144 2334 3397 2404 Spiritus
3419 2335 3519 2404 qui
3541 2335 3672 2389 Dio-

2029 2408 2194 2475 nysio
2255 2406 2564 2468 concessit,
2619 2409 2680 2458 ut
2735 2404 2952 2458 indicta
3017 2408 3240 2460 caeteris
3292 2405 3672 2475 inauditaque

2028 2483 2324 2548 pangeret,
2359 2476 2734 2548 verbaetiam
2759 2480 2815 2528 et
2849 2475 3163 2530 mirificum
3207 2477 3490 2532 orationis
3531 2493 3676 2548 con-

2028 2554 2276 2610 textum.
2350 2564 2464 2617 quo
2524 2547 2620 2619 illi
2686 2548 2815 2616 ipsa
2868 2553 3198 2617 exponeret,
3262 2547 3674 2619 suppeditavit.

2031 2622 2214 2684 Quare
2246 2624 2308 2673 ut
2337 2617 2594 2674 Graccho
2647 2619 2784 2672 olim
2837 2620 3062 2684 orandi,
3118 2617 3680 2674 fistula—eburneola

2032 2707 2177 2762 puer
2207 2691 2497 2762 litteratus
2519 2690 2672 2744 vocis
2703 2693 3227 2762 contentionemret
3248 2696 3448 2746 tonum
3477 2691 3681 2762 mode-

2032 2761 2290 2828 rabatur,
2325 2763 2408 2815 sic
2440 2761 2630 2814 divina
2679 2776 2868 2829 mens,
2925 2762 3092 2829 periti
3145 2761 3332 2816 instar
3377 2761 3677 2829 phonasci,

2033 2835 2414 2889 sanctissimo
2446 2832 2716 2902 Dionysio
2752 2839 2949 2886 nostro
2982 2835 3165 2900 dedit,
3201 2839 3264 2887 ut
3303 2831 3536 2888 inflaret
3592 2831 3681 2887 al-

2031 2908 2170 2970 tius,
2203 2912 2415 2960 etcum
2460 2903 2828 2957 divinissimo
2892 2905 3064 2958 Paulo
3118 2913 3310 2960 mente
3359 2904 3678 2960 excederet.

2032 2979 2198 3032 Certe
2229 2975 2596 3031 clarissimus
2627 2974 2903 3044 idemque
2938 2974 3419 3044 religiosissimus
3453 2975 3681 3042 Billius,

2035 3050 2205 3118 cujus
2236 3048 2528 3101 industria
2578 3052 2634 3100 et
2688 3047 3182 3102 fructuosissimis
3225 3047 3544 3111 laboribus,
3600 3049 3681 3100 tot

2034 3121 2278 3174 eximios
2309 3136 2338 3174 e
2370 3118 2586 3172 Grzecia
2623 3122 2818 3171 Patres
2849 3118 3166 3188 explicatos
3210 3123 3265 3172 et
3311 3119 3679 3172 illuminates

2034 3191 2339 3256 habemus,
2399 3191 2588 3244 dicere
2625 3189 2890 3262 solebat,
2947 3189 3053 3243 hoc
3111 3206 3258 3262 opus
3322 3190 3682 3262 Areopagitae

2036 3262 2316 3332 Dionysii,
2353 3262 2507 3315 hunc
2530 3260 2744 3330 stylum
2770 3262 2913 3332 adeo
2945 3277 3073 3314 esse
3106 3259 3455 3321 θεόπνευστον
3474 3259 3683 3332 atque

2040 3331 2326 3399 divinum,
2359 3338 2422 3386 ut
2453 3332 2500 3386 si
2530 3331 2889 3404 quotquotin
2935 3332 3160 3404 Europa
3191 3340 3346 3404 sunt
3402 3331 3684 3388 acerrimo

2042 3405 2276 3475 ingenio
2309 3409 2366 3458 et
2394 3403 2764 3474 gravioribus
2798 3402 3060 3475 scientiis
3099 3402 3334 3470 imbuti,
3386 3405 3444 3475 in
3497 3419 3684 3475 unum

2042 3473 2268 3540 coeant,
2301 3480 2356 3529 et
2387 3473 2579 3529 simile
2611 3473 2914 3544 quidpiam
2951 3475 3327 3541 meditentur,
3379 3474 3468 3528 vix
3526 3473 3687 3528 omni

2044 3548 2221 3603 animi
2248 3547 2616 3601 contentione
2646 3551 2822 3614 atque
2851 3545 3093 3607 viribus,
3126 3547 3246 3600 sint
3289 3552 3514 3600 tantam
3558 3544 3688 3599 alti-

2045 3620 2310 3674 tudinem
2347 3625 2520 3687 atque
2554 3617 2946 3686 praestantiam
2971 3617 3254 3671 imitando
3297 3616 3688 3686 consecuturi,

2047 3691 2208 3753 Quod
2260 3706 2529 3743 acroama
2555 3706 2624 3742 ex
2655 3705 2750 3742 ore
2783 3689 2928 3760 tanti
2954 3688 3059 3742 viri
3091 3689 3315 3760 excepit
3362 3690 3426 3744 D.
3463 3687 3693 3742 Richar-

2048 3764 2160 3816 dus
2184 3761 2515 3831 Stephanus
2545 3761 2747 3814 doctor
2778 3759 3073 3830 thologus,
3108 3763 3192 3814 vir
3223 3759 3458 3815 summa
3479 3760 3693 3814 huma-

2053 3835 2250 3898 nitate,
2283 3838 2346 3886 ut
2378 3833 2518 3885 mihi
2555 3849 2740 3902 nuper
2764 3833 2816 3884 in
2854 3831 3122 3886 familiari
3157 3849 3425 3887 sermone
3473 3848 3691 3886 memo-

2051 3906 2238 3960 rabat.
2277 3907 2333 3958 In
2366 3906 2563 3958 eadem
2599 3903 2888 3958 sententia
2948 3905 3058 3957 fuit
3107 3903 3401 3958 Marsilius
3436 3904 3690 3970 Ficinus,

2051 3977 2245 4031 lumen
2272 3976 2370 4029 aevi
2404 3977 2516 4042 sui,
2549 3977 2709 4029 varia
2741 3975 3184 4043 abundantique
3215 3975 3480 4029 doctrina
3520 3975 3690 4043 cujus

2054 4065 2296 4104 aureum
2345 4047 2745 4117 prountiatum
2795 4063 2906 4099 non
2959 4062 3200 4114 possum
3252 4046 3391 4111 quin
3443 4045 3690 4117 totidem

2054 4120 2246 4174 verbis
2269 4116 2360 4172 hic
2397 4135 2628 4185 ponam.
2665 4124 2727 4169 ut
2754 4117 3138 4170 honorificum
3173 4123 3384 4171 nostra;
3424 4116 3690 4185 disputa-

2055 4193 2234 4246 tionis
2264 4187 2573 4244 emblema.
2607 4189 2700 4243 Sic
2729 4187 2911 4257 igitur
2954 4188 3162 4242 habet:
3202 4212 3225 4236 υ
3278 4187 3529 4258 Dionysii
3593 4187 3696 4242 Dei

2059 4280 2299 4327 numen,
2332 4259 2605 4325 'l‘heologi
2638 4265 2859 4313 veteres
2888 4263 2942 4313 et
2964 4258 3268 4326 Platonici,
3294 4265 3694 4330 separatarum

2061 4335 2342 4388 mentium
2364 4333 2635 4385 exstasim
2660 4337 2716 4384 et
2733 4347 3032 4385 excessum
3056 4346 3185 4383 esse
3210 4337 3435 4400 putant.
3464 4331 3698 4401 quando

2062 4406 2273 4476 partim
2310 4420 2505 4476 amore
2538 4402 2751 4476 nativo,
2779 4403 2998 4476 partim
3032 4401 3508 4476 instiganteDeo,
3536 4406 3701 4455 natu-

2062 4474 2212 4530 rales
2246 4475 2634 4541 intelligentia;
2665 4475 2884 4526 limites
2915 4490 3330 4543 supergressze,
3353 4474 3410 4527 in
3441 4479 3701 4526 amatum

2063 4548 2245 4601 Deum
2266 4545 3252 4608 miraluilitertransformantur,ubi
3277 4563 3420 4600 novo
3453 4546 3704 4614 quodam

296 4619 554 4677 evolavit
583 4607 786 4688 altius,
817 4637 993 4690 quam
1024 4637 1129 4676 nos
1154 4621 1317 4675 humi
1348 4620 1516 4676 strati
1542 4635 1830 4691 queamus
1854 4635 1946 4672 su-
1981 4607 2023 4670 Ι)
2058 4618 2310 4691 nectaris
2333 4617 2543 4691 haustu
2579 4624 2634 4691 et
2660 4617 3063 4691 inaestimabili
3091 4619 3304 4687 gaudio
3346 4607 3704 4691 vctu-tebriaa

300 4693 530 4749 spicere
551 4691 578 4744 ‘i

379 4711 530 4745 icere
559 4711 577 4744 τ

336 4711 431 4817 pSi
468 4763 583 4831 iam
619 4761 910 4816 Hierotbei
935 4779 1132 4834 sacros
1158 4763 1408 4834 hymnos
1430 4763 1786 4827 videremus,
1805 4776 1952 4834 quos

301 4835 472 4896 olim,
506 4837 649 4888 testu
671 4834 925 4906 quodam
957 4833 1175 4906 ingenii
1203 4833 1406 4906 raptus
1437 4840 1494 4889 et
1545 4833 1799 4906 pietatis.
1852 4833 1953 4886 ad-

303 4905 662 4962 mirabiliter
693 4904 924 4972 cecinit,
949 4904 1128 4961 sic'ut
1159 4906 1240 4960 illi
1273 4904 1374 4977 qui
1398 4908 1659 4969 aderant,
1684 4905 1771 4958 vix
1789 4921 1955 4959 arca-

304 4995 418 5034 nos
451 4977 730 5032 orationis
761 4993 970 5031 sensus
1003 4978 1389 5048 intelligentia
1421 4983 1950 5047 consequerentur;

303 5049 778 5122 repudiaremus,
812 5049 984 5122 credo
1008 5055 1072 5122 iet
1088 5067 1559 5120 aspernaremur,
1585 5050 1736 5118 quod
1764 5048 1953 5103 subli-

306 5119 433 5178 mia
455 5121 556 5176 illa
586 5125 760 5190 atque
788 5119 1101 5189 magniﬁca
1132 5119 1189 5175 in
1223 5138 1350 5177 eam
1385 5126 1792 5191 tempestatem
1838 5137 1952 5174 non

305 5195 602 5256 caderent,
637 5193 792 5263 quod
825 5209 939 5247 non
972 5194 1108 5247 trito
1140 5198 1196 5248 et
1235 5198 1514 5250 consueto
1569 5208 1778 5264 genere
1825 5209 1953 5246 ora-

307 5266 494 5322 tionis
552 5265 760 5320 fuisset
810 5264 1000 5317 usus?

385 5338 444 5392 S.
500 5336 757 5401 Ignatius
809 5351 997 5404 neque
1065 5336 1310 5391 Athenis
1379 5337 1713 5405 disputans,
1767 5349 1954 5404 neque

309 5410 567 5480 hymnos
600 5414 926 5480 pertexens‘,
963 5409 1063 5460 aut
1093 5407 1150 5480 in
1184 5409 1394 5480 mediis
1427 5408 1580 5463 633
1626 5406 1952 5480 caelestium

310 5476 650 5537 animarum
683 5479 879 5534 choris
907 5477 1076 5532 beato
1121 5476 1337 5534 lumine
1384 5479 1802 5542 circumfusus,
1853 5477 1954 5531 sed

311 5551 600 5623 epistolas
626 5552 1346 5623 scribens,nonnunquam
1366 5555 1562 5606 tamen
1591 5551 1808 5623 impetu
1837 5567 1960 5623 ora-

316 5621 500 5680 tionis
550 5623 890 5689 eﬁervescit,
933 5621 1388 5691 compositiones
1433 5624 1744 5678 verborum
1782 5621 1956 5675 habet

315 5692 651 5766 granditate
700 5699 1006 5766 sonantes,
1033 5694 1288 5748 novitate
1332 5694 1650 5766 mirabiles,
1694 5697 1959 5766 stuctura

319 5763 641 5840 speciosae,
673 5769 736 5840 ut
764 5765 849 5840 vel
884 5764 1117 5840 initium
1142 5765 1398 5835 epistolae
1430 5767 1498 5820 ad
1552 5766 1842 5840 Romanos
1892 5763 1960 5815 {i-

322 5836 454 5896 dem
482 5839 636 5894 facit.
673 5837 813 5901 Quis
834 5837 1127 5891 enimvero
1157 5843 1246 5892 est
1277 5843 1389 5892 tam
1427 5854 1693 5892 morosus
1733 5836 1789 5890 in
1825 5851 1956 5906 pro-

324 5913 541 5979 bando,
575 5915 694 5966 tam
730 5909 788 5966 in
829 5909 1148 5980 judicando
1197 5910 1449 5966 stolidus
1498 5913 1673 5980 atque
1726 5924 1958 5980 procax,

2064 4693 2150 4760 (ut
2181 4690 2260 4743 ita
2283 4689 2552 4752 dixerim)
2584 4689 3038 4742 debacchantur.
3069 4694 3206 4761 Hoc
3257 4706 3440 4761 genus
3490 4688 3703 4758 Diony-

2063 4761 2220 4841 siaco
2253 4761 2746 4841 mero‘pionysius
2779 4767 2976 4814 noster
3011 4760 3240 4841 .ebrius‘
3273 4760 3503 4841 exultat
3570 4776 3702 4841 p'as-

2062 4834 2196 4900 sim,
2229 4832 2477 4885 effundit
2500 4829 2830 4901 aenigmata,
2865 4829 3117 4885 concinit
3140 4829 3704 4902 dithyramboslta-

2064 4921 2177 4974 que
2207 4920 2381 4972 quam
2416 4905 2665 4957 arduum
2695 4908 2781 4957 est
2807 4903 3124 4972 profundos
3147 4904 3273 4972 ejus
3297 4919 3506 4957 sensus
3531 4902 3701 4956 intel-

2063 4976 2311 5046 ligentiae
2346 4981 2668 5041 penetrare,
2701 4979 2821 5046 tam
2868 4974 3105 5046 difficile
3150 4975 3328 5027 miras
3389 4974 3700 5046 verborum

2064 5044 2542 5117 compositiones,
2573 5051 2629 5100 et
2661 5044 2824 5112 quasi
2858 5045 3169 5115 Orphicum
3202 5045 3431 5100 dicendi
3492 5045 3702 5117 chara-

2064 5115 2274 5173 cterem
2300 5118 2540 5180 imitari,
2576 5134 2639 5170 ac
2672 5117 2891 5170 Latinis
2924 5117 3245 5186 prmsertim
3290 5117 3482 5170 verbis
3513 5115 3702 5185 expri-

2065 5207 2240 5245 mere.
2275 5190 2432 5244 Idem
2459 5190 2712 5259 profecto
2736 5189 2804 5241 ad
2839 5189 2890 5241 id
2921 5187 3086 5241 facile
3110 5188 3588 5258 consequendum
3613 5203 3708 5241 ne-

2064 5262 2355 5318 cessarius
2386 5263 2622 5315 omnino
2653 5260 2821 5313 nobis
2853 5259 3089 5314 divinus
3117 5267 3207 5314 est
3239 5260 3418 5321 furor,
3453 5264 3562 5314 etc.
3596 5280 3623 5308 »

2138 5335 2254 5388 Hac
2285 5335 2355 5387 de
2387 5333 2537 5402 style
2569 5332 2710 5386 satis
2737 5349 2748 5385 :
2782 5332 2923 5400 quid
2949 5331 3107 5384 aliud
3162 5332 3442 5385 adversus
3491 5331 3706 5401 Diony-

2067 5405 2136 5460 sii
2175 5405 2358 5459 nostri
2409 5409 2784 5458 monumenta
2823 5402 3130 5470 objieiatur
3185 5403 3504 5456 videamus.
3571 5402 3710 5456 Ecce

2064 5477 2170 5531 tibi
2206 5476 2460 5546 Scaliger
2490 5493 2629 5530 sane
2663 5475 2876 5528 infesto
2908 5474 3100 5546 animo
3135 5474 3469 5546 incurritin
3503 5474 3712 5546 Diony-

2067 5548 2254 5603 sium:
2293 5544 2397 5601 hos
2434 5549 2611 5602 libros
2643 5545 3056 5617 supposititios
3089 5563 3155 5600 ex
3183 5563 3247 5601 eo
3285 5545 3508 5617 probat,
3556 5544 3710 5616 quod

2068 5620 2137 5673 de
2166 5619 2470 5674 monachis
2520 5616 2734 5688 agant,
2777 5616 2875 5686 qui
2919 5635 3209 5686 nusquam
3275 5616 3525 5688 fuerint;
3595 5632 3709 5669 non

2067 5691 2244 5758 enim,
2267 5699 2328 5743 ut
2348 5687 2740 5744 'I‘ertullianus
2765 5689 2978 5758 aiebat,
3003 5689 3330 5743 Christiano
3359 5711 3377 5738 ι
3430 5687 3711 5742 silvicolas

2067 5779 2184 5818 esse
2211 5772 2305 5816 aut
2334 5763 2547 5816 exsules
2581 5762 2708 5816 vita?
2733 5779 2745 5814 :
2776 5784 2802 5809 ‹‹
2848 5761 2900 5814 id
2927 5777 3113 5830 genus
3137 5763 3266 5814 vitae
3297 5777 3326 5813 a
3352 5758 3531 5814 Paulo
3593 5759 3712 5829 pri-

2069 5851 2225 5889 mum
2249 5835 2491 5887 eremita
2512 5834 2849 5888 institutum
2880 5851 2892 5894 ;
2919 5827 3318 5903 ιδ’ποϐολιμαῖον
3353 5833 3506 5887 hunc
3536 5827 3715 5903 scrip:

2069 5912 2249 5961 torem
2282 5904 2341 5959 in
2379 5906 2639 5962 fraudem
2675 5901 3183 5962 fuisseinductum
3217 5905 3286 5962 ab
3305 5903 3574 5973 Eusebio,
3614 5901 3715 5976 qui
