4162 6368
580 248 721 306 1019

1816 253 1876 305 Β.
1917 248 2232 305 DION'YBII
2270 247 2753 306 ARBOPAGITE

3850 252 3993 308 1020

577 373 720 452 sint,
755 373 802 429 si
822 373 1314 452 descriptoribus
1346 373 1467 429 illic
1500 386 1769 452 rerumve
1800 387 2076 452 numero_
2103 370 2226 452 agi-
2260 375 2312 440 Α
2346 371 2591 452 articulo
2614 386 2796 452 nono,
2822 369 2916 428 bis
2947 369 3000 427 ei
3026 370 3494 452 verbis-ascribit
3521 388 3533 427 :
3563 394 3602 452 _u
3624 371 3679 427 Si
3711 372 3846 445 quis
3878 392 3994 432 non

582 443 834 525 tur,iqui
865 443 1199 525 ‘Origenem
1261 450 1715 525 praecesseruni5
1768 445 1987 525 quippe
2022 443 2077 525 si
2139 443 2232 525 vix

584 514 838 590 quatuor
862 514 1066 585 forent,
1098 521 1243 574 forte
1262 514 1382 574 non
1414 519 1629 573 diceret
1660 514 1985 590 Maximus:
2022 514 2227 570 Nescio

578 588 652 645 an
686 591 990 657 omnium;
1023 608 1156 645 cum
1188 592 1387 661 utique
1420 591 1604 645 multo
1638 588 2112 661 pluresOrigene
2130 604 2228 641 an-

574 663 856 729 tiquiores
890 679 1004 717 non
1031 660 1349 735 ignoraret,
1409 673 1506 735 aut
1565 662 1713 717 scire
1770 660 1976 714 saltem
2031 663 2227 729 posset

581 735 919 799 exstitisse;
952 734 1093 804 puta
1123 743 1394 788 sanctum
1426 734 1781 788 (llementem
1820 748 2054 804 papam,
2088 747 2224 804 san-

575 811 732 859 ctum
771 802 1081 875 [gnati—um,
1138 807 1396 876 Papiam,
1454 805 1835 871 Quadratum,
1882 802 2220 869 Aristidem,

574 878 1007 941 Anaxagoram,
1041 884 1311 932 sanctum
1343 878 1643 932 Justinum
1702 882 2039 942 martyrem,
2086 890 2219 928 san-

574 949 1104 1025 ctumipionysium
1128 949 1563 1025 Corinthiorum
1586 947 2222 1025 episcopumJClemen-

581 1024 700 1074 tem
733 1017 1207 1086 Alexandrinum,
1242 1026 1507 1075 sanctum
1540 1023 1848 1086 Irenaaum,
1908 1017 2220 1071 Tertullia-

579 1106 745 1163 num,
761 1091 1023 1163 aliosque
1040 1093 1348 1163 plusquam
1374 1092 1577 1161 viginti
1596 1108 1630 1144 a
1650 1097 1851 1145 sancto
1871 1089 2221 1163 Hieronymo

575 1162 631 1216 in
665 1161 943 1230 Catalogo‘
969 1161 1321 1230 recensitos;
1355 1164 1503 1217 inter
1532 1179 1681 1235 quos
1706 1166 2022 1235 Hermaset
2044 1161 2221 1231 Hege-

572 1235 777 1304 sippus
858 1241 1277 1289 numerantur.
1339 1235 1487 1300 Quin
1551 1232 1855 1289 cohaerere
1895 1232 2222 1304 rvideantur

574 1303 768 1374 aptius
808 1311 865 1359 et
923 1307 1210 1365 connecti,
1273 1307 1322 1360 si
1375 1308 1657 1359 librorum
1721 1303 1905 1360 sancti
1956 1304 2216 1374 Dionysii

574 1393 859 1431 numerus
894 1378 1182 1433 insinuari
1235 1377 1484 1443 dicatur,
1520 1394 1549 1432 e
1589 1379 1808 1448 quibus
1871 1377 2074 1445 utique
2118 1375 2219 1445 qui

572 1449 869 1526 perierunt
906 1450 1092 1526 multo
1125 1450 1194 1504 iis
1225 1465 1374 1520 quos
1406 1454 1735 1526 conservari
1781 1450 2069 1526 contigit,”
2110 1464 2218 1526 nu-

573 1519 922 1575 merosiores
947 1522 1057 1576 dici
1096 1519 1376 1592 possunt;
1411 1538 1545 1575 cum
1581 1521 1668 1576 vol
1704 1521 1880 1575 unius
1902 1521 1974 1573 De
2010 1519 2217 1592 divini:

568 1591 890 1647 nominibus
923 1592 1053 1672 libri
1080 1590 1270 1672 capita
1299 1594 1576 1672 tredecim
1611 1610 1725 1672 pro
1739 1593 2027 1672 tredecim
2052 1590 2219 1672 libris

573 1680 641 1736 _eo
673 1672 929 1734 tempore
960 1664 1161 1720 habita
1198 1667 1322 1736 ipse
1351 1663 1635 1720 observet.
1662 1663 1894 1736 Alioqui
1917 1670 2070 1717 certe
2104 1663 2216 1716 nisi

2342 443 2594 515 suscipit
2618 443 2843 517 scripta
2873 442 3305 517 sanctitlyrilli,
3336 449 3392 500 et
3422 445 3673 501 maxime
3691 442 3822 517 quas
3849 453 3994 503 sunt

2338 516 2869 589 contraTbeodoru
2883 533 2931 571 m
2950 515 3465 584 etTheodoritum,
3483 515 3901 589 Andreu'mque
3919 538 3984 574 ac

2336 587 2689 653 Nestorium,
2726 588 3038 642 anathema
3056 589 3133 641 sit
3156 589 3244 655 (77
3279 594 3313 655 ),
3340 595 3403 642 ut
3438 605 3586 644 sess.
3614 589 3737 644 sive
3768 587 3883 645 act.
3931 594 3995 646 13

2336 666 2509 713 sextos
2532 661 2735 729 synodi
2758 659 3109 714 continetur.
3134 659 3333 730 Neque
3353 676 3486 715 vero
3501 661 3906 725 credibileest,
3928 669 3993 718 ut

2336 731 2584 785 Basilius
2616 731 2921 789 diaconus.
2955 732 3053 802 qui
3088 732 3367 784 librorum
3403 734 3683 787 Theodori
3716 733 3989 789 volumen

2336 818 2437 874 per
2466 803 2627 857 varia
2660 804 2877 873 passim
2899 803 3024 857 loca
3043 803 3511 867 circumferebat,
3534 804 3681 859 illud
3699 807 3772 859 ad
3792 806 3990 874 ipsum

2335 874 2615 940 attulerit,
2650 890 2834 944 eaque
2865 875 2936 928 de
2966 890 3025 929 re
3057 874 3281 929 litteras
3304 877 3371 929 ad
3399 892 3532 930 eum
3550 876 3814 932 Joannes
3859 884 3992 932 An-

2332 945 2640 1000 tiochenus
2672 945 3004 1017 patriarcha
3025 946 3455 1017 conscripserit,
3480 949 3989 1017 quemadmodum

2334 1018 2405 1072 de
2439 1025 2685 1087 utroque
2745 1023 2992 1090 testatur
3052 1019 3377 1087 Liberatus,
3437 1036 3540 1073 nec
3599 1021 3726 1090 ipse
3788 1027 3990 1075 tamen

2336 1090 2492 1157 operi
2528 1095 2645 1162 tam
2681 1089 3006 1162 pernicioso
3040 1090 3317 1161 scriptum
3381 1090 3564 1144 ullum
3625 1089 3691 1145 ac
3744 1108 3991 1162 respon-

2333 1178 2464 1215 sum
2499 1160 2793 1230 objecerit,
2829 1162 2979 1215 unde
3003 1160 3291 1215 nefarium
3316 1162 3629 1217 adversarii
3658 1162 3752 1217 sui
3776 1160 3992 1218 Nesto-

2334 1233 2403 1286 rii
2439 1233 2653 1305 dogma
2684 1234 2988 1303 propagari
3022 1234 3273 1299 videret;
3308 1239 3363 1288 et
3396 1234 3452 1287 in
3485 1234 3806 1305 eaquidem
3839 1236 3994 1289 tanti

2332 1304 2608 1357 momenti
2624 1306 2943 1374 quaestione
2961 1308 3082 1359 tam
3099 1306 3323 1359 erudite
3344 1304 3613 1359 versatus
3640 1323 3772 1375 quas
3794 1306 3993 1362 disce-

2371 1376 2549 1429 tanda
2581 1375 2699 1429 illic
2732 1377 3090 1431 occurrebat.
3115 1376 3285 1443 Quin,
3320 1378 3475 1447 quod
3514 1394 3580 1432 eo
3612 1377 3827 1433 fortius
3881 1379 3996 1433 ad-

2371 1392 2549 1429 tanaa
2581 1392 2699 1429 unc
2732 1392 3090 1431 occurrebat.
3115 1392 3285 1443 unm,
3320 1392 3475 1447 quoa
3514 1394 3580 1432 eo
3612 1392 3827 1433 tortius
3881 1392 3991 1433 aa-

2328 1392 2443 1501 Euc
2477 1452 2800 1520 uiget,act.
2832 1448 2950 1502 sive
3008 1447 3200 1502 collat.
3236 1449 3266 1501 4
3311 1449 3528 1519 quintae
3578 1451 3788 1520 synodi
3826 1467 3991 1520 qua:-

2331 1519 2464 1574 dam
2495 1518 2779 1590 Theodori
2815 1520 2987 1573 verba
3019 1518 3372 1586 referuntur,
3424 1537 3552 1590 quas
3587 1518 3993 1576 sanctus—uti-

2329 1608 2443 1661 que
2465 1589 2713 1660 Cyrillus
2745 1590 3032 1663 refutavit.
3058 1592 3126 1645 Et
3156 1593 3311 1661 quod
3346 1589 3552 1647 rursus
3581 1593 3712 1663 ipsa
3758 1594 3993 1663 llypatii

2329 1668 2639 1733 negatione
2670 1661 2857 1736 multo
2882 1662 3131 1736 validius
3162 1680 3226 1717 ac
3252 1661 3638 1736 ponderosius
3669 1661 3991 1736 argumen-

574 1734 696 1790 hrsc
743 1736 814 1790 ad
868 1738 1055 1817 sancti
1114 1734 1370 1817 Dionysii
1432 1738 1611 1791 libros
1668 1735 1866 1790 referri
1926 1738 2210 1817 oporteat,
2242 1753 2289 1817 Β
2318 1738 2452 1817 tum
2488 1742 2593 1817 est,
2628 1735 2890 1817 quaedam
2926 1734 3063 1817 item
3100 1734 3271 1817 primhi
3302 1736 3653 1817 acusecundi
3696 1734 3991 1817 adversus

572 1822 853 1879 quorsum
887 1807 960 1864 iis
1019 1805 1413 1863 verbisz'Vix
1468 1818 1721 1879 quatuor
1777 1806 2064 1879 meminit,
2098 1805 2213 1860 alia

571 1877 685 1933 ista
714 1880 1103 1951 subnecteret,
1134 1880 1289 1951 quod
1321 1877 1559 1949 quidam
1592 1877 1994 1951 einarraverit
2014 1879 2213 1951 omnia

570 1951 761 2006 sancti
798 1949 1054 2024 Dionysii
1084 1947 1257 2024 opera
1285 1947 1622 2024 conservata
1640 1949 1667 2003 ‘P
1688 1949 1897 2024 Utique
1918 1965 2093 2020 opera
2105 1947 2214 2024 illa

572 2037 703 2092 quas
734 2038 848 2093 prie
880 2021 1156 2078 manibus
1188 2022 1461 2088 habebat,
1524 2022 1641 2076 imo
1690 2030 1744 2076 et
1782 2021 2211 2091 interpretaba-

571 2098 689 2165 tur,
723 2100 1063 2150 conservata
1081 2110 1150 2149 ex
1179 2096 1404 2165 integro
1437 2093 1641 2156 fuisse,
1670 2094 2075 2149 admonendus
2097 2108 2213 2146 non

574 2164 689 2235 fuit
719 2166 853 2235 (77).

650 2166 861 2291 ξαππς
894 2240 1191 2305 utcunque
1220 2235 1334 2292 ista
1362 2252 1425 2291 se
1453 2235 1730 2301 habeant,
1764 2234 1872 2289 hoc
1903 2249 2008 2305 ego
2040 2249 2214 2304 argu-

574 2308 755 2362 menti
786 2322 972 2377 genus
1027 2305 1306 2363 adhibere
1352 2307 1555 2376 nolim,
1615 2311 1679 2361 ut
1712 2322 1896 2377 neque
1954 2305 2214 2360 anterius

570 2378 726 2450 aliud
760 2394 1081 2450 usurpare;
1112 2380 1169 2434 id
1205 2396 1388 2435 unum
1441 2378 1699 2450 proferre
1748 2379 2025 2433 audacter
2078 2393 2216 2447 pos-

566 2448 705 2523 sim,
734 2448 1083 2507 istiusmodo
1099 2452 1375 2523 operibus
1390 2448 1722 2506 astruendis
1740 2450 2005 2523 eamdem
2022 2453 2215 2523 aucto-

568 2522 799 2577 ritatem
836 2521 1298 2594 iinservire,_quzs
1329 2522 1703 2594 destruendis
1733 2521 2064 2594 adhibetur,
2120 2521 2213 2574 in-

570 2594 761 2664 deque
792 2593 985 2648 fulciri
1017 2610 1085 2650 ea
1116 2593 1368 2651 maxime
1399 2596 1553 2649 unde
1585 2593 1819 2650 illorum
1852 2593 2065 2648 veritas
2108 2608 2211 2663 op-

571 2671 868 2738 pugnatur
897 2682 962 2720 ac
994 2683 1165 2736 posse
1194 2666 1567 2738 praesumitur
1596 2665 1915 2738 expugnari
1942 2681 1954 2731 ;
1987 2680 2099 2718 non
2122 2679 2212 2738 se:

569 2734 681 2794 cus
704 2753 771 2792 ac
801 2734 1066 2809 ingentes
1097 2734 1227 2794 illos
1257 2739 1421 2808 palos
1451 2734 1691 2809 agitatio
1720 2734 1849 2807 ipsa
1871 2736 2084 2800 firmat,
2111 2734 2211 2809 qui

571 2806 1175 2893 ﬁrmandis—deinceps
1198 2806 2214 2893 fulciendisquesuperstructissadi-

574 2882 683 2935 bus
710 2881 821 2951 ipsi
855 2879 1252 2937 subserviunt.
1291 2883 1375 2948 Id,
1419 2879 1683 2952 inquam,
1729 2880 1985 2951 proferre
2026 2879 2211 2934 auda-

572 2959 697 3023 cter
728 2954 968 3021 possim,
1004 2954 1157 3023 quod
1182 2954 1353 3023 juxta
1382 2969 1677 3008 rumorem
1711 2956 1880 3023 _tunc
1902 2952 2208 3023 jactaturn,

572 2969 697 3007 cter
728 2969 968 3021 possim,
1004 2969 1157 3023 quoa
1218 2969 1353 3008 una
1382 2969 1677 3008 rumorem
1739 2969 1880 3006 tunc
1902 2969 2207 3021 jactatum,

572 3022 1040 3079 reclamantibus
1072 2969 1309 3095 quidem
1345 3025 1402 3078 in
1436 3041 1503 3079 ea
1531 3021 1837 3079 collatione
1884 3021 2207 3091 catholicis,

567 3100 624 3149 et
650 3094 1559 3168 validamsatisopponentibus
1604 3095 2024 3164 conjecturam,
2085 3110 2210 3168 quae

564 3165 819 3239 quinque
846 3165 960 3239 illis
989 3165 1283 3239 episcopis
1314 3166 1481 3222 facile
1496 3167 1893 3239 persuaderet,
1915 3182 2085 3236 posse
2100 3166 2209 3221 hoc

565 3236 739 3319 ipsos
758 3238 913 3319 quod
948 3236 1237 3319 pit—estne
1253 3236 1618 3319 cogerentur,
1654 3245 1718 3293 ut
1748 3238 2018 3319 videlicet
2048 3238 2208 3319 ejus-

566 3309 724 3365 modi
758 3309 942 3365 libros
973 3312 1127 3366 648
1187 3309 1531 3376 abnuerent,
1564 3327 1663 3366 eos
1711 3310 1915 3381 utique
1970 3314 2209 3365 sanctus

565 3381 817 3453 Cyrillus
850 3398 964 3437 non
989 3388 1122 3437 ante
1143 3383 1456 3441 concilium
1506 3381 1888 3453 Ephesinum,
1948 3383 2047 3437 sed
2108 3381 2209 3435 illo

565 3452 849 3508 duntaxat
870 3454 989 3524 jam
1023 3454 1313 3511 celebrato
1337 3452 1662 3525 protulerit,
1687 3461 1753 3509 ut
1774 3471 1889 3509 non
1940 3453 2207 3508 omnium

564 3526 772 3597 quovis
793 3530 1053 3597 tempore
1077 3528 1421 3583 meminisse
1447 3526 1624 3582 moris
1644 3530 1731 3581 est
1754 3543 1767 3593 ;
1787 3532 1844 3581 et
1864 3526 2017 3597 quod
2042 3541 2210 3597 arma

566 3596 689 3652 haec
716 3597 845 3667 ipsa
873 3596 1072 3653 venire
1103 3598 1219 3653 illis
1251 3599 1570 3654 subindein
1593 3596 1973 3655 mentemfvel
1994 3598 2063 3651 ad
2080 3596 2209 3667 ejus

566 3669 835 3725 notitiam
870 3675 999 3739 post
1030 3670 1239 3726 initum
1272 3688 1404 3726 cum
1438 3670 1703 3726 Nestorio
1735 3675 2025 3724 certamen
2076 3685 2209 3739 per-

569 3740 769 3795 venire
802 3740 1133 3809 potuerint;
1168 3759 1299 3797 cum
1334 3741 1631 3797 Juvenalis
1664 3740 1941 3795 nimirum
1976 3744 2031 3795 et
2060 3742 2207 3811 ipse,

567 3812 705 3866 dum
738 3812 1107 3867 orientalium
1140 3816 1453 3868 adventum
1489 3812 1916 3883 praestolamur,
1947 3828 2209 3873 commo-

570 3883 711 3938 dum
747 3883 894 3938 satis
926 3884 1079 3938 inter
1112 3885 1443 3939 miscendos
1475 3882 1543 3938 de
1575 3882 1917 3937 beatissima
1963 3884 2211 3954 Deipara

573 3971 897 4019 sermones,
930 3956 1237 4012 revocandi
1272 3957 1343 4011 ad
1378 3956 1721 4009 memoriam
1754 3956 1883 4023 ejus
1915 3956 2211 4025 operis,ac

573 4027 645 4082 de
676 4026 775 4082 illo
834 4026 1159 4083 disserendi
1214 4027 1473 4098 spatium
1530 4026 1681 4081 nacti
1742 4030 1959 4081 essent.
2020 4031 2214 4097 Atque

574 4098 710 4153 inde
744 4100 981 4165 factum,
1017 4105 1081 4154 ut
1112 4098 1299 4169 prima
1330 4099 1607 4169 deinceps
1656 4098 1963 4152 occasione
2016 4098 2214 4152 oblata

572 4169 783 4226 iisdem
817 4170 935 4225 illis
966 4172 1147 4227 armis
1180 4186 1322 4226 usus
1354 4170 1748 4242 reperiaturin
1770 4171 1841 4225 iis
1865 4169 2213 4242 libris,quos

570 4242 1001 4315 Alexandrinus
1016 4242 1349 4315 patriarcha
1367 4241 1569 4315 Gyrus,
1586 4241 1962 4315 Nonothelita
1974 4242 2212 4315 quidem

573 4316 675 4370 sed
708 4313 1063 4370 catholicum
1096 4313 1796 4381 simulans,‘transmissa3
1822 4331 1853 4367 a
1885 4330 1945 4369 se
1984 4314 2055 4368 ad
2078 4313 2213 4367 Ser-

565 4386 730 4461 gium
749 4386 1460 4459 Constantinopolitanum
1479 4386 1867 4459 patriarcham
1878 4384 2216 4457 scriptionis

2318 1804 2686 1879 Theodorum
2722 1805 2855 1879 libri
2914 1804 3170 1879 a__beato
3227 1805 3436 1879 Cyrillo
3497 1808 3818 1879 conscripti
3865 1809 3984 1862 fra-

2318 1880 2557 1947 gmenta
2585 1875 2645 1930 in
2675 1877 2941 1931 eamdem
2963 1875 3125 1932 illam
3158 1875 3444 1935 actionem
3462 1880 3582 1936 sive
3601 1875 3985 1936 collationem

2321 1949 2587 2019 quintam
2622 1948 2840 2021 inserta
2870 1952 3119 2017 exstant,
3153 1955 3209 2003 et
3240 1951 3441 2021 synodi
3492 1968 3785 2007 consensu
3814 1952 3986 2007 velut

2320 2036 2595 2145 germana
2622 2019 2785 2075 illius
2830 2037 3008 2091 opera
3056 2019 3469 2101 comprObata;
3534 2024 3739 2107 utique
3790 2025 3985 2107 etiam

2363 2097 2703 2145 octtssnmus
2746 2108 2811 2145 ac
2844 2091 2909 2145 Η.
2944 2096 3003 2145 Ρ.
3053 2094 3422 2145 Sirmondus.
3483 2094 3985 2145 Chnstmmssmn

2363 2091 2703 2146 octissimus
2746 2108 2811 2146 ac
2844 2091 2909 2146 Η.
2944 2096 3003 2146 Ρ.
3053 2091 3422 2159 Sirmondus,
3483 2091 3986 2152 Christianissimi

2323 2162 2478 2237 regis
2509 2180 2542 2237 a
2574 2163 2752 2237 sacris
2775 2163 3246 2237 confessionibus
3303 2166 3557 2237 auditor,
3627 2167 3687 2221 in
3739 2168 3989 2223 facundi

2327 2234 2643 2307 Hiermiani
2699 2234 2961 2307 episcopi
3010 2234 3227 2292 librum
3288 2254 3509 2294 nonum
3541 2234 3732 2296 'hisce
3783 2239 3988 2296 verbis

2323 2305 2591 2377 agnoscit
2623 2322 2687 2361 ac
2710 2305 2980 2362 testatur.

2394 2376 2508 2453 Nec
2536 2377 2689 2453 iniis
2705 2378 2790 2433 vel
2812 2377 2997 2453 ullum
3022 2377 3157 2453 styli
3190 2378 3532 2453 discrimen,
3554 2379 3644 2436 vel
3670 2381 3985 2453 quidpiam

2322 2448 2481 2524 aliud
2513 2449 2779 2524 videmus
2805 2467 2862 2524 _a
2891 2448 3195 2524 catholicis
3239 2452 3643 2521 observatum,
3677 2448 3838 2524 quod
3883 2470 3985 2509 eos

2322 2521 2491 2608 beato
2523 2521 3407 2608 Cyrillolabrogandi“praebere
3466 2521 3709 2608 causam
3735 2595 3747 2607 ο
3760 2526 3985 2608 possit,

2323 2596 2530 2667 praeter
2543 2594 2935 2667 conjecturam
2959 2594 3320 2667 pradictam,
3336 2596 3489 2667 quod
3511 2594 3987 2667 DionysiiAreo-

2322 2663 2532 2751 pagitze
2565 2664 2932 2751 aliorum-que
2961 2663 3313 2749 scriptorum
3351 2663 3705 2751 testimoniis
3759 2686 3831 2725 ac
3853 2668 3989 2751 epi-

2322 2736 2491 2793 stolis
2520 2752 2635 2790 non
2667 2742 2823 2792 esset
2854 2754 3019 2804 usus,
3052 2754 3121 2792 ex
3152 2754 3267 2808 quo
3300 2739 3357 2793 in
3384 2739 3515 2793 istis
3538 2740 3829 2795 adversus
3850 2736 3987 2795 Dio-

2320 2808 2531 2863 dorum
2562 2809 2909 2881 Tarsensem
2942 2809 3286 2881 episcopum
3318 2827 3385 2865 ac
3442 2811 3821 2866 Theodorum
3862 2813 3984 2867 Mo-

2321 2884 2701 2955 psuestenuim
2735 2880 2901 2936 libris
2933 2897 3001 2936 ea
3023 2880 3240 2952 ipsa,ut
3264 2883 3981 2955 ferebatur,usurpasset.

2320 2956 2401 3005 Ac
2432 2967 2534 3024 ego
2551 2951 2791 3024 quidem
2806 2969 3011 3024 capere
3026 2951 3137 3008 non
3156 2969 3417 3023 possum,
3444 2960 3510 3009 ut
3532 2954 3734 3023 effingi
3751 2951 3985 3011 sancto

2320 2968 2401 3005 ac
2432 2968 2534 3019 ego
2596 2968 2791 3007 niuem
2806 2969 3011 3024 capere
3026 2971 3137 3008 non
3156 2969 3417 3023 possum,
3444 2968 3510 3009 ut
3532 2968 3734 3023 attingi
3768 2968 3985 3011 sancto

2320 2968 2693 3098 Cyrillojlibri
2726 3024 2836 3098 illi,
2866 3024 2953 3079 vel
2985 3042 3102 3095 quo
3134 3026 3405 3081 instituto
3424 3032 3481 3081 et
3502 3027 3616 3081 fine
3652 3027 3986 3098 potuerint;

2323 3110 2457 3149 cum
2513 3093 3043 3151 Nestorianismum
3091 3097 3163 3151 ab
3193 3115 3261 3153 eo
3312 3093 3768 3153 condemnatum
3836 3100 3987 3154 nihil

2323 3182 2475 3238 opus
2504 3171 2658 3222 esset
2692 3168 3070 3237 persuadere;
3105 3176 3207 3224 aut
3238 3174 3302 3224 ut
3324 3169 3555 3225 illorum
3581 3187 3755 3225 verus
3773 3178 3991 3226 auctor

2322 3238 2584 3313 seipsum
2618 3238 3144 3313 scriptionisiillius
3174 3241 3363 3313 gloria
3392 3241 3743 3297 defraudare
3776 3243 3987 3298 volue-

2321 3310 2429 3383 rit._
2447 3314 2531 3383 Al
2552 3326 2706 3377 vero,
2740 3313 2893 3381 quod
2951 3311 3117 3368 facile
3163 3310 3334 3383 captu
3384 3317 3495 3378 est,
3544 3313 3729 3370 fuisse
3764 3315 3987 3369 saltem

2320 3381 2645 3455 catholicus
2676 3388 2879 3455 auctor
2909 3384 3167 3440 debuita
3217 3381 3542 3455 quoscripti
3575 3391 3741 3454 sunt,
3773 3391 3861 3448 et,
3921 3392 3988 3442 ut

2319 3452 2377 3528 in
2410 3469 2478 3507 ca
2507 3453 2838 3521 collatione,
2874 3455 3181 3528 asseritur,
3210 3452 3683 3528 exAlexandrini
3719 3452 3985 3528 patriar-

2318 3524 2526 3580 chatus
2559 3526 2957 3599 monumentis
2981 3533 3157 3599 atque
3187 3527 3441 3584 archivis
3493 3524 3861 3597 prodierunt.
3905 3535 3986 3585 Ex

2319 3598 2490 3669 cujus
2522 3598 2771 3666 profecto
2801 3598 3131 3655 collationis
3153 3599 3419 3669 lectione,
3453 3610 3517 3655 ut
3555 3604 3613 3655 et
3641 3616 3712 3655 ex
3741 3602 3819 3656 iis
3853 3618 3984 3657 om-

2320 3668 2515 3742 nibus,
2551 3685 2678 3739 qua:
2709 3673 2863 3725 circa
2895 3687 3066 3740 opera
3124 3668 3429 3727 Liberatus
3478 3673 3672 3742 prodit
3703 3678 3985 3729 constare

2318 3741 2463 3796 satis
2493 3746 2697 3815 aperte
2725 3746 2933 3815 potest,
2967 3747 3031 3797 ut
3064 3742 3211 3797 facta
3242 3743 3315 3797 de
3348 3741 3491 3815 illis,
3541 3744 3886 3815 disquisitio
3920 3746 3981 3800 in

2319 3828 2520 3867 eorum
2554 3812 2797 3884 gratiam
2832 3813 3206 3884 favoremque
3237 3812 3985 3883 declinet;aceoruminde

2318 3884 2532 3938 veritas
2556 3883 2866 3959 elucescat,
2901 3887 3055 3940 unde
3078 3883 3343 3959 convinci
3368 3891 3653 3959 putantur
3671 3887 3983 3943 falsitatis.

2306 3960 2448 4029 {am
2473 3972 2603 4010 vero
2623 3958 2759 4028 quid
2788 3958 3066 4012 adversus
3088 3957 3391 4013 homiliam
3417 3959 3575 4014 illam
3596 3976 3716 4029 qua
3732 3966 3987 4015 sanctus

2322 4026 2778 4101 Chrysostomus
2797 4029 3067 4084 Ecclesiae
3090 4047 3209 4085 sua:
3227 4029 3515 4093 valedicit,
3544 4036 3602 4085 et
3616 4026 3803 4101 quam
3830 4035 3986 4087 Ana-

2322 4099 2543 4173 stasius
2576 4101 2913 4173 cardinalis,
2930 4099 3988 4173 apostolicazBibliolbectspraefectus

2320 4171 2390 4224 ad
2424 4170 2996 4245 Carolum_Calvum_,
3030 4172 3137 4228 hos
3164 4173 3345 4228 libros
3376 4174 3606 4245 plurimi
3641 4170 3985 4239 facientem,

2323 4257 2683 4316 suorumque
2715 4242 2823 4316 hac
2854 4244 2909 4298 in
2947 4250 3108 4315 parte
3159 4242 3470 4316 majorum,
3529 4245 3811 4301 Ludovici
3875 4246 3984 4314 Pii,

2322 4313 2509 4389 Caroli
2541 4314 2831 4389 Magni,ac
2865 4313 3091 4389 Pippini
3110 4317 3200 4370 cui
3225 4313 3325 4372 eos
3354 4313 3569 4373 Paulus
3593 4334 3747 4389 papa
3773 4323 3836 4373 tr
3854 4313 3989 4374 aus;

2326 4384 2874 4459 miserat,exempla
2905 4384 3232 4443 insecutum
3268 4384 3793 4460 rescribens,inter
3813 4396 3987 4462 grata

571 4522 845 4599 μηδαμῶς
894 4525 967 4589 ι”ς
1018 4527 1177 4583 αὐτὸν
1233 4524 1561 4597 ἐληλυθότα·
1612 4525 1700 4581 καί
1754 4524 1979 4599 πολλῶν
2028 4523 2214 4580 ἐδυνά-

2328 4527 2602 4596 operibus
2633 4545 2665 4581 a
2696 4544 2758 4583 se
2788 4544 2903 4583 non
2929 4528 3069 4583 visis
3114 4530 3468 4585 meminerit.
3504 4530 3615 4586 Sed
3651 4546 3759 4586 nec
3792 4538 3985 4596 urget,

572 4598 680 4673 μην
718 4604 1088 4673 μνημονεῦσαι
1124 4602 1199 4673 μὴ
1234 4600 1538 4669 κτηθέντων
1591 4599 1758 4673 ᾳύτῷ,
1791 4598 1880 4653 καὶ
1921 4602 2089 4652 ταῦτα
2118 4604 2218 4665 τῆς

566 4670 730 4745 aurci}
788 4672 1011 4745 χώρας
1052 4670 1133 4733 ὡξ
1185 4674 1471 4745 Ὑμξνᾳίου
1544 4671 1633 4745 κᾳὶ
1696 4674 2051 4745 Ναρκισσορῌτ
2111 4675 2219 4745 τῷν

565 4740 938 4818 ἱερασαμένῴν
996 4742 1046 4797 ἐν
1096 4740 1526 4818 ξιεροάολῦμοις.
1584 4740 2217 4818 ’.ΕγὼμγοῦνΑένέτυχᾴν

564 4812 675 4889 ne:
733 4812 839 4870 τῶν
900 4812 1198 4889 insaniat)"
1246 4816 1338 4889 iui
1382 4812 1508 4889 ⁷μὴν
1539 4812 1685 4889 cura
1737 4812 2036 4889 Πάντα-ἕνην.)
2088 4812 2217 4876 τὸὀς

565 4884 1143 4962 πᾴγους-ἁνὲγραψξν,
1204 4884 1332 4962 οὗτε
1382 4884 1479 4962 rei}
1535 4885 2215 4962 'Paiixatou__Kh’,_peytoc,

569 4959 716 5028 πλὴν
753 4957 848 5015 δύο
879 4954 967 5014 xii
1024 4954 1201 5031 μόνων
1248 4956 1737 5031 ἐπιστολῶν-ἁλλ’
1786 4954 1907 5031 οὔτε
1941 4954 2212 5031 alsia-qm

572 5032 790 5107 ἑτέρων*
884 5033 986 5107 γὰρ
1014 5028 1341 5107 ςὨριγᾷνης,
1389 5033 1487 5107 οὐκ
1518 5028 1637 5085 οἶδα
1664 5030 1728 5107 Δεἴ
1771 5029 2006 5107 «innixa,
2052 5029 2215 5100 μόλις

572 5100 965 5195 δὶίτεττξρώνν
1012 5100 1291 5195 Egi-(oon.
1352 5100 1715 5195 ptdxovoc'dé
1769 5123 1853 5193 τις
1912 5104 2215 5195 ’ἱξυεξαῖῡῃ

570 5178 790 5252 Πέτρος-
823 5174 1369 5252 ὄνᾳμα,’διηγήᾳατᾷ
1420 5198 1533 5252 μοι⁷
1563 5174 1735 5252 πάντα
1780 5175 1847 5252 rei
1890 5179 2218 5252 τοῦ-Λέρνο-

572 5241 691 5323 dies.
724 5241 1013 5323 «Medeae,
1040 5241 1302 5323 uetari-Pw
1345 5248 1395 5303 ἐν
1420 5241 1624 5323 ’Ῥώμῃ
1655 5251 1765 5301 τῶν
1797 5248 1954 5321 ἰερῶν
1994 5241 2214 5322 βιϐλιο-

572 5322 748 5390 θήκην
781 5322 1179 5395 ἀνατεθειμένα.

643 5394 755 5465 (77)
792 5391 1035 5451 Ιδιειηυῐή
1065 5402 1259 5452 tamen
1321 5411 1388 5448 ex
1438 5397 1559 5449 tota
1616 5391 1763 5446 serie
1793 5394 2101 5465 coniextus
2144 5391 2217 5465 de

568 5462 955 5537 scriptoribus
988 5468 1101 5523 dici
1129 5486 1141 5523 :
1178 5471 1242 5521 Et
1272 5484 1403 5520 vero
1434 5466 1530 5535 qui
1584 5465 1776 5519 dicere
1833 5462 2005 5537 vellet
2038 5462 2215 5518 Maxi-

569 5534 725 5599 mus.
757 5538 1063 5606 Origenem
1097 5539 1191 5594 vix
1217 5534 1471 5609 quatuor
1501 5553 1741 5609 operum
1776 5552 1877 5589 seu
1928 5534 2213 5609 librorum

566 5610 624 5665 S.
658 5612 919 5681 Dionysii
957 5608 1319 5670 meminisse.
1352 5627 1481 5666 cum
1535 5608 1755 5681 nullius
1780 5608 2044 5681 omnimo
2076 5626 2217 5679 pres-

570 5680 842 5739 sumatur
874 5683 1261 5738 meminisse?
1289 5682 1402 5736 Nec
1453 5686 1622 5753 urget
1649 5680 1817 5743 illud,
1864 5680 2056 5753 nescio
2114 5698 2216 5735 (ιη-

570 5755 822 5810 omnium
844 5772 863 5817 ,'
896 5772 1009 5810 non
1045 5756 1198 5809 enim
1233 5757 1457 5811 nescire
1490 5751 1550 5809 se
1582 5753 1683 5819 ait,
1725 5752 1877 5824 quod
1937 5751 2034 5807 alii
2069 5770 2211 5824 pree-

572 5828 881 5899 cesserint,
914 5828 1015 5886 sed
1046 5844 1119 5885 an
1163 5842 1366 5884 eorum
1394 5826 1669 5903 Origenes
1726 5823 1784 5879 in
1837 5828 1957 5880 tam
2013 5823 2213 5881 multis

2328 4598 2481 4673 quod
2508 4600 2873 4673 _subnectat,
2922 4600 3187 4673 diaconus
3242 4618 3371 4658 vero
3400 4602 3643 4673 quidam,
3679 4607 3794 4657 etc.
3857 4604 3986 4659 Non

2327 4670 2482 4747 enim
2507 4670 2617 4725 hoc
2648 4672 2906 4747 admittit
2934 4672 3194 4747 pri-recisis
3231 4672 3355 4747 illis
3402 4670 3619 4747 verbis,
3652 4690 3785 4744 qus:
3847 4692 3985 4747 pro-

2326 4741 2482 4796 xime
2514 4744 2887 4807 antecedunt,
2922 4741 3019 4798 sed
3048 4743 3335 4814 superiori
3370 4746 3471 4800 toti
3532 4741 3866 4812 contextui;
3924 4752 3989 4802 ut

2325 4813 2641 4886 signiticet,
2674 4815 2827 4885 quod
2862 4813 3135 4886 quamvis
3154 4832 3259 4871 nec
3285 4816 3593 4880 Eusebius.
3638 4834 3744 4873 nec
3776 4819 3984 4885 Orige-

2326 4901 2429 4957 nes
2478 4884 2593 4940 ista
2651 4884 3409 4957 scripta'commemorent,
3468 4894 3699 4944 exstent
3756 4884 3982 4945 tamen.

2324 4956 2446 5031 Non
2484 4957 2735 5031 denique
2772 4956 2957 5029 urget,
2989 4959 3143 5029 quod
3178 4974 3245 5031 ea
3274 4964 3499 5015 exstare
3529 4978 3654 5031 quae
3702 4977 3822 5030 pra:
3858 4979 3982 5017 ma—

2327 5028 2499 5083 nibus
2522 5029 2604 5083 illi
2628 5028 3274 5103 essent,’admonendus
3297 5049 3411 5087 non
3443 5028 3581 5098 fuit;
3602 5028 3795 5103 neque
3820 5032 3980 5088 enim

2325 5116 2391 5154 eo
2425 5118 2487 5156 se
2517 5102 2883 5157 admonitum
2918 5103 3017 5171 ait,
3051 5111 3111 5157 ut
3158 5120 3227 5158 ea
3277 5109 3474 5159 extare
3531 5102 3709 5159 sciret
3761 5106 3865 5159 sed
3920 5110 3983 5159 ut

2325 5172 2688 5247 sciretvelut
2711 5179 3158 5247 monumentum
3184 5175 3560 5247 antiquitatis
3588 5176 3981 5239 asservari,et

2324 5246 2431 5298 sub
2460 5244 2617 5319 illius
2648 5247 2885 5319 nomine
2915 5247 3007 5302 cui
3039 5244 3354 5319 tribuenda
3380 5247 3505 5319 ipse
3552 5247 3868 5316 sentiebat,
3900 5252 3980 5303 at-

2324 5334 2434 5392 que
2464 5322 2529 5371 ut
2558 5316 2720 5392 illam
2752 5318 3140 5392 insacrorum
3174 5316 3478 5392 libroruin
3495 5318 3638 5392 (sive
3660 5320 3811 5375 forte
3832 5337 3974 5392 pon-

2323 5389 2572 5457 tilicum,
2606 5388 2714 5443 hoc
2748 5388 2900 5444 enim
2938 5390 3109 5464 etiam
3132 5395 3240 5453 est,
3262 5388 3972 5464 iepawmibliotbeca'tam

2325 5465 2653 5533 accuratam
2689 5463 3145 5518 asservationem
3196 5462 3677 5533 praatermissioni
3736 5462 3971 5519 Eusebii

2323 5539 2379 5589 et
2411 5532 2678 5604 Origenis
2710 5550 2885 5603 quam
2922 5535 3031 5589 sibi
3064 5532 3296 5605 objecit,
3330 5540 3607 5606 opponat.

2396 5676 2534 5750 (77‘)
2563 5672 2713 5750 Ei’rtc
2735 5672 3124 5750 addixeram?!
3155 5675 3550 5750 συγγράμμᾳτα
3566 5674 3664 5731 to?»
3698 5676 3853 5750 ᾇγέου
3868 5681 3974 5750 iis.

2327 5744 2545 5824 ρζλλού,
2578 5746 2664 5824 xui
2693 5744 2956 5824 ,μέλι-σείει
3001 5748 3064 5800 τὰ
3085 5744 3246 5824 λωιτᾶ
3268 5744 3619 5824 ’Θερδώρᾳυλ
3641 5744 3972 5824 καῗθςοδω-

2327 5816 2503 5896 ptrue,
2551 5818 2637 5873 καὶ
2690 5816 2959 5895 Ἀνδρέου,
3012 5816 3101 5874 καὶ
3157 5816 3491 5891 Νεστοοίου,’
3526 5816 3769 5897 ἀν’άϐιμα
3814 5818 3969 5876 ἔστω.
