4162 6368
188 328 334 386 1025

1186 328 1525 387 VINDICUE
1563 332 1862 386 OPERUM
1899 329 2616 385 AREOPAGITICORUM.

3466 327 3606 383 1026

186 452 348 524 λετη,
386 454 778 527 quasidicat:
830 458 1275 511 Sacramentum
1328 456 1484 510 enim
1550 454 1712 510 illius
1757 457 1859 510 aut
1898 453 2385 527 Aperfectionem
2417 469 2594 527 quam
2627 452 2847 522 recepit
2883 451 3151 527 Christus
3196 455 3261 507 ut
3306 450 3505 527 homo,
3554 458 3615 527 et

187 533 403 583 sancta
434 528 783 582 czeremonia
815 527 1127 598 perfectiva
1147 534 1204 582 et
1239 529 1507 599 ejusdem
1543 544 1853 582 consecra—

189 600 297 654 tio.
333 601 495 669 Quae
520 599 696 653 verba
750 600 950 654 omnia
1006 600 1243 653 nonnisi
1320 601 1391 653 ad
1455 600 1853 669 operationem

188 671 388 741 ipsam
420 667 648 737 τελετῆς
680 670 862 725 veluti
892 687 1070 725 sacrae
1104 670 1459 725 caeremoniae
1493 667 1849 725 referuntur.

187 747 263 799 Ut
282 743 453 797 enim
486 742 887 797 sanctiﬁcatur
917 743 1097 797 altare
1133 759 1234 813 per
1287 743 1693 797 ceeremoniam
1746 741 1854 795 ali-

187 830 376 885 quam
411 830 668 880 sacram,
704 815 1088 883 pereamdem
1107 815 1474 881 sanctiﬁcat;
1507 814 1589 868 sic
1607 820 1663 868 et
1683 814 1853 885 Chrif

188 883 281 940 sto
330 890 465 939 tam
521 886 846 940 secundum
895 885 1180 940 rationem
1247 885 1472 948 altaris,
1528 901 1702 955 quam
1757 883 1855 938 Dei

194 960 469 1027 spectato
490 957 797 1011 convenire
829 957 929 1025 ait,
954 963 1015 1010 ut
1040 962 1284 1027 utroque
1307 974 1482 1011 sensu
1507 957 1857 1011 caaremonia

198 1028 294 1083 Dei
333 1034 546 1083 sancta
574 1028 850 1094 dicatur;
886 1031 1004 1083 sive
1051 1035 1341 1099 quatenus
1392 1028 1596 1097 recipit
1644 1029 1854 1081 sancti-

186 1100 531 1154 ficationem
566 1104 630 1153 ut
662 1100 1012 1170 homo,_sive
1043 1105 1335 1170 quatenus
1366 1115 1494 1153 eam
1529 1099 1757 1154 confert
1792 1104 1857 1154 ut

196 1171 399 1226 Deus:
440 1185 629 1241 neque
677 1170 796 1224 illic
817 1168 1166 1239 τελετή,ἰ]ἱεὶ
1234 1188 1336 1242 pro
1377 1171 1631 1241 quodam
1679 1186 1856 1225 caere-

192 1242 413 1314 monias
449 1259 625 1297 sacrae
658 1258 869 1313 genere
901 1248 1239 1314 usurpatur,
1265 1258 1380 1313 quo
1414 1243 1685 1296 Christus
1732 1258 1857 1313 per-

194 1313 435 1368 ﬁciatur
467 1320 531 1369 ut
578 1314 773 1378 homo,
822 1324 877 1368 et
926 1313 1314 1369 nos'vieissin
1366 1319 1643 1383 tanquam
1679 1314 1855 1379 Deus,

193 1386 459 1456 quadam
493 1386 1131 1441 suicommunicatione
1152 1386 1446 1457 perﬁciat:
1483 1384 1710 1439 scilicet
1728 1401 1855 1440 eam

1970 543 2146 596 quam
2172 525 2340 579 nobis
2371 526 2615 594 confert,
2643 532 2817 596 atque
2848 525 3246 579 communicat
3269 531 3332 578 ut
3358 525 3529 592 Deus,
3555 525 3615 580 id

1963 602 2053 652 est
2086 613 2260 667 quam
2291 597 2350 651 in
2374 613 2483 651 sua
2511 595 2688 651 simul
2719 602 2775 650 et
2798 601 2997 650 nostra
3027 596 3392 650 humanitate
3415 613 3617 668 opera-

1965 674 2080 736 tur,
2104 668 2304 739 utique
2324 672 2603 739 tanquam
2617 668 3025 723 caeremoniam
3044 668 3360 737 quamdam
3385 684 3613 724 sacram

1966 746 2187 811 spectat
2220 745 2275 794 et
2293 740 2977 811 contemplatursanctus
2993 745 3189 794 noster
3206 781 3219 805 ,
3236 756 3351 811 non
3384 741 3618 811 proprie

1965 810 2204 882 quidem
2239 812 2479 878 dictam,
2514 812 2614 866 sed
2647 828 2714 865 ea
2738 810 2982 879 ratione,
3035 827 3151 880 qua
3194 810 3507 866 Christum
3549 819 3616 867 ut

1966 881 2167 948 altare,
2202 900 2306 937 nos
2339 900 2471 937 vero
2505 888 2567 937 ut
2595 884 2864 937 victimas
2886 881 3103 935 intulit.
3129 887 3208 937 Ac
3243 883 3484 952 proinde
3525 900 3616 939 vo-

1966 957 2243 1009 cabulum
2273 952 2492 1022 τελετή,
2525 954 2868 1021 neutiquam
2898 953 3016 1007 illic
3044 955 3113 1007 ad
3161 954 3617 1024 rsigniﬁcandam

1964 1026 2402 1096 perfectionem,
2436 1026 2555 1081 sive
2590 1027 2839 1096 passive,
2892 1025 3011 1079 sive
3040 1023 3245 1097 active
3296 1031 3614 1097 sumptam,

1967 1095 2319 1168 usurpatum
2343 1098 2460 1151 dici
2494 1095 2688 1165 debet,
2722 1106 2782 1150 ut
2805 1096 3107 1159 contendit
3137 1095 3490 1169 haereticus:
3517 1095 3617 1169 qui

1970 1170 2231 1240 profecto
2284 1186 2399 1223 non
2451 1174 2571 1224 tam
2619 1169 2829 1223 acriter
2866 1169 2936 1223 ad
2997 1168 3403 1239 abrogandam
3463 1168 3618 1224 hunc

1969 1239 2171 1296 sancto
2207 1240 2477 1311 Dionysio
2511 1240 2867 1311 Areopagitae
2900 1239 3134 1303 librum,
3162 1255 3266 1294 nec
3295 1244 3459 1295 tanta
3487 1256 3619 1296 con-

1965 1312 2224 1368 tentione
2257 1330 2321 1366 ac
2340 1312 2703 1385 pertinancia
2735 1312 3113 1385 depugnaret,
3137 1316 3202 1366 ut
3220 1312 3412 1383 reipsa
3442 1312 3619 1385 depu-

1966 1390 2130 1455 gnat,
2165 1385 2216 1439 si
2239 1384 2699 1439 consentientem
2732 1383 2842 1439 sibi
2872 1389 2928 1437 et
2959 1384 3266 1438 faventem.

262 1511 514 1582 (Amicus
545 1513 640 1566 ille
670 1514 817 1581 quie
850 1512 1347 1567 Gallicoidiomate
1380 1514 1441 1566 in
1500 1513 1763 1566 Latinum
1820 1512 2128 1579 transtulit,
2192 1519 2417 1566 vocatur
2474 1510 2803 1566 reverendus
2860 1514 3021 1565 I’ater
3076 1512 3318 1564 Joannes
3375 1510 3613 1582 Nicolai,

194 1581 346 1637 δαενὶ
391 1584 609 1638 ordims
637 1584 896 1638 Fratrum
928 1586 1395 1647 Pamdicatorum,
1454 1583 1643 1638 doctor
1673 1584 1950 1654 theologus
1978 1583 2279 1653 facultatis
2304 1583 2640 1637 Parisiensis
2678 1600 2691 1649 ;
2748 1582 2904 1650 cuius
2954 1598 3149 1638 nomen
3174 1590 3235 1636 ut
3288 1581 3466 1637 omnis
3521 1581 3618 1638 do-

190 1657 406 1711 ctrinm
436 1658 588 1725 fama
611 1655 821 1710 celebre
848 1661 947 1721 est,
980 1655 1061 1710 ita
1090 1664 1140 1710 et
1157 1661 1256 1711 hoc
1277 1671 1410 1726 Opus
1441 1670 1550 1710 non
1581 1654 1936 1710 mediocriter
1965 1654 2318 1725 illustrabit.)

372 1967 572 2127 Β.
668 1968 841 2127 Ρ.
938 1966 1883 2127 ΒΕΒΝΑΒΙ]

1979 2121 1980 2125 γ
2054 1966 2265 2129 Μ.
2359 1966 2621 2126 DE
2703 1965 3443 2127 RUBEIS

1175 2236 1649 2323 OltDINlS
1718 2235 2666 2323 PliiEDICATOltUM

198 2414 284 2471 De
344 2408 674 2486 operibus,
746 2426 885 2486 quae
932 2407 1123 2484 vulgo
1207 2405 1646 2485 Areopagitica
1704 2407 2041 2468 dicuntur:

2132 2407 2331 2485 deque
2388 2411 2664 2477 auctore,
2728 2403 2985 2482 ejusque
3043 2405 3185 2478 fide,
3252 2426 3331 2466 an
3386 2407 3606 2468 ortho-

357 2484 568 2550 d'oxus
600 2484 804 2560 fuerit,
845 2506 925 2547 an
962 2486 1314 2560 haereticus,
1349 2488 1447 2548 vel
1474 2484 1948 2565 Apollinarista,
1984 2489 2083 2549 vel
2116 2487 2577 2565 Monophysita,
2612 2504 2719 2545 seu
2759 2484 3235 2565 Eutychianus?

1358 2667 2474 2793 DISSERTATIO

1069 2883 1440 2939 ADVERSUS
1481 2882 1900 2939 MICHAELEM
1940 2879 2357 2946 LEOUIENUM
2398 2879 2769 2944 ALIOSQUE.

1021 3173 1065 3225 Ι.

199 3268 520 3329 Orthodaxi
560 3269 800 3338 quinque
832 3268 1067 3339 episcopi
1104 3269 1165 3321 in
1211 3267 1501 3322 collatione
1551 3267 1859 3322 Constanti-

272 3341 608 3413 nopolitano
642 3355 810 3413 anno
851 3340 977 3405 532,
1011 3339 1458 3413 videnturfopera
1502 3341 1665 3409 vulgo
1692 3341 1863 3393 Areo-

273 3410 538 3487 pagitica
568 3412 838 3482 rejecisse,
873 3410 1049 3465 voluti
1066 3414 1227 3481 fletus
1240 3412 1374 3483 Apol
1382 3412 1788 3465 linaristarum.

276 3531 425 3584 647
468 3528 658 3598 Opera
687 3544 809 3596 qum
841 3527 1011 3597 vulgo
1032 3528 1440 3598 Areopagitica
1456 3527 1725 3592 audiunt,
1748 3526 1867 3598 sive

206 3596 550 3657 testimonia
581 3599 848 3668 quaedam
882 3596 1097 3653 exiiillis
1120 3596 1488 3669 deprompta,
1526 3599 1715 3669 prima
1743 3596 1866 3652 vice

210 3689 404 3727 coram
434 3671 750 3741 palamque
780 3670 1029 3741 allegata
1049 3688 1081 3724 a
1104 3671 1434 3725 Severianis
1462 3669 1750 3725 haereticis
1775 3669 1865 3721 in-

206 3746 504 3809 venimus,
531 3742 629 3812 qui
650 3742 1149 3811 Constantinopoli
1201 3741 1571 3797 collationem
1603 3757 1733 3795 cum
1776 3756 1868 3812 or:

206 3814 485 3870 thodoxis
518 3810 805 3883 episcopis
827 3829 979 3866 anno
1010 3810 1117 3867 532
1148 3813 1499 3867 habuerunt.
1574 3810 1867 3867 Severiani

212 3893 379 3942 erant
407 3887 600 3955 impia
632 3900 885 3955 propago
918 3885 1389 3955 Eutychanorum
1426 3901 1524 3938 seu
1556 3884 1870 3953 Monophy-

216 3959 492 4023 sitarum,
526 3958 819 4026 quiunam
849 3957 907 4009 in
923 3956 1152 4010 Christo
1174 3962 1440 4010 naturam
1475 3963 1678 4010 contra
1698 3955 1868 4008 ﬁdem

215 4030 574 4084 catholicam
607 4044 671 4082 ac
703 4028 909 4098 synodi
942 4028 1430 4082 Chalcedonensis
1470 4027 1869 4098 deﬁnitionem

214 4100 694 4173 propugnabant.
729 4096 949 4173 Nomen
983 4099 1288 4173 obtinuere
1312 4105 1587 4173 a_S_evero,
1622 4099 1723 4169 qui
1760 4096 1873 4167 pri-

216 4171 377 4227 mum
416 4171 570 4228 Petri
600 4171 792 4241 Mongi
827 4174 987 4240 parte
1036 4172 1315 4226 adversus
1349 4171 1720 4225 Timotheum
1763 4172 1869 4222 So-

217 4241 560 4299 lofaciolum
585 4242 938 4296 catholicum
964 4242 1321 4297 Alexandriae
1346 4242 1669 4296 antistitem
1692 4246 1869 4295 secta-

218 4320 313 4370 tus
339 4322 430 4371 est
456 4328 619 4383 ;tum
653 4316 723 4367 ab
747 4314 875 4383 ejus
908 4318 1108 4383 postea
1129 4314 1541 4367 communione
1563 4312 1870 4381 abstinuit,

219 4386 473 4443 Zenonis
504 4385 877 4456 imperatoris
909 4385 1095 4440 edicto
1129 4385 1439 4456 Henotison
1465 4389 1698 4456 vocant,
1732 4384 1871 4456 sub:

220 4460 481 4515 scribere
506 4453 728 4519 nol—ens,
752 4461 952 4520 utpote
979 4473 1091 4525 quo
1116 4472 1228 4510 non
1252 4458 1392 4509 satis
1415 4453 1872 4509 Chalcedonensi

216 4532 467 4608 concilio
501 4528 766 4608 derogari
801 4528 1112 4608 censebat:
1167 4528 1494 4608 ducemque
1542 4526 1776 4579 illorum
1806 4541 1869 4608 ‘s‘e
1902 4544 1943 4608 ρ

218 4603 490 4670 praebuit,
525 4600 625 4671 qui
649 4595 727 4653 ab
760 4600 960 4653 eodem
994 4600 1202 4669 Mongo
1231 4595 1591 4671 secedentcs,
1616 4595 1868 4671 _ac_nulli

219 4668 695 4744 obtemperantes
718 4671 1015 4744 episeopo.
1050 4668 1193 4724 dicti
1218 4688 1282 4724 su
1296 4679 1354 4723 nt
1375 4669 1674 4744 Acephali.
1691 4668 1870 4744 Thro:

220 4761 360 4800 num
394 4739 651 4813 denique
681 4739 1109 4796 Antiochenum
1154 4759 1305 4795 anno
1335 4743 1441 4795 512
1489 4740 1724 4807 invasit,
1771 4739 1869 4792 ubi

220 4818 487 4888 quinque
512 4831 697 4869 annos
721 4819 777 4888 et
803 4813 1029 4888 aliquot
1057 4830 1287 4888 menses
1306 4813 1671 4888 tyrannidem
1688 4827 1870 4888 exer—

221 4884 359 4943 cuit.
389 4884 631 4943 Fuedam
682 4885 870 4940 adhuc
921 4886 1100 4939 vitam
1149 4886 1356 4955 agebat
1396 4901 1548 4938 anno
1605 4884 1712 4937 536
1754 4898 1869 4952 quo

221 4962 486 5029 synodus
512 4956 1291 5029 Constanrtinopoliipraeside
1324 4960 1547 5029 Menna,
1578 4955 1871 5029 celebrata

218 5026 327 5085 est.
362 5030 614 5087 Consule
652 5028 986 5083 Michaelem
1024 5027 1383 5098 Lequienum
1409 5026 1633 5098 ordinis
1660 5026 1870 5079 Praedi-

220 5108 485 5157 catorum
520 5106 575 5155 in
604 5101 825 5156 Oriente
849 5097 1185 5162 Christiano,
1210 5106 1267 5153 et
1292 5100 1523 5152 Petrum
1552 5097 1865 5151 Boschium

222 5175 517 5229 societatis
546 5174 687 5227 Jesu
714 5172 771 5224 in
806 5171 1053 5226 Historia
1089 5172 1474 5239 chronoloqica
1523 5168 1866 5239 patriarcha-

223 5242 849 5307 rumAntiochz'ae,inter
870 5245 997 5297 Acta
1026 5249 1359 5308 sanctorum,
1398 5240 1665 5295 tonnolV
1707 5239 1867 5293 Julii.

294 5322 510 5373 Nomen
540 5318 715 5371 etiam
750 5314 1370 5385 Semieutychanorum
1422 5312 1747 5367 Severianis
1780 5312 1870 5364 in-

223 5385 411 5443 haesit.
448 5392 595 5444 Istos
632 5388 784 5440 inter
815 5401 880 5438 ac
914 5386 1304 5455 Eutychianos
1337 5385 1651 5439 discrimen
1701 5387 1867 5436 Peta-

222 5459 356 5512 vius
407 5464 640 5515 enarrat
678 5457 825 5510 libro
876 5472 892 5510 ι
950 5454 1041 5509 ἀεί
1074 5458 1487 5519 Incarnatione,
1537 5454 1723 5525 capite
1783 5455 1910 5518 17,-

226 5546 390 5583 num.
414 5532 467 5595 9,
502 5548 570 5585 ex
601 5529 875 5585 Facundo
907 5527 1336 5589 Hermianensi,
1379 5529 1476 5598 qui
1531 5528 1757 5596 primus
1783 5526 1869 5578 vi-

223 5601 397 5654 detur
426 5600 1073 5671 Semieutychianorum
1108 5600 1452 5655 vocabulum
1506 5614 1826 5667 usurpasse
1854 5613 1866 5650 :

223 5674 376 5742 quod
416 5673 560 5727 meri
594 5670 934 5742 Eutychiani
969 5688 1143 5725 unam
1189 5671 1531 5727 tantumodo
1576 5675 1870 5742 naturam,

221 5741 467 5813 eamque
504 5741 850 5811 simplicem,
901 5748 1033 5813 post
1084 5742 1403 5796 unitionem
1470 5742 1761 5813 mansisse
1810 5741 1867 5791 iu

220 5812 451 5874 Christo
474 5816 772 5881 dicebant,
812 5812 932 5868 sive
974 5813 1033 5867 in
1084 5813 1512 5868 humanitatem
1561 5812 1867 5867 divinitate

218 5901 503 5946 conversa
545 5887 666 5945 sive
705 5885 898 5957 potius
962 5884 1331 5942 humanitate
1387 5885 1447 5938 in
1498 5883 1865 5939 divinitatem

1887 3173 1934 3236 Β
1967 3170 2263 3238 absorpta,
2298 3174 2395 3222 aut
2428 3182 2531 3237 per
2570 3181 2697 3220 eam
2731 3170 3115 3236 consumpta;
3151 3167 3304 3237 quod
3357 3165 3624 3238 plerique

1968 3257 2035 3295 ex
2068 3241 2183 3294 ista
2230 3239 2434 3293 haeresi
2501 3238 2915 3306 sequebantur.
2970 3239 3043 3291 At
3080 3307 3087 3309 _
3119 3238 3619 3309 Semieutychiani

1973 3328 2151 3365 unam
2174 3327 2244 3364 ex
2272 3310 2503 3364 duabus
2534 3314 2808 3363 naturam
2831 3307 3214 3378 compositam
3241 3307 3323 3363 sic
3345 3307 3474 3364 esse
3488 3326 3627 3364 con-

1975 3382 2320 3447 stituebant,
2355 3380 2859 3452 quemadmodum
2875 3396 2944 3434 ex
2957 3380 3155 3434 anima
3176 3385 3235 3434 et
3257 3396 3629 3450 corporeuna

1976 3454 2278 3524 consurgit
2301 3451 2531 3523 integra
2561 3456 2772 3524 natura
2815 3451 3109 3524 humana;
3163 3456 3226 3504 ut
3256 3452 3458 3524 eadem
3488 3468 3627 3523 pro-

2018 3531 2176 3580 terea
2202 3522 2312 3579 Deo
2337 3522 2490 3578 Patri
2532 3529 2587 3577 et
2618 3522 2840 3578 homini
2881 3522 3401 3577 consubstantialis
3430 3522 3586 3579 esset
3611 3540 3625 3589 ;

2007 3597 2229 3667 mpium
2252 3597 2425 3650 hocce
2456 3596 2670 3667 dogma
2694 3594 2841 3667 satis
2862 3594 3193 3667 Aobscurum
3225 3598 3282 3648 et
3304 3593 3628 3666 implexum

1980 3665 2386 3723 ita’declarant
2415 3666 2536 3731 alii,
2573 3671 2635 3719 ut
2667 3665 2793 3721 sine
2824 3665 3171 3720 alterutrius
3224 3665 3446 3721 naturae
3497 3683 3626 3737 per-

1979 3739 2325 3805 mutatione,
2358 3738 2443 3792 vel
2477 3737 2842 3805 confusione,
2889 3754 3005 3792 una
3053 3741 3249 3791 tamen
3288 3737 3387 3792 illa
3435 3741 3629 3804 esset;

1978 3829 2095 3866 una
2127 3809 2395 3865 videlicet
2446 3814 2655 3863 natura
2696 3809 2894 3863 divina
2944 3809 3133 3880 prima
3179 3813 3387 3879 agente
3420 3816 3635 3880 partes,

1978 3883 2071 3937 cui
2118 3882 2427 3937 accesserit
2477 3881 2757 3948 humana,
2823 3880 2981 3953 velut
3031 3880 3460 3936 intrumentum
3532 3896 3635 3953 per

1979 3954 2135 4025 quod
2164 3953 2265 4025 illa
2283 3953 2544 4007 actiones
2566 3953 2787 4025 ederet,
2812 3951 2913 4025 vel,
2933 3953 3086 4022 quod
3124 3953 3428 4025 passiones
3464 3951 3637 4025 forin-

1980 4022 2150 4081 secus
2182 4024 2377 4080 illatas
2410 4024 2710 4095 reciperet.
2746 4022 2861 4078 Hac
2889 4024 2959 4077 de
2991 4039 3051 4079 re
3077 4022 3268 4078 adhuc
3326 4024 3476 4078 infra
3499 4024 3636 4078 dili-

1980 4098 2242 4170 gentiore
2274 4113 2449 4170 opera
2480 4096 2797 4170 agendum.

2052 4171 2193 4223 Cum
2229 4163 2328 4221 his
2355 4163 2639 4221 haereticis
2669 4163 3175 4234 ConstantinOpoli
3210 4180 3362 4219 anno
3384 4164 3490 4217 532
3513 4164 3632 4220 cel-

1980 4240 2257 4294 lationem
2294 4240 2548 4292 habuere
2598 4236 2902 4290 orthodoxi
2963 4235 3224 4306 quinque
3308 4235 3630 4305 antistites,

1982 4327 2232 4380 quorum
2268 4310 2491 4377 primus
2515 4313 2641 4363 erat
2661 4306 3257 4380 Hypatiusepicopus
3282 4307 3634 4379 Ephesinus.

1985 4377 2183 4435 Patres
2210 4380 2525 4434 nounu'los
2555 4385 2837 4444 vetustos,
2890 4377 3067 4432 veluti
3118 4394 3295 4433 unam
3331 4377 3631 4435 'naturam

1985 4453 2084 4507 Dei
2113 4452 2288 4505 Verbi
2320 4453 2695 4506 decernentes
2727 4454 2859 4522 post
2906 4450 3256 4522 unitionem,
3301 4450 3635 4522 allegabant

1986 4524 2323 4577 heterodoxi
2354 4524 2646 4588 homines,
2679 4520 2918 4576 beatum
2967 4520 3271 4593 Cyrillum,
3304 4527 3361 4577 et
3394 4520 3631 4577 beatum

1979 4597 2367 4650 Athanasium
2401 4595 2801 4649 Alexandrina:
2835 4592 3087 4647 civitatis
3128 4594 3459 4664 episcopos,
3491 4593 3637 4649 Feli-

1980 4683 2125 4730 cem,
2158 4673 2215 4721 et
2244 4667 2471 4721 Julium
2508 4667 2778 4720 Romana:
2809 4664 3099 4736 Ecclesiae,
3138 4666 3480 4736 Gregorium
3516 4665 3633 4720 mi-

1980 4738 2255 4792 rabilium
2314 4740 2624 4802 factorum,
2686 4742 2741 4809 et
2798 4735 3141 4809 Dionysium
3198 4735 3633 4809 Areopagitam.

1980 4756 2255 4792 ramuum
2314 4756 2624 4802 laetorum,
2686 4756 2741 4791 et
2798 4756 3141 4807 Dionysium
3198 4756 3344 4793 areo
3391 4756 3633 4809 agnam.

1979 4811 2218 4879 Spurias
2249 4810 2445 4864 invehi
2479 4826 2544 4863 ac
2577 4807 2865 4862 venditari
2899 4824 3122 4862 merces
3158 4808 3302 4863 nihil
3353 4756 3633 4864 Eaesitans

1979 4882 2211 4953 reponit
2233 4882 2517 4953 Hypatius
2544 4883 2683 4953 :piln
2710 4879 3125 4953 tantumufalsae
3150 4885 3314 4945 sunt,
3338 4881 3637 4953 inquiens,

1980 4950 2257 5023 epistolae.
2288 4950 2405 5007 sive
2450 4951 2893 5023 testiﬁcationes
2938 4950 3049 5023 illa;
3108 4968 3256 5023 quas
3302 4950 3520 5018 dicitis,
3574 4957 3641 5006 ut

1980 5022 2171 5094 neque
2204 5041 2386 5077 unum
2405 5040 2472 5078 ex
2496 5022 2611 5077 illis
2645 5024 2853 5077 beatus
2884 5022 3398 5094 Cyrillusvoluerit
3444 5039 3633 5078 recor-

1980 5093 2127 5149 dari.
2166 5117 2190 5144 η
2225 5096 2633 5165 Suspicionem
2672 5094 2801 5147 falsi
2828 5093 3056 5165 amoliri
3082 5095 3321 5148 student
3341 5094 3639 5150 Severiani

1979 5172 2037 5221 et
2071 5168 2270 5221 aiunt:
2310 5164 2511 5231 «(Quid
2545 5181 2682 5236 ergo
2734 5164 3145 5235 suspicamini,
3202 5165 3341 5236 quia
3384 5184 3492 5222 nos
3538 5183 3640 5222 eas

1981 5238 2409 5293 falsavimus?»
2469 5237 2591 5309 Non
2623 5235 2812 5309 ipsis,
2862 5238 2961 5289 sed
3026 5235 3283 5309 antiquis
3336 5237 3642 5309 Apollina-

1984 5311 2141 5365 ristis
2177 5311 2467 5364 hancesse
2487 5308 2855 5362 tribuendam
2876 5308 3139 5361 fraudem
3155 5313 3213 5363 et
3244 5308 3640 5376 imposturam

1982 5382 2064 5437 ait
2096 5382 2379 5452 Hypatius
2414 5397 2425 5434 :
2467 5400 2486 5426 α
2526 5380 2633 5452 Vos
2668 5396 2783 5432 non
2807 5381 3207 5449 suspicamur,
3238 5380 3335 5434 sed
3360 5381 3637 5452 antiquos

1981 5450 2280 5507 haereticos
2316 5450 2782 5523 Apollinarislas.
2816 5475 2839 5523 ρ
2878 5455 3020 5504 Tum
3055 5452 3425 5508 contentione
3478 5450 3638 5509 mota

1981 5526 2053 5579 ob
2087 5526 2293 5580 citatos
2320 5521 2516 5594 Gyrilli
2546 5522 2727 5577 libros
2753 5521 3023 5577 Adversus
3060 5522 3359 5579 Diodorum
3388 5530 3442 5579 et
3470 5525 3636 5579 Theo-

1980 5597 2201 5661 dorum,
2253 5598 2321 5650 de
2366 5596 2581 5665 quibus
2647 5610 2893 5649 numero
2966 5599 3259 5666 sequente
3312 5597 3634 5666 expendere

1982 5669 2173 5739 pergit
2207 5669 2529 5735 Ephesinus
2563 5666 2807 5739 antistes
2838 5665 3473 5739 testimoniai’alru’m,
3509 5683 3635 5739 quis

1980 5736 2170 5810 primo
2222 5740 2343 5793 loco
2387 5738 2677 5793 θενεῖγὲθηί
2748 5737 3119 5810 attulerunt:
3186 5737 3326 5810 Nam
3363 5744 3420 5792 et
3476 5736 3639 5810 beati

1977 5808 2146 5877 Julii,
2182 5810 2475 5880 inquiens.
2498 5811 2786 5880 famosam
2808 5809 2968 5864 illam
2993 5808 3302 5880 epistolam
3328 5809 3641 5865 manifeste

1977 5879 2332 5955 Apollinaris
2365 5880 2735 5938 ostendimus
2766 5879 2969 5947 fuisse,
3002 5880 3284 5951 scriptam
3316 5881 3389 5936 ad
3421 5880 3640 5955 Diony-
