  <div class='ocr_page' id='page_1' title='image "/cluster/home/n/w/nwhite01/storage/ocr_20150623/4/mdp.39015078384529/540.png"; bbox 0 0 4162 6368; ppageno 0'>
   <div class='ocr_carea' id='block_1_1' title="bbox 241 297 379 352">
    <p class='ocr_par' dir='ltr' id='par_1_1' title="bbox 241 297 379 352">
     <span class='ocr_line' id='line_1_1' title="bbox 241 297 379 352; baseline -0.007 0"><span class='ocrx_word' id='word_1_1' title='bbox 241 297 379 352; x_wconf 89' lang='grc'>1033</span> 
     </span>
    </p>
   </div>
   <div class='ocr_carea' id='block_1_2' title="bbox 1255 293 2634 352">
    <p class='ocr_par' dir='ltr' id='par_1_2' title="bbox 1255 293 2634 352">
     <span class='ocr_line' id='line_1_2' title="bbox 1255 293 2634 352; baseline -0.003 -4"><span class='ocrx_word' id='word_1_2' title='bbox 1255 294 1590 352; x_wconf 76' lang='lat' dir='ltr'>VINDICIE</span> <span class='ocrx_word' id='word_1_3' title='bbox 1627 297 1928 352; x_wconf 79' lang='lat' dir='ltr'>OPERUM</span> <span class='ocrx_word' id='word_1_4' title='bbox 1965 293 2634 349; x_wconf 75' lang='lat' dir='ltr'>AROPAGITICORUM.</span> 
     </span>
    </p>
   </div>
   <div class='ocr_carea' id='block_1_3' title="bbox 3513 288 3649 344">
    <p class='ocr_par' dir='ltr' id='par_1_3' title="bbox 3513 288 3649 344">
     <span class='ocr_line' id='line_1_3' title="bbox 3513 288 3649 344; baseline 0.007 -1"><span class='ocrx_word' id='word_1_5' title='bbox 3513 288 3649 344; x_wconf 70' lang='grc'>1034</span> 
     </span>
    </p>
   </div>
   <div class='ocr_carea' id='block_1_4' title="bbox 236 415 3648 504">
    <p class='ocr_par' dir='ltr' id='par_1_4' title="bbox 236 415 3648 504">
     <span class='ocr_line' id='line_1_4' title="bbox 236 415 3648 504; baseline -0.001 -27"><span class='ocrx_word' id='word_1_6' title='bbox 236 421 1520 504; x_wconf 56' lang='lat' dir='ltr'>AreopagiticaOperalaudat_ille,utiturq_ue</span> <span class='ocrx_word' id='word_1_7' title='bbox 1544 420 1882 504; x_wconf 66' lang='lat' dir='ltr'>testimonio</span> <span class='ocrx_word' id='word_1_8' title='bbox 1914 423 1969 490; x_wconf 74' lang='grc' dir='ltr'>Α</span> <span class='ocrx_word' id='word_1_9' title='bbox 1995 417 2426 504; x_wconf 64' lang='lat' dir='ltr'>Alexandrinus</span> <span class='ocrx_word' id='word_1_10' title='bbox 2477 416 2849 504; x_wconf 68' lang='lat' dir='ltr'>adnotarunt.</span> <span class='ocrx_word' id='word_1_11' title='bbox 2881 439 2900 465; x_wconf 75' lang='grc' dir='ltr'>ι</span> <span class='ocrx_word' id='word_1_12' title='bbox 2938 415 3131 504; x_wconf 74' lang='lat' dir='ltr'>Aliam</span> <span class='ocrx_word' id='word_1_13' title='bbox 3160 417 3534 504; x_wconf 39' lang='lat' dir='ltr'>‘senten‘tiam</span> <span class='ocrx_word' id='word_1_14' title='bbox 3578 434 3648 504; x_wconf 81' lang='lat' dir='ltr'>ex</span> 
     </span>
    </p>
   </div>
   <div class='ocr_carea' id='block_1_5' title="bbox 233 494 1885 565">
    <p class='ocr_par' dir='ltr' id='par_1_5' title="bbox 233 494 1885 565">
     <span class='ocr_line' id='line_1_5' title="bbox 233 494 1885 565; baseline -0.002 -14"><span class='ocrx_word' id='word_1_15' title='bbox 233 512 301 551; x_wconf 85' lang='lat' dir='ltr'>ex</span> <span class='ocrx_word' id='word_1_16' title='bbox 333 494 578 550; x_wconf 32' lang='lat' dir='ltr'>libro’Dc</span> <span class='ocrx_word' id='word_1_17' title='bbox 600 494 808 551; x_wconf 82' lang='lat' dir='ltr'>divinis</span> <span class='ocrx_word' id='word_1_18' title='bbox 839 495 1158 550; x_wconf 80' lang='lat' dir='ltr'>nominibus</span> <span class='ocrx_word' id='word_1_19' title='bbox 1181 495 1386 548; x_wconf 99' lang='lat' dir='ltr'>desum</span> <span class='ocrx_word' id='word_1_20' title='bbox 1397 501 1516 565; x_wconf 93' lang='lat' dir='ltr'>pto.</span> <span class='ocrx_word' id='word_1_21' title='bbox 1544 494 1733 549; x_wconf 89' lang='lat' dir='ltr'>Verba</span> <span class='ocrx_word' id='word_1_22' title='bbox 1756 495 1885 563; x_wconf 76' lang='lat' dir='ltr'>ejus</span> 
     </span>
    </p>
   </div>
   <div class='ocr_carea' id='block_1_6' title="bbox 234 566 1882 636">
    <p class='ocr_par' dir='ltr' id='par_1_6' title="bbox 234 566 1882 636">
     <span class='ocr_line' id='line_1_6' title="bbox 234 566 1882 636; baseline -0.002 -14"><span class='ocrx_word' id='word_1_23' title='bbox 234 572 375 622; x_wconf 89' lang='lat' dir='ltr'>sunt</span> <span class='ocrx_word' id='word_1_24' title='bbox 408 567 562 636; x_wconf 89' lang='lat' dir='ltr'>apud</span> <span class='ocrx_word' id='word_1_25' title='bbox 597 566 866 622; x_wconf 87' lang='lat' dir='ltr'>Photium</span> <span class='ocrx_word' id='word_1_26' title='bbox 889 567 1088 621; x_wconf 86' lang='lat' dir='ltr'>codice</span> <span class='ocrx_word' id='word_1_27' title='bbox 1108 566 1216 619; x_wconf 87' lang='lat'>229</span> <span class='ocrx_word' id='word_1_28' title='bbox 1240 567 1740 634; x_wconf 82' lang='lat' dir='ltr'>juxtaversionem</span> <span class='ocrx_word' id='word_1_29' title='bbox 1765 575 1882 619; x_wconf 84' lang='lat' dir='ltr'>An-</span> 
     </span>
    </p>
   </div>
   <div class='ocr_carea' id='block_1_7' title="bbox 234 637 1884 709">
    <p class='ocr_par' dir='ltr' id='par_1_7' title="bbox 234 637 1884 709">
     <span class='ocr_line' id='line_1_7' title="bbox 234 637 1884 709; baseline -0.002 -16"><span class='ocrx_word' id='word_1_30' title='bbox 234 641 382 694; x_wconf 76' lang='lat' dir='ltr'>drea:</span> <span class='ocrx_word' id='word_1_31' title='bbox 413 637 638 693; x_wconf 87' lang='lat' dir='ltr'>Scbotti</span> <span class='ocrx_word' id='word_1_32' title='bbox 673 656 685 693; x_wconf 91' lang='lat'><strong>:</strong></span> <span class='ocrx_word' id='word_1_33' title='bbox 723 661 744 688; x_wconf 70' lang='grc' dir='ltr'><strong><em>α</em></strong></span> <span class='ocrx_word' id='word_1_34' title='bbox 777 639 846 692; x_wconf 88' lang='lat' dir='ltr'>Et</span> <span class='ocrx_word' id='word_1_35' title='bbox 879 654 1054 692; x_wconf 90' lang='lat' dir='ltr'>unam</span> <span class='ocrx_word' id='word_1_36' title='bbox 1091 653 1424 709; x_wconf 82' lang='lat' dir='ltr'>personam,</span> <span class='ocrx_word' id='word_1_37' title='bbox 1460 638 1566 692; x_wconf 91' lang='lat' dir='ltr'>hoc</span> <span class='ocrx_word' id='word_1_38' title='bbox 1599 643 1687 692; x_wconf 89' lang='lat' dir='ltr'>est</span> <span class='ocrx_word' id='word_1_39' title='bbox 1711 637 1884 692; x_wconf 83' lang='lat' dir='ltr'>Verbi</span> 
     </span>
    </p>
   </div>
   <div class='ocr_carea' id='block_1_8' title="bbox 233 709 1882 781">
    <p class='ocr_par' dir='ltr' id='par_1_8' title="bbox 233 709 1882 781">
     <span class='ocr_line' id='line_1_8' title="bbox 233 709 1882 781; baseline -0.001 -17"><span class='ocrx_word' id='word_1_40' title='bbox 233 711 524 765; x_wconf 89' lang='lat' dir='ltr'>incarnati</span> <span class='ocrx_word' id='word_1_41' title='bbox 567 709 929 781; x_wconf 87' lang='lat' dir='ltr'>hypostasim</span> <span class='ocrx_word' id='word_1_42' title='bbox 963 710 1454 781; x_wconf 71' lang='lat' dir='ltr'>pronuntiamus.</span> <span class='ocrx_word' id='word_1_43' title='bbox 1509 709 1882 780; x_wconf 88' lang='lat' dir='ltr'>Quandoqui-</span> 
     </span>
    </p>
   </div>
   <div class='ocr_carea' id='block_1_9' title="bbox 232 780 1882 853">
    <p class='ocr_par' dir='ltr' id='par_1_9' title="bbox 232 780 1882 853">
     <span class='ocr_line' id='line_1_9' title="bbox 232 780 1882 853; baseline 0.001 -18"><span class='ocrx_word' id='word_1_44' title='bbox 232 784 364 837; x_wconf 88' lang='lat' dir='ltr'>dem</span> <span class='ocrx_word' id='word_1_45' title='bbox 393 780 724 851; x_wconf 74' lang='lat' dir='ltr'>simplicem</span> <span class='ocrx_word' id='word_1_46' title='bbox 763 781 925 853; x_wconf 88' lang='lat' dir='ltr'>ponit</span> <span class='ocrx_word' id='word_1_47' title='bbox 951 780 1152 836; x_wconf 88' lang='lat' dir='ltr'>Jesum</span> <span class='ocrx_word' id='word_1_48' title='bbox 1180 781 1350 836; x_wconf 82' lang='lat' dir='ltr'>divus</span> <span class='ocrx_word' id='word_1_49' title='bbox 1375 781 1688 852; x_wconf 87' lang='lat' dir='ltr'>Dionysius</span> <span class='ocrx_word' id='word_1_50' title='bbox 1711 783 1882 836; x_wconf 71' lang='lat' dir='ltr'>Areo-</span> 
     </span>
    </p>
   </div>
   <div class='ocr_carea' id='block_1_10' title="bbox 233 853 1882 925">
    <p class='ocr_par' dir='ltr' id='par_1_10' title="bbox 233 853 1882 925">
     <span class='ocr_line' id='line_1_10' title="bbox 233 853 1882 925; baseline -0.002 -15"><span class='ocrx_word' id='word_1_51' title='bbox 233 856 426 924; x_wconf 79' lang='lat' dir='ltr'>pagila</span> <span class='ocrx_word' id='word_1_52' title='bbox 461 855 541 925; x_wconf 81' lang='lat' dir='ltr'>(in</span> <span class='ocrx_word' id='word_1_53' title='bbox 574 853 724 908; x_wconf 88' lang='lat' dir='ltr'>libro</span> <span class='ocrx_word' id='word_1_54' title='bbox 760 859 837 909; x_wconf 84' lang='lat' dir='ltr'>De</span> <span class='ocrx_word' id='word_1_55' title='bbox 866 853 1070 908; x_wconf 76' lang='lat' dir='ltr'>divinis</span> <span class='ocrx_word' id='word_1_56' title='bbox 1100 853 1440 919; x_wconf 77' lang='lat' dir='ltr'>nominibus)</span> <span class='ocrx_word' id='word_1_57' title='bbox 1481 860 1539 908; x_wconf 88' lang='lat' dir='ltr'>et</span> <span class='ocrx_word' id='word_1_58' title='bbox 1587 855 1656 925; x_wconf 84' lang='lat' dir='ltr'>de</span> <span class='ocrx_word' id='word_1_59' title='bbox 1703 853 1882 924; x_wconf 87' lang='lat' dir='ltr'>hypo-</span> 
     </span>
    </p>
   </div>
   <div class='ocr_carea' id='block_1_11' title="bbox 232 924 1882 996">
    <p class='ocr_par' dir='ltr' id='par_1_11' title="bbox 232 924 1882 996">
     <span class='ocr_line' id='line_1_11' title="bbox 232 924 1882 996; baseline -0.001 -17"><span class='ocrx_word' id='word_1_60' title='bbox 232 924 474 980; x_wconf 39' lang='lat' dir='ltr'>statica&#39;</span> <span class='ocrx_word' id='word_1_61' title='bbox 514 926 756 996; x_wconf 84' lang='lat' dir='ltr'>quidem</span> <span class='ocrx_word' id='word_1_62' title='bbox 813 927 1026 980; x_wconf 85' lang='lat' dir='ltr'>unione</span> <span class='ocrx_word' id='word_1_63' title='bbox 1090 926 1252 994; x_wconf 87' lang='lat' dir='ltr'>juste</span> <span class='ocrx_word' id='word_1_64' title='bbox 1326 930 1526 979; x_wconf 89' lang='lat' dir='ltr'>contra</span> <span class='ocrx_word' id='word_1_65' title='bbox 1606 924 1882 995; x_wconf 82' lang='lat' dir='ltr'>pietatem</span> 
     </span>
    </p>
   </div>
   <div class='ocr_carea' id='block_1_12' title="bbox 232 996 1882 1067">
    <p class='ocr_par' dir='ltr' id='par_1_12' title="bbox 232 996 1882 1067">
     <span class='ocr_line' id='line_1_12' title="bbox 232 996 1882 1067; baseline -0.001 -17"><span class='ocrx_word' id='word_1_66' title='bbox 232 998 620 1067; x_wconf 81' lang='lat' dir='ltr'>compositum</span> <span class='ocrx_word' id='word_1_67' title='bbox 655 996 890 1062; x_wconf 87' lang='lat' dir='ltr'>dicitur;</span> <span class='ocrx_word' id='word_1_68' title='bbox 919 997 1308 1064; x_wconf 86' lang='lat' dir='ltr'>compositum</span> <span class='ocrx_word' id='word_1_69' title='bbox 1345 1013 1474 1050; x_wconf 88' lang='lat' dir='ltr'>vero</span> <span class='ocrx_word' id='word_1_70' title='bbox 1497 996 1688 1051; x_wconf 86' lang='lat' dir='ltr'>dicere</span> <span class='ocrx_word' id='word_1_71' title='bbox 1712 1012 1882 1050; x_wconf 90' lang='lat' dir='ltr'>nemo</span> 
     </span>
    </p>
   </div>
   <div class='ocr_carea' id='block_1_13' title="bbox 231 1068 1882 1139">
    <p class='ocr_par' dir='ltr' id='par_1_13' title="bbox 231 1068 1882 1139">
     <span class='ocr_line' id='line_1_13' title="bbox 231 1068 1882 1139; baseline -0.001 -17"><span class='ocrx_word' id='word_1_72' title='bbox 231 1070 445 1123; x_wconf 78' lang='lat' dir='ltr'>audeat</span> <span class='ocrx_word' id='word_1_73' title='bbox 504 1075 711 1139; x_wconf 70' lang='lat' dir='ltr'>praeter</span> <span class='ocrx_word' id='word_1_74' title='bbox 768 1068 1280 1138; x_wconf 83' lang='lat' dir='ltr'>Apollinarium.»</span> <span class='ocrx_word' id='word_1_75' title='bbox 1317 1068 1596 1122; x_wconf 85' lang='lat' dir='ltr'>Vitiosam</span> <span class='ocrx_word' id='word_1_76' title='bbox 1659 1068 1882 1137; x_wconf 80' lang='lat' dir='ltr'>corrige</span> 
     </span>
    </p>
   </div>
   <div class='ocr_carea' id='block_1_14' title="bbox 232 1139 1879 1208">
    <p class='ocr_par' dir='ltr' id='par_1_14' title="bbox 232 1139 1879 1208">
     <span class='ocr_line' id='line_1_14' title="bbox 232 1139 1879 1208; baseline -0.001 -14"><span class='ocrx_word' id='word_1_77' title='bbox 232 1142 677 1195; x_wconf 81' lang='lat' dir='ltr'>translationem</span> <span class='ocrx_word' id='word_1_78' title='bbox 712 1155 724 1192; x_wconf 91' lang='lat'><strong>:</strong></span> <span class='ocrx_word' id='word_1_79' title='bbox 761 1162 787 1188; x_wconf 84' lang='grc'>‹‹</span> <span class='ocrx_word' id='word_1_80' title='bbox 823 1141 1111 1206; x_wconf 89' lang='lat' dir='ltr'>Quoniam</span> <span class='ocrx_word' id='word_1_81' title='bbox 1144 1144 1200 1193; x_wconf 90' lang='lat' dir='ltr'>et</span> <span class='ocrx_word' id='word_1_82' title='bbox 1232 1139 1484 1208; x_wconf 80' lang='lat' dir='ltr'>simplex</span> <span class='ocrx_word' id='word_1_83' title='bbox 1515 1141 1687 1195; x_wconf 88' lang='lat' dir='ltr'>Jesus</span> <span class='ocrx_word' id='word_1_84' title='bbox 1720 1157 1879 1193; x_wconf 90' lang='lat' dir='ltr'>com-</span> 
     </span>
    </p>
   </div>
   <div class='ocr_carea' id='block_1_15' title="bbox 234 1208 1880 1282">
    <p class='ocr_par' dir='ltr' id='par_1_15' title="bbox 234 1208 1880 1282">
     <span class='ocr_line' id='line_1_15' title="bbox 234 1208 1880 1282; baseline 0.001 -19"><span class='ocrx_word' id='word_1_85' title='bbox 234 1212 601 1282; x_wconf 76' lang='lat' dir='ltr'>ponebatur,</span> <span class='ocrx_word' id='word_1_86' title='bbox 661 1208 870 1271; x_wconf 75' lang='grc' dir='ltr'>ἀπλοῦς</span> <span class='ocrx_word' id='word_1_87' title='bbox 927 1212 1138 1279; x_wconf 73' lang='grc' dir='ltr'>Ἰησοῦς</span> <span class='ocrx_word' id='word_1_88' title='bbox 1203 1209 1496 1279; x_wconf 69' lang='grc' dir='ltr'>συνετέθη,</span> <span class='ocrx_word' id='word_1_89' title='bbox 1553 1212 1880 1266; x_wconf 88' lang='lat' dir='ltr'>secundum</span> 
     </span>
    </p>
   </div>
   <div class='ocr_carea' id='block_1_16' title="bbox 231 1282 1882 1354">
    <p class='ocr_par' dir='ltr' id='par_1_16' title="bbox 231 1282 1882 1354">
     <span class='ocr_line' id='line_1_16' title="bbox 231 1282 1882 1354; baseline 0 -17"><span class='ocrx_word' id='word_1_90' title='bbox 231 1289 504 1338; x_wconf 85' lang='lat' dir='ltr'>sanctum</span> <span class='ocrx_word' id='word_1_91' title='bbox 523 1283 927 1354; x_wconf 83' lang='lat' dir='ltr'>Arenpagitam</span> <span class='ocrx_word' id='word_1_92' title='bbox 948 1282 1313 1353; x_wconf 86' lang='lat' dir='ltr'>Dionysium.</span> <span class='ocrx_word' id='word_1_93' title='bbox 1336 1283 1561 1337; x_wconf 87' lang='lat' dir='ltr'>Etenim</span> <span class='ocrx_word' id='word_1_94' title='bbox 1579 1284 1650 1337; x_wconf 91' lang='lat' dir='ltr'>de</span> <span class='ocrx_word' id='word_1_95' title='bbox 1667 1283 1882 1338; x_wconf 80' lang='lat' dir='ltr'>unione</span> 
     </span>
    </p>
   </div>
   <div class='ocr_carea' id='block_1_17' title="bbox 230 1354 1881 1425">
    <p class='ocr_par' dir='ltr' id='par_1_17' title="bbox 230 1354 1881 1425">
     <span class='ocr_line' id='line_1_17' title="bbox 230 1354 1881 1425; baseline 0 -17"><span class='ocrx_word' id='word_1_96' title='bbox 230 1355 555 1410; x_wconf 89' lang='lat' dir='ltr'>secundum</span> <span class='ocrx_word' id='word_1_97' title='bbox 590 1354 972 1425; x_wconf 85' lang='lat' dir='ltr'>hypostasim,</span> <span class='ocrx_word' id='word_1_98' title='bbox 1009 1355 1437 1425; x_wconf 39' lang='lat' dir='ltr'>justeab‘ipsa</span> <span class='ocrx_word' id='word_1_99' title='bbox 1470 1355 1684 1425; x_wconf 84' lang='lat' dir='ltr'>pietate</span> <span class='ocrx_word' id='word_1_100' title='bbox 1723 1370 1881 1408; x_wconf 82' lang='lat' dir='ltr'>com-</span> 
     </span>
    </p>
   </div>
   <div class='ocr_carea' id='block_1_18' title="bbox 229 1419 1878 1499">
    <p class='ocr_par' dir='ltr' id='par_1_18' title="bbox 229 1419 1878 1499">
     <span class='ocr_line' id='line_1_18' title="bbox 229 1419 1878 1499; baseline -0.001 -19"><span class='ocrx_word' id='word_1_101' title='bbox 229 1428 489 1497; x_wconf 87' lang='lat' dir='ltr'>positum</span> <span class='ocrx_word' id='word_1_102' title='bbox 519 1498 522 1499; x_wconf 15' lang='grc' dir='ltr'><em>ν</em></span> <span class='ocrx_word' id='word_1_103' title='bbox 549 1419 786 1490; x_wconf 53' lang='lat' dir='ltr'>dicitur,</span> <span class='ocrx_word' id='word_1_104' title='bbox 834 1425 980 1499; x_wconf 73' lang='grc' dir='ltr'>παρὰ</span> <span class='ocrx_word' id='word_1_105' title='bbox 1010 1419 1424 1499; x_wconf 27' lang='grc' dir='ltr'>’τῆς-εὐσεϐεἶᾳς</span> <span class='ocrx_word' id='word_1_106' title='bbox 1454 1419 1517 1478; x_wconf 71' lang='grc' dir='ltr'>σξὸ</span> <span class='ocrx_word' id='word_1_107' title='bbox 1576 1425 1829 1499; x_wconf 43' lang='lat' dir='ltr'>esp/Oeae):</span> <span class='ocrx_word' id='word_1_108' title='bbox 1864 1442 1878 1480; x_wconf 87' lang='lat'><strong>:</strong></span> 
     </span>
    </p>
   </div>
   <div class='ocr_carea' id='block_1_19' title="bbox 233 1494 1878 1567">
    <p class='ocr_par' dir='ltr' id='par_1_19' title="bbox 233 1494 1878 1567">
     <span class='ocr_line' id='line_1_19' title="bbox 233 1494 1878 1567; baseline -0.001 -17"><span class='ocrx_word' id='word_1_109' title='bbox 233 1494 625 1553; x_wconf 71' lang='lat' dir='ltr'>substantiam</span> <span class='ocrx_word' id='word_1_110' title='bbox 660 1504 855 1552; x_wconf 89' lang='lat' dir='ltr'>autem</span> <span class='ocrx_word' id='word_1_111' title='bbox 889 1494 1299 1567; x_wconf 80' lang='lat' dir='ltr'>compositam,</span> <span class='ocrx_word' id='word_1_112' title='bbox 1325 1498 1572 1558; x_wconf 72' lang='grc' dir='ltr'>σύνθετον</span> <span class='ocrx_word' id='word_1_113' title='bbox 1608 1494 1663 1550; x_wconf 74' lang='grc' dir='ltr'>δὲ</span> <span class='ocrx_word' id='word_1_114' title='bbox 1695 1495 1878 1550; x_wconf 68' lang='grc' dir='ltr'>οὐσίαν</span> 
     </span>
    </p>
   </div>
   <div class='ocr_carea' id='block_1_20' title="bbox 230 1571 1741 1641">
    <p class='ocr_par' dir='ltr' id='par_1_20' title="bbox 230 1571 1741 1641">
     <span class='ocr_line' id='line_1_20' title="bbox 230 1571 1741 1641; baseline -0.003 -17"><span class='ocrx_word' id='word_1_115' title='bbox 230 1587 401 1625; x_wconf 91' lang='lat' dir='ltr'>nemo</span> <span class='ocrx_word' id='word_1_116' title='bbox 433 1571 621 1625; x_wconf 85' lang='lat' dir='ltr'>dicere</span> <span class='ocrx_word' id='word_1_117' title='bbox 655 1587 838 1625; x_wconf 88' lang='lat' dir='ltr'>ausus</span> <span class='ocrx_word' id='word_1_118' title='bbox 871 1577 960 1625; x_wconf 89' lang='lat' dir='ltr'>est</span> <span class='ocrx_word' id='word_1_119' title='bbox 991 1576 1200 1640; x_wconf 66' lang='lat' dir='ltr'>praeter</span> <span class='ocrx_word' id='word_1_120' title='bbox 1231 1571 1682 1641; x_wconf 80' lang='lat' dir='ltr'>Apollinarium.</span> <span class='ocrx_word' id='word_1_121' title='bbox 1722 1595 1741 1620; x_wconf 73' lang='grc' dir='ltr'><strong><em>η</em></strong></span> 
     </span>
    </p>
   </div>
   <div class='ocr_carea' id='block_1_21' title="bbox 1035 1700 1084 1754">
    <p class='ocr_par' dir='ltr' id='par_1_21' title="bbox 1035 1700 1084 1754">
     <span class='ocr_line' id='line_1_21' title="bbox 1035 1700 1084 1754; baseline 0 0"><span class='ocrx_word' id='word_1_122' title='bbox 1035 1700 1084 1754; x_wconf 86' lang='lat' dir='ltr'><strong>V</strong></span> 
     </span>
    </p>
   </div>
   <div class='ocr_carea' id='block_1_22' title="bbox 231 1799 1958 1871">
    <p class='ocr_par' dir='ltr' id='par_1_22' title="bbox 231 1799 1958 1871">
     <span class='ocr_line' id='line_1_22' title="bbox 231 1799 1958 1871; baseline -0.002 -14"><span class='ocrx_word' id='word_1_123' title='bbox 231 1803 302 1857; x_wconf 77' lang='lat' dir='ltr'>De</span> <span class='ocrx_word' id='word_1_124' title='bbox 332 1801 444 1854; x_wconf 83' lang='lat' dir='ltr'>alio</span> <span class='ocrx_word' id='word_1_125' title='bbox 474 1800 978 1870; x_wconf 79' lang='lat' dir='ltr'>Areopagiticorum</span> <span class='ocrx_word' id='word_1_126' title='bbox 1008 1799 1318 1866; x_wconf 62' lang='lat' dir='ltr'>scholiasle,</span> <span class='ocrx_word' id='word_1_127' title='bbox 1353 1802 1612 1871; x_wconf 79' lang='lat' dir='ltr'>Dionysio</span> <span class='ocrx_word' id='word_1_128' title='bbox 1636 1802 1878 1857; x_wconf 73' lang='lat' dir='ltr'>Alexan-</span> <span class='ocrx_word' id='word_1_129' title='bbox 1914 1806 1958 1869; x_wconf 86' lang='lat' dir='ltr'><strong>B</strong></span> 
     </span>
    </p>
   </div>
   <div class='ocr_carea' id='block_1_23' title="bbox 301 1871 1880 1942">
    <p class='ocr_par' dir='ltr' id='par_1_23' title="bbox 301 1871 1880 1942">
     <span class='ocr_line' id='line_1_23' title="bbox 301 1871 1880 1942; baseline 0 -19"><span class='ocrx_word' id='word_1_130' title='bbox 301 1871 487 1935; x_wconf 70' lang='lat' dir='ltr'>ili-ina,</span> <span class='ocrx_word' id='word_1_131' title='bbox 519 1873 843 1942; x_wconf 75' lang='lat' dir='ltr'>inquiritur.</span> <span class='ocrx_word' id='word_1_132' title='bbox 881 1879 965 1925; x_wconf 76' lang='lat' dir='ltr'>An</span> <span class='ocrx_word' id='word_1_133' title='bbox 996 1878 1208 1935; x_wconf 80' lang='lat' dir='ltr'>eadem,</span> <span class='ocrx_word' id='word_1_134' title='bbox 1245 1888 1369 1942; x_wconf 67' lang='lat' dir='ltr'>quae</span> <span class='ocrx_word' id='word_1_135' title='bbox 1389 1875 1626 1927; x_wconf 84' lang='lat' dir='ltr'>Joannes</span> <span class='ocrx_word' id='word_1_136' title='bbox 1654 1874 1880 1942; x_wconf 67' lang='lat' dir='ltr'>Scytha-</span> 
     </span>
    </p>
   </div>
   <div class='ocr_carea' id='block_1_24' title="bbox 296 1942 1882 2013">
    <p class='ocr_par' dir='ltr' id='par_1_24' title="bbox 296 1942 1882 2013">
     <span class='ocr_line' id='line_1_24' title="bbox 296 1942 1882 2013; baseline 0.001 -16"><span class='ocrx_word' id='word_1_137' title='bbox 296 1942 579 2013; x_wconf 80' lang='lat' dir='ltr'>polilunus</span> <span class='ocrx_word' id='word_1_138' title='bbox 615 1943 951 2006; x_wconf 78' lang='lat' dir='ltr'>lucubravit,</span> <span class='ocrx_word' id='word_1_139' title='bbox 986 1943 1244 2013; x_wconf 76' lang='lat' dir='ltr'>Dionysii</span> <span class='ocrx_word' id='word_1_140' title='bbox 1265 1946 1882 2000; x_wconf 69' lang='lat' dir='ltr'>Alexandrininomine</span> 
     </span>
    </p>
   </div>
   <div class='ocr_carea' id='block_1_25' title="bbox 297 2014 1880 2087">
    <p class='ocr_par' dir='ltr' id='par_1_25' title="bbox 297 2014 1880 2087">
     <span class='ocr_line' id='line_1_25' title="bbox 297 2014 1880 2087; baseline 0.003 -21"><span class='ocrx_word' id='word_1_141' title='bbox 297 2017 609 2087; x_wconf 56' lang='lat' dir='ltr'>prwnolala</span> <span class='ocrx_word' id='word_1_142' title='bbox 663 2014 873 2070; x_wconf 78' lang='lat' dir='ltr'>scholia</span> <span class='ocrx_word' id='word_1_143' title='bbox 926 2016 1190 2085; x_wconf 74' lang='lat' dir='ltr'>fuerint?</span> <span class='ocrx_word' id='word_1_144' title='bbox 1227 2015 1359 2083; x_wconf 82' lang='lat' dir='ltr'>Quis</span> <span class='ocrx_word' id='word_1_145' title='bbox 1423 2015 1520 2070; x_wconf 82' lang='lat' dir='ltr'>ille</span> <span class='ocrx_word' id='word_1_146' title='bbox 1581 2015 1880 2087; x_wconf 75' lang='lat' dir='ltr'>Dionysius</span> 
     </span>
    </p>
   </div>
   <div class='ocr_carea' id='block_1_26' title="bbox 300 2085 1878 2158">
    <p class='ocr_par' dir='ltr' id='par_1_26' title="bbox 300 2085 1878 2158">
     <span class='ocr_line' id='line_1_26' title="bbox 300 2085 1878 2158; baseline 0.003 -18"><span class='ocrx_word' id='word_1_147' title='bbox 300 2085 749 2140; x_wconf 57' lang='lat' dir='ltr'>Alexandrinus?</span> <span class='ocrx_word' id='word_1_148' title='bbox 800 2087 987 2155; x_wconf 79' lang='lat' dir='ltr'>Magno</span> <span class='ocrx_word' id='word_1_149' title='bbox 1046 2089 1312 2154; x_wconf 79' lang='lat' dir='ltr'>Dionysio</span> <span class='ocrx_word' id='word_1_150' title='bbox 1359 2085 1878 2158; x_wconf 44' lang='lat' dir='ltr'>Alexandriae—epi-</span> 
     </span>
    </p>
   </div>
   <div class='ocr_carea' id='block_1_27' title="bbox 298 2157 1880 2229">
    <p class='ocr_par' dir='ltr' id='par_1_27' title="bbox 298 2157 1880 2229">
     <span class='ocr_line' id='line_1_27' title="bbox 298 2157 1880 2229; baseline 0.001 -16"><span class='ocrx_word' id='word_1_151' title='bbox 298 2174 454 2228; x_wconf 72' lang='grc' dir='ltr'>δεομο</span> <span class='ocrx_word' id='word_1_152' title='bbox 483 2174 774 2226; x_wconf 76' lang='lat' dir='ltr'>perperam</span> <span class='ocrx_word' id='word_1_153' title='bbox 807 2159 931 2229; x_wconf 82' lang='lat' dir='ltr'>ipsa</span> <span class='ocrx_word' id='word_1_154' title='bbox 972 2157 1355 2229; x_wconf 17' lang='lat' dir='ltr'>,Areoliagitica</span> <span class='ocrx_word' id='word_1_155' title='bbox 1385 2175 1551 2229; x_wconf 83' lang='lat' dir='ltr'>opera</span> <span class='ocrx_word' id='word_1_156' title='bbox 1579 2157 1880 2216; x_wconf 78' lang='lat' dir='ltr'>tribuenda</span> 
     </span>
    </p>
   </div>
   <div class='ocr_carea' id='block_1_28' title="bbox 297 2228 1493 2300">
    <p class='ocr_par' dir='ltr' id='par_1_28' title="bbox 297 2228 1493 2300">
     <span class='ocr_line' id='line_1_28' title="bbox 297 2228 1493 2300; baseline -0.002 -16"><span class='ocrx_word' id='word_1_157' title='bbox 297 2229 523 2297; x_wconf 80' lang='lat' dir='ltr'>coniicit</span> <span class='ocrx_word' id='word_1_158' title='bbox 551 2234 793 2286; x_wconf 83' lang='lat' dir='ltr'>Joannes</span> <span class='ocrx_word' id='word_1_159' title='bbox 825 2228 1118 2300; x_wconf 82' lang='lat' dir='ltr'>Philippus</span> <span class='ocrx_word' id='word_1_160' title='bbox 1153 2228 1493 2284; x_wconf 79' lang='lat' dir='ltr'>Baraterins.</span> 
     </span>
    </p>
   </div>
   <div class='ocr_carea' id='block_1_29' title="bbox 297 2353 1875 2424">
    <p class='ocr_par' dir='ltr' id='par_1_29' title="bbox 297 2353 1875 2424">
     <span class='ocr_line' id='line_1_29' title="bbox 297 2353 1875 2424; baseline 0.001 -16"><span class='ocrx_word' id='word_1_161' title='bbox 297 2353 419 2408; x_wconf 88' lang='lat' dir='ltr'>Non</span> <span class='ocrx_word' id='word_1_162' title='bbox 457 2353 624 2422; x_wconf 87' lang='lat' dir='ltr'>pauci</span> <span class='ocrx_word' id='word_1_163' title='bbox 657 2353 1203 2423; x_wconf 84' lang='lat' dir='ltr'>Areopagiticorum</span> <span class='ocrx_word' id='word_1_164' title='bbox 1239 2369 1480 2424; x_wconf 91' lang='lat' dir='ltr'>operum</span> <span class='ocrx_word' id='word_1_165' title='bbox 1515 2354 1875 2422; x_wconf 83' lang='lat' dir='ltr'>Scholiastae,</span> 
     </span>
    </p>
   </div>
   <div class='ocr_carea' id='block_1_30' title="bbox 230 2426 1879 2497">
    <p class='ocr_par' dir='ltr' id='par_1_30' title="bbox 230 2426 1879 2497">
     <span class='ocr_line' id='line_1_30' title="bbox 230 2426 1879 2497; baseline 0.002 -19"><span class='ocrx_word' id='word_1_166' title='bbox 230 2427 468 2480; x_wconf 86' lang='lat' dir='ltr'>nomine</span> <span class='ocrx_word' id='word_1_167' title='bbox 520 2441 860 2496; x_wconf 88' lang='lat' dir='ltr'>suppresso,</span> <span class='ocrx_word' id='word_1_168' title='bbox 923 2431 1326 2497; x_wconf 84' lang='lat' dir='ltr'>memorantur</span> <span class='ocrx_word' id='word_1_169' title='bbox 1359 2426 1413 2479; x_wconf 91' lang='lat' dir='ltr'>in</span> <span class='ocrx_word' id='word_1_170' title='bbox 1473 2426 1706 2480; x_wconf 76' lang='lat' dir='ltr'>Scholiis</span> <span class='ocrx_word' id='word_1_171' title='bbox 1749 2443 1879 2497; x_wconf 69' lang='lat' dir='ltr'>qua:</span> 
     </span>
    </p>
   </div>
   <div class='ocr_carea' id='block_1_31' title="bbox 227 2495 1878 2568">
    <p class='ocr_par' dir='ltr' id='par_1_31' title="bbox 227 2495 1878 2568">
     <span class='ocr_line' id='line_1_31' title="bbox 227 2495 1878 2568; baseline 0.002 -18"><span class='ocrx_word' id='word_1_172' title='bbox 227 2498 289 2552; x_wconf 89' lang='lat' dir='ltr'>S.</span> <span class='ocrx_word' id='word_1_173' title='bbox 335 2495 957 2551; x_wconf 26' lang='lat' dir='ltr'>Maximo’tribuuntur</span> <span class='ocrx_word' id='word_1_174' title='bbox 979 2495 1044 2568; x_wconf 82' lang='lat' dir='ltr'>in</span> <span class='ocrx_word' id='word_1_175' title='bbox 1079 2496 1334 2550; x_wconf 91' lang='lat' dir='ltr'>editione</span> <span class='ocrx_word' id='word_1_176' title='bbox 1366 2497 1735 2567; x_wconf 88' lang='lat' dir='ltr'>Corderiaua,</span> <span class='ocrx_word' id='word_1_177' title='bbox 1762 2495 1878 2568; x_wconf 78' lang='lat' dir='ltr'>qua</span> 
     </span>
    </p>
   </div>
   <div class='ocr_carea' id='block_1_32' title="bbox 228 2566 1877 2640">
    <p class='ocr_par' dir='ltr' id='par_1_32' title="bbox 228 2566 1877 2640">
     <span class='ocr_line' id='line_1_32' title="bbox 228 2566 1877 2640; baseline 0.002 -19"><span class='ocrx_word' id='word_1_178' title='bbox 228 2578 378 2622; x_wconf 88' lang='lat' dir='ltr'>utcr.</span> <span class='ocrx_word' id='word_1_179' title='bbox 412 2569 497 2622; x_wconf 91' lang='lat' dir='ltr'>Ad</span> <span class='ocrx_word' id='word_1_180' title='bbox 531 2574 707 2640; x_wconf 87' lang='lat' dir='ltr'>caput</span> <span class='ocrx_word' id='word_1_181' title='bbox 738 2571 796 2621; x_wconf 85' lang='grc'><strong>11</strong></span> <span class='ocrx_word' id='word_1_182' title='bbox 835 2569 908 2622; x_wconf 78' lang='lat' dir='ltr'>De</span> <span class='ocrx_word' id='word_1_183' title='bbox 955 2566 1160 2622; x_wconf 81' lang='lat' dir='ltr'>divinis</span> <span class='ocrx_word' id='word_1_184' title='bbox 1183 2568 1543 2640; x_wconf 74' lang='lat' dir='ltr'>nominibus,</span> <span class='ocrx_word' id='word_1_185' title='bbox 1600 2585 1625 2628; x_wconf 56' lang='grc' dir='ltr'>ξ</span> <span class='ocrx_word' id='word_1_186' title='bbox 1663 2566 1728 2635; x_wconf 49' lang='grc'>1,⁷</span> <span class='ocrx_word' id='word_1_187' title='bbox 1756 2566 1877 2625; x_wconf 68' lang='lat' dir='ltr'>hinc</span> 
     </span>
    </p>
   </div>
   <div class='ocr_carea' id='block_1_33' title="bbox 228 2638 1872 2710">
    <p class='ocr_par' dir='ltr' id='par_1_33' title="bbox 228 2638 1872 2710">
     <span class='ocr_line' id='line_1_33' title="bbox 228 2638 1872 2710; baseline 0.001 -17"><span class='ocrx_word' id='word_1_188' title='bbox 228 2640 521 2694; x_wconf 76' lang='lat' dir='ltr'>habentur</span> <span class='ocrx_word' id='word_1_189' title='bbox 553 2657 568 2692; x_wconf 90' lang='lat'><strong><em>:</em></strong></span> <span class='ocrx_word' id='word_1_190' title='bbox 604 2638 627 2689; x_wconf 75' lang='grc' dir='ltr'>ἱι</span> <span class='ocrx_word' id='word_1_191' title='bbox 665 2639 746 2693; x_wconf 80' lang='lat' dir='ltr'>Ad</span> <span class='ocrx_word' id='word_1_192' title='bbox 775 2640 1061 2706; x_wconf 83' lang='lat' dir='ltr'>integram</span> <span class='ocrx_word' id='word_1_193' title='bbox 1090 2638 1378 2695; x_wconf 72' lang='lat' dir='ltr'>unitatem.</span> <span class='ocrx_word' id='word_1_194' title='bbox 1414 2640 1703 2710; x_wconf 82' lang='lat' dir='ltr'>Integram</span> <span class='ocrx_word' id='word_1_195' title='bbox 1740 2643 1872 2696; x_wconf 90' lang='lat' dir='ltr'>uni-</span> 
     </span>
    </p>
   </div>
   <div class='ocr_carea' id='block_1_34' title="bbox 229 2710 1874 2784">
    <p class='ocr_par' dir='ltr' id='par_1_34' title="bbox 229 2710 1874 2784">
     <span class='ocr_line' id='line_1_34' title="bbox 229 2710 1874 2784; baseline 0.003 -21"><span class='ocrx_word' id='word_1_196' title='bbox 229 2718 408 2784; x_wconf 84' lang='lat' dir='ltr'>tatem</span> <span class='ocrx_word' id='word_1_197' title='bbox 436 2710 616 2781; x_wconf 85' lang='lat' dir='ltr'>aliqui</span> <span class='ocrx_word' id='word_1_198' title='bbox 643 2711 879 2780; x_wconf 89' lang='lat' dir='ltr'>quidem</span> <span class='ocrx_word' id='word_1_199' title='bbox 912 2710 1322 2766; x_wconf 79' lang='lat' dir='ltr'>intellexerunt</span> <span class='ocrx_word' id='word_1_200' title='bbox 1344 2711 1669 2781; x_wconf 85' lang='lat' dir='ltr'>simplicem</span> <span class='ocrx_word' id='word_1_201' title='bbox 1697 2719 1874 2784; x_wconf 89' lang='lat' dir='ltr'>atque</span> 
     </span>
    </p>
   </div>
   <div class='ocr_carea' id='block_1_35' title="bbox 230 2783 1874 2852">
    <p class='ocr_par' dir='ltr' id='par_1_35' title="bbox 230 2783 1874 2852">
     <span class='ocr_line' id='line_1_35' title="bbox 230 2783 1874 2852; baseline 0.002 -16"><span class='ocrx_word' id='word_1_202' title='bbox 230 2783 600 2837; x_wconf 83' lang='lat' dir='ltr'>individuam</span> <span class='ocrx_word' id='word_1_203' title='bbox 635 2799 827 2836; x_wconf 87' lang='lat' dir='ltr'>rerum</span> <span class='ocrx_word' id='word_1_204' title='bbox 862 2799 1123 2847; x_wconf 85' lang='lat' dir='ltr'>causam,</span> <span class='ocrx_word' id='word_1_205' title='bbox 1155 2784 1224 2837; x_wconf 91' lang='lat' dir='ltr'>ad</span> <span class='ocrx_word' id='word_1_206' title='bbox 1259 2799 1434 2852; x_wconf 87' lang='lat' dir='ltr'>quam</span> <span class='ocrx_word' id='word_1_207' title='bbox 1489 2784 1686 2838; x_wconf 86' lang='lat' dir='ltr'>omnia</span> <span class='ocrx_word' id='word_1_208' title='bbox 1735 2783 1874 2840; x_wconf 90' lang='lat' dir='ltr'>con-</span> 
     </span>
    </p>
   </div>
   <div class='ocr_carea' id='block_1_36' title="bbox 232 2853 1875 2924">
    <p class='ocr_par' dir='ltr' id='par_1_36' title="bbox 232 2853 1875 2924">
     <span class='ocr_line' id='line_1_36' title="bbox 232 2853 1875 2924; baseline 0.004 -18"><span class='ocrx_word' id='word_1_209' title='bbox 232 2871 402 2910; x_wconf 88' lang='lat' dir='ltr'>versa</span> <span class='ocrx_word' id='word_1_210' title='bbox 435 2858 592 2922; x_wconf 85' lang='lat' dir='ltr'>sunt,</span> <span class='ocrx_word' id='word_1_211' title='bbox 629 2859 692 2908; x_wconf 91' lang='lat' dir='ltr'>ut</span> <span class='ocrx_word' id='word_1_212' title='bbox 721 2870 848 2924; x_wconf 68' lang='lat' dir='ltr'>quae</span> <span class='ocrx_word' id='word_1_213' title='bbox 898 2853 956 2906; x_wconf 89' lang='lat' dir='ltr'>in</span> <span class='ocrx_word' id='word_1_214' title='bbox 1012 2856 1136 2923; x_wconf 88' lang='lat' dir='ltr'>ipsa</span> <span class='ocrx_word' id='word_1_215' title='bbox 1185 2855 1546 2921; x_wconf 78' lang='lat' dir='ltr'>consistant;</span> <span class='ocrx_word' id='word_1_216' title='bbox 1597 2856 1692 2910; x_wconf 82' lang='lat' dir='ltr'>alii</span> <span class='ocrx_word' id='word_1_217' title='bbox 1744 2874 1875 2912; x_wconf 91' lang='lat' dir='ltr'>vero</span> 
     </span>
    </p>
   </div>
   <div class='ocr_carea' id='block_1_37' title="bbox 229 2924 1875 2997">
    <p class='ocr_par' dir='ltr' id='par_1_37' title="bbox 229 2924 1875 2997">
     <span class='ocr_line' id='line_1_37' title="bbox 229 2924 1875 2997; baseline 0.002 -17"><span class='ocrx_word' id='word_1_218' title='bbox 229 2942 572 2997; x_wconf 76' lang='lat' dir='ltr'>compagem</span> <span class='ocrx_word' id='word_1_219' title='bbox 608 2924 861 2997; x_wconf 80' lang='lat' dir='ltr'>universi</span> <span class='ocrx_word' id='word_1_220' title='bbox 897 2941 963 2979; x_wconf 84' lang='lat' dir='ltr'>ex</span> <span class='ocrx_word' id='word_1_221' title='bbox 1019 2925 1322 2980; x_wconf 86' lang='lat' dir='ltr'>elementis</span> <span class='ocrx_word' id='word_1_222' title='bbox 1354 2927 1593 2981; x_wconf 62' lang='lat' dir='ltr'>diversae</span> <span class='ocrx_word' id='word_1_223' title='bbox 1656 2935 1875 2984; x_wconf 72' lang='lat' dir='ltr'>naturae</span> 
     </span>
    </p>
   </div>
   <div class='ocr_carea' id='block_1_38' title="bbox 229 2996 1876 3068">
    <p class='ocr_par' dir='ltr' id='par_1_38' title="bbox 229 2996 1876 3068">
     <span class='ocr_line' id='line_1_38' title="bbox 229 2996 1876 3068; baseline 0.001 -15"><span class='ocrx_word' id='word_1_224' title='bbox 229 2996 750 3068; x_wconf 63' lang='lat' dir='ltr'>contémperatam.</span> <span class='ocrx_word' id='word_1_225' title='bbox 787 3018 814 3046; x_wconf 83' lang='lat'><strong>»</strong></span> <span class='ocrx_word' id='word_1_226' title='bbox 840 2996 992 3050; x_wconf 85' lang='lat' dir='ltr'>Inter</span> <span class='ocrx_word' id='word_1_227' title='bbox 1014 3013 1133 3064; x_wconf 90' lang='lat' dir='ltr'>eos,</span> <span class='ocrx_word' id='word_1_228' title='bbox 1159 2997 1398 3052; x_wconf 84' lang='lat' dir='ltr'>honoris</span> <span class='ocrx_word' id='word_1_229' title='bbox 1419 3015 1616 3061; x_wconf 88' lang='lat' dir='ltr'>causa,</span> <span class='ocrx_word' id='word_1_230' title='bbox 1641 3003 1876 3056; x_wconf 88' lang='lat' dir='ltr'>nomine</span> 
     </span>
    </p>
   </div>
   <div class='ocr_carea' id='block_1_39' title="bbox 230 3068 1873 3141">
    <p class='ocr_par' dir='ltr' id='par_1_39' title="bbox 230 3068 1873 3141">
     <span class='ocr_line' id='line_1_39' title="bbox 230 3068 1873 3141; baseline 0.002 -18"><span class='ocrx_word' id='word_1_231' title='bbox 230 3069 465 3141; x_wconf 88' lang='lat' dir='ltr'>proprio</span> <span class='ocrx_word' id='word_1_232' title='bbox 527 3073 689 3122; x_wconf 80' lang='lat' dir='ltr'>vocat</span> <span class='ocrx_word' id='word_1_233' title='bbox 746 3084 1025 3138; x_wconf 89' lang='lat' dir='ltr'>magnum</span> <span class='ocrx_word' id='word_1_234' title='bbox 1095 3069 1460 3140; x_wconf 82' lang='lat' dir='ltr'>Dionysium,</span> <span class='ocrx_word' id='word_1_235' title='bbox 1511 3068 1873 3127; x_wconf 64' lang='lat' dir='ltr'>Alexandria:</span> 
     </span>
    </p>
   </div>
   <div class='ocr_carea' id='block_1_40' title="bbox 226 3141 1874 3213">
    <p class='ocr_par' dir='ltr' id='par_1_40' title="bbox 226 3141 1874 3213">
     <span class='ocr_line' id='line_1_40' title="bbox 226 3141 1874 3213; baseline 0.001 -17"><span class='ocrx_word' id='word_1_236' title='bbox 226 3142 572 3213; x_wconf 80' lang='lat' dir='ltr'>episcopum</span> <span class='ocrx_word' id='word_1_237' title='bbox 629 3145 685 3194; x_wconf 91' lang='lat' dir='ltr'>et</span> <span class='ocrx_word' id='word_1_238' title='bbox 742 3151 1055 3213; x_wconf 85' lang='lat' dir='ltr'>oratorem,</span> <span class='ocrx_word' id='word_1_239' title='bbox 1109 3141 1178 3194; x_wconf 89' lang='lat' dir='ltr'>ad</span> <span class='ocrx_word' id='word_1_240' title='bbox 1238 3147 1414 3213; x_wconf 82' lang='lat' dir='ltr'>caput</span> <span class='ocrx_word' id='word_1_241' title='bbox 1455 3142 1490 3194; x_wconf 85' lang='lat'>5</span> <span class='ocrx_word' id='word_1_242' title='bbox 1551 3147 1626 3195; x_wconf 81' lang='lat' dir='ltr'>De</span> <span class='ocrx_word' id='word_1_243' title='bbox 1670 3144 1874 3198; x_wconf 74' lang='lat' dir='ltr'>caelesti</span> 
     </span>
    </p>
   </div>
   <div class='ocr_carea' id='block_1_41' title="bbox 227 3211 1868 3282">
    <p class='ocr_par' dir='ltr' id='par_1_41' title="bbox 227 3211 1868 3282">
     <span class='ocr_line' id='line_1_41' title="bbox 227 3211 1868 3282; baseline 0.001 -15"><span class='ocrx_word' id='word_1_244' title='bbox 227 3211 590 3268; x_wconf 75' lang='lat' dir='ltr'>hicrarchia:</span> <span class='ocrx_word' id='word_1_245' title='bbox 642 3233 670 3262; x_wconf 84' lang='grc'>‹‹</span> <span class='ocrx_word' id='word_1_246' title='bbox 721 3212 1294 3273; x_wconf 62' lang='lat' dir='ltr'>C’rlcstesessentias.</span> <span class='ocrx_word' id='word_1_247' title='bbox 1349 3211 1464 3267; x_wconf 88' lang='lat' dir='ltr'>Cur</span> <span class='ocrx_word' id='word_1_248' title='bbox 1491 3229 1682 3282; x_wconf 90' lang='lat' dir='ltr'>porro,</span> <span class='ocrx_word' id='word_1_249' title='bbox 1735 3232 1868 3269; x_wconf 91' lang='lat' dir='ltr'>cum</span> 
     </span>
    </p>
   </div>
   <div class='ocr_carea' id='block_1_42' title="bbox 228 3284 1870 3355">
    <p class='ocr_par' dir='ltr' id='par_1_42' title="bbox 228 3284 1870 3355">
     <span class='ocr_line' id='line_1_42' title="bbox 228 3284 1870 3355; baseline 0.001 -15"><span class='ocrx_word' id='word_1_250' title='bbox 228 3285 490 3340; x_wconf 81' lang='lat' dir='ltr'>Ecclesia</span> <span class='ocrx_word' id='word_1_251' title='bbox 514 3284 723 3349; x_wconf 85' lang='lat' dir='ltr'>tradat,</span> <span class='ocrx_word' id='word_1_252' title='bbox 756 3299 962 3355; x_wconf 83' lang='lat' dir='ltr'>omnes</span> <span class='ocrx_word' id='word_1_253' title='bbox 995 3291 1226 3355; x_wconf 84' lang='lat' dir='ltr'>sanctos</span> <span class='ocrx_word' id='word_1_254' title='bbox 1258 3284 1497 3355; x_wconf 83' lang='lat' dir='ltr'>angelos</span> <span class='ocrx_word' id='word_1_255' title='bbox 1523 3285 1694 3338; x_wconf 90' lang='lat' dir='ltr'>unius</span> <span class='ocrx_word' id='word_1_256' title='bbox 1741 3302 1870 3341; x_wconf 84' lang='lat' dir='ltr'>esse</span> 
     </span>
    </p>
   </div>
   <div class='ocr_carea' id='block_1_43' title="bbox 228 3353 1871 3426">
    <p class='ocr_par' dir='ltr' id='par_1_43' title="bbox 228 3353 1871 3426">
     <span class='ocr_line' id='line_1_43' title="bbox 228 3353 1871 3426; baseline 0.001 -16"><span class='ocrx_word' id='word_1_257' title='bbox 228 3357 600 3422; x_wconf 65' lang='lat' dir='ltr'>substantiae,</span> <span class='ocrx_word' id='word_1_258' title='bbox 635 3353 1147 3426; x_wconf 8' lang='lat' dir='ltr'>diqvuerionysius</span> <span class='ocrx_word' id='word_1_259' title='bbox 1179 3353 1395 3410; x_wconf 78' lang='lat' dir='ltr'>multas</span> <span class='ocrx_word' id='word_1_260' title='bbox 1429 3354 1668 3410; x_wconf 78' lang='lat' dir='ltr'>virtutes</span> <span class='ocrx_word' id='word_1_261' title='bbox 1691 3360 1871 3412; x_wconf 88' lang='lat' dir='ltr'>nomi-</span> 
     </span>
    </p>
   </div>
   <div class='ocr_carea' id='block_1_44' title="bbox 225 3424 1872 3499">
    <p class='ocr_par' dir='ltr' id='par_1_44' title="bbox 225 3424 1872 3499">
     <span class='ocr_line' id='line_1_44' title="bbox 225 3424 1872 3499; baseline 0.001 -17"><span class='ocrx_word' id='word_1_262' title='bbox 225 3427 376 3483; x_wconf 84' lang='lat' dir='ltr'>nat?</span> <span class='ocrx_word' id='word_1_263' title='bbox 408 3427 656 3499; x_wconf 84' lang='lat' dir='ltr'>Magnus</span> <span class='ocrx_word' id='word_1_264' title='bbox 689 3424 782 3499; x_wconf 83' lang='lat' dir='ltr'>ille</span> <span class='ocrx_word' id='word_1_265' title='bbox 812 3424 1144 3499; x_wconf 80' lang='lat' dir='ltr'>Dionysius,</span> <span class='ocrx_word' id='word_1_266' title='bbox 1181 3426 1539 3482; x_wconf 68' lang='lat' dir='ltr'>Alexandriae</span> <span class='ocrx_word' id='word_1_267' title='bbox 1559 3428 1872 3499; x_wconf 83' lang='lat' dir='ltr'>episcopus</span> 
     </span>
    </p>
   </div>
   <div class='ocr_carea' id='block_1_45' title="bbox 226 3496 1870 3572">
    <p class='ocr_par' dir='ltr' id='par_1_45' title="bbox 226 3496 1870 3572">
     <span class='ocr_line' id='line_1_45' title="bbox 226 3496 1870 3572; baseline 0.002 -19"><span class='ocrx_word' id='word_1_268' title='bbox 226 3506 284 3554; x_wconf 86' lang='lat' dir='ltr'>et</span> <span class='ocrx_word' id='word_1_269' title='bbox 315 3496 530 3572; x_wconf 69' lang='lat' dir='ltr'>orator,</span> <span class='ocrx_word' id='word_1_270' title='bbox 581 3497 642 3572; x_wconf 83' lang='lat' dir='ltr'>in</span> <span class='ocrx_word' id='word_1_271' title='bbox 681 3496 919 3553; x_wconf 89' lang='lat' dir='ltr'>scholiis</span> <span class='ocrx_word' id='word_1_272' title='bbox 959 3514 992 3572; x_wconf 70' lang='grc' dir='ltr'>ξι</span> <span class='ocrx_word' id='word_1_273' title='bbox 1042 3514 1104 3552; x_wconf 90' lang='lat' dir='ltr'>se</span> <span class='ocrx_word' id='word_1_274' title='bbox 1132 3498 1187 3572; x_wconf 84' lang='lat' dir='ltr'>in</span> <span class='ocrx_word' id='word_1_275' title='bbox 1246 3499 1480 3553; x_wconf 89' lang='lat' dir='ltr'>beatum</span> <span class='ocrx_word' id='word_1_276' title='bbox 1524 3496 1870 3572; x_wconf 39' lang='lat' dir='ltr'>Dionysi—um</span> 
     </span>
    </p>
   </div>
   <div class='ocr_carea' id='block_1_46' title="bbox 231 3569 1619 3641">
    <p class='ocr_par' dir='ltr' id='par_1_46' title="bbox 231 3569 1619 3641">
     <span class='ocr_line' id='line_1_46' title="bbox 231 3569 1619 3641; baseline -0.001 -15"><span class='ocrx_word' id='word_1_277' title='bbox 231 3571 340 3626; x_wconf 86' lang='lat' dir='ltr'>sibi</span> <span class='ocrx_word' id='word_1_278' title='bbox 375 3569 784 3641; x_wconf 74' lang='lat' dir='ltr'>cognominem</span> <span class='ocrx_word' id='word_1_279' title='bbox 817 3569 1204 3633; x_wconf 81' lang='lat' dir='ltr'>concinnatis,</span> <span class='ocrx_word' id='word_1_280' title='bbox 1235 3575 1416 3638; x_wconf 89' lang='lat' dir='ltr'>notat,</span> <span class='ocrx_word' id='word_1_281' title='bbox 1450 3593 1477 3620; x_wconf 86' lang='lat'>»</span> <span class='ocrx_word' id='word_1_282' title='bbox 1509 3577 1619 3626; x_wconf 89' lang='lat' dir='ltr'>etc.</span> 
     </span>
    </p>
   </div>
   <div class='ocr_carea' id='block_1_47' title="bbox 301 3639 1871 3714">
    <p class='ocr_par' dir='ltr' id='par_1_47' title="bbox 301 3639 1871 3714">
     <span class='ocr_line' id='line_1_47' title="bbox 301 3639 1871 3714; baseline 0.001 -18"><span class='ocrx_word' id='word_1_283' title='bbox 301 3639 506 3696; x_wconf 78' lang='lat' dir='ltr'>Petrus</span> <span class='ocrx_word' id='word_1_284' title='bbox 538 3639 1211 3714; x_wconf 4' lang='lat' dir='ltr'>Halploixiusquaestione</span> <span class='ocrx_word' id='word_1_285' title='bbox 1241 3645 1274 3695; x_wconf 87' lang='lat'>2</span> <span class='ocrx_word' id='word_1_286' title='bbox 1305 3643 1378 3697; x_wconf 88' lang='lat' dir='ltr'>De</span> <span class='ocrx_word' id='word_1_287' title='bbox 1410 3645 1521 3697; x_wconf 81' lang='lat' dir='ltr'>vita</span> <span class='ocrx_word' id='word_1_288' title='bbox 1542 3652 1590 3697; x_wconf 85' lang='lat' dir='ltr'>et</span> <span class='ocrx_word' id='word_1_289' title='bbox 1619 3643 1871 3714; x_wconf 83' lang='lat' dir='ltr'>operibus</span> 
     </span>
    </p>
   </div>
   <div class='ocr_carea' id='block_1_48' title="bbox 231 3712 1871 3786">
    <p class='ocr_par' dir='ltr' id='par_1_48' title="bbox 231 3712 1871 3786">
     <span class='ocr_line' id='line_1_48' title="bbox 231 3712 1871 3786; baseline 0 -18"><span class='ocrx_word' id='word_1_290' title='bbox 231 3713 291 3768; x_wconf 90' lang='lat' dir='ltr'>S.</span> <span class='ocrx_word' id='word_1_291' title='bbox 324 3713 586 3786; x_wconf 86' lang='lat' dir='ltr'>Dionysii</span> <span class='ocrx_word' id='word_1_292' title='bbox 616 3712 960 3786; x_wconf 73' lang='lat' dir='ltr'>Areopagitae</span> <span class='ocrx_word' id='word_1_293' title='bbox 981 3713 1561 3770; x_wconf 86' lang='lat' dir='ltr'>animadvertendum</span> <span class='ocrx_word' id='word_1_294' title='bbox 1583 3712 1871 3786; x_wconf 82' lang='lat' dir='ltr'>proponit,</span> 
     </span>
    </p>
   </div>
   <div class='ocr_carea' id='block_1_49' title="bbox 236 3784 1871 3858">
    <p class='ocr_par' dir='ltr' id='par_1_49' title="bbox 236 3784 1871 3858">
     <span class='ocr_line' id='line_1_49' title="bbox 236 3784 1871 3858; baseline 0.002 -20"><span class='ocrx_word' id='word_1_295' title='bbox 236 3803 352 3858; x_wconf 88' lang='lat' dir='ltr'>non</span> <span class='ocrx_word' id='word_1_296' title='bbox 385 3785 576 3839; x_wconf 87' lang='lat' dir='ltr'>dicere</span> <span class='ocrx_word' id='word_1_297' title='bbox 607 3789 658 3838; x_wconf 87' lang='lat' dir='ltr'>S.</span> <span class='ocrx_word' id='word_1_298' title='bbox 695 3784 1036 3858; x_wconf 70' lang='lat' dir='ltr'>Maximum,</span> <span class='ocrx_word' id='word_1_299' title='bbox 1064 3787 1540 3858; x_wconf 88' lang='lat' dir='ltr'>cum_scripsisse</span> <span class='ocrx_word' id='word_1_300' title='bbox 1569 3787 1625 3840; x_wconf 89' lang='lat' dir='ltr'>in</span> <span class='ocrx_word' id='word_1_301' title='bbox 1664 3784 1871 3858; x_wconf 75' lang='lat' dir='ltr'>Diony-</span> 
     </span>
    </p>
   </div>
   <div class='ocr_carea' id='block_1_50' title="bbox 235 3855 1871 3930">
    <p class='ocr_par' dir='ltr' id='par_1_50' title="bbox 235 3855 1871 3930">
     <span class='ocr_line' id='line_1_50' title="bbox 235 3855 1871 3930; baseline 0.001 -18"><span class='ocrx_word' id='word_1_302' title='bbox 235 3857 390 3912; x_wconf 89' lang='lat' dir='ltr'>sium</span> <span class='ocrx_word' id='word_1_303' title='bbox 423 3856 850 3930; x_wconf 84' lang='lat' dir='ltr'>Areopagitam,</span> <span class='ocrx_word' id='word_1_304' title='bbox 887 3857 987 3910; x_wconf 89' lang='lat' dir='ltr'>sed</span> <span class='ocrx_word' id='word_1_305' title='bbox 1023 3856 1132 3930; x_wconf 74' lang='lat' dir='ltr'>in-</span> <span class='ocrx_word' id='word_1_306' title='bbox 1158 3855 1496 3930; x_wconf 76' lang='lat' dir='ltr'>Dionysium</span> <span class='ocrx_word' id='word_1_307' title='bbox 1525 3855 1871 3930; x_wconf 78' lang='lat' dir='ltr'>sibicogno-</span> 
     </span>
    </p>
   </div>
   <div class='ocr_carea' id='block_1_51' title="bbox 237 3927 1868 4002">
    <p class='ocr_par' dir='ltr' id='par_1_51' title="bbox 237 3927 1868 4002">
     <span class='ocr_line' id='line_1_51' title="bbox 237 3927 1868 4002; baseline 0.001 -20"><span class='ocrx_word' id='word_1_308' title='bbox 237 3930 497 4002; x_wconf 61' lang='lat' dir='ltr'>minem,</span> <span class='ocrx_word' id='word_1_309' title='bbox 535 3949 561 3976; x_wconf 74' lang='grc' dir='ltr'><strong>η</strong></span> <span class='ocrx_word' id='word_1_310' title='bbox 595 3927 740 3982; x_wconf 87' lang='lat' dir='ltr'>tales</span> <span class='ocrx_word' id='word_1_311' title='bbox 773 3931 967 4002; x_wconf 80' lang='lat' dir='ltr'>autem</span> <span class='ocrx_word' id='word_1_312' title='bbox 1023 3927 1203 3984; x_wconf 83' lang='lat' dir='ltr'>fuisse</span> <span class='ocrx_word' id='word_1_313' title='bbox 1254 3927 1490 4002; x_wconf 65' lang='lat' dir='ltr'>mullos,</span> <span class='ocrx_word' id='word_1_314' title='bbox 1527 3927 1868 4002; x_wconf 75' lang='lat' dir='ltr'>Dionysium</span> 
     </span>
    </p>
   </div>
   <div class='ocr_carea' id='block_1_52' title="bbox 234 3999 1871 4074">
    <p class='ocr_par' dir='ltr' id='par_1_52' title="bbox 234 3999 1871 4074">
     <span class='ocr_line' id='line_1_52' title="bbox 234 3999 1871 4074; baseline 0.001 -19"><span class='ocrx_word' id='word_1_315' title='bbox 234 3999 667 4055; x_wconf 73' lang='lat' dir='ltr'>Corinthiorum</span> <span class='ocrx_word' id='word_1_316' title='bbox 698 3999 1085 4074; x_wconf 68' lang='lat' dir='ltr'>episcopum,</span> <span class='ocrx_word' id='word_1_317' title='bbox 1145 4005 1205 4074; x_wconf 73' lang='lat' dir='ltr'>et</span> <span class='ocrx_word' id='word_1_318' title='bbox 1253 3999 1600 4074; x_wconf 80' lang='lat' dir='ltr'>Dionysium</span> <span class='ocrx_word' id='word_1_319' title='bbox 1660 3999 1871 4074; x_wconf 86' lang='lat' dir='ltr'>papam</span> 
     </span>
    </p>
   </div>
   <div class='ocr_carea' id='block_1_53' title="bbox 237 4069 1870 4144">
    <p class='ocr_par' dir='ltr' id='par_1_53' title="bbox 237 4069 1870 4144">
     <span class='ocr_line' id='line_1_53' title="bbox 237 4069 1870 4144; baseline 0.001 -17"><span class='ocrx_word' id='word_1_320' title='bbox 237 4074 567 4127; x_wconf 77' lang='lat' dir='ltr'>Romanum</span> <span class='ocrx_word' id='word_1_321' title='bbox 598 4095 611 4144; x_wconf 64' lang='grc' dir='ltr'>ς</span> <span class='ocrx_word' id='word_1_322' title='bbox 643 4069 905 4141; x_wconf 77' lang='lat' dir='ltr'>adseque</span> <span class='ocrx_word' id='word_1_323' title='bbox 936 4076 1092 4126; x_wconf 88' lang='lat' dir='ltr'>certo</span> <span class='ocrx_word' id='word_1_324' title='bbox 1152 4071 1265 4126; x_wconf 91' lang='lat' dir='ltr'>dici</span> <span class='ocrx_word' id='word_1_325' title='bbox 1319 4069 1428 4127; x_wconf 81' lang='lat' dir='ltr'>non</span> <span class='ocrx_word' id='word_1_326' title='bbox 1467 4069 1677 4144; x_wconf 47' lang='lat' dir='ltr'>posse;</span> <span class='ocrx_word' id='word_1_327' title='bbox 1711 4069 1870 4144; x_wconf 73' lang='lat' dir='ltr'>loqui</span> 
     </span>
    </p>
   </div>
   <div class='ocr_carea' id='block_1_54' title="bbox 234 4143 1871 4224">
    <p class='ocr_par' dir='ltr' id='par_1_54' title="bbox 234 4143 1871 4224">
     <span class='ocr_line' id='line_1_54' title="bbox 234 4143 1871 4224; baseline 0.002 -27"><span class='ocrx_word' id='word_1_328' title='bbox 234 4144 548 4224; x_wconf 63' lang='lat' dir='ltr'>Maximum</span> <span class='ocrx_word' id='word_1_329' title='bbox 584 4143 654 4224; x_wconf 77' lang='lat' dir='ltr'>de</span> <span class='ocrx_word' id='word_1_330' title='bbox 683 4144 1050 4224; x_wconf 67' lang='lat' dir='ltr'>Areopagita,</span> <span class='ocrx_word' id='word_1_331' title='bbox 1088 4159 1156 4224; x_wconf 84' lang='lat' dir='ltr'>ac</span> <span class='ocrx_word' id='word_1_332' title='bbox 1184 4161 1294 4198; x_wconf 88' lang='lat' dir='ltr'>non</span> <span class='ocrx_word' id='word_1_333' title='bbox 1330 4143 1523 4224; x_wconf 77' lang='lat' dir='ltr'>potius</span> <span class='ocrx_word' id='word_1_334' title='bbox 1553 4147 1640 4224; x_wconf 83' lang='lat' dir='ltr'>de</span> <span class='ocrx_word' id='word_1_335' title='bbox 1672 4143 1871 4224; x_wconf 57' lang='lat' dir='ltr'>got-in-</span> 
     </span>
    </p>
   </div>
   <div class='ocr_carea' id='block_1_55' title="bbox 234 4213 1874 4287">
    <p class='ocr_par' dir='ltr' id='par_1_55' title="bbox 234 4213 1874 4287">
     <span class='ocr_line' id='line_1_55' title="bbox 234 4213 1874 4287; baseline 0.002 -18"><span class='ocrx_word' id='word_1_336' title='bbox 234 4217 356 4270; x_wconf 73' lang='lat' dir='ltr'>tbio</span> <span class='ocrx_word' id='word_1_337' title='bbox 405 4237 431 4263; x_wconf 89' lang='grc'>‹‹</span> <span class='ocrx_word' id='word_1_338' title='bbox 473 4215 530 4287; x_wconf 88' lang='lat' dir='ltr'>Si</span> <span class='ocrx_word' id='word_1_339' title='bbox 563 4213 742 4283; x_wconf 88' lang='lat' dir='ltr'>enim,</span> <span class='ocrx_word' id='word_1_340' title='bbox 779 4213 1539 4287; x_wconf 33' lang='lat' dir='ltr'>in’quit_ille,Areopagitam</span> <span class='ocrx_word' id='word_1_341' title='bbox 1565 4218 1874 4273; x_wconf 45' lang='lat' dir='ltr'>intellexis.</span> 
     </span>
    </p>
   </div>
   <div class='ocr_carea' id='block_1_56' title="bbox 234 4285 1873 4356">
    <p class='ocr_par' dir='ltr' id='par_1_56' title="bbox 234 4285 1873 4356">
     <span class='ocr_line' id='line_1_56' title="bbox 234 4285 1873 4356; baseline 0.005 -22"><span class='ocrx_word' id='word_1_342' title='bbox 234 4294 346 4352; x_wconf 73' lang='lat' dir='ltr'>sci,</span> <span class='ocrx_word' id='word_1_343' title='bbox 381 4286 594 4356; x_wconf 86' lang='lat' dir='ltr'>potius,</span> <span class='ocrx_word' id='word_1_344' title='bbox 629 4290 693 4340; x_wconf 93' lang='lat' dir='ltr'>ut</span> <span class='ocrx_word' id='word_1_345' title='bbox 725 4287 833 4356; x_wconf 87' lang='lat' dir='ltr'>l&#39;ert</span> <span class='ocrx_word' id='word_1_346' title='bbox 862 4285 1213 4355; x_wconf 90' lang='lat' dir='ltr'>scriptorum</span> <span class='ocrx_word' id='word_1_347' title='bbox 1271 4285 1654 4353; x_wconf 77' lang='lat' dir='ltr'>consuetudo,</span> <span class='ocrx_word' id='word_1_348' title='bbox 1687 4289 1769 4343; x_wconf 87' lang='lat' dir='ltr'>sic</span> <span class='ocrx_word' id='word_1_349' title='bbox 1794 4289 1873 4343; x_wconf 88' lang='lat' dir='ltr'>lo-</span> 
     </span>
    </p>
   </div>
   <div class='ocr_carea' id='block_1_57' title="bbox 233 4355 1875 4426">
    <p class='ocr_par' dir='ltr' id='par_1_57' title="bbox 233 4355 1875 4426">
     <span class='ocr_line' id='line_1_57' title="bbox 233 4355 1875 4426; baseline 0 -13"><span class='ocrx_word' id='word_1_350' title='bbox 233 4355 406 4413; x_wconf 81' lang='lat' dir='ltr'>cutus</span> <span class='ocrx_word' id='word_1_351' title='bbox 466 4357 707 4412; x_wconf 82' lang='lat' dir='ltr'>fuisset:</span> <span class='ocrx_word' id='word_1_352' title='bbox 769 4355 827 4410; x_wconf 90' lang='lat' dir='ltr'>in</span> <span class='ocrx_word' id='word_1_353' title='bbox 887 4356 1048 4410; x_wconf 88' lang='lat' dir='ltr'>Notis</span> <span class='ocrx_word' id='word_1_354' title='bbox 1107 4373 1254 4426; x_wconf 87' lang='lat' dir='ltr'>quas</span> <span class='ocrx_word' id='word_1_355' title='bbox 1313 4357 1546 4426; x_wconf 82' lang='lat' dir='ltr'>scripsit</span> <span class='ocrx_word' id='word_1_356' title='bbox 1605 4359 1658 4411; x_wconf 91' lang='lat' dir='ltr'>in</span> <span class='ocrx_word' id='word_1_357' title='bbox 1719 4360 1875 4413; x_wconf 90' lang='lat' dir='ltr'>hunc</span> 
     </span>
    </p>
   </div>
   <div class='ocr_carea' id='block_1_58' title="bbox 236 4427 1875 4503">
    <p class='ocr_par' dir='ltr' id='par_1_58' title="bbox 236 4427 1875 4503">
     <span class='ocr_line' id='line_1_58' title="bbox 236 4427 1875 4503; baseline -0.001 -18"><span class='ocrx_word' id='word_1_358' title='bbox 236 4434 432 4503; x_wconf 88' lang='lat' dir='ltr'>ipsum</span> <span class='ocrx_word' id='word_1_359' title='bbox 470 4427 846 4503; x_wconf 71' lang='lat' dir='ltr'>Dionysium;</span> <span class='ocrx_word' id='word_1_360' title='bbox 882 4427 1086 4503; x_wconf 81' lang='lat' dir='ltr'>agebat</span> <span class='ocrx_word' id='word_1_361' title='bbox 1130 4429 1288 4503; x_wconf 83' lang='lat' dir='ltr'>enim</span> <span class='ocrx_word' id='word_1_362' title='bbox 1323 4434 1446 4483; x_wconf 84' lang='lat' dir='ltr'>tum</span> <span class='ocrx_word' id='word_1_363' title='bbox 1486 4429 1558 4503; x_wconf 82' lang='lat' dir='ltr'>de</span> <span class='ocrx_word' id='word_1_364' title='bbox 1601 4429 1875 4503; x_wconf 81' lang='lat' dir='ltr'>Dionysio</span> 
     </span>
    </p>
   </div>
   <div class='ocr_carea' id='block_1_59' title="bbox 235 4498 1873 4573">
    <p class='ocr_par' dir='ltr' id='par_1_59' title="bbox 235 4498 1873 4573">
     <span class='ocr_line' id='line_1_59' title="bbox 235 4498 1873 4573; baseline -0.001 -17"><span class='ocrx_word' id='word_1_365' title='bbox 235 4498 660 4573; x_wconf 49' lang='lat' dir='ltr'>iireopagita.)</span> <span class='ocrx_word' id='word_1_366' title='bbox 699 4498 914 4573; x_wconf 86' lang='lat' dir='ltr'>Verum</span> <span class='ocrx_word' id='word_1_367' title='bbox 948 4499 1242 4573; x_wconf 84' lang='lat' dir='ltr'>enimvero</span> <span class='ocrx_word' id='word_1_368' title='bbox 1273 4499 1429 4554; x_wconf 90' lang='lat' dir='ltr'>hunc</span> <span class='ocrx_word' id='word_1_369' title='bbox 1464 4498 1873 4573; x_wconf 74' lang='lat' dir='ltr'>Areopagilam</span> 
     </span>
    </p>
   </div>
   <div class='ocr_carea' id='block_1_60' title="bbox 233 4571 1868 4645">
    <p class='ocr_par' dir='ltr' id='par_1_60' title="bbox 233 4571 1868 4645">
     <span class='ocr_line' id='line_1_60' title="bbox 233 4571 1868 4645; baseline -0.002 -15"><span class='ocrx_word' id='word_1_370' title='bbox 233 4571 493 4645; x_wconf 77' lang='lat' dir='ltr'>utroque</span> <span class='ocrx_word' id='word_1_371' title='bbox 520 4572 690 4645; x_wconf 86' lang='lat' dir='ltr'>modo</span> <span class='ocrx_word' id='word_1_372' title='bbox 725 4571 1010 4645; x_wconf 80' lang='lat' dir='ltr'>nominari</span> <span class='ocrx_word' id='word_1_373' title='bbox 1047 4573 1326 4645; x_wconf 82' lang='lat' dir='ltr'>potuisse,</span> <span class='ocrx_word' id='word_1_374' title='bbox 1361 4571 1712 4645; x_wconf 84' lang='lat' dir='ltr'>scriptorum</span> <span class='ocrx_word' id='word_1_375' title='bbox 1738 4588 1868 4645; x_wconf 46' lang='lat' dir='ltr'>conj</span> 
     </span>
    </p>
   </div>
   <div class='ocr_carea' id='block_1_61' title="bbox 234 4642 1873 4714">
    <p class='ocr_par' dir='ltr' id='par_1_61' title="bbox 234 4642 1873 4714">
     <span class='ocr_line' id='line_1_61' title="bbox 234 4642 1873 4714; baseline -0.002 -14"><span class='ocrx_word' id='word_1_376' title='bbox 234 4642 489 4700; x_wconf 77' lang='lat' dir='ltr'>suntudo</span> <span class='ocrx_word' id='word_1_377' title='bbox 523 4643 668 4698; x_wconf 81' lang='lat' dir='ltr'>ferre</span> <span class='ocrx_word' id='word_1_378' title='bbox 707 4642 956 4698; x_wconf 88' lang='lat' dir='ltr'>videtur.</span> <span class='ocrx_word' id='word_1_379' title='bbox 993 4645 1074 4697; x_wconf 87' lang='lat' dir='ltr'>Ad</span> <span class='ocrx_word' id='word_1_380' title='bbox 1136 4644 1276 4708; x_wconf 65' lang='lat' dir='ltr'>haec,</span> <span class='ocrx_word' id='word_1_381' title='bbox 1332 4661 1432 4713; x_wconf 86' lang='lat' dir='ltr'>par</span> <span class='ocrx_word' id='word_1_382' title='bbox 1464 4649 1553 4699; x_wconf 91' lang='lat' dir='ltr'>est</span> <span class='ocrx_word' id='word_1_383' title='bbox 1602 4642 1873 4714; x_wconf 87' lang='lat' dir='ltr'>loquendi</span> 
     </span>
    </p>
   </div>
   <div class='ocr_carea' id='block_1_62' title="bbox 236 4715 1876 4787">
    <p class='ocr_par' dir='ltr' id='par_1_62' title="bbox 236 4715 1876 4787">
     <span class='ocr_line' id='line_1_62' title="bbox 236 4715 1876 4787; baseline -0.002 -13"><span class='ocrx_word' id='word_1_384' title='bbox 236 4719 474 4784; x_wconf 88' lang='lat' dir='ltr'>modus,</span> <span class='ocrx_word' id='word_1_385' title='bbox 507 4733 624 4787; x_wconf 89' lang='lat' dir='ltr'>quo</span> <span class='ocrx_word' id='word_1_386' title='bbox 651 4715 836 4787; x_wconf 87' lang='lat' dir='ltr'>utitur</span> <span class='ocrx_word' id='word_1_387' title='bbox 860 4715 1214 4787; x_wconf 70' lang='lat' dir='ltr'>Anastasius</span> <span class='ocrx_word' id='word_1_388' title='bbox 1252 4715 1487 4783; x_wconf 82' lang='lat' dir='ltr'>Sinaita,</span> <span class='ocrx_word' id='word_1_389' title='bbox 1541 4716 1638 4786; x_wconf 91' lang='lat' dir='ltr'>qui</span> <span class='ocrx_word' id='word_1_390' title='bbox 1675 4717 1876 4770; x_wconf 86' lang='lat' dir='ltr'>eodem</span> 
     </span>
    </p>
   </div>
   <div class='ocr_carea' id='block_1_63' title="bbox 239 4782 1880 4869">
    <p class='ocr_par' dir='ltr' id='par_1_63' title="bbox 239 4782 1880 4869">
     <span class='ocr_line' id='line_1_63' title="bbox 239 4782 1880 4869; baseline 0.001 -29"><span class='ocrx_word' id='word_1_391' title='bbox 239 4794 312 4843; x_wconf 79' lang='lat' dir='ltr'>de</span> <span class='ocrx_word' id='word_1_392' title='bbox 346 4782 693 4869; x_wconf 68' lang='lat' dir='ltr'>argumento</span> <span class='ocrx_word' id='word_1_393' title='bbox 717 4786 834 4858; x_wconf 89' lang='lat' dir='ltr'>agit</span> <span class='ocrx_word' id='word_1_394' title='bbox 858 4782 1159 4869; x_wconf 55' lang='lat' dir='ltr'>iq&#39;Of‘iWGg</span> <span class='ocrx_word' id='word_1_395' title='bbox 1181 4787 1370 4869; x_wconf 77' lang='lat' dir='ltr'>capite</span> <span class='ocrx_word' id='word_1_396' title='bbox 1389 4790 1458 4842; x_wconf 83' lang='lat'>22</span> <span class='ocrx_word' id='word_1_397' title='bbox 1478 4782 1491 4843; x_wconf 67' lang='grc' dir='ltr'><em>ξ</em></span> <span class='ocrx_word' id='word_1_398' title='bbox 1515 4782 1667 4844; x_wconf 54' lang='grc'><strong>6⁷53</strong></span> <span class='ocrx_word' id='word_1_399' title='bbox 1687 4813 1712 4836; x_wconf 82' lang='grc' dir='ltr'>‹ι</span> <span class='ocrx_word' id='word_1_400' title='bbox 1740 4793 1880 4843; x_wconf 81' lang='lat' dir='ltr'>Rur-</span> 
     </span>
    </p>
   </div>
   <div class='ocr_carea' id='block_1_64' title="bbox 236 4857 1879 4930">
    <p class='ocr_par' dir='ltr' id='par_1_64' title="bbox 236 4857 1879 4930">
     <span class='ocr_line' id='line_1_64' title="bbox 236 4857 1879 4930; baseline -0.002 -14"><span class='ocrx_word' id='word_1_401' title='bbox 236 4879 363 4928; x_wconf 79' lang='lat' dir='ltr'>sus,</span> <span class='ocrx_word' id='word_1_402' title='bbox 393 4857 687 4930; x_wconf 84' lang='lat' dir='ltr'>inquiens,</span> <span class='ocrx_word' id='word_1_403' title='bbox 723 4857 854 4913; x_wconf 86' lang='lat' dir='ltr'>cum</span> <span class='ocrx_word' id='word_1_404' title='bbox 889 4857 1142 4930; x_wconf 81' lang='lat' dir='ltr'>Ecclesia</span> <span class='ocrx_word' id='word_1_405' title='bbox 1170 4857 1392 4924; x_wconf 80' lang='lat' dir='ltr'>doceat,</span> <span class='ocrx_word' id='word_1_406' title='bbox 1429 4876 1605 4914; x_wconf 89' lang='lat' dir='ltr'>unam</span> <span class='ocrx_word' id='word_1_407' title='bbox 1630 4877 1757 4915; x_wconf 88' lang='lat' dir='ltr'>esse</span> <span class='ocrx_word' id='word_1_408' title='bbox 1779 4878 1879 4915; x_wconf 87' lang='lat' dir='ltr'>an-</span> 
     </span>
    </p>
   </div>
   <div class='ocr_carea' id='block_1_65' title="bbox 239 4929 1885 5004">
    <p class='ocr_par' dir='ltr' id='par_1_65' title="bbox 239 4929 1885 5004">
     <span class='ocr_line' id='line_1_65' title="bbox 239 4929 1885 5004; baseline 0 -18"><span class='ocrx_word' id='word_1_409' title='bbox 239 4929 506 5004; x_wconf 72' lang='lat' dir='ltr'>gelorum</span> <span class='ocrx_word' id='word_1_410' title='bbox 542 4930 958 4998; x_wconf 87' lang='lat' dir='ltr'>substantiam,</span> <span class='ocrx_word' id='word_1_411' title='bbox 995 4929 1148 4984; x_wconf 90' lang='lat' dir='ltr'>idem</span> <span class='ocrx_word' id='word_1_412' title='bbox 1185 4931 1417 5004; x_wconf 89' lang='lat' dir='ltr'>divinus</span> <span class='ocrx_word' id='word_1_413' title='bbox 1449 4931 1885 5004; x_wconf 82' lang='lat' dir='ltr'>etapostolicus</span> 
     </span>
    </p>
   </div>
   <div class='ocr_carea' id='block_1_66' title="bbox 240 5003 1882 5075">
    <p class='ocr_par' dir='ltr' id='par_1_66' title="bbox 240 5003 1882 5075">
     <span class='ocr_line' id='line_1_66' title="bbox 240 5003 1882 5075; baseline 0 -18"><span class='ocrx_word' id='word_1_414' title='bbox 240 5003 556 5075; x_wconf 73' lang='lat' dir='ltr'>Dionysius</span> <span class='ocrx_word' id='word_1_415' title='bbox 587 5005 852 5057; x_wconf 85' lang='lat' dir='ltr'>nominat</span> <span class='ocrx_word' id='word_1_416' title='bbox 892 5003 1453 5075; x_wconf 81' lang='lat' dir='ltr'>supernasvirtutes</span> <span class='ocrx_word' id='word_1_417' title='bbox 1489 5003 1702 5075; x_wconf 84' lang='lat' dir='ltr'>multas</span> <span class='ocrx_word' id='word_1_418' title='bbox 1744 5005 1882 5057; x_wconf 89' lang='lat' dir='ltr'>sub-</span> 
     </span>
    </p>
   </div>
   <div class='ocr_carea' id='block_1_67' title="bbox 241 5073 1887 5144">
    <p class='ocr_par' dir='ltr' id='par_1_67' title="bbox 241 5073 1887 5144">
     <span class='ocr_line' id='line_1_67' title="bbox 241 5073 1887 5144; baseline -0.002 -13"><span class='ocrx_word' id='word_1_419' title='bbox 241 5073 516 5131; x_wconf 76' lang='lat' dir='ltr'>stantias.</span> <span class='ocrx_word' id='word_1_420' title='bbox 554 5080 623 5130; x_wconf 84' lang='lat' dir='ltr'>At</span> <span class='ocrx_word' id='word_1_421' title='bbox 675 5089 924 5144; x_wconf 79' lang='lat' dir='ltr'>magnus</span> <span class='ocrx_word' id='word_1_422' title='bbox 964 5073 1276 5144; x_wconf 86' lang='lat' dir='ltr'>Dionysius</span> <span class='ocrx_word' id='word_1_423' title='bbox 1328 5074 1774 5143; x_wconf 76' lang='lat' dir='ltr'>Alexandrinus,</span> <span class='ocrx_word' id='word_1_424' title='bbox 1820 5093 1887 5129; x_wconf 75' lang='lat' dir='ltr'>ex</span> 
     </span>
    </p>
   </div>
   <div class='ocr_carea' id='block_1_68' title="bbox 242 5145 1887 5216">
    <p class='ocr_par' dir='ltr' id='par_1_68' title="bbox 242 5145 1887 5216">
     <span class='ocr_line' id='line_1_68' title="bbox 242 5145 1887 5216; baseline -0.002 -12"><span class='ocrx_word' id='word_1_425' title='bbox 242 5149 546 5204; x_wconf 89' lang='lat' dir='ltr'>rhetorum</span> <span class='ocrx_word' id='word_1_426' title='bbox 587 5163 827 5199; x_wconf 87' lang='lat' dir='ltr'>numero</span> <span class='ocrx_word' id='word_1_427' title='bbox 849 5145 1158 5216; x_wconf 88' lang='lat' dir='ltr'>episcopus</span> <span class='ocrx_word' id='word_1_428' title='bbox 1181 5147 1389 5212; x_wconf 81' lang='lat' dir='ltr'>factus,</span> <span class='ocrx_word' id='word_1_429' title='bbox 1415 5146 1469 5200; x_wconf 88' lang='lat' dir='ltr'>in</span> <span class='ocrx_word' id='word_1_430' title='bbox 1495 5146 1737 5201; x_wconf 89' lang='lat' dir='ltr'>Scholiis</span> <span class='ocrx_word' id='word_1_431' title='bbox 1762 5164 1887 5215; x_wconf 76' lang='lat' dir='ltr'>quae</span> 
     </span>
    </p>
   </div>
   <div class='ocr_carea' id='block_1_69' title="bbox 243 5217 1888 5292">
    <p class='ocr_par' dir='ltr' id='par_1_69' title="bbox 243 5217 1888 5292">
     <span class='ocr_line' id='line_1_69' title="bbox 243 5217 1888 5292; baseline -0.001 -16"><span class='ocrx_word' id='word_1_432' title='bbox 243 5219 483 5292; x_wconf 87' lang='lat' dir='ltr'>scripsit</span> <span class='ocrx_word' id='word_1_433' title='bbox 515 5218 569 5272; x_wconf 92' lang='lat' dir='ltr'>in</span> <span class='ocrx_word' id='word_1_434' title='bbox 605 5217 1150 5292; x_wconf 62' lang='lat' dir='ltr'>sibicognominem</span> <span class='ocrx_word' id='word_1_435' title='bbox 1202 5217 1565 5289; x_wconf 87' lang='lat' dir='ltr'>Dionysium,</span> <span class='ocrx_word' id='word_1_436' title='bbox 1612 5219 1888 5292; x_wconf 68' lang='lat' dir='ltr'>haecha-</span> 
     </span>
    </p>
   </div>
   <div class='ocr_carea' id='block_1_70' title="bbox 244 5289 1890 5352">
    <p class='ocr_par' dir='ltr' id='par_1_70' title="bbox 244 5289 1890 5352">
     <span class='ocr_line' id='line_1_70' title="bbox 244 5289 1890 5352; baseline -0.001 -6"><span class='ocrx_word' id='word_1_437' title='bbox 244 5289 426 5352; x_wconf 47' lang='lat' dir='ltr'>hctfn</span> <span class='ocrx_word' id='word_1_438' title='bbox 459 5297 568 5346; x_wconf 92' lang='lat' dir='ltr'>etc.</span> <span class='ocrx_word' id='word_1_439' title='bbox 632 5289 845 5343; x_wconf 84' lang='lat' dir='ltr'>Eadem</span> <span class='ocrx_word' id='word_1_440' title='bbox 894 5289 1008 5343; x_wconf 88' lang='lat' dir='ltr'>l&#39;ere</span> <span class='ocrx_word' id='word_1_441' title='bbox 1057 5295 1195 5344; x_wconf 88' lang='lat' dir='ltr'>sunt</span> <span class='ocrx_word' id='word_1_442' title='bbox 1253 5293 1422 5344; x_wconf 86' lang='lat' dir='ltr'>verba</span> <span class='ocrx_word' id='word_1_443' title='bbox 1479 5291 1774 5346; x_wconf 80' lang='lat' dir='ltr'>Anastasii</span> <span class='ocrx_word' id='word_1_444' title='bbox 1834 5293 1890 5344; x_wconf 86' lang='lat' dir='ltr'>et</span> 
     </span>
    </p>
   </div>
   <div class='ocr_carea' id='block_1_71' title="bbox 246 5357 1890 5434">
    <p class='ocr_par' dir='ltr' id='par_1_71' title="bbox 246 5357 1890 5434">
     <span class='ocr_line' id='line_1_71' title="bbox 246 5357 1890 5434; baseline -0.002 -15"><span class='ocrx_word' id='word_1_445' title='bbox 246 5363 484 5419; x_wconf 76' lang='lat' dir='ltr'>Maximi</span> <span class='ocrx_word' id='word_1_446' title='bbox 515 5380 527 5426; x_wconf 88' lang='lat'><strong>;</strong></span> <span class='ocrx_word' id='word_1_447' title='bbox 560 5378 676 5434; x_wconf 83' lang='lat' dir='ltr'>quo</span> <span class='ocrx_word' id='word_1_448' title='bbox 706 5365 826 5434; x_wconf 77' lang='lat' dir='ltr'>tam</span> <span class='ocrx_word' id='word_1_449' title='bbox 854 5357 989 5434; x_wconf 78' lang='lat' dir='ltr'>loco</span> <span class='ocrx_word' id='word_1_450' title='bbox 1029 5361 1392 5430; x_wconf 81' lang='lat' dir='ltr'>cognominis</span> <span class='ocrx_word' id='word_1_451' title='bbox 1423 5361 1536 5434; x_wconf 84' lang='lat' dir='ltr'>ille</span> <span class='ocrx_word' id='word_1_452' title='bbox 1579 5362 1890 5434; x_wconf 86' lang='lat' dir='ltr'>Dionysius</span> 
     </span>
    </p>
   </div>
   <div class='ocr_carea' id='block_1_72' title="bbox 244 5431 1893 5504">
    <p class='ocr_par' dir='ltr' id='par_1_72' title="bbox 244 5431 1893 5504">
     <span class='ocr_line' id='line_1_72' title="bbox 244 5431 1893 5504; baseline -0.002 -13"><span class='ocrx_word' id='word_1_453' title='bbox 244 5435 497 5504; x_wconf 82' lang='lat' dir='ltr'>intelligi</span> <span class='ocrx_word' id='word_1_454' title='bbox 530 5431 656 5488; x_wconf 82' lang='lat' dir='ltr'>sine</span> <span class='ocrx_word' id='word_1_455' title='bbox 689 5431 867 5486; x_wconf 91' lang='lat' dir='ltr'>dubio</span> <span class='ocrx_word' id='word_1_456' title='bbox 901 5431 1128 5504; x_wconf 75' lang='lat' dir='ltr'>videtur</span> <span class='ocrx_word' id='word_1_457' title='bbox 1157 5433 1519 5502; x_wconf 67' lang='lat' dir='ltr'>Areopagita.</span> <span class='ocrx_word' id='word_1_458' title='bbox 1558 5434 1694 5488; x_wconf 79' lang='lat' dir='ltr'>Rem</span> <span class='ocrx_word' id='word_1_459' title='bbox 1734 5431 1893 5504; x_wconf 82' lang='lat' dir='ltr'>ponit</span> 
     </span>
    </p>
   </div>
   <div class='ocr_carea' id='block_1_73' title="bbox 246 5503 1891 5576">
    <p class='ocr_par' dir='ltr' id='par_1_73' title="bbox 246 5503 1891 5576">
     <span class='ocr_line' id='line_1_73' title="bbox 246 5503 1891 5576; baseline -0.001 -13"><span class='ocrx_word' id='word_1_460' title='bbox 246 5513 410 5563; x_wconf 78' lang='lat' dir='ltr'>extra</span> <span class='ocrx_word' id='word_1_461' title='bbox 443 5503 892 5560; x_wconf 86' lang='lat' dir='ltr'>controversiam</span> <span class='ocrx_word' id='word_1_462' title='bbox 943 5503 1203 5576; x_wconf 77' lang='lat' dir='ltr'>Joannes</span> <span class='ocrx_word' id='word_1_463' title='bbox 1247 5503 1891 5576; x_wconf 75' lang='lat' dir='ltr'>Cyparissiota,COgno-</span> 
     </span>
    </p>
   </div>
   <div class='ocr_carea' id='block_1_74' title="bbox 249 5574 1896 5648">
    <p class='ocr_par' dir='ltr' id='par_1_74' title="bbox 249 5574 1896 5648">
     <span class='ocr_line' id='line_1_74' title="bbox 249 5574 1896 5648; baseline -0.002 -13"><span class='ocrx_word' id='word_1_464' title='bbox 249 5583 452 5636; x_wconf 89' lang='lat' dir='ltr'>mento</span> <span class='ocrx_word' id='word_1_465' title='bbox 476 5577 743 5646; x_wconf 82' lang='lat' dir='ltr'>Sapiens.</span> <span class='ocrx_word' id='word_1_466' title='bbox 779 5574 1012 5648; x_wconf 75' lang='lat' dir='ltr'>Decades</span> <span class='ocrx_word' id='word_1_467' title='bbox 1035 5576 1164 5648; x_wconf 70' lang='lat' dir='ltr'>ejus</span> <span class='ocrx_word' id='word_1_468' title='bbox 1195 5575 1260 5630; x_wconf 85' lang='lat' dir='ltr'>de</span> <span class='ocrx_word' id='word_1_469' title='bbox 1291 5574 1554 5647; x_wconf 78' lang='lat' dir='ltr'>theologia</span> <span class='ocrx_word' id='word_1_470' title='bbox 1593 5578 1896 5648; x_wconf 77' lang='lat' dir='ltr'>symbolice</span> 
     </span>
    </p>
   </div>
   <div class='ocr_carea' id='block_1_75' title="bbox 253 5647 1892 5710">
    <p class='ocr_par' dir='ltr' id='par_1_75' title="bbox 253 5647 1892 5710">
     <span class='ocr_line' id='line_1_75' title="bbox 253 5647 1892 5710; baseline -0.002 -3"><span class='ocrx_word' id='word_1_471' title='bbox 253 5653 546 5707; x_wconf 83' lang='lat' dir='ltr'>habentur</span> <span class='ocrx_word' id='word_1_472' title='bbox 577 5653 730 5701; x_wconf 86' lang='lat' dir='ltr'>temo</span> <span class='ocrx_word' id='word_1_473' title='bbox 791 5647 902 5702; x_wconf 76' lang='lat' dir='ltr'>XXI</span> <span class='ocrx_word' id='word_1_474' title='bbox 955 5647 1363 5710; x_wconf 66' lang='lat' dir='ltr'>Lugdunensis</span> <span class='ocrx_word' id='word_1_475' title='bbox 1415 5647 1766 5704; x_wconf 55' lang='lat' dir='ltr'>Bibliotheca”.</span> <span class='ocrx_word' id='word_1_476' title='bbox 1792 5651 1892 5704; x_wconf 91' lang='lat' dir='ltr'>Pa-</span> 
     </span>
    </p>
   </div>
   <div class='ocr_carea' id='block_1_76' title="bbox 253 5719 1896 5791">
    <p class='ocr_par' dir='ltr' id='par_1_76' title="bbox 253 5719 1896 5791">
     <span class='ocr_line' id='line_1_76' title="bbox 253 5719 1896 5791; baseline -0.003 -12"><span class='ocrx_word' id='word_1_477' title='bbox 253 5735 402 5779; x_wconf 79' lang='lat' dir='ltr'>trum</span> <span class='ocrx_word' id='word_1_478' title='bbox 459 5719 686 5776; x_wconf 81' lang='lat' dir='ltr'>Derade</span> <span class='ocrx_word' id='word_1_479' title='bbox 719 5721 948 5791; x_wconf 43' lang='lat' dir='ltr'>prima,</span> <span class='ocrx_word' id='word_1_480' title='bbox 979 5720 1166 5789; x_wconf 87' lang='lat' dir='ltr'>capite</span> <span class='ocrx_word' id='word_1_481' title='bbox 1204 5721 1249 5784; x_wconf 84' lang='grc' dir='ltr'>Ι,</span> <span class='ocrx_word' id='word_1_482' title='bbox 1288 5735 1421 5772; x_wconf 88' lang='lat' dir='ltr'>cum</span> <span class='ocrx_word' id='word_1_483' title='bbox 1474 5721 1896 5791; x_wconf 67' lang='lat' dir='ltr'>Arepugiticain</span> 
     </span>
    </p>
   </div>
   <div class='ocr_carea' id='block_1_77' title="bbox 255 5789 1900 5862">
    <p class='ocr_par' dir='ltr' id='par_1_77' title="bbox 255 5789 1900 5862">
     <span class='ocr_line' id='line_1_77' title="bbox 255 5789 1900 5862; baseline -0.004 -9"><span class='ocrx_word' id='word_1_484' title='bbox 255 5793 610 5852; x_wconf 88' lang='lat' dir='ltr'>sententiam</span> <span class='ocrx_word' id='word_1_485' title='bbox 644 5807 710 5844; x_wconf 84' lang='lat' dir='ltr'>ex</span> <span class='ocrx_word' id='word_1_486' title='bbox 742 5789 993 5859; x_wconf 73' lang='lat' dir='ltr'>Epistula</span> <span class='ocrx_word' id='word_1_487' title='bbox 1024 5793 1091 5846; x_wconf 86' lang='lat' dir='ltr'>ad</span> <span class='ocrx_word' id='word_1_488' title='bbox 1129 5791 1325 5845; x_wconf 86' lang='lat' dir='ltr'>Titum</span> <span class='ocrx_word' id='word_1_489' title='bbox 1351 5789 1706 5862; x_wconf 74' lang='lat' dir='ltr'>protulisset,</span> <span class='ocrx_word' id='word_1_490' title='bbox 1738 5817 1754 5838; x_wconf 82' lang='grc' dir='ltr'><strong>ει</strong></span> <span class='ocrx_word' id='word_1_491' title='bbox 1787 5793 1900 5846; x_wconf 88' lang='lat' dir='ltr'>Hoc</span> 
     </span>
    </p>
   </div>
   <div class='ocr_carea' id='block_1_78' title="bbox 257 5863 1900 5938">
    <p class='ocr_par' dir='ltr' id='par_1_78' title="bbox 257 5863 1900 5938">
     <span class='ocr_line' id='line_1_78' title="bbox 257 5863 1900 5938; baseline -0.003 -13"><span class='ocrx_word' id='word_1_492' title='bbox 257 5869 504 5936; x_wconf 87' lang='lat' dir='ltr'>dictum,</span> <span class='ocrx_word' id='word_1_493' title='bbox 573 5863 756 5928; x_wconf 86' lang='lat' dir='ltr'>addit,</span> <span class='ocrx_word' id='word_1_494' title='bbox 809 5869 1046 5918; x_wconf 87' lang='lat' dir='ltr'>sanctus</span> <span class='ocrx_word' id='word_1_495' title='bbox 1098 5863 1405 5928; x_wconf 82' lang='lat' dir='ltr'>Maximus,</span> <span class='ocrx_word' id='word_1_496' title='bbox 1461 5868 1517 5919; x_wconf 93' lang='lat' dir='ltr'>et</span> <span class='ocrx_word' id='word_1_497' title='bbox 1565 5865 1900 5938; x_wconf 87' lang='lat' dir='ltr'>Dionysius,</span> 
     </span>
    </p>
   </div>
   <div class='ocr_carea' id='block_1_79' title="bbox 585 5989 1160 6054">
    <p class='ocr_par' dir='ltr' id='par_1_79' title="bbox 585 5989 1160 6054">
     <span class='ocr_line' id='line_1_79' title="bbox 585 5989 1160 6054; baseline -0.003 -1"><span class='ocrx_word' id='word_1_498' title='bbox 585 5994 846 6054; x_wconf 77' lang='grc' dir='ltr'>ΡΑτιιοι..</span> <span class='ocrx_word' id='word_1_499' title='bbox 898 5990 1008 6052; x_wconf 77' lang='lat' dir='ltr'>Gn.</span> <span class='ocrx_word' id='word_1_500' title='bbox 1055 5989 1160 6051; x_wconf 81' lang='lat' dir='ltr'>IV.</span> 
     </span>
    </p>
   </div>
   <div class='ocr_carea' id='block_1_80' title="bbox 1903 3183 1946 3248">
    <p class='ocr_par' dir='ltr' id='par_1_80' title="bbox 1903 3183 1946 3248">
     <span class='ocr_line' id='line_1_80' title="bbox 1903 3183 1946 3248; baseline 0 -2"><span class='ocrx_word' id='word_1_501' title='bbox 1903 3183 1946 3248; x_wconf 89' lang='lat' dir='ltr'><strong><em>C</em></strong></span> 
     </span>
    </p>
   </div>
   <div class='ocr_carea' id='block_1_81' title="bbox 1998 487 3648 560">
    <p class='ocr_par' dir='ltr' id='par_1_81' title="bbox 1998 487 3648 560">
     <span class='ocr_line' id='line_1_81' title="bbox 1998 487 3648 560; baseline 0 -15"><span class='ocrx_word' id='word_1_502' title='bbox 1998 492 2204 546; x_wconf 85' lang='lat' dir='ltr'>eadem</span> <span class='ocrx_word' id='word_1_503' title='bbox 2235 487 2594 560; x_wconf 66' lang='lat' dir='ltr'>Areopagitae</span> <span class='ocrx_word' id='word_1_504' title='bbox 2625 488 2872 560; x_wconf 88' lang='lat' dir='ltr'>epistola</span> <span class='ocrx_word' id='word_1_505' title='bbox 2903 504 3032 543; x_wconf 84' lang='lat' dir='ltr'>cum</span> <span class='ocrx_word' id='word_1_506' title='bbox 3065 489 3402 544; x_wconf 83' lang='lat' dir='ltr'>adduxisset</span> <span class='ocrx_word' id='word_1_507' title='bbox 3431 490 3648 545; x_wconf 87' lang='lat' dir='ltr'>decade</span> 
     </span>
    </p>
   </div>
   <div class='ocr_carea' id='block_1_82' title="bbox 1997 559 3653 632">
    <p class='ocr_par' dir='ltr' id='par_1_82' title="bbox 1997 559 3653 632">
     <span class='ocr_line' id='line_1_82' title="bbox 1997 559 3653 632; baseline -0.001 -14"><span class='ocrx_word' id='word_1_508' title='bbox 1997 563 2258 618; x_wconf 87' lang='lat' dir='ltr'>secunda</span> <span class='ocrx_word' id='word_1_509' title='bbox 2281 559 2469 632; x_wconf 85' lang='lat' dir='ltr'>capite</span> <span class='ocrx_word' id='word_1_510' title='bbox 2489 561 2543 628; x_wconf 81' lang='lat'>2,</span> <span class='ocrx_word' id='word_1_511' title='bbox 2565 582 2591 609; x_wconf 95' lang='grc'><em>‹‹</em></span> <span class='ocrx_word' id='word_1_512' title='bbox 2613 559 2792 629; x_wconf 89' lang='lat' dir='ltr'>Alter,</span> <span class='ocrx_word' id='word_1_513' title='bbox 2815 561 3026 630; x_wconf 89' lang='lat' dir='ltr'>inquit,</span> <span class='ocrx_word' id='word_1_514' title='bbox 3054 560 3364 632; x_wconf 83' lang='lat' dir='ltr'>Dionysius</span> <span class='ocrx_word' id='word_1_515' title='bbox 3386 561 3653 632; x_wconf 77' lang='lat' dir='ltr'>(Alexan-</span> 
     </span>
    </p>
   </div>
   <div class='ocr_carea' id='block_1_83' title="bbox 1996 632 3105 704">
    <p class='ocr_par' dir='ltr' id='par_1_83' title="bbox 1996 632 3105 704">
     <span class='ocr_line' id='line_1_83' title="bbox 1996 632 3105 704; baseline -0.003 -15"><span class='ocrx_word' id='word_1_516' title='bbox 1996 636 2250 704; x_wconf 86' lang='lat' dir='ltr'>drinus),</span> <span class='ocrx_word' id='word_1_517' title='bbox 2287 633 2405 687; x_wconf 75' lang='lat' dir='ltr'>haec</span> <span class='ocrx_word' id='word_1_518' title='bbox 2436 633 2766 704; x_wconf 82' lang='lat' dir='ltr'>edissereus</span> <span class='ocrx_word' id='word_1_519' title='bbox 2801 632 2898 704; x_wconf 82' lang='lat' dir='ltr'>ait,</span> <span class='ocrx_word' id='word_1_520' title='bbox 2934 653 2960 704; x_wconf 61' lang='grc' dir='ltr'>η</span> <span class='ocrx_word' id='word_1_521' title='bbox 2996 637 3105 686; x_wconf 88' lang='lat' dir='ltr'>etc.</span> 
     </span>
    </p>
   </div>
   <div class='ocr_carea' id='block_1_84' title="bbox 2070 702 3654 771">
    <p class='ocr_par' dir='ltr' id='par_1_84' title="bbox 2070 702 3654 771">
     <span class='ocr_line' id='line_1_84' title="bbox 2070 702 3654 771; baseline 0 -11"><span class='ocrx_word' id='word_1_522' title='bbox 2070 702 2338 762; x_wconf 19' lang='lat' dir='ltr'>Usse‘rius</span> <span class='ocrx_word' id='word_1_523' title='bbox 2360 703 2770 758; x_wconf 85' lang='lat' dir='ltr'>Armachanus</span> <span class='ocrx_word' id='word_1_524' title='bbox 2799 703 2856 756; x_wconf 89' lang='lat' dir='ltr'>in</span> <span class='ocrx_word' id='word_1_525' title='bbox 2889 702 3383 758; x_wconf 75' lang='lat' dir='ltr'>Observationibus</span> <span class='ocrx_word' id='word_1_526' title='bbox 3407 721 3564 771; x_wconf 89' lang='lat' dir='ltr'>mss.,</span> <span class='ocrx_word' id='word_1_527' title='bbox 3590 709 3654 760; x_wconf 86' lang='lat' dir='ltr'>ut</span> 
     </span>
    </p>
   </div>
   <div class='ocr_carea' id='block_1_85' title="bbox 1994 774 3649 847">
    <p class='ocr_par' dir='ltr' id='par_1_85' title="bbox 1994 774 3649 847">
     <span class='ocr_line' id='line_1_85' title="bbox 1994 774 3649 847; baseline -0.001 -16"><span class='ocrx_word' id='word_1_528' title='bbox 1994 777 2133 832; x_wconf 88' lang='lat' dir='ltr'>citat</span> <span class='ocrx_word' id='word_1_529' title='bbox 2183 777 2542 847; x_wconf 74' lang='lat' dir='ltr'>Lequienus,</span> <span class='ocrx_word' id='word_1_530' title='bbox 2572 774 2756 847; x_wconf 79' lang='lat' dir='ltr'>velut</span> <span class='ocrx_word' id='word_1_531' title='bbox 2782 774 2984 847; x_wconf 77' lang='lat' dir='ltr'>citatio</span> <span class='ocrx_word' id='word_1_532' title='bbox 3025 781 3113 830; x_wconf 86' lang='lat' dir='ltr'>est.</span> <span class='ocrx_word' id='word_1_533' title='bbox 3143 775 3234 830; x_wconf 90' lang='lat' dir='ltr'>Jo.</span> <span class='ocrx_word' id='word_1_534' title='bbox 3267 774 3486 831; x_wconf 86' lang='lat' dir='ltr'>Alberti</span> <span class='ocrx_word' id='word_1_535' title='bbox 3542 776 3649 831; x_wconf 84' lang='lat' dir='ltr'>Fa-</span> 
     </span>
    </p>
   </div>
   <div class='ocr_carea' id='block_1_86' title="bbox 1995 843 3646 918">
    <p class='ocr_par' dir='ltr' id='par_1_86' title="bbox 1995 843 3646 918">
     <span class='ocr_line' id='line_1_86' title="bbox 1995 843 3646 918; baseline 0 -16"><span class='ocrx_word' id='word_1_536' title='bbox 1995 849 2161 903; x_wconf 90' lang='lat' dir='ltr'>bricii</span> <span class='ocrx_word' id='word_1_537' title='bbox 2213 843 2359 903; x_wconf 77' lang='lat' dir='ltr'>libro</span> <span class='ocrx_word' id='word_1_538' title='bbox 2389 864 2425 901; x_wconf 93' lang='lat' dir='ltr'>v</span> <span class='ocrx_word' id='word_1_539' title='bbox 2457 846 2715 900; x_wconf 83' lang='lat' dir='ltr'>Biblioth.</span> <span class='ocrx_word' id='word_1_540' title='bbox 2768 843 2988 902; x_wconf 63' lang='lat' dir='ltr'>Graecas.</span> <span class='ocrx_word' id='word_1_541' title='bbox 3024 864 3149 918; x_wconf 89' lang='lat' dir='ltr'>cap.</span> <span class='ocrx_word' id='word_1_542' title='bbox 3186 849 3237 915; x_wconf 86' lang='grc'>1,</span> <span class='ocrx_word' id='word_1_543' title='bbox 3289 864 3454 902; x_wconf 91' lang='lat' dir='ltr'>num.</span> <span class='ocrx_word' id='word_1_544' title='bbox 3506 849 3540 901; x_wconf 88' lang='lat'><strong>6</strong></span> <span class='ocrx_word' id='word_1_545' title='bbox 3589 848 3646 902; x_wconf 91' lang='lat' dir='ltr'>in</span> 
     </span>
    </p>
   </div>
   <div class='ocr_carea' id='block_1_87' title="bbox 1993 918 3646 988">
    <p class='ocr_par' dir='ltr' id='par_1_87' title="bbox 1993 918 3646 988">
     <span class='ocr_line' id='line_1_87' title="bbox 1993 918 3646 988; baseline -0.002 -13"><span class='ocrx_word' id='word_1_546' title='bbox 1993 920 2396 976; x_wconf 78' lang='lat' dir='ltr'>Dissertatione</span> <span class='ocrx_word' id='word_1_547' title='bbox 2425 919 2491 972; x_wconf 80' lang='lat' dir='ltr'>de</span> <span class='ocrx_word' id='word_1_548' title='bbox 2520 919 2798 988; x_wconf 85' lang='lat' dir='ltr'>Dionysio,</span> <span class='ocrx_word' id='word_1_549' title='bbox 2825 935 2999 988; x_wconf 88' lang='lat' dir='ltr'>quam</span> <span class='ocrx_word' id='word_1_550' title='bbox 3035 923 3103 973; x_wconf 84' lang='grc' dir='ltr'>Η.</span> <span class='ocrx_word' id='word_1_551' title='bbox 3126 918 3493 974; x_wconf 85' lang='lat' dir='ltr'>Warthonus</span> <span class='ocrx_word' id='word_1_552' title='bbox 3524 920 3646 974; x_wconf 90' lang='lat' dir='ltr'>edi-</span> 
     </span>
    </p>
   </div>
   <div class='ocr_carea' id='block_1_88' title="bbox 1993 989 3648 1062">
    <p class='ocr_par' dir='ltr' id='par_1_88' title="bbox 1993 989 3648 1062">
     <span class='ocr_line' id='line_1_88' title="bbox 1993 989 3648 1062; baseline 0 -16"><span class='ocrx_word' id='word_1_553' title='bbox 1993 993 2078 1047; x_wconf 89' lang='lat' dir='ltr'>dit</span> <span class='ocrx_word' id='word_1_554' title='bbox 2109 1000 2180 1047; x_wconf 88' lang='lat' dir='ltr'>ad</span> <span class='ocrx_word' id='word_1_555' title='bbox 2213 992 2430 1047; x_wconf 89' lang='lat' dir='ltr'>calcem</span> <span class='ocrx_word' id='word_1_556' title='bbox 2468 990 2601 1044; x_wconf 87' lang='lat' dir='ltr'>libri</span> <span class='ocrx_word' id='word_1_557' title='bbox 2652 989 2726 1044; x_wconf 77' lang='lat' dir='ltr'>De</span> <span class='ocrx_word' id='word_1_558' title='bbox 2773 991 3062 1060; x_wconf 77' lang='lat' dir='ltr'>scripturis</span> <span class='ocrx_word' id='word_1_559' title='bbox 3112 994 3444 1060; x_wconf 82' lang='lat' dir='ltr'>vernaculis,</span> <span class='ocrx_word' id='word_1_560' title='bbox 3480 997 3648 1062; x_wconf 89' lang='lat' dir='ltr'>putat</span> 
     </span>
    </p>
   </div>
   <div class='ocr_carea' id='block_1_89' title="bbox 1990 1062 3643 1134">
    <p class='ocr_par' dir='ltr' id='par_1_89' title="bbox 1990 1062 3643 1134">
     <span class='ocr_line' id='line_1_89' title="bbox 1990 1062 3643 1134; baseline -0.001 -16"><span class='ocrx_word' id='word_1_561' title='bbox 1990 1064 2204 1118; x_wconf 87' lang='lat' dir='ltr'>Joanni</span> <span class='ocrx_word' id='word_1_562' title='bbox 2237 1062 2717 1134; x_wconf 83' lang='lat' dir='ltr'>ScythOpolitano</span> <span class='ocrx_word' id='word_1_563' title='bbox 2751 1062 3046 1115; x_wconf 73' lang='lat' dir='ltr'>reddenda</span> <span class='ocrx_word' id='word_1_564' title='bbox 3078 1079 3206 1116; x_wconf 89' lang='lat' dir='ltr'>esse</span> <span class='ocrx_word' id='word_1_565' title='bbox 3236 1062 3487 1132; x_wconf 76' lang='lat' dir='ltr'>Scholia,</span> <span class='ocrx_word' id='word_1_566' title='bbox 3517 1079 3643 1134; x_wconf 68' lang='lat' dir='ltr'>quae</span> 
     </span>
    </p>
   </div>
   <div class='ocr_carea' id='block_1_90' title="bbox 1993 1133 3638 1204">
    <p class='ocr_par' dir='ltr' id='par_1_90' title="bbox 1993 1133 3638 1204">
     <span class='ocr_line' id='line_1_90' title="bbox 1993 1133 3638 1204; baseline -0.001 -13"><span class='ocrx_word' id='word_1_567' title='bbox 1993 1136 2268 1203; x_wconf 84' lang='lat' dir='ltr'>Dionysio</span> <span class='ocrx_word' id='word_1_568' title='bbox 2319 1133 2710 1188; x_wconf 69' lang='lat' dir='ltr'>Alexandrino</span> <span class='ocrx_word' id='word_1_569' title='bbox 2771 1149 3073 1204; x_wconf 89' lang='lat' dir='ltr'>perperam</span> <span class='ocrx_word' id='word_1_570' title='bbox 3125 1133 3405 1189; x_wconf 87' lang='lat' dir='ltr'>attributa</span> <span class='ocrx_word' id='word_1_571' title='bbox 3453 1133 3638 1189; x_wconf 84' lang='lat' dir='ltr'>erant.</span> 
     </span>
    </p>
   </div>
   <div class='ocr_carea' id='block_1_91' title="bbox 1994 1205 3644 1276">
    <p class='ocr_par' dir='ltr' id='par_1_91' title="bbox 1994 1205 3644 1276">
     <span class='ocr_line' id='line_1_91' title="bbox 1994 1205 3644 1276; baseline 0.002 -19"><span class='ocrx_word' id='word_1_572' title='bbox 1994 1230 2021 1257; x_wconf 79' lang='grc' dir='ltr'>α</span> <span class='ocrx_word' id='word_1_573' title='bbox 2053 1207 2215 1271; x_wconf 89' lang='lat' dir='ltr'>Quod</span> <span class='ocrx_word' id='word_1_574' title='bbox 2251 1223 2316 1262; x_wconf 86' lang='lat' dir='ltr'>ex</span> <span class='ocrx_word' id='word_1_575' title='bbox 2351 1206 2662 1271; x_wconf 88' lang='lat' dir='ltr'>sententia,</span> <span class='ocrx_word' id='word_1_576' title='bbox 2695 1205 2904 1273; x_wconf 79' lang='lat' dir='ltr'>inquit,</span> <span class='ocrx_word' id='word_1_577' title='bbox 2931 1223 2963 1259; x_wconf 91' lang='lat' dir='ltr'>a</span> <span class='ocrx_word' id='word_1_578' title='bbox 2995 1205 3389 1276; x_wconf 81' lang='lat' dir='ltr'>Cyparissiota</span> <span class='ocrx_word' id='word_1_579' title='bbox 3419 1221 3485 1260; x_wconf 90' lang='lat' dir='ltr'>ex</span> <span class='ocrx_word' id='word_1_580' title='bbox 3517 1206 3644 1260; x_wconf 88' lang='lat' dir='ltr'>Dio-</span> 
     </span>
    </p>
   </div>
   <div class='ocr_carea' id='block_1_92' title="bbox 1991 1276 3640 1351">
    <p class='ocr_par' dir='ltr' id='par_1_92' title="bbox 1991 1276 3640 1351">
     <span class='ocr_line' id='line_1_92' title="bbox 1991 1276 3640 1351; baseline -0.001 -17"><span class='ocrx_word' id='word_1_581' title='bbox 1991 1279 2145 1351; x_wconf 90' lang='lat' dir='ltr'>nysii</span> <span class='ocrx_word' id='word_1_582' title='bbox 2174 1276 2425 1351; x_wconf 80' lang='lat' dir='ltr'>Scholiis</span> <span class='ocrx_word' id='word_1_583' title='bbox 2458 1278 2634 1331; x_wconf 86' lang='lat' dir='ltr'>citata</span> <span class='ocrx_word' id='word_1_584' title='bbox 2665 1281 2841 1351; x_wconf 83' lang='lat' dir='ltr'>patet</span> <span class='ocrx_word' id='word_1_585' title='bbox 2875 1293 2886 1330; x_wconf 93' lang='lat'><strong>:</strong></span> <span class='ocrx_word' id='word_1_586' title='bbox 2917 1293 3048 1351; x_wconf 73' lang='lat' dir='ltr'>qum</span> <span class='ocrx_word' id='word_1_587' title='bbox 3101 1277 3160 1331; x_wconf 87' lang='lat' dir='ltr'>in</span> <span class='ocrx_word' id='word_1_588' title='bbox 3210 1277 3462 1351; x_wconf 75' lang='lat' dir='ltr'>Scholiis</span> <span class='ocrx_word' id='word_1_589' title='bbox 3513 1279 3640 1333; x_wconf 86' lang='lat' dir='ltr'>istis</span> 
     </span>
    </p>
   </div>
   <div class='ocr_carea' id='block_1_93' title="bbox 1989 1348 3640 1418">
    <p class='ocr_par' dir='ltr' id='par_1_93' title="bbox 1989 1348 3640 1418">
     <span class='ocr_line' id='line_1_93' title="bbox 1989 1348 3640 1418; baseline -0.003 -11"><span class='ocrx_word' id='word_1_590' title='bbox 1989 1348 2232 1407; x_wconf 80' lang='lat' dir='ltr'>totidem</span> <span class='ocrx_word' id='word_1_591' title='bbox 2269 1349 2458 1404; x_wconf 87' lang='lat' dir='ltr'>verbis</span> <span class='ocrx_word' id='word_1_592' title='bbox 2492 1348 2800 1418; x_wconf 84' lang='lat' dir='ltr'>reperitur,</span> <span class='ocrx_word' id='word_1_593' title='bbox 2828 1353 2890 1401; x_wconf 89' lang='lat' dir='ltr'>ut</span> <span class='ocrx_word' id='word_1_594' title='bbox 2914 1348 3098 1418; x_wconf 88' lang='lat' dir='ltr'>liquet</span> <span class='ocrx_word' id='word_1_595' title='bbox 3128 1365 3194 1403; x_wconf 80' lang='lat' dir='ltr'>ex</span> <span class='ocrx_word' id='word_1_596' title='bbox 3219 1349 3421 1403; x_wconf 88' lang='lat' dir='ltr'>Latina</span> <span class='ocrx_word' id='word_1_597' title='bbox 3448 1353 3640 1404; x_wconf 86' lang='lat' dir='ltr'>trans-</span> 
     </span>
    </p>
   </div>
   <div class='ocr_carea' id='block_1_94' title="bbox 1991 1419 3640 1490">
    <p class='ocr_par' dir='ltr' id='par_1_94' title="bbox 1991 1419 3640 1490">
     <span class='ocr_line' id='line_1_94' title="bbox 1991 1419 3640 1490; baseline -0.001 -14"><span class='ocrx_word' id='word_1_598' title='bbox 1991 1422 2207 1478; x_wconf 88' lang='lat' dir='ltr'>latione</span> <span class='ocrx_word' id='word_1_599' title='bbox 2241 1419 2609 1476; x_wconf 89' lang='lat' dir='ltr'>Scholiorum</span> <span class='ocrx_word' id='word_1_600' title='bbox 2642 1419 3126 1490; x_wconf 85' lang='lat' dir='ltr'>Scytbopolitani,</span> <span class='ocrx_word' id='word_1_601' title='bbox 3161 1437 3192 1473; x_wconf 88' lang='lat' dir='ltr'>a</span> <span class='ocrx_word' id='word_1_602' title='bbox 3224 1420 3473 1476; x_wconf 70' lang='lat' dir='ltr'>ltoberto</span> <span class='ocrx_word' id='word_1_603' title='bbox 3506 1421 3640 1476; x_wconf 91' lang='lat' dir='ltr'>Lin-</span> 
     </span>
    </p>
   </div>
   <div class='ocr_carea' id='block_1_95' title="bbox 1991 1491 3637 1563">
    <p class='ocr_par' dir='ltr' id='par_1_95' title="bbox 1991 1491 3637 1563">
     <span class='ocr_line' id='line_1_95' title="bbox 1991 1491 3637 1563; baseline -0.002 -13"><span class='ocrx_word' id='word_1_604' title='bbox 1991 1495 2276 1550; x_wconf 88' lang='lat' dir='ltr'>colniensi</span> <span class='ocrx_word' id='word_1_605' title='bbox 2316 1491 2587 1563; x_wconf 85' lang='lat' dir='ltr'>episcopo</span> <span class='ocrx_word' id='word_1_606' title='bbox 2633 1492 2802 1554; x_wconf 84' lang='lat' dir='ltr'>facta,</span> <span class='ocrx_word' id='word_1_607' title='bbox 2837 1499 2894 1545; x_wconf 90' lang='lat' dir='ltr'>et</span> <span class='ocrx_word' id='word_1_608' title='bbox 2925 1493 2978 1544; x_wconf 90' lang='lat' dir='ltr'>in</span> <span class='ocrx_word' id='word_1_609' title='bbox 3016 1491 3378 1547; x_wconf 85' lang='lat' dir='ltr'>Bibliotheca</span> <span class='ocrx_word' id='word_1_610' title='bbox 3409 1492 3637 1563; x_wconf 85' lang='lat' dir='ltr'>collegii</span> 
     </span>
    </p>
   </div>
   <div class='ocr_carea' id='block_1_96' title="bbox 1990 1563 3642 1638">
    <p class='ocr_par' dir='ltr' id='par_1_96' title="bbox 1990 1563 3642 1638">
     <span class='ocr_line' id='line_1_96' title="bbox 1990 1563 3642 1638; baseline -0.002 -17"><span class='ocrx_word' id='word_1_611' title='bbox 1990 1567 2260 1638; x_wconf 79' lang='lat' dir='ltr'>Corporis</span> <span class='ocrx_word' id='word_1_612' title='bbox 2291 1564 2509 1638; x_wconf 84' lang='lat' dir='ltr'>Christi</span> <span class='ocrx_word' id='word_1_613' title='bbox 2559 1563 2711 1634; x_wconf 87' lang='lat' dir='ltr'>apud</span> <span class='ocrx_word' id='word_1_614' title='bbox 2766 1563 3127 1638; x_wconf 75' lang='lat' dir='ltr'>onnienscs</span> <span class='ocrx_word' id='word_1_615' title='bbox 3159 1571 3476 1638; x_wconf 82' lang='lat' dir='ltr'>asservata.</span> <span class='ocrx_word' id='word_1_616' title='bbox 3506 1587 3527 1616; x_wconf 75' lang='grc' dir='ltr'><strong><em>ι</em></strong></span> <span class='ocrx_word' id='word_1_617' title='bbox 3569 1569 3642 1638; x_wconf 74' lang='lat' dir='ltr'>At</span> 
     </span>
    </p>
   </div>
   <div class='ocr_carea' id='block_1_97' title="bbox 1990 1634 3642 1708">
    <p class='ocr_par' dir='ltr' id='par_1_97' title="bbox 1990 1634 3642 1708">
     <span class='ocr_line' id='line_1_97' title="bbox 1990 1634 3642 1708; baseline -0.001 -16"><span class='ocrx_word' id='word_1_618' title='bbox 1990 1634 2231 1708; x_wconf 76' lang='lat' dir='ltr'>mirum,</span> <span class='ocrx_word' id='word_1_619' title='bbox 2255 1636 2459 1708; x_wconf 91' lang='lat' dir='ltr'>inquio</span> <span class='ocrx_word' id='word_1_620' title='bbox 2491 1651 2617 1706; x_wconf 87' lang='lat' dir='ltr'>ego,</span> <span class='ocrx_word' id='word_1_621' title='bbox 2648 1634 2900 1708; x_wconf 81' lang='lat' dir='ltr'>maxime</span> <span class='ocrx_word' id='word_1_622' title='bbox 2923 1636 3115 1702; x_wconf 83' lang='lat' dir='ltr'>fuerit,</span> <span class='ocrx_word' id='word_1_623' title='bbox 3142 1637 3522 1692; x_wconf 87' lang='lat' dir='ltr'>Anastasium</span> <span class='ocrx_word' id='word_1_624' title='bbox 3557 1637 3642 1692; x_wconf 91' lang='lat' dir='ltr'>Si-</span> 
     </span>
    </p>
   </div>
   <div class='ocr_carea' id='block_1_98' title="bbox 1991 1706 3640 1779">
    <p class='ocr_par' dir='ltr' id='par_1_98' title="bbox 1991 1706 3640 1779">
     <span class='ocr_line' id='line_1_98' title="bbox 1991 1706 3640 1779; baseline -0.001 -15"><span class='ocrx_word' id='word_1_625' title='bbox 1991 1706 2232 1776; x_wconf 75' lang='lat' dir='ltr'>uaitam,</span> <span class='ocrx_word' id='word_1_626' title='bbox 2257 1706 2356 1779; x_wconf 84' lang='lat' dir='ltr'>qui</span> <span class='ocrx_word' id='word_1_627' title='bbox 2389 1712 2550 1779; x_wconf 76' lang='lat' dir='ltr'>sexto</span> <span class='ocrx_word' id='word_1_628' title='bbox 2584 1706 3002 1779; x_wconf 69' lang='lat' dir='ltr'>saeculovitam</span> <span class='ocrx_word' id='word_1_629' title='bbox 3036 1709 3267 1778; x_wconf 84' lang='lat' dir='ltr'>agebat,</span> <span class='ocrx_word' id='word_1_630' title='bbox 3297 1724 3545 1778; x_wconf 88' lang='lat' dir='ltr'>eamque</span> <span class='ocrx_word' id='word_1_631' title='bbox 3578 1713 3640 1762; x_wconf 91' lang='lat' dir='ltr'>ut</span> 
     </span>
    </p>
   </div>
   <div class='ocr_carea' id='block_1_99' title="bbox 1991 1777 3637 1849">
    <p class='ocr_par' dir='ltr' id='par_1_99' title="bbox 1991 1777 3637 1849">
     <span class='ocr_line' id='line_1_99' title="bbox 1991 1777 3637 1849; baseline -0.001 -13"><span class='ocrx_word' id='word_1_632' title='bbox 1991 1777 2288 1836; x_wconf 83' lang='lat' dir='ltr'>summum</span> <span class='ocrx_word' id='word_1_633' title='bbox 2321 1780 2391 1834; x_wconf 90' lang='lat' dir='ltr'>ad</span> <span class='ocrx_word' id='word_1_634' title='bbox 2425 1778 2596 1833; x_wconf 90' lang='lat' dir='ltr'>initia</span> <span class='ocrx_word' id='word_1_635' title='bbox 2621 1777 2816 1832; x_wconf 68' lang='lat' dir='ltr'>saeculi</span> <span class='ocrx_word' id='word_1_636' title='bbox 2841 1777 3388 1849; x_wconf 30' lang='lat' dir='ltr'>septimi’traduxit,</span> <span class='ocrx_word' id='word_1_637' title='bbox 3415 1777 3479 1834; x_wconf 85' lang='lat' dir='ltr'>ut</span> <span class='ocrx_word' id='word_1_638' title='bbox 3509 1781 3637 1835; x_wconf 89' lang='lat' dir='ltr'>Bol-</span> 
     </span>
    </p>
   </div>
   <div class='ocr_carea' id='block_1_100' title="bbox 1991 1851 3632 1922">
    <p class='ocr_par' dir='ltr' id='par_1_100' title="bbox 1991 1851 3632 1922">
     <span class='ocr_line' id='line_1_100' title="bbox 1991 1851 3632 1922; baseline -0.001 -14"><span class='ocrx_word' id='word_1_639' title='bbox 1991 1853 2150 1909; x_wconf 88' lang='lat' dir='ltr'>laudi</span> <span class='ocrx_word' id='word_1_640' title='bbox 2211 1852 2653 1922; x_wconf 76' lang='lat' dir='ltr'>continuatores</span> <span class='ocrx_word' id='word_1_641' title='bbox 2694 1855 2899 1922; x_wconf 90' lang='lat' dir='ltr'>notant</span> <span class='ocrx_word' id='word_1_642' title='bbox 2956 1851 3025 1904; x_wconf 91' lang='lat' dir='ltr'>ad</span> <span class='ocrx_word' id='word_1_643' title='bbox 3081 1851 3232 1905; x_wconf 89' lang='lat' dir='ltr'>diem</span> <span class='ocrx_word' id='word_1_644' title='bbox 3282 1853 3351 1905; x_wconf 76' lang='lat'>20</span> <span class='ocrx_word' id='word_1_645' title='bbox 3403 1853 3632 1922; x_wconf 74' lang='lat' dir='ltr'>Aprilis,</span> 
     </span>
    </p>
   </div>
   <div class='ocr_carea' id='block_1_101' title="bbox 1988 1921 3634 1995">
    <p class='ocr_par' dir='ltr' id='par_1_101' title="bbox 1988 1921 3634 1995">
     <span class='ocr_line' id='line_1_101' title="bbox 1988 1921 3634 1995; baseline -0.001 -15"><span class='ocrx_word' id='word_1_646' title='bbox 1988 1925 2221 1981; x_wconf 81' lang='lat' dir='ltr'>Scholia</span> <span class='ocrx_word' id='word_1_647' title='bbox 2252 1925 2552 1995; x_wconf 80' lang='lat' dir='ltr'>ignorasse</span> <span class='ocrx_word' id='word_1_648' title='bbox 2596 1921 2845 1995; x_wconf 86' lang='lat' dir='ltr'>Joannis</span> <span class='ocrx_word' id='word_1_649' title='bbox 2875 1922 3336 1995; x_wconf 84' lang='lat' dir='ltr'>Scythopolitani</span> <span class='ocrx_word' id='word_1_650' title='bbox 3370 1921 3634 1993; x_wconf 79' lang='lat' dir='ltr'>ejusdem</span> 
     </span>
    </p>
   </div>
   <div class='ocr_carea' id='block_1_102' title="bbox 1991 1993 3637 2065">
    <p class='ocr_par' dir='ltr' id='par_1_102' title="bbox 1991 1993 3637 2065">
     <span class='ocr_line' id='line_1_102' title="bbox 1991 1993 3637 2065; baseline -0.001 -13"><span class='ocrx_word' id='word_1_651' title='bbox 1991 1997 2186 2052; x_wconf 76' lang='lat' dir='ltr'>szecul:</span> <span class='ocrx_word' id='word_1_652' title='bbox 2220 1993 2721 2065; x_wconf 24' lang='lat' dir='ltr'>se‘xti&#39;scriptoris,</span> <span class='ocrx_word' id='word_1_653' title='bbox 2746 1994 3069 2065; x_wconf 84' lang='lat' dir='ltr'>eademque</span> <span class='ocrx_word' id='word_1_654' title='bbox 3093 1994 3366 2065; x_wconf 88' lang='lat' dir='ltr'>Dionysio</span> <span class='ocrx_word' id='word_1_655' title='bbox 3390 1996 3637 2050; x_wconf 84' lang='lat' dir='ltr'>Alexan-</span> 
     </span>
    </p>
   </div>
   <div class='ocr_carea' id='block_1_103' title="bbox 1989 2064 3636 2138">
    <p class='ocr_par' dir='ltr' id='par_1_103' title="bbox 1989 2064 3636 2138">
     <span class='ocr_line' id='line_1_103' title="bbox 1989 2064 3636 2138; baseline -0.002 -15"><span class='ocrx_word' id='word_1_656' title='bbox 1989 2071 2155 2124; x_wconf 78' lang='lat' dir='ltr'>drino</span> <span class='ocrx_word' id='word_1_657' title='bbox 2189 2065 2499 2122; x_wconf 83' lang='lat' dir='ltr'>tribuisse!</span> <span class='ocrx_word' id='word_1_658' title='bbox 2542 2064 2838 2138; x_wconf 83' lang='lat' dir='ltr'>Equidem</span> <span class='ocrx_word' id='word_1_659' title='bbox 2872 2064 2998 2138; x_wconf 86' lang='lat' dir='ltr'>loca</span> <span class='ocrx_word' id='word_1_660' title='bbox 3028 2065 3164 2132; x_wconf 91' lang='lat' dir='ltr'>duo,</span> <span class='ocrx_word' id='word_1_661' title='bbox 3189 2064 3316 2136; x_wconf 69' lang='lat' dir='ltr'>quae</span> <span class='ocrx_word' id='word_1_662' title='bbox 3365 2068 3636 2138; x_wconf 80' lang='lat' dir='ltr'>Cyparis-</span> 
     </span>
    </p>
   </div>
   <div class='ocr_carea' id='block_1_104' title="bbox 1989 2136 3637 2210">
    <p class='ocr_par' dir='ltr' id='par_1_104' title="bbox 1989 2136 3637 2210">
     <span class='ocr_line' id='line_1_104' title="bbox 1989 2136 3637 2210; baseline -0.002 -14"><span class='ocrx_word' id='word_1_663' title='bbox 1989 2143 2139 2196; x_wconf 85' lang='lat' dir='ltr'>siota</span> <span class='ocrx_word' id='word_1_664' title='bbox 2170 2139 2389 2210; x_wconf 78' lang='lat' dir='ltr'>profert</span> <span class='ocrx_word' id='word_1_665' title='bbox 2429 2137 2688 2210; x_wconf 80' lang='lat' dir='ltr'>capite_1</span> <span class='ocrx_word' id='word_1_666' title='bbox 2742 2136 2978 2210; x_wconf 80' lang='lat' dir='ltr'>decadis</span> <span class='ocrx_word' id='word_1_667' title='bbox 3003 2137 3244 2210; x_wconf 87' lang='lat' dir='ltr'>primae,</span> <span class='ocrx_word' id='word_1_668' title='bbox 3279 2144 3334 2210; x_wconf 88' lang='lat' dir='ltr'>et</span> <span class='ocrx_word' id='word_1_669' title='bbox 3386 2136 3574 2210; x_wconf 75' lang='lat' dir='ltr'>capite</span> <span class='ocrx_word' id='word_1_670' title='bbox 3603 2142 3637 2192; x_wconf 79' lang='lat'>2</span> 
     </span>
    </p>
   </div>
   <div class='ocr_carea' id='block_1_105' title="bbox 1989 2207 3633 2280">
    <p class='ocr_par' dir='ltr' id='par_1_105' title="bbox 1989 2207 3633 2280">
     <span class='ocr_line' id='line_1_105' title="bbox 1989 2207 3633 2280; baseline -0.003 -13"><span class='ocrx_word' id='word_1_671' title='bbox 1989 2207 2228 2268; x_wconf 83' lang='lat' dir='ltr'>decadis</span> <span class='ocrx_word' id='word_1_672' title='bbox 2256 2210 2529 2265; x_wconf 75' lang='lat' dir='ltr'>secundae</span> <span class='ocrx_word' id='word_1_673' title='bbox 2552 2207 2660 2280; x_wconf 89' lang='lat' dir='ltr'>sub</span> <span class='ocrx_word' id='word_1_674' title='bbox 2689 2209 2926 2262; x_wconf 86' lang='lat' dir='ltr'>nomine</span> <span class='ocrx_word' id='word_1_675' title='bbox 2948 2209 3206 2280; x_wconf 89' lang='lat' dir='ltr'>Dionysii</span> <span class='ocrx_word' id='word_1_676' title='bbox 3233 2207 3633 2279; x_wconf 79' lang='lat' dir='ltr'>Alexandrini,</span> 
     </span>
    </p>
   </div>
   <div class='ocr_carea' id='block_1_106' title="bbox 1989 2279 3635 2351">
    <p class='ocr_par' dir='ltr' id='par_1_106' title="bbox 1989 2279 3635 2351">
     <span class='ocr_line' id='line_1_106' title="bbox 1989 2279 3635 2351; baseline -0.002 -11"><span class='ocrx_word' id='word_1_677' title='bbox 1989 2286 2231 2340; x_wconf 84' lang='lat' dir='ltr'>totidem</span> <span class='ocrx_word' id='word_1_678' title='bbox 2264 2282 2454 2336; x_wconf 79' lang='lat' dir='ltr'>verbis</span> <span class='ocrx_word' id='word_1_679' title='bbox 2477 2279 2848 2348; x_wconf 86' lang='lat' dir='ltr'>reperiuntur</span> <span class='ocrx_word' id='word_1_680' title='bbox 2871 2280 2927 2334; x_wconf 92' lang='lat' dir='ltr'>in</span> <span class='ocrx_word' id='word_1_681' title='bbox 2954 2279 3224 2346; x_wconf 88' lang='lat' dir='ltr'>Scholiis,</span> <span class='ocrx_word' id='word_1_682' title='bbox 3251 2298 3376 2351; x_wconf 65' lang='lat' dir='ltr'>quis</span> <span class='ocrx_word' id='word_1_683' title='bbox 3403 2285 3515 2336; x_wconf 90' lang='lat' dir='ltr'>sub</span> <span class='ocrx_word' id='word_1_684' title='bbox 3539 2298 3635 2336; x_wconf 56' lang='lat' dir='ltr'>no.</span> 
     </span>
    </p>
   </div>
   <div class='ocr_carea' id='block_1_107' title="bbox 1989 2351 3636 2421">
    <p class='ocr_par' dir='ltr' id='par_1_107' title="bbox 1989 2351 3636 2421">
     <span class='ocr_line' id='line_1_107' title="bbox 1989 2351 3636 2421; baseline -0.002 -9"><span class='ocrx_word' id='word_1_685' title='bbox 1989 2357 2146 2412; x_wconf 90' lang='lat' dir='ltr'>mine</span> <span class='ocrx_word' id='word_1_686' title='bbox 2176 2360 2230 2410; x_wconf 91' lang='lat' dir='ltr'>S.</span> <span class='ocrx_word' id='word_1_687' title='bbox 2266 2352 2500 2408; x_wconf 84' lang='lat' dir='ltr'>Maximi</span> <span class='ocrx_word' id='word_1_688' title='bbox 2550 2351 2891 2421; x_wconf 88' lang='lat' dir='ltr'>prodierunt</span> <span class='ocrx_word' id='word_1_689' title='bbox 2929 2368 2940 2405; x_wconf 94' lang='lat'>:</span> <span class='ocrx_word' id='word_1_690' title='bbox 2973 2357 3030 2405; x_wconf 92' lang='lat' dir='ltr'>et</span> <span class='ocrx_word' id='word_1_691' title='bbox 3062 2352 3294 2407; x_wconf 87' lang='lat' dir='ltr'>miratio</span> <span class='ocrx_word' id='word_1_692' title='bbox 3322 2353 3481 2408; x_wconf 90' lang='lat' dir='ltr'>subit</span> <span class='ocrx_word' id='word_1_693' title='bbox 3511 2370 3636 2408; x_wconf 86' lang='lat' dir='ltr'>ma-</span> 
     </span>
    </p>
   </div>
   <div class='ocr_carea' id='block_1_108' title="bbox 1981 2421 3634 2499">
    <p class='ocr_par' dir='ltr' id='par_1_108' title="bbox 1981 2421 3634 2499">
     <span class='ocr_line' id='line_1_108' title="bbox 1981 2421 3634 2499; baseline -0.002 -16"><span class='ocrx_word' id='word_1_694' title='bbox 1981 2431 2097 2499; x_wconf 84' lang='lat' dir='ltr'>jor,</span> <span class='ocrx_word' id='word_1_695' title='bbox 2124 2425 2365 2499; x_wconf 84' lang='lat' dir='ltr'>Joannis</span> <span class='ocrx_word' id='word_1_696' title='bbox 2394 2421 2859 2499; x_wconf 82' lang='lat' dir='ltr'>Scythopolitani</span> <span class='ocrx_word' id='word_1_697' title='bbox 2893 2424 3311 2499; x_wconf 77' lang='lat' dir='ltr'>nomen_deleri</span> <span class='ocrx_word' id='word_1_698' title='bbox 3345 2425 3634 2499; x_wconf 67' lang='lat' dir='ltr'>oblivione</span> 
     </span>
    </p>
   </div>
   <div class='ocr_carea' id='block_1_109' title="bbox 1989 2494 3632 2571">
    <p class='ocr_par' dir='ltr' id='par_1_109' title="bbox 1989 2494 3632 2571">
     <span class='ocr_line' id='line_1_109' title="bbox 1989 2494 3632 2571; baseline -0.002 -16"><span class='ocrx_word' id='word_1_699' title='bbox 1989 2494 2272 2571; x_wconf 85' lang='lat' dir='ltr'>potuisse,</span> <span class='ocrx_word' id='word_1_700' title='bbox 2306 2498 2551 2571; x_wconf 83' lang='lat' dir='ltr'>ejusque</span> <span class='ocrx_word' id='word_1_701' title='bbox 2580 2494 2705 2548; x_wconf 88' lang='lat' dir='ltr'>loco</span> <span class='ocrx_word' id='word_1_702' title='bbox 2737 2496 3020 2571; x_wconf 82' lang='lat' dir='ltr'>substitui</span> <span class='ocrx_word' id='word_1_703' title='bbox 3053 2519 3078 2543; x_wconf 89' lang='grc'><strong>‹‹</strong></span> <span class='ocrx_word' id='word_1_704' title='bbox 3115 2496 3385 2562; x_wconf 73' lang='lat' dir='ltr'>Magnum</span> <span class='ocrx_word' id='word_1_705' title='bbox 3419 2497 3632 2571; x_wconf 87' lang='lat' dir='ltr'>Diony-</span> 
     </span>
    </p>
   </div>
   <div class='ocr_carea' id='block_1_110' title="bbox 1988 2566 3506 2636">
    <p class='ocr_par' dir='ltr' id='par_1_110' title="bbox 1988 2566 3506 2636">
     <span class='ocr_line' id='line_1_110' title="bbox 1988 2566 3506 2636; baseline -0.006 -10"><span class='ocrx_word' id='word_1_706' title='bbox 1988 2566 2144 2628; x_wconf 69' lang='lat' dir='ltr'>slum</span> <span class='ocrx_word' id='word_1_707' title='bbox 2177 2566 2634 2625; x_wconf 79' lang='lat' dir='ltr'>Alexandrinum</span> <span class='ocrx_word' id='word_1_708' title='bbox 2669 2566 3008 2636; x_wconf 80' lang='lat' dir='ltr'>episcopum</span> <span class='ocrx_word' id='word_1_709' title='bbox 3039 2573 3095 2621; x_wconf 89' lang='lat' dir='ltr'>et</span> <span class='ocrx_word' id='word_1_710' title='bbox 3128 2570 3447 2623; x_wconf 88' lang='lat' dir='ltr'>oratoreml</span> <span class='ocrx_word' id='word_1_711' title='bbox 3478 2591 3506 2618; x_wconf 91' lang='grc'><strong>››</strong></span> 
     </span>
    </p>
   </div>
   <div class='ocr_carea' id='block_1_111' title="bbox 2059 2638 3632 2707">
    <p class='ocr_par' dir='ltr' id='par_1_111' title="bbox 2059 2638 3632 2707">
     <span class='ocr_line' id='line_1_111' title="bbox 2059 2638 3632 2707; baseline -0.003 -10"><span class='ocrx_word' id='word_1_712' title='bbox 2059 2651 2148 2697; x_wconf 80' lang='lat' dir='ltr'>An</span> <span class='ocrx_word' id='word_1_713' title='bbox 2181 2644 2429 2696; x_wconf 80' lang='lat' dir='ltr'>fortasse</span> <span class='ocrx_word' id='word_1_714' title='bbox 2473 2640 2664 2693; x_wconf 90' lang='lat' dir='ltr'>locum</span> <span class='ocrx_word' id='word_1_715' title='bbox 2719 2638 2891 2692; x_wconf 90' lang='lat' dir='ltr'>habet</span> <span class='ocrx_word' id='word_1_716' title='bbox 2920 2639 3276 2707; x_wconf 63' lang='lat' dir='ltr'>conjectura,</span> <span class='ocrx_word' id='word_1_717' title='bbox 3311 2640 3543 2695; x_wconf 85' lang='lat' dir='ltr'>Scholia</span> <span class='ocrx_word' id='word_1_718' title='bbox 3572 2638 3632 2694; x_wconf 89' lang='lat' dir='ltr'>in</span> 
     </span>
    </p>
   </div>
   <div class='ocr_carea' id='block_1_112' title="bbox 1986 2709 3630 2784">
    <p class='ocr_par' dir='ltr' id='par_1_112' title="bbox 1986 2709 3630 2784">
     <span class='ocr_line' id='line_1_112' title="bbox 1986 2709 3630 2784; baseline -0.003 -14"><span class='ocrx_word' id='word_1_719' title='bbox 1986 2716 2394 2784; x_wconf 87' lang='lat' dir='ltr'>Areopagitam</span> <span class='ocrx_word' id='word_1_720' title='bbox 2425 2713 2707 2784; x_wconf 79' lang='lat' dir='ltr'>adornata</span> <span class='ocrx_word' id='word_1_721' title='bbox 2738 2709 2920 2764; x_wconf 84' lang='lat' dir='ltr'>fuisse</span> <span class='ocrx_word' id='word_1_722' title='bbox 2942 2718 2997 2784; x_wconf 78' lang='lat' dir='ltr'>et</span> <span class='ocrx_word' id='word_1_723' title='bbox 3020 2727 3049 2764; x_wconf 87' lang='lat' dir='ltr'>a</span> <span class='ocrx_word' id='word_1_724' title='bbox 3075 2711 3345 2784; x_wconf 89' lang='lat' dir='ltr'>Dionysio</span> <span class='ocrx_word' id='word_1_725' title='bbox 3378 2713 3630 2782; x_wconf 87' lang='lat' dir='ltr'>quodam</span> 
     </span>
    </p>
   </div>
   <div class='ocr_carea' id='block_1_113' title="bbox 1984 2782 3631 2853">
    <p class='ocr_par' dir='ltr' id='par_1_113' title="bbox 1984 2782 3631 2853">
     <span class='ocr_line' id='line_1_113' title="bbox 1984 2782 3631 2853; baseline -0.002 -11"><span class='ocrx_word' id='word_1_726' title='bbox 1984 2782 2397 2848; x_wconf 78' lang='lat' dir='ltr'>Alexandrino,</span> <span class='ocrx_word' id='word_1_727' title='bbox 2431 2790 2488 2837; x_wconf 90' lang='lat' dir='ltr'>et</span> <span class='ocrx_word' id='word_1_728' title='bbox 2519 2782 2804 2853; x_wconf 85' lang='lat' dir='ltr'>aJoaune</span> <span class='ocrx_word' id='word_1_729' title='bbox 2848 2782 3354 2853; x_wconf 88' lang='lat' dir='ltr'>Scytbopolitano;</span> <span class='ocrx_word' id='word_1_730' title='bbox 3391 2789 3446 2838; x_wconf 84' lang='lat' dir='ltr'>et</span> <span class='ocrx_word' id='word_1_731' title='bbox 3475 2784 3631 2838; x_wconf 89' lang='lat' dir='ltr'>hunc</span> 
     </span>
    </p>
   </div>
   <div class='ocr_carea' id='block_1_114' title="bbox 1987 2851 3631 2930">
    <p class='ocr_par' dir='ltr' id='par_1_114' title="bbox 1987 2851 3631 2930">
     <span class='ocr_line' id='line_1_114' title="bbox 1987 2851 3631 2930; baseline -0.001 -18"><span class='ocrx_word' id='word_1_732' title='bbox 1987 2859 2287 2930; x_wconf 82' lang='lat' dir='ltr'>pleraque,</span> <span class='ocrx_word' id='word_1_733' title='bbox 2313 2872 2440 2930; x_wconf 60' lang='lat' dir='ltr'>quas</span> <span class='ocrx_word' id='word_1_734' title='bbox 2491 2851 2648 2925; x_wconf 91' lang='lat' dir='ltr'>prior</span> <span class='ocrx_word' id='word_1_735' title='bbox 2686 2855 2834 2930; x_wconf 68' lang='lat' dir='ltr'>alter</span> <span class='ocrx_word' id='word_1_736' title='bbox 2864 2851 2998 2930; x_wconf 74' lang='lat' dir='ltr'>ante</span> <span class='ocrx_word' id='word_1_737' title='bbox 3029 2851 3363 2930; x_wconf 82' lang='lat' dir='ltr'>scripserat,</span> <span class='ocrx_word' id='word_1_738' title='bbox 3385 2873 3506 2930; x_wconf 80' lang='lat' dir='ltr'>sua</span> <span class='ocrx_word' id='word_1_739' title='bbox 3552 2857 3631 2910; x_wconf 89' lang='lat' dir='ltr'>l&#39;e-</span> 
     </span>
    </p>
   </div>
   <div class='ocr_carea' id='block_1_115' title="bbox 1987 2925 3632 2997">
    <p class='ocr_par' dir='ltr' id='par_1_115' title="bbox 1987 2925 3632 2997">
     <span class='ocr_line' id='line_1_115' title="bbox 1987 2925 3632 2997; baseline -0.002 -12"><span class='ocrx_word' id='word_1_740' title='bbox 1987 2925 2288 2996; x_wconf 54' lang='lat' dir='ltr'>cissefvel</span> <span class='ocrx_word' id='word_1_741' title='bbox 2323 2925 2515 2997; x_wconf 79' lang='lat' dir='ltr'>potius</span> <span class='ocrx_word' id='word_1_742' title='bbox 2545 2925 2822 2980; x_wconf 81' lang='lat' dir='ltr'>econtra?</span> <span class='ocrx_word' id='word_1_743' title='bbox 2870 2927 2971 2981; x_wconf 90' lang='lat' dir='ltr'>Pro</span> <span class='ocrx_word' id='word_1_744' title='bbox 3017 2933 3172 2980; x_wconf 88' lang='lat' dir='ltr'>certo</span> <span class='ocrx_word' id='word_1_745' title='bbox 3206 2943 3271 2982; x_wconf 87' lang='lat' dir='ltr'>ac</span> <span class='ocrx_word' id='word_1_746' title='bbox 3301 2927 3632 2982; x_wconf 84' lang='lat' dir='ltr'>indubitate</span> 
     </span>
    </p>
   </div>
   <div class='ocr_carea' id='block_1_116' title="bbox 1984 2997 3629 3065">
    <p class='ocr_par' dir='ltr' id='par_1_116' title="bbox 1984 2997 3629 3065">
     <span class='ocr_line' id='line_1_116' title="bbox 1984 2997 3629 3065; baseline -0.003 -8"><span class='ocrx_word' id='word_1_747' title='bbox 1984 3007 2178 3057; x_wconf 87' lang='lat' dir='ltr'>tamen</span> <span class='ocrx_word' id='word_1_748' title='bbox 2211 3000 2354 3054; x_wconf 86' lang='lat' dir='ltr'>illud</span> <span class='ocrx_word' id='word_1_749' title='bbox 2389 2999 2722 3052; x_wconf 86' lang='lat' dir='ltr'>habendum</span> <span class='ocrx_word' id='word_1_750' title='bbox 2756 2997 3041 3060; x_wconf 78' lang='lat' dir='ltr'>existimo,</span> <span class='ocrx_word' id='word_1_751' title='bbox 3075 3020 3100 3050; x_wconf 73' lang='grc' dir='ltr'><strong><em>α</em></strong></span> <span class='ocrx_word' id='word_1_752' title='bbox 3129 2999 3404 3064; x_wconf 70' lang='lat' dir='ltr'>Magnum</span> <span class='ocrx_word' id='word_1_753' title='bbox 3439 2999 3629 3065; x_wconf 90' lang='lat' dir='ltr'>illum,</span> 
     </span>
    </p>
   </div>
   <div class='ocr_carea' id='block_1_117' title="bbox 1987 3070 3626 3146">
    <p class='ocr_par' dir='ltr' id='par_1_117' title="bbox 1987 3070 3626 3146">
     <span class='ocr_line' id='line_1_117' title="bbox 1987 3070 3626 3146; baseline -0.002 -18"><span class='ocrx_word' id='word_1_754' title='bbox 1987 3091 2156 3146; x_wconf 90' lang='lat' dir='ltr'>quem</span> <span class='ocrx_word' id='word_1_755' title='bbox 2185 3075 2393 3127; x_wconf 88' lang='lat' dir='ltr'>vocant</span> <span class='ocrx_word' id='word_1_756' title='bbox 2424 3070 2766 3140; x_wconf 83' lang='lat' dir='ltr'>Dionysium</span> <span class='ocrx_word' id='word_1_757' title='bbox 2798 3071 3253 3146; x_wconf 65' lang='lat' dir='ltr'>Alexandrinum</span> <span class='ocrx_word' id='word_1_758' title='bbox 3288 3072 3626 3142; x_wconf 88' lang='lat' dir='ltr'>episc0pum</span> 
     </span>
    </p>
   </div>
   <div class='ocr_carea' id='block_1_118' title="bbox 1987 3141 3632 3213">
    <p class='ocr_par' dir='ltr' id='par_1_118' title="bbox 1987 3141 3632 3213">
     <span class='ocr_line' id='line_1_118' title="bbox 1987 3141 3632 3213; baseline -0.002 -13"><span class='ocrx_word' id='word_1_759' title='bbox 1987 3141 2041 3199; x_wconf 81' lang='lat' dir='ltr'>et</span> <span class='ocrx_word' id='word_1_760' title='bbox 2097 3150 2407 3205; x_wconf 85' lang='lat' dir='ltr'>oratorem,</span> <span class='ocrx_word' id='word_1_761' title='bbox 2435 3164 2462 3190; x_wconf 83' lang='lat'><strong>»</strong></span> <span class='ocrx_word' id='word_1_762' title='bbox 2496 3158 2610 3213; x_wconf 88' lang='lat' dir='ltr'>non</span> <span class='ocrx_word' id='word_1_763' title='bbox 2659 3157 2800 3213; x_wconf 80' lang='lat' dir='ltr'>esse</span> <span class='ocrx_word' id='word_1_764' title='bbox 2833 3141 3193 3210; x_wconf 88' lang='lat' dir='ltr'>Dionysium,</span> <span class='ocrx_word' id='word_1_765' title='bbox 3247 3141 3632 3213; x_wconf 82' lang='lat' dir='ltr'>cognomento</span> 
     </span>
    </p>
   </div>
   <div class='ocr_carea' id='block_1_119' title="bbox 1986 3211 3631 3287">
    <p class='ocr_par' dir='ltr' id='par_1_119' title="bbox 1986 3211 3631 3287">
     <span class='ocr_line' id='line_1_119' title="bbox 1986 3211 3631 3287; baseline -0.002 -15"><span class='ocrx_word' id='word_1_766' title='bbox 1986 3214 2404 3287; x_wconf 81' lang='lat' dir='ltr'>Magnum,qui_</span> <span class='ocrx_word' id='word_1_767' title='bbox 2436 3212 2647 3268; x_wconf 63' lang='lat' dir='ltr'>sacculo</span> <span class='ocrx_word' id='word_1_768' title='bbox 2679 3211 2943 3287; x_wconf 74' lang='lat' dir='ltr'>Ecclesiae</span> <span class='ocrx_word' id='word_1_769' title='bbox 2969 3215 3139 3287; x_wconf 86' lang='lat' dir='ltr'>tertio</span> <span class='ocrx_word' id='word_1_770' title='bbox 3160 3211 3358 3287; x_wconf 81' lang='lat' dir='ltr'>sedem</span> <span class='ocrx_word' id='word_1_771' title='bbox 3387 3214 3631 3287; x_wconf 65' lang='lat' dir='ltr'>Alexan-</span> 
     </span>
    </p>
   </div>
   <div class='ocr_carea' id='block_1_120' title="bbox 1980 3283 3633 3358">
    <p class='ocr_par' dir='ltr' id='par_1_120' title="bbox 1980 3283 3633 3358">
     <span class='ocr_line' id='line_1_120' title="bbox 1980 3283 3633 3358; baseline -0.003 -15"><span class='ocrx_word' id='word_1_772' title='bbox 1980 3283 2213 3343; x_wconf 79' lang='lat' dir='ltr'>drinam</span> <span class='ocrx_word' id='word_1_773' title='bbox 2247 3283 2620 3358; x_wconf 70' lang='lat' dir='ltr'>tenuit.tLum</span> <span class='ocrx_word' id='word_1_774' title='bbox 2646 3284 2803 3338; x_wconf 90' lang='lat' dir='ltr'>enim</span> <span class='ocrx_word' id='word_1_775' title='bbox 2827 3283 3084 3358; x_wconf 77' lang='lat' dir='ltr'>Joannes</span> <span class='ocrx_word' id='word_1_776' title='bbox 3116 3285 3633 3358; x_wconf 75' lang='lat' dir='ltr'>scythopolilanus</span> 
     </span>
    </p>
   </div>
   <div class='ocr_carea' id='block_1_121' title="bbox 1980 3357 3633 3428">
    <p class='ocr_par' dir='ltr' id='par_1_121' title="bbox 1980 3357 3633 3428">
     <span class='ocr_line' id='line_1_121' title="bbox 1980 3357 3633 3428; baseline -0.003 -13"><span class='ocrx_word' id='word_1_777' title='bbox 1980 3362 2039 3414; x_wconf 89' lang='lat' dir='ltr'>in</span> <span class='ocrx_word' id='word_1_778' title='bbox 2076 3361 2312 3428; x_wconf 82' lang='lat' dir='ltr'>Prologo</span> <span class='ocrx_word' id='word_1_779' title='bbox 2343 3358 2412 3411; x_wconf 87' lang='lat' dir='ltr'>ad</span> <span class='ocrx_word' id='word_1_780' title='bbox 2455 3357 2642 3426; x_wconf 84' lang='lat' dir='ltr'>Opera</span> <span class='ocrx_word' id='word_1_781' title='bbox 2675 3357 3072 3425; x_wconf 84' lang='lat' dir='ltr'>Areopagitica</span> <span class='ocrx_word' id='word_1_782' title='bbox 3104 3357 3171 3410; x_wconf 86' lang='lat' dir='ltr'>ad</span> <span class='ocrx_word' id='word_1_783' title='bbox 3207 3373 3333 3410; x_wconf 89' lang='lat' dir='ltr'>eam</span> <span class='ocrx_word' id='word_1_784' title='bbox 3389 3375 3595 3428; x_wconf 88' lang='lat' dir='ltr'>respon</span> <span class='ocrx_word' id='word_1_785' title='bbox 3622 3388 3633 3397; x_wconf 86' lang='lat'><strong><em>-</em></strong></span> 
     </span>
    </p>
   </div>
   <div class='ocr_carea' id='block_1_122' title="bbox 1981 3428 3632 3498">
    <p class='ocr_par' dir='ltr' id='par_1_122' title="bbox 1981 3428 3632 3498">
     <span class='ocr_line' id='line_1_122' title="bbox 1981 3428 3632 3498; baseline -0.001 -12"><span class='ocrx_word' id='word_1_786' title='bbox 1981 3434 2142 3486; x_wconf 84' lang='lat' dir='ltr'>deret</span> <span class='ocrx_word' id='word_1_787' title='bbox 2171 3429 2638 3485; x_wconf 83' lang='lat' dir='ltr'>adversariorum</span> <span class='ocrx_word' id='word_1_788' title='bbox 2689 3428 3099 3494; x_wconf 84' lang='lat' dir='ltr'>objectionem.</span> <span class='ocrx_word' id='word_1_789' title='bbox 3126 3451 3150 3476; x_wconf 89' lang='grc'>‹‹</span> <span class='ocrx_word' id='word_1_790' title='bbox 3187 3430 3340 3498; x_wconf 89' lang='lat' dir='ltr'>quod</span> <span class='ocrx_word' id='word_1_791' title='bbox 3386 3445 3488 3484; x_wconf 90' lang='lat' dir='ltr'>nec</span> <span class='ocrx_word' id='word_1_792' title='bbox 3523 3429 3632 3483; x_wconf 87' lang='lat' dir='ltr'>Eu-</span> 
     </span>
    </p>
   </div>
   <div class='ocr_carea' id='block_1_123' title="bbox 1979 3499 3630 3572">
    <p class='ocr_par' dir='ltr' id='par_1_123' title="bbox 1979 3499 3630 3572">
     <span class='ocr_line' id='line_1_123' title="bbox 1979 3499 3630 3572; baseline -0.003 -14"><span class='ocrx_word' id='word_1_793' title='bbox 1979 3504 2181 3559; x_wconf 89' lang='lat' dir='ltr'>sebius</span> <span class='ocrx_word' id='word_1_794' title='bbox 2218 3499 2526 3572; x_wconf 84' lang='lat' dir='ltr'>Pamphili.</span> <span class='ocrx_word' id='word_1_795' title='bbox 2557 3514 2659 3553; x_wconf 91' lang='lat' dir='ltr'>nec</span> <span class='ocrx_word' id='word_1_796' title='bbox 2683 3499 2962 3572; x_wconf 87' lang='lat' dir='ltr'>Origenes</span> <span class='ocrx_word' id='word_1_797' title='bbox 2994 3501 3344 3570; x_wconf 87' lang='lat' dir='ltr'>scriptorum</span> <span class='ocrx_word' id='word_1_798' title='bbox 3373 3500 3630 3572; x_wconf 85' lang='lat' dir='ltr'>Dionysii</span> 
     </span>
    </p>
   </div>
   <div class='ocr_carea' id='block_1_124' title="bbox 1981 3571 3598 3645">
    <p class='ocr_par' dir='ltr' id='par_1_124' title="bbox 1981 3571 3598 3645">
     <span class='ocr_line' id='line_1_124' title="bbox 1981 3571 3598 3645; baseline -0.002 -15"><span class='ocrx_word' id='word_1_799' title='bbox 1981 3571 2395 3645; x_wconf 11' lang='lat' dir='ltr'>(Areopagum),</span> <span class='ocrx_word' id='word_1_800' title='bbox 2418 3571 2792 3645; x_wconf 65' lang='lat' dir='ltr'>meminerint</span> <span class='ocrx_word' id='word_1_801' title='bbox 2813 3590 2881 3645; x_wconf 79' lang='lat' dir='ltr'>;_n</span> <span class='ocrx_word' id='word_1_802' title='bbox 2907 3572 3242 3645; x_wconf 85' lang='lat' dir='ltr'>sine_dubio</span> <span class='ocrx_word' id='word_1_803' title='bbox 3269 3571 3357 3645; x_wconf 87' lang='lat' dir='ltr'>(ut</span> <span class='ocrx_word' id='word_1_804' title='bbox 3385 3572 3466 3627; x_wconf 85' lang='lat' dir='ltr'>ait</span> <span class='ocrx_word' id='word_1_805' title='bbox 3497 3571 3598 3626; x_wconf 81' lang='lat' dir='ltr'>llal</span> 
     </span>
    </p>
   </div>
   <div class='ocr_carea' id='block_1_125' title="bbox 1978 3641 3630 3716">
    <p class='ocr_par' dir='ltr' id='par_1_125' title="bbox 1978 3641 3630 3716">
     <span class='ocr_line' id='line_1_125' title="bbox 1978 3641 3630 3716; baseline -0.002 -14"><span class='ocrx_word' id='word_1_806' title='bbox 1978 3641 2286 3716; x_wconf 49' lang='lat' dir='ltr'>loixiu&#39;slsi</span> <span class='ocrx_word' id='word_1_807' title='bbox 2319 3641 2587 3716; x_wconf 62' lang='lat' dir='ltr'>seivisset</span> <span class='ocrx_word' id='word_1_808' title='bbox 2612 3641 2955 3716; x_wconf 86' lang='lat' dir='ltr'>Dionysium</span> <span class='ocrx_word' id='word_1_809' title='bbox 2987 3641 3470 3716; x_wconf 76' lang='lat' dir='ltr'>Alexandrinum.</span> <span class='ocrx_word' id='word_1_810' title='bbox 3503 3645 3630 3699; x_wconf 84' lang='lat' dir='ltr'>Ori-</span> 
     </span>
    </p>
   </div>
   <div class='ocr_carea' id='block_1_126' title="bbox 1980 3714 3629 3790">
    <p class='ocr_par' dir='ltr' id='par_1_126' title="bbox 1980 3714 3629 3790">
     <span class='ocr_line' id='line_1_126' title="bbox 1980 3714 3629 3790; baseline -0.001 -17"><span class='ocrx_word' id='word_1_811' title='bbox 1980 3720 2111 3790; x_wconf 85' lang='lat' dir='ltr'>geui</span> <span class='ocrx_word' id='word_1_812' title='bbox 2131 3714 2438 3787; x_wconf 65' lang='lat' dir='ltr'>aequalem,</span> <span class='ocrx_word' id='word_1_813' title='bbox 2459 3720 2515 3769; x_wconf 91' lang='lat' dir='ltr'>et</span> <span class='ocrx_word' id='word_1_814' title='bbox 2536 3715 2784 3790; x_wconf 85' lang='lat' dir='ltr'>Eusebio</span> <span class='ocrx_word' id='word_1_815' title='bbox 2803 3714 3186 3790; x_wconf 77' lang='lat' dir='ltr'>superiorem,</span> <span class='ocrx_word' id='word_1_816' title='bbox 3202 3716 3629 3790; x_wconf 64' lang='lat' dir='ltr'>conscripsisse</span> 
     </span>
    </p>
   </div>
   <div class='ocr_carea' id='block_1_127' title="bbox 1976 3785 3626 3858">
    <p class='ocr_par' dir='ltr' id='par_1_127' title="bbox 1976 3785 3626 3858">
     <span class='ocr_line' id='line_1_127' title="bbox 1976 3785 3626 3858; baseline -0.002 -12"><span class='ocrx_word' id='word_1_817' title='bbox 1976 3785 2213 3848; x_wconf 74' lang='lat' dir='ltr'>Scholia</span> <span class='ocrx_word' id='word_1_818' title='bbox 2235 3792 2293 3843; x_wconf 88' lang='lat' dir='ltr'>in</span> <span class='ocrx_word' id='word_1_819' title='bbox 2324 3787 2732 3858; x_wconf 78' lang='lat' dir='ltr'>Areopagitam</span> <span class='ocrx_word' id='word_1_820' title='bbox 2762 3785 2921 3841; x_wconf 91' lang='lat' dir='ltr'>nullo</span> <span class='ocrx_word' id='word_1_821' title='bbox 2945 3787 3117 3841; x_wconf 91' lang='lat' dir='ltr'>modo</span> <span class='ocrx_word' id='word_1_822' title='bbox 3143 3785 3499 3855; x_wconf 79' lang='lat' dir='ltr'>reticuisset;</span> <span class='ocrx_word' id='word_1_823' title='bbox 3528 3789 3626 3843; x_wconf 89' lang='lat' dir='ltr'>sed</span> 
     </span>
    </p>
   </div>
   <div class='ocr_carea' id='block_1_128' title="bbox 1979 3858 3627 3934">
    <p class='ocr_par' dir='ltr' id='par_1_128' title="bbox 1979 3858 3627 3934">
     <span class='ocr_line' id='line_1_128' title="bbox 1979 3858 3627 3934; baseline -0.002 -17"><span class='ocrx_word' id='word_1_824' title='bbox 1979 3864 2107 3934; x_wconf 84' lang='lat' dir='ltr'>ejus</span> <span class='ocrx_word' id='word_1_825' title='bbox 2149 3861 2513 3934; x_wconf 86' lang='lat' dir='ltr'>auctoritate,</span> <span class='ocrx_word' id='word_1_826' title='bbox 2539 3858 2892 3934; x_wconf 75' lang='lat' dir='ltr'>scriptisque</span> <span class='ocrx_word' id='word_1_827' title='bbox 2934 3859 3005 3912; x_wconf 89' lang='lat' dir='ltr'>ab</span> <span class='ocrx_word' id='word_1_828' title='bbox 3037 3876 3102 3934; x_wconf 83' lang='lat' dir='ltr'>eo</span> <span class='ocrx_word' id='word_1_829' title='bbox 3136 3859 3376 3934; x_wconf 80' lang='lat' dir='ltr'>Scholiis</span> <span class='ocrx_word' id='word_1_830' title='bbox 3425 3863 3627 3934; x_wconf 74' lang='lat' dir='ltr'>adver-</span> 
     </span>
    </p>
   </div>
   <div class='ocr_carea' id='block_1_129' title="bbox 1981 3930 3624 3991">
    <p class='ocr_par' dir='ltr' id='par_1_129' title="bbox 1981 3930 3624 3991">
     <span class='ocr_line' id='line_1_129' title="bbox 1981 3930 3624 3991; baseline -0.004 0"><span class='ocrx_word' id='word_1_831' title='bbox 1981 3930 2240 3991; x_wconf 76' lang='lat' dir='ltr'>santium</span> <span class='ocrx_word' id='word_1_832' title='bbox 2286 3950 2388 3987; x_wconf 87' lang='lat' dir='ltr'>ora</span> <span class='ocrx_word' id='word_1_833' title='bbox 2425 3933 2779 3986; x_wconf 89' lang='lat' dir='ltr'>obturasset.</span> <span class='ocrx_word' id='word_1_834' title='bbox 2813 3930 3119 3985; x_wconf 87' lang='lat' dir='ltr'>Consentit</span> <span class='ocrx_word' id='word_1_835' title='bbox 3169 3931 3424 3986; x_wconf 88' lang='lat' dir='ltr'>Joannes</span> <span class='ocrx_word' id='word_1_836' title='bbox 3457 3932 3624 3985; x_wconf 82' lang='lat' dir='ltr'>Pear-</span> 
     </span>
    </p>
   </div>
   <div class='ocr_carea' id='block_1_130' title="bbox 1981 4001 3620 4071">
    <p class='ocr_par' dir='ltr' id='par_1_130' title="bbox 1981 4001 3620 4071">
     <span class='ocr_line' id='line_1_130' title="bbox 1981 4001 3620 4071; baseline -0.003 -9"><span class='ocrx_word' id='word_1_837' title='bbox 1981 4007 2182 4063; x_wconf 86' lang='lat' dir='ltr'>sonius</span> <span class='ocrx_word' id='word_1_838' title='bbox 2240 4007 2296 4058; x_wconf 92' lang='lat' dir='ltr'>in</span> <span class='ocrx_word' id='word_1_839' title='bbox 2355 4001 2636 4057; x_wconf 87' lang='lat' dir='ltr'>Vindiciis</span> <span class='ocrx_word' id='word_1_840' title='bbox 2688 4003 3010 4071; x_wconf 78' lang='lat' dir='ltr'>Ignatianis</span> <span class='ocrx_word' id='word_1_841' title='bbox 3070 4009 3229 4071; x_wconf 85' lang='lat' dir='ltr'>parte</span> <span class='ocrx_word' id='word_1_842' title='bbox 3261 4019 3299 4065; x_wconf 82' lang='grc' dir='ltr'>ι,</span> <span class='ocrx_word' id='word_1_843' title='bbox 3343 4019 3471 4070; x_wconf 90' lang='lat' dir='ltr'>cap.</span> <span class='ocrx_word' id='word_1_844' title='bbox 3511 4005 3620 4057; x_wconf 82' lang='grc' dir='ltr'>1οε</span> 
     </span>
    </p>
   </div>
   <div class='ocr_carea' id='block_1_131' title="bbox 1981 4072 3620 4148">
    <p class='ocr_par' dir='ltr' id='par_1_131' title="bbox 1981 4072 3620 4148">
     <span class='ocr_line' id='line_1_131' title="bbox 1981 4072 3620 4148; baseline -0.004 -14"><span class='ocrx_word' id='word_1_845' title='bbox 1981 4102 2009 4129; x_wconf 84' lang='grc'>‹‹</span> <span class='ocrx_word' id='word_1_846' title='bbox 2042 4079 2206 4134; x_wconf 87' lang='lat' dir='ltr'>Hunc</span> <span class='ocrx_word' id='word_1_847' title='bbox 2237 4075 2868 4148; x_wconf 65' lang='lat' dir='ltr'>quidenrDionysium,</span> <span class='ocrx_word' id='word_1_848' title='bbox 2907 4073 3200 4148; x_wconf 79' lang='lat' dir='ltr'>inquiens,</span> <span class='ocrx_word' id='word_1_849' title='bbox 3225 4089 3396 4144; x_wconf 85' lang='lat' dir='ltr'>quem</span> <span class='ocrx_word' id='word_1_850' title='bbox 3433 4073 3492 4128; x_wconf 82' lang='grc' dir='ltr'>ἐκ</span> <span class='ocrx_word' id='word_1_851' title='bbox 3522 4072 3620 4148; x_wconf 74' lang='grc' dir='ltr'>ῥη-</span> 
     </span>
    </p>
   </div>
   <div class='ocr_carea' id='block_1_132' title="bbox 1978 4145 3622 4224">
    <p class='ocr_par' dir='ltr' id='par_1_132' title="bbox 1978 4145 3622 4224">
     <span class='ocr_line' id='line_1_132' title="bbox 1978 4145 3622 4224; baseline -0.002 -20"><span class='ocrx_word' id='word_1_852' title='bbox 1978 4150 2152 4224; x_wconf 67' lang='grc' dir='ltr'>τόρων</span> <span class='ocrx_word' id='word_1_853' title='bbox 2182 4147 2453 4224; x_wconf 74' lang='lat' dir='ltr'>indigitat</span> <span class='ocrx_word' id='word_1_854' title='bbox 2481 4145 2769 4224; x_wconf 73' lang='lat' dir='ltr'>Maximus</span> <span class='ocrx_word' id='word_1_855' title='bbox 2791 4145 2867 4212; x_wconf 88' lang='lat' dir='ltr'>(et</span> <span class='ocrx_word' id='word_1_856' title='bbox 2891 4151 3023 4224; x_wconf 79' lang='lat' dir='ltr'>ante</span> <span class='ocrx_word' id='word_1_857' title='bbox 3054 4145 3247 4224; x_wconf 67' lang='lat' dir='ltr'>ipsum</span> <span class='ocrx_word' id='word_1_858' title='bbox 3273 4145 3622 4224; x_wconf 78' lang='lat' dir='ltr'>Anastasius</span> 
     </span>
    </p>
   </div>
   <div class='ocr_carea' id='block_1_133' title="bbox 1980 4216 3624 4289">
    <p class='ocr_par' dir='ltr' id='par_1_133' title="bbox 1980 4216 3624 4289">
     <span class='ocr_line' id='line_1_133' title="bbox 1980 4216 3624 4289; baseline -0.004 -11"><span class='ocrx_word' id='word_1_859' title='bbox 1980 4216 2225 4289; x_wconf 84' lang='lat' dir='ltr'>Sinaita)</span> <span class='ocrx_word' id='word_1_860' title='bbox 2260 4219 2413 4273; x_wconf 86' lang='lat' dir='ltr'>baud</span> <span class='ocrx_word' id='word_1_861' title='bbox 2447 4219 2615 4289; x_wconf 83' lang='lat' dir='ltr'>credo</span> <span class='ocrx_word' id='word_1_862' title='bbox 2667 4216 2848 4271; x_wconf 86' lang='lat' dir='ltr'>fuisse</span> <span class='ocrx_word' id='word_1_863' title='bbox 2875 4216 3354 4289; x_wconf 79' lang='lat' dir='ltr'>_Alexaudrinum</span> <span class='ocrx_word' id='word_1_864' title='bbox 3399 4219 3624 4289; x_wconf 85' lang='lat' dir='ltr'>episco-</span> 
     </span>
    </p>
   </div>
   <div class='ocr_carea' id='block_1_134' title="bbox 1985 4287 3626 4366">
    <p class='ocr_par' dir='ltr' id='par_1_134' title="bbox 1985 4287 3626 4366">
     <span class='ocr_line' id='line_1_134' title="bbox 1985 4287 3626 4366; baseline -0.002 -18"><span class='ocrx_word' id='word_1_865' title='bbox 1985 4311 2126 4366; x_wconf 89' lang='lat' dir='ltr'>pum</span> <span class='ocrx_word' id='word_1_866' title='bbox 2153 4287 2306 4346; x_wconf 87' lang='lat' dir='ltr'>tertii</span> <span class='ocrx_word' id='word_1_867' title='bbox 2331 4287 2550 4353; x_wconf 66' lang='lat' dir='ltr'>saacull,</span> <span class='ocrx_word' id='word_1_868' title='bbox 2574 4304 2744 4366; x_wconf 82' lang='lat' dir='ltr'>quem</span> <span class='ocrx_word' id='word_1_869' title='bbox 2769 4287 3051 4366; x_wconf 80' lang='lat' dir='ltr'>optimum</span> <span class='ocrx_word' id='word_1_870' title='bbox 3077 4293 3365 4366; x_wconf 81' lang='lat' dir='ltr'>oratorem</span> <span class='ocrx_word' id='word_1_871' title='bbox 3390 4287 3626 4366; x_wconf 82' lang='lat' dir='ltr'>quidem</span> 
     </span>
    </p>
   </div>
   <div class='ocr_carea' id='block_1_135' title="bbox 1985 4360 3630 4433">
    <p class='ocr_par' dir='ltr' id='par_1_135' title="bbox 1985 4360 3630 4433">
     <span class='ocr_line' id='line_1_135' title="bbox 1985 4360 3630 4433; baseline -0.002 -14"><span class='ocrx_word' id='word_1_872' title='bbox 1985 4360 2166 4420; x_wconf 69' lang='lat' dir='ltr'>fuisse</span> <span class='ocrx_word' id='word_1_873' title='bbox 2187 4377 2468 4433; x_wconf 83' lang='lat' dir='ltr'>agnosco;</span> <span class='ocrx_word' id='word_1_874' title='bbox 2494 4360 2591 4433; x_wconf 89' lang='lat' dir='ltr'>s_ed</span> <span class='ocrx_word' id='word_1_875' title='bbox 2623 4360 2679 4412; x_wconf 90' lang='lat' dir='ltr'>in</span> <span class='ocrx_word' id='word_1_876' title='bbox 2709 4360 3112 4433; x_wconf 78' lang='lat' dir='ltr'>Areopagitica</span> <span class='ocrx_word' id='word_1_877' title='bbox 3133 4361 3442 4432; x_wconf 83' lang='lat' dir='ltr'>scripsisse</span> <span class='ocrx_word' id='word_1_878' title='bbox 3465 4363 3630 4416; x_wconf 91' lang='lat' dir='ltr'>scho-</span> 
     </span>
    </p>
   </div>
   <div class='ocr_carea' id='block_1_136' title="bbox 1986 4431 3633 4506">
    <p class='ocr_par' dir='ltr' id='par_1_136' title="bbox 1986 4431 3633 4506">
     <span class='ocr_line' id='line_1_136' title="bbox 1986 4431 3633 4506; baseline -0.002 -16"><span class='ocrx_word' id='word_1_879' title='bbox 1986 4438 2064 4490; x_wconf 87' lang='lat' dir='ltr'>lia</span> <span class='ocrx_word' id='word_1_880' title='bbox 2113 4431 2250 4490; x_wconf 45' lang='lat' dir='ltr'>non&quot;</span> <span class='ocrx_word' id='word_1_881' title='bbox 2279 4431 2670 4506; x_wconf 80' lang='lat' dir='ltr'>puto.»P_utat</span> <span class='ocrx_word' id='word_1_882' title='bbox 2716 4431 3398 4506; x_wconf 70' lang='lat' dir='ltr'>V&#39;ero._satis__vetuStum</span> <span class='ocrx_word' id='word_1_883' title='bbox 3450 4434 3633 4506; x_wconf 82' lang='lat' dir='ltr'>fuisse</span> 
     </span>
    </p>
   </div>
   <div class='ocr_carea' id='block_1_137' title="bbox 1987 4503 3633 4575">
    <p class='ocr_par' dir='ltr' id='par_1_137' title="bbox 1987 4503 3633 4575">
     <span class='ocr_line' id='line_1_137' title="bbox 1987 4503 3633 4575; baseline -0.002 -14"><span class='ocrx_word' id='word_1_884' title='bbox 1987 4503 2309 4570; x_wconf 82' lang='lat' dir='ltr'>auctorem,</span> <span class='ocrx_word' id='word_1_885' title='bbox 2345 4521 2415 4558; x_wconf 85' lang='lat' dir='ltr'>an</span> <span class='ocrx_word' id='word_1_886' title='bbox 2469 4503 2718 4575; x_wconf 87' lang='lat' dir='ltr'>priorem</span> <span class='ocrx_word' id='word_1_887' title='bbox 2752 4503 3250 4573; x_wconf 86' lang='lat' dir='ltr'>Scythopolitano,</span> <span class='ocrx_word' id='word_1_888' title='bbox 3274 4521 3346 4558; x_wconf 90' lang='lat' dir='ltr'>an</span> <span class='ocrx_word' id='word_1_889' title='bbox 3401 4505 3633 4575; x_wconf 86' lang='lat' dir='ltr'>sequio-</span> 
     </span>
    </p>
   </div>
   <div class='ocr_carea' id='block_1_138' title="bbox 1985 4574 3633 4648">
    <p class='ocr_par' dir='ltr' id='par_1_138' title="bbox 1985 4574 3633 4648">
     <span class='ocr_line' id='line_1_138' title="bbox 1985 4574 3633 4648; baseline -0.002 -14"><span class='ocrx_word' id='word_1_890' title='bbox 1985 4595 2130 4644; x_wconf 82' lang='lat' dir='ltr'>rem,</span> <span class='ocrx_word' id='word_1_891' title='bbox 2161 4577 2426 4648; x_wconf 82' lang='lat' dir='ltr'>ignotum</span> <span class='ocrx_word' id='word_1_892' title='bbox 2477 4574 2638 4648; x_wconf 83' lang='lat' dir='ltr'>mihi.</span> <span class='ocrx_word' id='word_1_893' title='bbox 2689 4577 2777 4648; x_wconf 17' lang='lat' dir='ltr'>At,</span> <span class='ocrx_word' id='word_1_894' title='bbox 2812 4575 3102 4648; x_wconf 79' lang='lat' dir='ltr'>Maximus</span> <span class='ocrx_word' id='word_1_895' title='bbox 3151 4581 3207 4648; x_wconf 88' lang='lat' dir='ltr'>et</span> <span class='ocrx_word' id='word_1_896' title='bbox 3252 4574 3496 4648; x_wconf 25' lang='lat' dir='ltr'>Sinaila’</span> <span class='ocrx_word' id='word_1_897' title='bbox 3531 4576 3633 4648; x_wconf 86' lang='lat' dir='ltr'>ha-</span> 
     </span>
    </p>
   </div>
   <div class='ocr_carea' id='block_1_139' title="bbox 1987 4644 3635 4718">
    <p class='ocr_par' dir='ltr' id='par_1_139' title="bbox 1987 4644 3635 4718">
     <span class='ocr_line' id='line_1_139' title="bbox 1987 4644 3635 4718; baseline -0.004 -13"><span class='ocrx_word' id='word_1_898' title='bbox 1987 4653 2126 4705; x_wconf 80' lang='lat' dir='ltr'>bent.</span> <span class='ocrx_word' id='word_1_899' title='bbox 2160 4644 2386 4718; x_wconf 53' lang='grc' dir='ltr'>ζ’Μὲγας</span> <span class='ocrx_word' id='word_1_900' title='bbox 2425 4644 2723 4707; x_wconf 70' lang='grc' dir='ltr'>Διονύσιος,</span> <span class='ocrx_word' id='word_1_901' title='bbox 2759 4645 2786 4698; x_wconf 84' lang='grc' dir='ltr'>ὁ</span> <span class='ocrx_word' id='word_1_902' title='bbox 2819 4644 3225 4718; x_wconf 69' lang='grc' dir='ltr'>Ἀλεξανδρείας</span> <span class='ocrx_word' id='word_1_903' title='bbox 3256 4646 3574 4714; x_wconf 75' lang='grc' dir='ltr'>ἐπίσκοπος,</span> <span class='ocrx_word' id='word_1_904' title='bbox 3608 4647 3635 4699; x_wconf 84' lang='grc' dir='ltr'>ὁ</span> 
     </span>
    </p>
   </div>
   <div class='ocr_carea' id='block_1_140' title="bbox 1987 4718 3645 4792">
    <p class='ocr_par' dir='ltr' id='par_1_140' title="bbox 1987 4718 3645 4792">
     <span class='ocr_line' id='line_1_140' title="bbox 1987 4718 3645 4792; baseline -0.001 -16"><span class='ocrx_word' id='word_1_905' title='bbox 1987 4721 2092 4776; x_wconf 82' lang='grc' dir='ltr'>ἀπὸ</span> <span class='ocrx_word' id='word_1_906' title='bbox 2127 4718 2396 4792; x_wconf 74' lang='grc' dir='ltr'>ρητόρων,</span> <span class='ocrx_word' id='word_1_907' title='bbox 2427 4721 2668 4792; x_wconf 83' lang='lat' dir='ltr'>Magnus</span> <span class='ocrx_word' id='word_1_908' title='bbox 2701 4720 3015 4789; x_wconf 83' lang='lat' dir='ltr'>Dionysius,</span> <span class='ocrx_word' id='word_1_909' title='bbox 3049 4721 3405 4792; x_wconf 60' lang='lat' dir='ltr'>Alexandriae</span> <span class='ocrx_word' id='word_1_910' title='bbox 3435 4723 3645 4788; x_wconf 69' lang='grc' dir='ltr'>θρίδωέ</span> 
     </span>
    </p>
   </div>
   <div class='ocr_carea' id='block_1_141' title="bbox 1987 4791 3637 4864">
    <p class='ocr_par' dir='ltr' id='par_1_141' title="bbox 1987 4791 3637 4864">
     <span class='ocr_line' id='line_1_141' title="bbox 1987 4791 3637 4864; baseline -0.002 -15"><span class='ocrx_word' id='word_1_911' title='bbox 1987 4791 2169 4864; x_wconf 41' lang='grc' dir='ltr'>ραδίε</span> <span class='ocrx_word' id='word_1_912' title='bbox 2202 4791 2538 4864; x_wconf 72' lang='lat' dir='ltr'>rhetoribus.</span> <span class='ocrx_word' id='word_1_913' title='bbox 2572 4793 2650 4843; x_wconf 80' lang='lat' dir='ltr'>An</span> <span class='ocrx_word' id='word_1_914' title='bbox 2683 4807 2819 4864; x_wconf 79' lang='lat' dir='ltr'>ergo</span> <span class='ocrx_word' id='word_1_915' title='bbox 2850 4807 2984 4846; x_wconf 90' lang='lat' dir='ltr'>cum</span> <span class='ocrx_word' id='word_1_916' title='bbox 3031 4792 3211 4847; x_wconf 89' lang='lat' dir='ltr'>nobili</span> <span class='ocrx_word' id='word_1_917' title='bbox 3247 4791 3345 4864; x_wconf 88' lang='lat' dir='ltr'>illo</span> <span class='ocrx_word' id='word_1_918' title='bbox 3377 4793 3637 4847; x_wconf 84' lang='lat' dir='ltr'>celebra-</span> 
     </span>
    </p>
   </div>
   <div class='ocr_carea' id='block_1_142' title="bbox 1991 4861 3640 4936">
    <p class='ocr_par' dir='ltr' id='par_1_142' title="bbox 1991 4861 3640 4936">
     <span class='ocr_line' id='line_1_142' title="bbox 1991 4861 3640 4936; baseline -0.002 -15"><span class='ocrx_word' id='word_1_919' title='bbox 1991 4861 2169 4936; x_wconf 85' lang='lat' dir='ltr'>toque</span> <span class='ocrx_word' id='word_1_920' title='bbox 2227 4861 2614 4936; x_wconf 70' lang='lat' dir='ltr'>Alexandrino</span> <span class='ocrx_word' id='word_1_921' title='bbox 2674 4861 2980 4936; x_wconf 16' lang='lat' dir='ltr'>episcopo,</span> <span class='ocrx_word' id='word_1_922' title='bbox 3019 4863 3392 4936; x_wconf 83' lang='lat' dir='ltr'>confuderint</span> <span class='ocrx_word' id='word_1_923' title='bbox 3459 4864 3640 4919; x_wconf 90' lang='lat' dir='ltr'>alium</span> 
     </span>
    </p>
   </div>
   <div class='ocr_carea' id='block_1_143' title="bbox 1992 4932 3644 5009">
    <p class='ocr_par' dir='ltr' id='par_1_143' title="bbox 1992 4932 3644 5009">
     <span class='ocr_line' id='line_1_143' title="bbox 1992 4932 3644 5009; baseline -0.001 -18"><span class='ocrx_word' id='word_1_924' title='bbox 1992 4932 2330 5009; x_wconf 84' lang='lat' dir='ltr'>quempiam</span> <span class='ocrx_word' id='word_1_925' title='bbox 2364 4932 3215 5009; x_wconf 76' lang='lat' dir='ltr'>Dionysiu_m_Alexan_drinum,</span> <span class='ocrx_word' id='word_1_926' title='bbox 3239 4940 3552 5001; x_wconf 87' lang='lat' dir='ltr'>oratorem,</span> <span class='ocrx_word' id='word_1_927' title='bbox 3585 4940 3644 4991; x_wconf 89' lang='lat' dir='ltr'>et</span> 
     </span>
    </p>
   </div>
   <div class='ocr_carea' id='block_1_144' title="bbox 1994 5004 2966 5078">
    <p class='ocr_par' dir='ltr' id='par_1_144' title="bbox 1994 5004 2966 5078">
     <span class='ocr_line' id='line_1_144' title="bbox 1994 5004 2966 5078; baseline -0.003 -15"><span class='ocrx_word' id='word_1_928' title='bbox 1994 5004 2532 5078; x_wconf 41' lang='lat' dir='ltr'>Areop&#39;agiticorum</span> <span class='ocrx_word' id='word_1_929' title='bbox 2567 5004 2966 5078; x_wconf 75' lang='lat' dir='ltr'>Scholiasten‘?</span> 
     </span>
    </p>
   </div>
   <div class='ocr_carea' id='block_1_145' title="bbox 2067 5076 3645 5148">
    <p class='ocr_par' dir='ltr' id='par_1_145' title="bbox 2067 5076 3645 5148">
     <span class='ocr_line' id='line_1_145' title="bbox 2067 5076 3645 5148; baseline -0.001 -14"><span class='ocrx_word' id='word_1_930' title='bbox 2067 5076 2254 5134; x_wconf 78' lang='lat' dir='ltr'>Nolim</span> <span class='ocrx_word' id='word_1_931' title='bbox 2288 5095 2392 5148; x_wconf 85' lang='lat' dir='ltr'>ego</span> <span class='ocrx_word' id='word_1_932' title='bbox 2427 5078 2494 5130; x_wconf 83' lang='lat' dir='ltr'>de</span> <span class='ocrx_word' id='word_1_933' title='bbox 2551 5076 2748 5130; x_wconf 84' lang='lat' dir='ltr'>tabula</span> <span class='ocrx_word' id='word_1_934' title='bbox 2803 5094 3043 5131; x_wconf 82' lang='lat' dir='ltr'>manum</span> <span class='ocrx_word' id='word_1_935' title='bbox 3104 5083 3237 5132; x_wconf 90' lang='lat' dir='ltr'>ante</span> <span class='ocrx_word' id='word_1_936' title='bbox 3294 5079 3645 5145; x_wconf 87' lang='lat' dir='ltr'>subducere,</span> 
     </span>
    </p>
   </div>
   <div class='ocr_carea' id='block_1_146' title="bbox 1998 5149 3646 5222">
    <p class='ocr_par' dir='ltr' id='par_1_146' title="bbox 1998 5149 3646 5222">
     <span class='ocr_line' id='line_1_146' title="bbox 1998 5149 3646 5222; baseline -0.001 -17"><span class='ocrx_word' id='word_1_937' title='bbox 1998 5169 2174 5222; x_wconf 81' lang='lat' dir='ltr'>quam</span> <span class='ocrx_word' id='word_1_938' title='bbox 2211 5149 2560 5222; x_wconf 84' lang='lat' dir='ltr'>peculiarem</span> <span class='ocrx_word' id='word_1_939' title='bbox 2593 5149 2959 5222; x_wconf 72' lang='lat' dir='ltr'>Jo._Philippi</span> <span class='ocrx_word' id='word_1_940' title='bbox 2984 5150 3260 5204; x_wconf 87' lang='lat' dir='ltr'>Baratcrii</span> <span class='ocrx_word' id='word_1_941' title='bbox 3293 5152 3646 5206; x_wconf 84' lang='lat' dir='ltr'>sententiam</span> 
     </span>
    </p>
   </div>
   <div class='ocr_carea' id='block_1_147' title="bbox 1998 5219 3645 5292">
    <p class='ocr_par' dir='ltr' id='par_1_147' title="bbox 1998 5219 3645 5292">
     <span class='ocr_line' id='line_1_147' title="bbox 1998 5219 3645 5292; baseline -0.002 -12"><span class='ocrx_word' id='word_1_942' title='bbox 1998 5219 2302 5280; x_wconf 39' lang='lat' dir='ltr'>enarra—ac</span> <span class='ocrx_word' id='word_1_943' title='bbox 2337 5221 2536 5292; x_wconf 81' lang='lat' dir='ltr'>paucis</span> <span class='ocrx_word' id='word_1_944' title='bbox 2571 5219 2786 5275; x_wconf 85' lang='lat' dir='ltr'>rel&#39;ello.</span> <span class='ocrx_word' id='word_1_945' title='bbox 2822 5225 2874 5276; x_wconf 78' lang='lat' dir='ltr'>Is</span> <span class='ocrx_word' id='word_1_946' title='bbox 2908 5221 3059 5276; x_wconf 87' lang='lat' dir='ltr'>inter</span> <span class='ocrx_word' id='word_1_947' title='bbox 3088 5224 3509 5278; x_wconf 74' lang='lat' dir='ltr'>Dz’sserlationes</span> <span class='ocrx_word' id='word_1_948' title='bbox 3542 5224 3645 5277; x_wconf 80' lang='lat' dir='ltr'>ad-</span> 
     </span>
    </p>
   </div>
   <div class='ocr_carea' id='block_1_148' title="bbox 1994 5292 3650 5368">
    <p class='ocr_par' dir='ltr' id='par_1_148' title="bbox 1994 5292 3650 5368">
     <span class='ocr_line' id='line_1_148' title="bbox 1994 5292 3650 5368; baseline -0.001 -18"><span class='ocrx_word' id='word_1_949' title='bbox 1994 5299 2233 5368; x_wconf 83' lang='lat' dir='ltr'>junctas</span> <span class='ocrx_word' id='word_1_950' title='bbox 2264 5293 2444 5368; x_wconf 77' lang='lat' dir='ltr'>operi,</span> <span class='ocrx_word' id='word_1_951' title='bbox 2479 5293 2632 5362; x_wconf 84' lang='lat' dir='ltr'>quod</span> <span class='ocrx_word' id='word_1_952' title='bbox 2659 5292 3032 5368; x_wconf 70' lang='lat' dir='ltr'>inscriptum</span> <span class='ocrx_word' id='word_1_953' title='bbox 3069 5312 3080 5347; x_wconf 95' lang='lat'>:</span> <span class='ocrx_word' id='word_1_954' title='bbox 3119 5293 3439 5364; x_wconf 82' lang='lat' dir='ltr'>Disquisitio</span> <span class='ocrx_word' id='word_1_955' title='bbox 3487 5295 3650 5350; x_wconf 84' lang='lat' dir='ltr'>chro-</span> 
     </span>
    </p>
   </div>
   <div class='ocr_carea' id='block_1_149' title="bbox 1999 5365 3651 5436">
    <p class='ocr_par' dir='ltr' id='par_1_149' title="bbox 1999 5365 3651 5436">
     <span class='ocr_line' id='line_1_149' title="bbox 1999 5365 3651 5436; baseline -0.002 -12"><span class='ocrx_word' id='word_1_956' title='bbox 1999 5365 2258 5436; x_wconf 78' lang='lat' dir='ltr'>nologica</span> <span class='ocrx_word' id='word_1_957' title='bbox 2307 5367 2377 5420; x_wconf 83' lang='lat' dir='ltr'>de</span> <span class='ocrx_word' id='word_1_958' title='bbox 2433 5365 3223 5436; x_wconf 35' lang='lat' dir='ltr'>successione“(mtiquissima</span> <span class='ocrx_word' id='word_1_959' title='bbox 3279 5369 3651 5436; x_wconf 84' lang='lat' dir='ltr'>episcoporum</span> 
     </span>
    </p>
   </div>
   <div class='ocr_carea' id='block_1_150' title="bbox 2003 5434 3652 5505">
    <p class='ocr_par' dir='ltr' id='par_1_150' title="bbox 2003 5434 3652 5505">
     <span class='ocr_line' id='line_1_150' title="bbox 2003 5434 3652 5505; baseline -0.002 -10"><span class='ocrx_word' id='word_1_960' title='bbox 2003 5434 2392 5502; x_wconf 75' lang='lat' dir='ltr'>Romanorum,</span> <span class='ocrx_word' id='word_1_961' title='bbox 2418 5443 2554 5502; x_wconf 87' lang='lat' dir='ltr'>elc.,</span> <span class='ocrx_word' id='word_1_962' title='bbox 2583 5435 2733 5505; x_wconf 89' lang='lat' dir='ltr'>typis</span> <span class='ocrx_word' id='word_1_963' title='bbox 2755 5434 3151 5504; x_wconf 83' lang='lat' dir='ltr'>Ultrajectinis</span> <span class='ocrx_word' id='word_1_964' title='bbox 3184 5434 3334 5492; x_wconf 85' lang='lat' dir='ltr'>anno</span> <span class='ocrx_word' id='word_1_965' title='bbox 3365 5439 3501 5492; x_wconf 85' lang='grc'>1740</span> <span class='ocrx_word' id='word_1_966' title='bbox 3529 5440 3652 5493; x_wconf 85' lang='lat' dir='ltr'>edi-</span> 
     </span>
    </p>
   </div>
   <div class='ocr_carea' id='block_1_151' title="bbox 2005 5508 3655 5578">
    <p class='ocr_par' dir='ltr' id='par_1_151' title="bbox 2005 5508 3655 5578">
     <span class='ocr_line' id='line_1_151' title="bbox 2005 5508 3655 5578; baseline -0.002 -11"><span class='ocrx_word' id='word_1_967' title='bbox 2005 5513 2111 5574; x_wconf 89' lang='lat' dir='ltr'>dit,</span> <span class='ocrx_word' id='word_1_968' title='bbox 2138 5508 2449 5564; x_wconf 84' lang='lat' dir='ltr'>nonuullas</span> <span class='ocrx_word' id='word_1_969' title='bbox 2476 5509 2694 5578; x_wconf 82' lang='lat' dir='ltr'>profert</span> <span class='ocrx_word' id='word_1_970' title='bbox 2716 5511 3104 5576; x_wconf 75' lang='lat' dir='ltr'>conjecturas,</span> <span class='ocrx_word' id='word_1_971' title='bbox 3128 5509 3295 5578; x_wconf 91' lang='lat' dir='ltr'>queis</span> <span class='ocrx_word' id='word_1_972' title='bbox 3327 5509 3454 5574; x_wconf 88' lang='lat' dir='ltr'>ipsa</span> <span class='ocrx_word' id='word_1_973' title='bbox 3487 5516 3655 5564; x_wconf 84' lang='lat' dir='ltr'>Areo-</span> 
     </span>
    </p>
   </div>
   <div class='ocr_carea' id='block_1_152' title="bbox 2007 5580 3654 5654">
    <p class='ocr_par' dir='ltr' id='par_1_152' title="bbox 2007 5580 3654 5654">
     <span class='ocr_line' id='line_1_152' title="bbox 2007 5580 3654 5654; baseline -0.002 -15"><span class='ocrx_word' id='word_1_974' title='bbox 2007 5583 2262 5654; x_wconf 81' lang='lat' dir='ltr'>pagitica</span> <span class='ocrx_word' id='word_1_975' title='bbox 2280 5597 2454 5650; x_wconf 87' lang='lat' dir='ltr'>opera</span> <span class='ocrx_word' id='word_1_976' title='bbox 2485 5580 2720 5654; x_wconf 82' lang='lat' dir='ltr'>laudato</span> <span class='ocrx_word' id='word_1_977' title='bbox 2753 5597 2965 5654; x_wconf 84' lang='lat' dir='ltr'>magno</span> <span class='ocrx_word' id='word_1_978' title='bbox 2987 5581 3654 5654; x_wconf 12' lang='lat' dir='ltr'>Dionysio,A1exandri-i</span> 
     </span>
    </p>
   </div>
   <div class='ocr_carea' id='block_1_153' title="bbox 2008 5653 3658 5720">
    <p class='ocr_par' dir='ltr' id='par_1_153' title="bbox 2008 5653 3658 5720">
     <span class='ocr_line' id='line_1_153' title="bbox 2008 5653 3658 5720; baseline -0.002 -11"><span class='ocrx_word' id='word_1_979' title='bbox 2008 5653 2092 5709; x_wconf 66' lang='lat' dir='ltr'>nee</span> <span class='ocrx_word' id='word_1_980' title='bbox 2119 5653 2383 5708; x_wconf 68' lang='lat' dir='ltr'>Ecclesiae</span> <span class='ocrx_word' id='word_1_981' title='bbox 2407 5653 2700 5720; x_wconf 86' lang='lat' dir='ltr'>episcopo,</span> <span class='ocrx_word' id='word_1_982' title='bbox 2728 5653 3038 5708; x_wconf 85' lang='lat' dir='ltr'>tribuenda</span> <span class='ocrx_word' id='word_1_983' title='bbox 3063 5654 3324 5707; x_wconf 86' lang='lat' dir='ltr'>suadeat.</span> <span class='ocrx_word' id='word_1_984' title='bbox 3356 5659 3489 5709; x_wconf 85' lang='lat' dir='ltr'>Peto</span> <span class='ocrx_word' id='word_1_985' title='bbox 3514 5653 3658 5709; x_wconf 87' lang='lat' dir='ltr'>mihi</span> 
     </span>
    </p>
   </div>
   <div class='ocr_carea' id='block_1_154' title="bbox 2011 5722 3657 5796">
    <p class='ocr_par' dir='ltr' id='par_1_154' title="bbox 2011 5722 3657 5796">
     <span class='ocr_line' id='line_1_154' title="bbox 2011 5722 3657 5796; baseline -0.001 -15"><span class='ocrx_word' id='word_1_986' title='bbox 2011 5727 2270 5784; x_wconf 84' lang='lat' dir='ltr'>concedi.</span> <span class='ocrx_word' id='word_1_987' title='bbox 2307 5724 2499 5794; x_wconf 87' lang='lat' dir='ltr'>inquit</span> <span class='ocrx_word' id='word_1_988' title='bbox 2534 5722 2650 5789; x_wconf 81' lang='lat' dir='ltr'>ille,</span> <span class='ocrx_word' id='word_1_989' title='bbox 2687 5723 3022 5796; x_wconf 82' lang='lat' dir='ltr'>Dionysium</span> <span class='ocrx_word' id='word_1_990' title='bbox 3069 5725 3327 5795; x_wconf 88' lang='lat' dir='ltr'>aliquem</span> <span class='ocrx_word' id='word_1_991' title='bbox 3363 5731 3657 5781; x_wconf 88' lang='lat' dir='ltr'>auctorem</span> 
     </span>
    </p>
   </div>
   <div class='ocr_carea' id='block_1_155' title="bbox 2012 5796 3662 5860">
    <p class='ocr_par' dir='ltr' id='par_1_155' title="bbox 2012 5796 3662 5860">
     <span class='ocr_line' id='line_1_155' title="bbox 2012 5796 3662 5860; baseline -0.001 -7"><span class='ocrx_word' id='word_1_992' title='bbox 2012 5800 2221 5854; x_wconf 85' lang='lat' dir='ltr'>horum</span> <span class='ocrx_word' id='word_1_993' title='bbox 2257 5796 2537 5850; x_wconf 85' lang='lat' dir='ltr'>librorum</span> <span class='ocrx_word' id='word_1_994' title='bbox 2584 5812 2733 5859; x_wconf 84' lang='lat' dir='ltr'>esse,</span> <span class='ocrx_word' id='word_1_995' title='bbox 2770 5814 2901 5852; x_wconf 89' lang='lat' dir='ltr'>cum</span> <span class='ocrx_word' id='word_1_996' title='bbox 2937 5815 3140 5854; x_wconf 90' lang='lat' dir='ltr'>omnes</span> <span class='ocrx_word' id='word_1_997' title='bbox 3173 5798 3420 5860; x_wconf 86' lang='lat' dir='ltr'>codices,</span> <span class='ocrx_word' id='word_1_998' title='bbox 3459 5815 3662 5852; x_wconf 90' lang='lat' dir='ltr'>omnes</span> 
     </span>
    </p>
   </div>
   <div class='ocr_carea' id='block_1_156' title="bbox 2017 5869 3663 5944">
    <p class='ocr_par' dir='ltr' id='par_1_156' title="bbox 2017 5869 3663 5944">
     <span class='ocr_line' id='line_1_156' title="bbox 2017 5869 3663 5944; baseline -0.002 -17"><span class='ocrx_word' id='word_1_999' title='bbox 2017 5871 2324 5928; x_wconf 86' lang='lat' dir='ltr'>citationes</span> <span class='ocrx_word' id='word_1_1000' title='bbox 2381 5869 2660 5939; x_wconf 87' lang='lat' dir='ltr'>Dionysio</span> <span class='ocrx_word' id='word_1_1001' title='bbox 2731 5869 2853 5926; x_wconf 67' lang='lat' dir='ltr'>haec</span> <span class='ocrx_word' id='word_1_1002' title='bbox 2911 5885 3088 5944; x_wconf 86' lang='lat' dir='ltr'>opera</span> <span class='ocrx_word' id='word_1_1003' title='bbox 3143 5870 3426 5927; x_wconf 79' lang='lat' dir='ltr'>tribuant.</span> <span class='ocrx_word' id='word_1_1004' title='bbox 3490 5871 3663 5943; x_wconf 80' lang='lat' dir='ltr'>Atqui</span> 
     </span>
    </p>
   </div>
   <div class='ocr_carea' id='block_1_157' title="bbox 3265 6001 3344 6063">
    <p class='ocr_par' dir='ltr' id='par_1_157' title="bbox 3265 6001 3344 6063">
     <span class='ocr_line' id='line_1_157' title="bbox 3265 6001 3344 6063; baseline 0 0"><span class='ocrx_word' id='word_1_1005' title='bbox 3265 6001 3344 6063; x_wconf 87' lang='lat'>33</span> 
     </span>
    </p>
   </div>
  </div>
