4162 6368
453 283 592 346 1035

1734 284 1803 338 Β.
1844 284 1907 337 Ρ.
1946 284 2011 338 Β.
2051 285 2129 338 Μ.
2168 286 2267 340 ΒΕ
2304 283 2570 341 RUBEIS

3727 278 3873 336 1036

448 412 765 487 Dionysius
793 410 904 466 iste
932 407 1165 490 (pergit)
1191 408 1320 480 jam
1355 410 1541 489 sexto,
1566 407 1955 490 jamiquinto,
1982 406 2104 463 imo
2131 412 2187 480 Α
2217 412 2372 482 quod
2396 408 2748 490 Areopagitu
2776 411 3177 490 Romanorum
3199 409 3620 490 potiustquam
3636 410 3878 463 Graeco-

449 491 506 543 et
534 481 746 559 quarto
778 481 988 559 saeculo
1011 482 1252 547 citatur;
1286 494 1437 559 ergo
1457 481 1739 559 priorest.
1766 481 1937 559 Atqui
1971 496 2101 559 ruro

450 551 583 614 sum
619 555 826 627 primis
856 551 1391 627 quatuor‘saaculis,
1424 552 1541 605 imo
1572 558 1629 605 et
1669 551 1880 627 saeculo
1903 558 2100 627 sexto,

450 636 508 685 et
539 622 712 697 ult-ra,
745 626 841 681 alii
871 622 1135 697 Dionysii
1176 640 1290 677 non
1344 624 1599 697 fuerunt,
1634 622 1722 697 vei
1754 622 2101 697 eruditione,

452 701 540 757 vel
574 694 959 756 alio'nomine
1000 695 1143 761 noti,
1190 698 1395 767 prceter
1442 694 1871 765 Areopagitam,
1904 696 2103 767 Corin-

452 773 646 828 thium
678 776 736 825 et
766 767 1238 824 Alexandrinum.
1265 766 1376 821 Sed
1408 772 1624 833 noster,
1651 782 1792 820 sane
1814 766 2103 832 eruditus,

458 862 573 901 non
606 846 695 898 est
731 839 1107 911 Areopagita;
1142 839 1295 909 quod
1348 837 1420 891 ab
1471 836 1702 911 aliisad
1734 837 1973 892 oculum
2005 838 2105 911 def

459 918 853 972 monstratum
883 907 992 966 est.
1029 907 1222 980 Neque
1267 913 1357 963 est
1400 907 1759 981 Corinthius,
1795 915 1917 964 tum
1951 909 2106 981 quod

461 986 799 1043 Corinthius
833 988 1039 1052 praeter
1068 982 1355 1052 quaedam
1389 980 1666 1050 epistolas
1700 980 1995 1037 veteribus
2027 998 2109 1036 re-

460 1058 738 1124 censitas,
772 1052 917 1110 nihil
948 1052 1255 1124 scripsisse
1296 1059 1671 1124 memoretur,
1706 1059 1827 1108 tum
1859 1054 1932 1108 ob
1964 1052 2108 1108 alias

467 1130 681 1186 multas
713 1121 995 1192 rationes;
1022 1121 1157 1196 ergo
1188 1127 1278 1178 est
1302 1121 1749 1180 Alexandrinus.
1776 1125 1903 1179 Ilzec
1934 1124 2108 1179 Bara-

461 1202 594 1258 terii
638 1199 946 1261 sententia,
980 1199 1036 1250 in
1087 1212 1203 1266 qua
1252 1199 1467 1267 tamen
1493 1196 1774 1266 primum,
1809 1196 1960 1267 quod
1994 1196 2109 1251 subi

462 1273 589 1330 dari
622 1272 880 1343 postulat
909 1268 1002 1323 hic
1035 1274 1258 1343 auctor,
1292 1282 1404 1320 non
1458 1266 1535 1343 ila
1588 1267 1754 1343 facile
1803 1266 2107 1343 concesse-

464 1347 601 1410 rint,
622 1338 745 1415 'qui
760 1358 967 1415 opera,
986 1338 1160 1415 vulgo
1190 1338 1816 1415 Areopagitica,__654i
1835 1339 2110 1415 Dio_ny_sio

465 1409 1191 1487 Areopagitaetribuenda
1238 1414 1577 1487 pernegant.
1611 1409 1892 1487 Hypatius
1923 1409 2111 1487 Ephe-

464 1481 656 1551 sinus,
686 1481 744 1540 et
773 1483 871 1539 alii
898 1481 1169 1537 catholici
1210 1481 1505 1537 antistites
1529 1482 1589 1536 in
1622 1483 1933 1538 collatione
1962 1481 2113 1539 Con—

465 1556 1015 1628 stantinopolitana‘
1045 1554 1508 1628 contendebant,
1560 1554 1763 1628 eadem
1813 1572 1987 1625 opera
2039 1556 2112 1609 ab

467 1624 757 1687 haereticis
780 1624 1077 1699 Dionysio,
1096 1626 1403 1699 eidemque
1423 1626 1782 1698 Areopagitae
1806 1624 2116 1699 supposita

467 1703 671 1759 fuisse.
695 1700 895 1771 Neque
936 1697 1211 1770 praeterea
1259 1697 1402 1750 satis
1434 1703 1685 1771 constat,
1708 1697 1939 1753 saeculo
1972 1715 2114 1769 prae-

468 1774 671 1830 sertim
705 1767 913 1842 quarto
936 1767 1146 1825 eadem
1181 1774 1318 1823 nota
1342 1785 1410 1842 ac
1439 1767 1887 1842 vulgalailuisse
1919 1767 2113 1841 opera,

469 1852 646 1915 atque
673 1840 911 1899 demum
952 1844 1041 1915 ab_
1069 1842 1197 1915 ejus
1250 1840 1355 1915 aevi
1403 1840 1794 1915 scriptoribus
1823 1840 2113 1915 laudata;

472 1911 628 1974 unde
658 1933 730 1971 an
762 1920 927 1970 aetate
959 1911 1114 1984 prior
1138 1911 1312 1984 fuerit
1330 1916 1534 1984 auc_tor
1552 1912 2117 1984 Areopagiticorum,

472 2006 587 2045 non
619 1982 1006 2049 demonstrat,
1040 2000 1155 2039 non
1186 1982 1396 2038 evincit
1430 1982 1783 2038 Baraterius.

546 2061 758 2115 Inanes
790 2057 1125 2126 futile-sque,
1144 2060 1207 2108 ut
1237 2059 1396 2124 puto,
1420 2054 1585 2109 addit
1610 2053 1707 2109 ille
1728 2054 2115 2125 conjecturas,

472 2131 642 2203 queis
673 2145 885 2203 magn_o
915 2126 1308 2203 Alexandrino
1328 2126 1605 2203 Dionysio
1627 2126 1863 2203 laudata
1894 2126 2121 2203 adjudi-

472 2197 565 2257 cet
594 2197 800 2272 opera.w
834 2200 1100 2270 Legenda
1144 2198 1316 2272 jubet
1363 2198 1692 2272 fragmenta
1737 2197 2117 2272 epistolarum

472 2275 599 2343 eius
624 2269 693 2328 ad
724 2269 1056 2327 Germanum
1078 2270 1233 2343 apud
1265 2269 1580 2343 Eusebium
1607 2270 1854 2343 libroivi.
1880 2286 2014 2343 capi
2033 2271 2118 2336 11,

471 2339 530 2400 et
562 2344 711 2399 libro
744 2361 843 2410 vn,
888 2359 1014 2415 cap.
1043 2339 1212 2415 il,in
1263 2339 1481 2415 quibus
1510 2340 1611 2407 ait,
1634 2347 1691 2415 et
1727 2340 2019 2415 Timothei
2066 2346 2124 2395 et

470 2417 589 2474 Caii
629 2411 984 2471 mentionem
1040 2412 1198 2475 fieri;
1233 2411 1298 2466 ac
1330 2413 1380 2467 si
1427 2411 1583 2467 idem
1633 2412 1711 2468 sit
1754 2412 2120 2479 Timotheus,

473 2489 627 2544 idem
660 2486 832 2542 Caius
854 2486 1069 2556 quibus
1092 2483 1371 2556 epistolas
1403 2482 1633 2556 aliquas
1664 2490 1720 2539 et
1752 2485 1933 2539 libros
1969 2502 2121 2538 nun-

474 2564 650 2630 cupat
664 2576 730 2614 ac
750 2555 953 2630 scribit
975 2555 1756 2630 auctonAreopagiticorum.
1778 2557 2123 2630 Lubricum,

475 2628 806 2688 ac‘elumbe
836 2629 969 2701 quis
1003 2645 1117 2683 non
1151 2628 1339 2701 videat
1355 2629 1825 2701 argumentum?
1856 2628 1997 2701 Styl_i
2030 2629 2126 2701 de-

477 2720 641 2758 mum
675 2695 1118 2757 consonantiam
1152 2700 1209 2775 in
1250 2695 1470 2775 prolixo
1501 2700 1825 2775 fragmento
1857 2695 1988 2773 Πέρί
2021 2695 2123 2775 φέ-

477 2795 631 2841 σεως,
665 2775 739 2829 De
765 2777 991 2840 natura,
1025 2773 1178 2843 quod
1228 2772 1393 2825 affert
1433 2771 1722 2827 Eusebius
1752 2771 1899 2827 libro
1929 2771 2127 2827 Xiv'De

475 2848 884 2973 praeparatione
911 2843 1246 2926 evangelica,
1272 2843 1512 2923 cap..2.3,
1546 2844 1763 2924 profert
1792 2843 1888 2897 ille
1912 2860 1960 2896 ;‹‹
1997 2843 2125 2909 Sty-

502 2936 600 2973 um
634 2933 864 2973 nemne.
899 2922 964 2970 ut
993 2932 1051 2969 ιη
1084 2917 1522 2973 Areopagiticis.
1549 2918 1890 2969 intricatum
1924 2916 2125 2968 admo-

502 2913 601 2973 um
634 2933 864 2987 nempe,
899 2922 964 2970 ut
993 2913 1061 2969 in
1084 2913 1522 2983 Areopagiticis,
1549 2913 1890 2987 intricatum
1924 2916 2125 2987 admo-

478 2992 718 3056 dum,et
744 2984 1084 3052 obscurum,
1106 2992 1283 3055 atque
1302 2984 1645 3056 compositis
1666 2984 2128 3056 ampullatisque

479 3054 719 3142 vocibus
750 3058 1047 3142 plenum?»
1072 3061 1147 3110 At
1176 3054 1369 3142 simile
1398 3054 1701 3142 quidpiam
1728 3054 1875 3142 nihil
1907 3073 2012 3142 ego
2044 3056 2127 3110 vi-

479 3133 608 3197 deo,
644 3127 787 3185 nihil
820 3129 1021 3183 vident
1072 3127 1445 3200 eruditiores.
1476 3131 1819 3184 Commenta
1870 3127 2126 3200 philosoe

479 3202 732 3276 phorum
789 3201 1007 3276 ibidem
1058 3199 1508 3276 Alexandrinus
1542 3199 2125 3276 Dionysius’rei'ert:

482 3270 737 3346 quorum
768 3272 868 3328 alii
901 3295 931 3323 ‹‹
966 3270 1312 3346 Universum
1347 3271 1643 3346 inﬁnitum
1674 3270 2134 3346 esseputabant,

481 3342 614 3402 ortu
649 3360 1005 3426 carerennec
1040 3343 1155 3399 ullo
1205 3342 1581 3425 providentia
1633 3343 1879 3426 consilio
1930 3343 2070 3426 regi.
2108 3366 2136 3392 ››

482 3423 723 3473 Atomos
751 3416 847 3472 alii
882 3415 1166 3480 invexere,
1202 3437 1230 3464 »
1263 3416 1604 3484 incorrupta
1634 3417 1904 3486 quaedam
1927 3415 2139 3485 exigua

483 3489 852 3561 corpuscula,
888 3486 1535 3561 numeroqueinlinita,
1592 3503 1827 3561 unaque
1878 3487 2136 3561 spatium

486 3557 726 3632 aliquod
760 3576 1032 3625 vacuum,
1061 3557 1169 3615 nec
1194 3557 1342 3632 ullis
1362 3557 1577 3612 finibus
1600 3559 2137 3632 circumscriptum.

488 3629 636 3687 llinc
666 3633 807 3686 dum
857 3648 996 3686 casu
1048 3636 1283 3701 propter
1329 3630 1587 3700 impetus
1636 3629 2135 3701 perturbationem

491 3704 617 3759 alia:
647 3720 782 3759 cum
817 3702 947 3758 aliis
978 3706 1362 3767 concurrunt,
1390 3718 1456 3757 ac
1489 3708 1726 3772 prppter
1753 3701 2139 3771 multiplicem

495 3776 744 3847 figuram
772 3775 923 3847 inter
944 3791 1072 3847 sese
1091 3773 1570 3847 commiscentur,
1594 3772 1700 3847 hic
1718 3774 1997 3847 mundus,
2021 3775 2141 3847 imo

498 3844 703 3901 m'undi
736 3845 912 3901 etiam
946 3846 1160 3900 infiniti
1190 3845 1319 3899 facti
1350 3848 1508 3899 sunt.
1535 3865 1562 3891 ››
1596 3845 1743 3908 Quid
1776 3844 1872 3899 hic
1902 3845 2139 3900 intrica-

496 3924 645 3983 tum,
670 3915 804 3983 quid
850 3917 1189 3979 obscurum,
1220 3931 1488 3985 quaenam
1520 3916 1693 3985 verba
1732 3917 2058 3985 composita
2086 3920 2144 3972 et

491 3988 849 4057 ampullata?
897 3989 1092 4059 Pergit
1140 3984 1276 4041 vero
1333 3984 1641 4059 Dionysius
1669 4003 1797 4059 cap.
1829 3984 2041 4059 2L725,
2070 3989 2142 4042 26

490 4068 550 4117 et
578 4056 667 4127 27,
703 4062 823 4116 hac
846 4056 1352 4116 vana‘commenta
1373 4056 1651 4128 simplici,
1671 4056 1850 4124 claro,
1876 4058 2140 4115 didasca-

487 4132 601 4189 lico
633 4132 783 4205 style
818 4133 1142 4205 expendere
1172 4148 1238 4187 ac
1269 4130 1543 4186 refutare.

1267 4239 1366 4293 VI.

480 4319 793 4390 Colligitur,
866 4318 1246 4390 Areopagitica
1307 4333 1477 4385 opera
1519 4332 1827 4390 perperam
1886 4316 2142 4390 Gregorio

555 4388 751 4459 Magno
797 4388 1036 4447 Romano
1080 4390 1329 4461 pontiﬁci
1372 4388 1624 4461 attribui.
1676 4391 1863 4459 Neque
1914 4389 2141 4444 illorum

555 4472 752 4520 auctor
782 4473 862 4518 est
892 4459 1124 4519 Latinus
1170 4462 1448 4533 quispiam
1498 4459 1677 4528 homo,
1729 4475 1904 4531 neque
1935 4463 2139 4533 Egyp-

557 4539 689 4605 tius,
721 4536 812 4591 sed
842 4535 1079 4603 Gracia,
1110 4550 1179 4589 ex
1209 4534 1411 4589 Achaia
1438 4538 1498 4588 ut
1532 4533 1763 4587 videtur.

556 4631 949 4704 Singularem,
974 4648 1101 4701 quae
1127 4631 1238 4686 sibi
1262 4630 1577 4704 insederat,
1595 4630 1672 4704 _de
1700 4632 2136 4704 auctore_Areo-

486 4700 871 4775 pagiticorum
897 4700 1232 4775 Opinionem
1249 4702 1403 4758 datis
1426 4701 1640 4775 litteris
1665 4702 1733 4756 ad
1758 4700 2135 4775 Gfruillclnium

483 4772 631 4832 Cave
681 4776 772 4832 bis
813 4772 1004 4831 verbis
1035 4775 1387 4845 significavit
1440 4773 1723 4828 Henricus
1773 4772 2137 4845 Dodwellus,

484 4866 611 4920 qua
647 4848 936 4905 habentur
967 4848 1026 4904 in
1065 4844 1330 4920 ejusdem
1353 4845 1532 4920 Cavei
1563 4845 1804 4900 Historia
1836 4844 2134 4920 litterario.

485 4916 525 4975 l'.
558 4921 813 4976 Dubium
849 4938 998 4983 esse,
1033 4916 1108 4974 an
1139 4936 1256 4974 non
1298 4918 1635 4989 Dionysius.
1661 4933 1835 4989 quem
1870 4916 1926 4989 in
1959 4916 2135 4971 colla-

484 4992 639 5048 tione
696 5010 849 5048 anno
896 4994 1002 5047 532
1052 4992 1252 5047 habita
1292 4988 1822 5059 Constantinopoli,
1876 4988 2138 5043 citabant

479 5064 771 5120 Severiani
808 5082 908 5135 pro
942 5081 1059 5119 una
1090 5068 1320 5127 natura,
1356 5062 1509 5116 alius
1541 5061 1715 5116 fuerit
1744 5061 1815 5116 ab
1848 5076 1935 5125 eo,
1964 5062 2135 5135 cujus

480 5153 655 5205 opera
688 5131 972 5191 habemus
1023 5136 1214 5189 hodie.
1251 5136 1321 5189 II.
1355 5134 1729 5188 Contentioso
1763 5135 1872 5205 isto
1923 5131 2135 5205 saeculo

484 5204 594 5261 non
631 5208 890 5264 defuisse
936 5206 1273 5272 catholicos,
1310 5206 1505 5261 forsan
1559 5206 1752 5275 ipsum
1789 5204 2134 5273 Gregorium

482 5286 685 5350 postea
709 5279 1038 5335 Romanum
1077 5278 1436 5347 pontificem,
1462 5276 1560 5350 qui
1595 5278 1691 5350 diu
1725 5277 2135 5350 Constantino-

482 5347 596 5422 poli
637 5352 874 5419 vixerat,
909 5353 1009 5424 qui
1053 5350 1396 5423 Dionysium
1435 5347 1802 5424 catholicum
1837 5348 2135 5424 c_onfiuge~

479 5419 628 5490 rent,
662 5440 834 5492 quem
872 5419 972 5495 pro
998 5443 1113 5479 una
1146 5419 1469 5496 hypostasi,
1497 5419 2133 5496 aliisque‘quibusdam

478 5491 893 5552 controversiis
936 5503 1075 5552 tunc
1120 5491 1406 5566 temporis
1440 5494 1701 5561 agitatis,
1736 5491 2136 5566 Qrie_nta|ibus

474 5575 852 5634 opponerent.
894 5569 987 5623 Ill.
1026 5569 1171 5623 Hinc
1202 5564 1335 5622 vero
1381 5565 1503 5620 hrec
1555 5582 1733 5635 opera
1763 5564 1821 5618 in
1859 5564 2133 5618 Romanis

481 5639 746 5695 Ecclesiae
779 5641 1016 5696 scriniis
1059 5640 1337 5711 reposita.
1372 5643 1518 5693 teste
1550 5636 1871 5711 Scholiasta
1907 5636 1963 5711 in
1995 5641 2134 5690 Pro.

478 5712 633 5783 lego,
658 5718 715 5767 et
744 5729 777 5766 a
809 5712 1092 5783 Gregorio
1125 5709 1271 5781 papa
1298 5710 1554 5780 primum
1581 5709 2133 5783 diserteproducta.

480 5781 573 5838 lV.
603 5781 1008 5853 Suspicionem
1037 5784 1244 5838 exinde
1270 5783 1491 5851 augeri,
1520 5788 1582 5835 ut
1604 5781 1779 5837 habet
1808 5781 1962 5835 idem
1995 5781 2137 5835 Dod-

479 5854 692 5912 wellus
733 5857 791 5912 in
845 5856 993 5914 libro
1044 5856 1119 5912 De
1164 5854 1469 5911 sacerdotio
1516 5855 1738 5923 laicor.,
1771 5869 1899 5925 cap.
1933 5853 1987 5922 8,
2020 5853 2048 5925 ξ
2076 5853 2130 5921 3,

2216 479 2344 537 rum
2371 479 2653 551 mores,id
2679 479 3000 536 adnotante
3033 479 3284 536 Maximo
3317 479 3376 536 in
3402 479 3875 545 Scholiis,enar-

2214 554 2395 621 ravit;
2430 553 2583 623 quod
2615 552 2851 623 quidem
2883 554 2954 607 ab
2986 551 3224 607 homine
3259 553 3476 617 Greco,
3508 558 3683 623 gente
3709 551 3880 607 nimi-

2215 642 2345 680 rum
2375 630 2433 679 et
2455 622 2683 696 lingua,
2718 622 2842 677 fieri
2874 623 3353 695 aegreadmodum
3386 622 3687 693 probabile
3721 628 3839 677 est.

2285 713 2465 767 Natat
2495 727 2991 782 quaquaversum,
3020 728 3086 767 ac
3108 714 3293 766 rimas
3315 711 3437 783 agit
3459 712 3729 766 insolens
3751 711 3879 783 hinc

2215 781 2601 839 Dodweliana
2632 783 2913 853 opinatio.
2947 783 3136 838 Alium
3187 800 3302 838 non
3358 781 3489 837 esse
3525 781 3878 854 Dionysium

2213 872 2385 926 quem
2441 856 2702 910 citabant
2743 854 3060 919 Severiani,
3104 854 3176 910 ab
3219 870 3286 909 eo
3351 854 3650 926 Dionysio,
3702 854 3880 923 cujus

2217 944 2390 998 opera
2443 927 2619 998 vulgo
2679 927 3070 997 Areopagitica
3129 926 3303 981 hodie
3362 926 3653 981 habemus
3713 931 3880 998 certo

2218 997 2404 1054 evinci
2438 997 2630 1071 potest
2660 1013 2728 1071 ex
2759 998 2830 1051 iis
2861 1014 2989 1069 quae.
3021 999 3395 1071 proferebant
3425 997 3763 1071 Severiani,
3788 1002 3877 1051 ιθ-

2218 1068 2552 1138 stimoniis;
2587 1070 2826 1125 totidem
2857 1068 3014 1124 enim
3042 1070 3233 1124 verbis
3265 1069 3638 1139 reperiuntur
3657 1068 3872 1122 eadem

2217 1141 2276 1196 in
2300 1143 2596 1213 operibus,
2632 1158 2754 1210 quas
2785 1146 3126 1213 supersunt,
3180 1141 3451 1213 Dionysio
3502 1140 3879 1213 Areopagitie

2218 1211 2463 1269 tributa.
2487 1213 2632 1268 Loca
2666 1213 2951 1267 nonnulla
2973 1211 3364 1267 indicavimus
3378 1228 3540 1266 num.
3560 1216 3584 1266 1
3607 1211 3666 1265 in
3687 1211 3876 1277 calce;

2221 1286 2402 1339 alium
2437 1300 2600 1339 num.
2623 1284 2655 1338 4
2687 1283 3042 1355 protulimus
3072 1301 3140 1339 ex
3170 1284 3495 1355 prrssmio
3519 1300 3532 1336 :
3560 1285 3739 1355 plura
3769 1284 3882 1337 da-

2222 1358 2421 1411 bimus
2453 1356 2627 1410 infra.

2293 1436 2441 1500 Quid
2473 1440 2564 1489 est
2592 1450 2749 1501 vero,
2784 1435 2939 1505 quod
2989 1433 3523 1505 Areopagiticorum
3572 1439 3883 1489 auctorem

2224 1508 2555 1579 suspicetur
2571 1506 2906 1579 Ddowellus
2921 1507 3215 1579 hominem
3230 1509 3495 1579 Latinum
3511 1508 3885 1579 quempiam,

2227 1601 2253 1628 ‹‹
2288 1577 2354 1633 ac
2384 1581 2578 1633 forsan
2614 1578 2936 1648 ipsummet
2959 1577 3328 1647 Gregorium,
3350 1578 3449 1641 qui
3470 1578 3564 1632 diu
3588 1577 3883 1632 Constan-

2225 1649 2469 1720 tinopoli
2499 1648 2762 1721 vixerat?
2800 1673 2819 1696 ο
2874 1648 3087 1704 Jussus
3121 1666 3152 1704 a
3195 1649 3428 1721 Pelagio
3481 1649 3547 1715 ll,
3601 1649 3883 1720 migravit

2226 1719 2811 1791 Constantinopolim.
2837 1721 3201 1791 apocrisiarii
3230 1719 3887 1776 muneredefuncturus

2145 1794 2195 1858 B
2225 1793 2561 1863 Gregorius,
2589 1808 2744 1846 anno
2773 1792 2899 1853 578,
2932 1798 3033 1847 aut
3081 1793 3460 1863 insequente;
3512 1792 3888 1862 Romamque

2229 1866 2401 1920 rediit
2431 1863 2527 1919 ille
2565 1879 2719 1918 anno
2767 1863 2996 1917 circiter
3041 1864 3167 1917 585.
3204 1863 3538 1935 Utramque
3589 1864 3883 1935 epocham

2229 1937 2520 2007 definiunt
2549 1941 2755 1989 ascetze
2786 1935 3166 1989 Sammauraai
3200 1934 3259 1989 in
3297 1934 3561 2006 ejusdem
3613 1934 3886 2007 Gregorii

2229 2024 2390 2088 papae
2422 2006 2789 2088 Vita.cap_..5,
2814 2023 2880 2061 ac
2906 2023 3011 2088 nos
3031 2010 3203 2088 etiam
3227 2007 3622 2088 expendimus
3654 2011 3715 2061 et
3748 2006 3890 2088 cou-

2230 2077 2619 2149 stituinusrin
2677 2078 3037 2133 Monumentis
3095 2077 3543 2149 Aguileiemibus
3600 2095 3730 2148 cap.
3791 2079 3886 2143 26,

2231 2168 2395 2206 num.
2428 2152 2477 2205 4.
2514 2148 2643 2203 Jam
2674 2166 2806 2203 vero
2839 2156 3042 2204 notum
3075 2148 3561 2220 compertumque
3600 2149 3881 2215 fecimus,

2231 2221 2429 2277 seaculi
2461 2222 2606 2294 sexti
2636 2220 2825 2290 initio,
2847 2221 2935 2275 vel
2958 2222 3134 2276 etiam
3158 2221 3369 2276 saeculo
3393 2223 3599 2294 quinto
3617 2224 3889 2287 cadente,

2232 2299 2370 2349 nota
2423 2293 2605 2364 fuisse
2634 2309 2809 2362 opera
2843 2293 3259 2364 Areopagitica,
3290 2293 3614 2364 eademque
3647 2294 3894 2347 laudata

2231 2366 2291 2420 in
2324 2363 2630 2420 collatione
2661 2363 3329 2435 ConstantinOpolitana,
3363 2372 3419 2420 et
3449 2363 3531 2419 ab
3556 2365 3891 2433 thrszmio

2275 2436 2568 2491 atriarcha
2649 2435 3007 2490 Antiocheno
3076 2443 3419 2499 memorata,
3480 2442 3537 2491 et
3592 2437 3893 2490 illustrata

2234 2506 2482 2563 Scholiis
2512 2525 2546 2562 a
2591 2506 2818 2579 Joanne
2859 2506 3371 2579 Seytbopolitano;
3404 2513 3466 2562 ut
3494 2510 3707 2562 insana
3766 2508 3897 2562 sine

2235 2582 2414 2635 dubio
2445 2579 2704 2650 opinatio
2734 2577 2983 2650 illasit’,’
3014 2577 3102 2633 vel
3135 2582 3339 2634 eadem
3390 2579 3664 2646 Gregorio
3715 2579 3892 2632 attri-

2235 2653 2413 2707 buere
2440 2648 2601 2705 velut
2630 2648 2873 2715 auctori,
2901 2649 2987 2704 vel
3025 2652 3098 2704 ab
3128 2650 3470 2719 hominibus
3505 2650 3726 2705 Latinis
3761 2666 3895 2719 pro-

2235 2740 2378 2779 cusa
2408 2737 2666 2795 asserere
2688 2737 2754 2795 eo
2787 2714 3068 2793 tempore,
3093 2714 3210 2793 qud
3231 2723 3385 2778 idem
3409 2722 3728 2795 Gregorius
3747 2714 3896 2776 Con-

2236 2793 2511 2865 stinopoli
2548 2793 2901 2847 morabatur.

2308 2881 2393 2928 An
2428 2872 2616 2943 ipsius
2646 2879 2924 2944 preterea
2957 2872 3316 2928 sanctissimi
3339 2873 3598 2943 Gregorii
3627 2873 3898 2944 probitas

2239 2951 2564 3017 pateretur,
2597 2950 2664 3017 ut
2695 2960 3027 3015 opera,qute
3058 2947 3182 3014 ipse
3211 2944 3579 3013 conﬁnxerit,
3606 2950 3712 3017 aut
3742 2944 3896 3017 ipsis

2238 3014 2644 3087 contingendis
2667 3031 2871 3070 ansam
2898 3014 3141 3087 etiopem
3170 3017 3498 3086 pra-buerit,
3526 3016 3638 3070 sub
3657 3016 3901 3070 nomine

2236 3086 2494 3160 Dionysii
2522 3086 3046 3160 76555re0pagitae
3080 3086 3389 3160 laudaret?
3422 3088 3646 3160 Laudat
3674 3104 3744 3160 ea
3761 3103 3899 3141 vero

2157 3162 2201 3228 (ς
2239 3157 2483 3215 homilia
2510 3159 2577 3213 34
2604 3159 2661 3212 in
2706 3157 2958 3213 Lucamﬂ:
3009 3180 3036 3207 «
3067 3163 3285 3225 Fertur,
3333 3159 3628 3229 inquiens,
3679 3157 3904 3228 Diony-

2247 3233 2373 3287 sius
2407 3230 2778 3301 Areopagita,
2830 3230 3111 3301 antiquus
3143 3236 3200 3285 et
3222 3231 3574 3285 venerabilis
3607 3233 3781 3283 Pater
3809 3231 3901 3282 di-

2246 3319 2375 3358 cere
2397 3302 2548 3374 quod
2566 3300 2992 3374 fex’minoribus
3014 3302 3355 3374 angelorum
3381 3302 3717 3374 agminibus
3741 3306 3903 3374 foras

2246 3375 2315 3430 ad
2337 3372 2683 3442 explendum
2703 3372 3120 3436 ministerium,
3144 3372 3229 3428 vel
3257 3372 3564 3428 visibiliter
3577 3374 3665 3428 vel
3690 3372 3906 3428 invisi-

2246 3446 2441 3500 biliter
2463 3445 2798 3499 mittuntur.
2837 3466 2856 3492 ι
2897 3444 3026 3499 Haec
3048 3444 3282 3515 aligatio
3322 3444 3581 3514 Gregorii
3604 3447 3729 3516 jam
3772 3453 3904 3499 tum

2244 3517 2483 3587 vulgata
2507 3516 2685 3571 fuisse
2706 3516 2917 3570 evincit
2966 3532 3140 3587 opera
3175 3516 3287 3570 sub
3346 3517 3580 3572 nomine
3634 3516 3903 3587 Dionysii

2247 3594 2631 3660 Areopagitas,
2665 3603 2793 3660 quae
2822 3604 2936 3658 prie
2962 3588 3237 3642 manibus
3258 3590 3520 3660 omnium
3543 3588 3900 3660 forentuSed

2247 3659 2506 3715 attamen
2521 3659 2962 3713 sanctissimum
2982 3660 3311 3730 pontiﬁcem
3338 3661 3410 3714 de
3429 3659 3663 3714 illorum
3687 3659 3904 3714 saltem

2247 3738 2483 3787 auctore
2513 3732 2757 3786 dubium
2792 3730 3053 3794 haesisse,
3087 3737 3377 3800 reponunt
3410 3730 3707 3802 plerique;
3743 3733 3905 3801 quod

2247 3804 2295 3858 si
2321 3805 2564 3875 placeat,
2599 3818 2701 3874 per
2747 3818 2838 3875 me
2868 3802 2999 3856 licet
3033 3820 3046 3864 ;
3081 3818 3419 3873 quanquam
3475 3803 3906 3858 haesitationem

2247 3874 2396 3943 ejus,
2430 3890 2605 3945 quam
2641 3874 2935 3944 signiﬁcat
2965 3876 3202 3928 verbum
3233 3876 3415 3945 fer/ur
3445 3890 3557 3929 non
3592 3879 3659 3927 ad
3696 3879 3908 3929 aucto-

2250 3963 2369 4001 rem
2406 3948 2653 4015 ejusque
2683 3961 2877 4015 opera,
2912 3945 3010 3999 sed
3047 3946 3116 3999 ad
3149 3946 3475 4000 doctrinam
3518 3947 3574 3999 in
3630 3946 3781 4000 libro
3828 3947 3910 4000 De

2248 4017 2453 4073 ca'lesti
2482 4017 2798 4072 hicrarchiu
2832 4021 3188 4084 contentam,
3238 4033 3413 4087 quam
3466 4016 3525 4070 in
3559 4017 3688 4087 ipso
3744 4021 3910 4072 fonte

2248 4090 2569 4159 expendere
2590 4089 2733 4142 forte
2751 4089 3029 4158 Gregorio
3050 4105 3162 4143 non
3189 4090 3452 4156 vacabat,
3477 4089 3678 4142 referri
3704 4105 3906 4160 posse,

2249 4161 2400 4215 docti
2426 4160 2530 4213 viri
2564 4160 3069 4232 interpretantur:
3104 4176 3282 4232 quam
3322 4175 3428 4231 ego
3476 4161 3763 4215 intactam
3801 4161 3909 4215 hoc

2251 4232 2376 4287 loco
2412 4232 2677 4301 relinquo
2706 4231 3118 4300 quaestionem.

2321 4319 2554 4401 {ipcedit
2586 4320 2933 4401 dem’um,‘et
2962 4318 3086 4401 ipsa
3116 4322 3283 4401 aziate
3313 4318 3915 4401 Srythppolitani,_iot

2251 4391 2472 4446 scilicet
2511 4396 2644 4445 ante
2701 4391 3418 4462 Constantinopolitanum
3470 4391 3734 4461 Gregorii
3798 4394 3912 4447 itcr

2251 4463 2506 4530 annis,in
2533 4462 2800 4536 Archivis
2828 4466 3097 4536 Romans:
3130 4463 3397 4519 Ecclesia:
3433 4463 3733 4536 exstitisse
3774 4481 3911 4536 ope-

2169 4551 2219 4616 D
2250 4552 2341 4616 ua,
2368 4551 2493 4616 quas
2517 4534 2925 4616 Areopagitica
2974 4534 3440 4616 dicunturnou‘a
3487 4535 3559 4616 de
3589 4551 3669 4616 .re
3728 4534 3909 4616 fidem

2252 4605 2399 4679 Petri
2436 4605 3027 4679 cujusdam’Piomiani
3072 4605 3300 4679 diaconi
3335 4606 3548 4677 allegat
3586 4608 3715 4678 ipse
3766 4608 3909 4679 Scy-

2251 4678 2655 4750 thopolitanus
2698 4678 2756 4731 in
2811 4677 3085 4750 Prologo;
3141 4678 3388 4743 Quidam
3413 4693 3569 4744 vero,
3603 4677 3909 4749 inquiens,

2249 4749 2533 4805 diaconus
2567 4750 2890 4809 Romanus,
2925 4749 3158 4803 nomine
3201 4754 3427 4816 Petrus,
3458 4752 3721 4805 narravit
3764 4751 3913 4805 mihi

2249 4820 2448 4877 omnia
2480 4821 2597 4876 divi
2631 4820 2893 4892 Dionysii
2927 4837 3101 4892 opera
3133 4821 3407 4877 Romaein
3432 4837 3731 4877 sacrorum
3758 4824 3876 4877 srri

2291 4899 2483 4946 torum
2548 4892 2905 4946 Bibliotheca
2958 4892 3212 4963 reposita
3245 4892 3483 4947 servari.
3537 4915 3563 4941 ι)
3613 4897 3903 4948 Sonoram

2291 4912 2483 4946 torum
2548 4912 2905 4946 DlDllOlnPCﬂ
2958 4912 3212 4963 PBPOSHR
3245 4912 3483 4947 servari.
3537 4915 3563 4941 ))
3613 4912 3903 4948 sonoram

2248 4912 2519 5020 Fabellam
2581 4964 2791 5019 Joanni
2824 4964 3299 5036 Scythopolitano
3333 4964 3613 5020 cecinisse
3665 4965 3908 5021 Petrum

2247 5038 2412 5091 illum
2447 5036 2785 5103 diaconum,
2822 5040 2988 5107 putat
3017 5036 3369 5105 Loquienus,
3415 5037 3907 5107 quandoquidem

2247 5115 2407 5164 sexto
2440 5108 2799 5181 saeculojam
2826 5108 3029 5162 affecto
3052 5108 3158 5179 (ait
3182 5107 3298 5178 ille)
3320 5108 3637 5180 Gregorius
3654 5109 3910 5181 Magnus

2247 5198 2311 5237 ex
2348 5182 2550 5237 auditu
2587 5177 2709 5233 solo
2741 5178 2840 5233 illa
2873 5177 3099 5233 exstare
3132 5185 3408 5233 noverat:
3442 5177 3781 5251 profertqué
3830 5181 3913 5235 lo-

2248 5270 2378 5308 cum
2414 5255 2581 5309 illum
2611 5251 2754 5323 satis
2778 5267 2905 5323 noni
2940 5267 3088 5317 esse,
3126 5256 3190 5305 ut
3227 5268 3329 5323 pro
3359 5251 3568 5307 fabella
3619 5252 3914 5308 habeatur

2249 5330 2399 5383 Petri
2436 5325 2595 5381 illius
2617 5321 2845 5377 diaconi
2879 5322 3128 5378 Romani
3162 5321 3442 5389 narratio,
3467 5324 3904 5381 adnotavimus.

2319 5411 2853 5483 Areopagiticorum
2889 5416 3109 5476 auctor,
3138 5411 3330 5481 inquit
3352 5410 3716 5477 Dodwellus,
3744 5436 3772 5463 ‹‹
3802 5414 3904 5470 Ro-

2245 5482 2546 5543 manorum
2583 5482 2797 5555 potius,
2830 5500 3009 5553 quam
3043 5484 3373 5539 Graecorum
3405 5500 3620 5550 mores,
3642 5485 3699 5538 id
3727 5486 3901 5540 etiam

2249 5562 2373 5632 ipso
2407 5559 2652 5632 Maximo
2686 5555 2998 5632 adnotante
3033 5557 3084 5632 in
3118 5555 3395 5632 Scholiis,
3423 5562 3679 5632 enarrat.
3713 5580 3741 5605 ››
3798 5558 3903 5632 Lo-

2246 5626 2377 5688 c'uin
2402 5626 2636 5686 Maximi
2663 5626 2868 5683 afferre
2890 5627 3033 5682 satis
3058 5626 3638 5698 fuerit,quihabetur
3656 5627 3713 5683 in
3732 5628 3909 5685 Scho-

2248 5706 2342 5760 liis
2375 5705 2443 5759 ad
2480 5718 2606 5771 cap.
2641 5698 2790 5771 4__De
2835 5700 3202 5754 ecclesiastica
3236 5699 3575 5765 hierarchia,
3631 5717 3801 5756 num.
3832 5703 3902 5757 2:

2246 5769 2611 5845 Proponunt.
2670 5769 2789 5845 Hoc
2847 5774 2942 5845 et“
2980 5771 3303 5845 secundum
3358 5773 3859 5845 consuetudinem
3887 5815 3901 5841 ,

2247 5841 2375 5921 qua:
2407 5849 2600 5904 Romae
2634 5841 2783 5915 viget
2814 5856 2826 5896 :
2862 5841 2981 5897 illic
2999 5842 3157 5897 enim
3181 5847 3405 5915 septem
3429 5844 3542 5900 soli
3565 5843 3804 5901 diaconi
3828 5847 3908 5901 al-
