4162 6368
284 297 413 350 1041

279 421 478 495 ﬁtetur
506 425 563 476 et
593 420 861 492 explicat,
894 422 1054 495 visus
1075 426 1165 477 est
1183 421 1560 493 Eutychianis
1586 426 1928 477 naturarum
1964 429 2013 495 Α

281 494 563 548 unitatem
598 501 655 547 et
685 494 1088 548 confusionem
1131 496 1420 549 inducere.
1459 517 1486 543 ››
1510 496 1571 548 Id
1626 496 1927 550 videbatur

283 566 684 636 Eutychianis,
719 565 816 635 qui
849 583 1023 635 opera
1055 565 1172 631 illa,
1225 582 1354 636 qua
1402 567 1789 622 vetustissimi
1821 585 1920 621 au-

280 640 456 691 ctoris
493 639 667 691 fetum
719 638 1022 707 putabant,
1069 637 1373 692 catholicis
1420 642 1812 709 opponebant.
1860 639 1921 692 Id

277 723 509 781 quoque
541 708 726 762 visum
784 709 1040 779 quinque
1075 708 1205 781 illis
1260 708 1920 781 Constantinopolitanae

278 780 609 835 collationis
640 781 952 851 episcopis,
987 780 1086 850 qui
1122 787 1423 851 propterea
1472 780 1766 835 auctorem
1817 798 1918 835 su-

273 852 654 921 spicabantur
683 859 976 906 vetustum
1027 853 1362 923 quempiam
1418 853 1917 923 Apollinaristam.

272 924 382 978 Sed
417 923 748 994 «paulatim
781 923 1050 978 catholici
1087 924 1367 978 librorum
1401 923 1649 979 istorum
1684 925 1919 979 lectioni

273 995 616 1065 diligentius
646 995 1053 1067 incumbentes
1085 997 1290 1066 (pergit
1334 996 1593 1050 Morinus
1643 998 1831 1067 capite
1866 999 1914 1061 1,

275 1083 439 1120 num.
475 1070 559 1133 11,
588 1066 879 1136 judicium
915 1082 1089 1121 suum
1112 1078 1411 1137 exponeret
1438 1084 1636 1121 eorum
1658 1066 1918 1123 solidita-

271 1142 387 1191 tem
423 1138 481 1191 in
516 1138 649 1204 fide,
682 1154 923 1193 sensum
958 1138 1224 1193 absolute
1258 1140 1608 1193 catholicum
1643 1141 1917 1193 admirati

275 1214 479 1263 sunt...
513 1210 655 1263 Cum
689 1210 844 1264 enim
896 1211 1185 1264 maturius
1219 1217 1275 1263 et
1325 1211 1558 1281 penitus
1588 1212 1917 1265 examinas-

274 1287 407 1335 scnt
435 1281 770 1336 testimonia
804 1282 874 1336 ab
892 1281 1181 1336 bareticis
1202 1282 1651 1353 Eutychianisin
1678 1283 1915 1337 haresis

268 1369 386 1407 sua
421 1353 818 1425 defensionem
838 1353 974 1407 hinc
996 1355 1361 1425 deprompta,
1378 1355 1917 1410 animadverterunt

268 1440 335 1479 ea
368 1423 806 1497 facileqdissolvi
840 1423 1281 1495 posse,e’tlong’e
1304 1425 1470 1497 plura
1490 1426 1714 1480 inistus
1734 1427 1912 1479 htl‘t‘e-

268 1498 348 1550 sis
378 1495 737 1568 eversionem
769 1513 836 1550 ex
868 1497 1077 1551 iisdem
1112 1495 1325 1567 colligi.
1363 1518 1390 1545 ››
1424 1498 1501 1551 En
1545 1514 1681 1568 ergo
1731 1497 1911 1552 soler-

267 1567 565 1621 tissimum
600 1568 1144 1640 Areopagiticorum
1181 1572 1585 1633 scrutatorein,
1610 1567 1709 1640 qui
1740 1571 1915 1624 verba

268 1644 332 1693 ut
363 1656 662 1711 summum
688 1640 966 1710 ambigua
996 1639 1054 1693 in
1078 1639 1190 1693 illis
1212 1640 1445 1710 reperit,
1470 1639 1685 1711 quibus
1708 1640 1911 1694 abute-

268 1717 470 1765 rentur
499 1710 954 1781 Monophysita;
989 1728 1228 1765 sensum
1253 1710 1695 1767 novitabsolute
1718 1715 1911 1767 catho-

265 1782 475 1876 licqm,‘
501 1799 567 1835 ac
599 1783 768 1876 loqge
790 1783 969 1864 plura
993 1782 1050 1837 in
1077 1783 1516 1876 istiutharesis
1550 1784 1907 1839 eversionem
1940 1812 1987 1876 Β

269 1871 336 1908 ex
368 1854 575 1908 Iisdem
608 1854 803 1924 colligi
839 1871 1007 1924 posse
1038 1855 1468 1909 animadvertit.

336 1926 521 1979 Aliam
545 1925 749 1979 definit
769 1927 1029 1980 auctoris
1056 1931 1279 1979 atatem
1306 1925 1579 1981 Nicotaus
1602 1925 1908 1990 Noui-rius,

264 2002 456 2051 asccta
486 1997 900 2051 Beuedictinus
932 2004 1363 2052 Sammauraus
1399 1998 1535 2065 ;sed
1560 1998 1685 2066 ejus
1712 2001 1909 2051 ortho-

268 2068 494 2122 doxiam
526 2074 743 2123 certam
780 2068 974 2134 habet,
1028 2069 1388 2140 prolatisque
1437 2069 1695 2123 nonullis
1742 2071 1907 2124 testi-

265 2141 479 2195 moniis
511 2141 841 2195 confirmat.
876 2140 1063 2194 Verba
1094 2144 1220 2211 ejus
1253 2147 1393 2195 sunt
1418 2141 1911 2195 dissertationetO

260 2212 331 2265 De
359 2212 612 2280 operibus
659 2214 715 2265 5.
774 2213 1072 2283 Dionysii:
1127 2234 1155 2261 ‹‹
1210 2212 1272 2266 In
1328 2213 1401 2266 iis
1450 2212 1615 2267 libris
1668 2212 1909 2267 haresis

259 2289 458 2338 contra
491 2283 917 2338 Incarnationis
947 2283 1165 2340 Christi
1192 2284 1539 2354 mysterium
1562 2300 1673 2338 non
1710 2284 1907 2337 minus

258 2361 474 2425 aperte,
505 2372 680 2426 quam
733 2371 936 2410 omnes
985 2361 1186 2410 contra
1237 2356 1363 2425 ejus
1412 2356 1802 2425 divinitatem,
1853 2361 1910 2411 et

258 2443 437 2481 unam
472 2429 648 2482 trium
684 2427 1015 2481 divinarum
1050 2443 1431 2497 personarum
1462 2432 1730 2481 naturam
1756 2443 1907 2480 erro-

256 2514 369 2569 res,
399 2515 499 2569 pro
519 2498 819 2553 scribitur.
853 2503 983 2552 Hac
1013 2499 1226 2553 etenim
1260 2499 1329 2552 de
1363 2499 1661 2553 incarnato
1680 2498 1777 2552 Dei
1813 2499 1904 2552 Fi-

255 2568 330 2623 lio
362 2568 619 2624 variisin
648 2571 791 2625 locis
821 2570 1092 2641 legimus,
1149 2575 1226 2624 De
1264 2569 1638 2625 ecclesiastica
1697 2570 1904 2623 hierar-

254 2642 403 2711 chia,
436 2643 624 2711 capite
654 2643 687 2695 3
717 2644 902 2712 (num.
937 2642 990 2705 3,
1025 2642 1126 2711 §2)
1156 2658 1168 2696 :
1213 2642 1307 2696 Dei
1358 2641 1691 2712 principalis
1746 2641 1903 2696 boni-

256 2720 402 2767 tas...
444 2717 757 2768 nostrorum
815 2714 1062 2767 omnium
1116 2730 1243 2767 cere
1287 2716 1433 2781 facta
1453 2716 1746 2783 particeps,
1778 2714 1902 2767 abs-

254 2800 357 2854 que
384 2788 624 2854 peccuto,
659 2786 1071 2855 humilitatique
1098 2793 1296 2839 nostra:
1340 2788 1526 2846 unita,
1574 2788 1727 2839 salvo
1772 2800 1902 2855 pro-

254 2856 553 2926 prietatum
584 2874 811 2911 suarum
850 2866 1012 2923 statu,
1046 2872 1210 2926 coque
1251 2872 1476 2925 prorsus
1511 2859 1799 2926 inconfaso
1851 2860 1905 2909 et

258 2930 542 2983 inviolato.
580 2932 639 2982 In
666 2929 777 2983 alio
811 2935 1003 2982 autem
1040 2929 1111 2981 De
1135 2929 1343 2982 divinis
1372 2928 1687 2982 nominibus
1715 2927 1863 2981 libro
1889 2946 1901 2982 :

264 3000 490 3054 Verbum
520 3000 934 3055 divinissimum
968 3043 1001 3054 ..
1030 3016 1128 3070 per
1157 3002 1506 3068 incon/usam
1539 3000 1902 3054 humanitatis

255 3074 438 3125 nostra
464 3071 887 3141 asumptionem.
950 3072 1015 3124 Et
1047 3073 1100 3124 in
1166 3072 1409 3139 epistola
1442 3073 1474 3125 4
1532 3074 1601 3126 ad
1652 3070 1850 3126 Caium
1889 3086 1901 3124 :

260 3143 534 3209 Quatenus
565 3153 685 3198 erat
712 3145 852 3198 Deus
878 3148 929 3199 et
968 3143 1144 3207 homo,
1203 3159 1401 3213 novam
1452 3143 1743 3213 quamdam
1803 3157 1901 3194 no-

258 3215 463 3269 biscum
521 3216 907 3277 conversando,
957 3224 1242 3286 θεανρικην
1294 3211 1562 3286 ἐνέργέιαν
1612 3214 1902 3286 (Dei-piri-

256 3287 765 3356 lemoperutionem)
784 3283 1117 3341 exhibebat;
1141 3285 1288 3351 Quid
1315 3283 1722 3356 planius,quid
1749 3283 1903 3338 dilu-

256 3358 446 3412 cidius
480 3363 610 3427 post
639 3375 875 3428 sparsos
906 3358 1155 3413 Nestorii
1183 3357 1632 3428 Eutychetisque
1654 3372 1902 3423 errores,

257 3428 517 3500 aquovis
562 3436 797 3485 auctore
865 3446 1116 3499 usquam
1168 3429 1453 3500 scriptum
1504 3428 1637 3483 est?
1670 3450 1698 3477 ››
1761 3432 1903 3500 Tam

256 3499 573 3572 perspicua
606 3502 851 3573 putabat
871 3502 1179 3566 Nourrius,
1214 3499 1333 3556 hac
1365 3508 1420 3556 et
1471 3501 1689 3555 similia
1736 3499 1906 3573 plura

256 3571 827 3628 testimonia‘contra
889 3573 1276 3634 Eutychianos
1325 3589 1572 3634 errores,
1623 3571 1901 3626 utetiam

255 3661 372 3699 non
407 3644 514 3699 levi
547 3645 885 3716 conjectura
916 3642 1309 3715 colligendum
1341 3642 1762 3699 existimaverit
1800 3660 1901 3716 au-

256 3722 473 3771 ctorem
508 3714 1079 3787 Areopagiticorum,
1126 3716 1409 3770 maximas
1449 3736 1468 3761 ι
1522 3714 1902 3787 cumtnrbas

257 3788 327 3843 ab
360 3786 1046 3842 hareticis’Nestorianis
1108 3792 1165 3841 et
1213 3787 1590 3859 Eutychianis
1641 3786 1901 3859 cierivi-

256 3861 602 3927 deret,tunc
622 3856 1399 3929 ututrosqueconfunderet,
1434 3876 1501 3913 ac
1547 3875 1646 3924 pro
1680 3856 1901 3912 viribus

253 3931 524 3986 Ecclesia
557 3937 750 4002 partes
797 3936 1076 3992 tueretur,
1115 3931 1379 3985 animum
1413 3932 1481 3985 ad
1526 3930 1900 3986 scribendum

256 4003 599 4073 appulisse:
634 4025 657 4051 η
690 4005 949 4073 adeoque
992 4004 1269 4072 pradicta
1319 4019 1490 4074 opera
1521 4026 1547 4051 ‹‹
1600 4003 1755 4055 intra
1795 4018 1901 4074 ano

258 4092 400 4129 num
436 4076 556 4137 431,
612 4092 727 4145 quo
770 4074 1030 4146 synodus
1073 4073 1433 4129 acumeni’ca
1472 4075 1757 4146 Ephesius
1802 4073 1904 4146 ad-

254 4163 460 4202 versus
483 4144 882 4212 Nestorianos,
918 4151 974 4200 et
1007 4146 1130 4211 451,
1165 4161 1279 4215 quo
1312 4144 1570 4215 synodus
1592 4144 1905 4202 Chalcedo-

253 4219 454 4273 nensis
485 4222 688 4273 contra
710 4218 1103 4289 Eutychianos
1122 4218 1409 4273 celebrata
1431 4219 1618 4285 est,ab
1644 4218 1742 4272 illo
1766 4232 1900 4288 pro-

257 4290 407 4345 fecta
433 4289 634 4344 videri.
667 4312 695 4337 »

324 4362 410 4416 Ad
445 4361 723 4417 saeculum
772 4358 1038 4414 Ecclesia
1076 4362 1302 4414 sextum
1356 4358 1615 4412 detrudit
1660 4373 1903 4428 operum

252 4449 455 4488 eorum
481 4432 707 4488 natales
739 4430 1092 4487 Paschasius
1141 4428 1535 4494 Quesnellius.
1595 4432 1902 4483 Auctorem

254 4505 432 4561 habet
463 4506 727 4575 apprime
758 4503 1134 4575 catholicum,
1157 4502 1255 4556 sed
1290 4505 1452 4575 tanto
1475 4506 1677 4575 contra
1699 4501 1900 4575 Nesto-

1267 301 1605 353 VINDICIE
1644 299 1941 353 OPERUM
1982 297 2693 355 AREOPAGITICORUM.

3556 304 3694 357 1042

2048 420 2227 499 fuisse
2256 421 2694 499 Alexandrinm,
2740 424 2893 480 haud
2948 428 3292 496 spernendis
3340 429 3690 499 conjecturis

2039 495 2536 574 probantemjam
2556 497 2812 574 audiviin
2826 515 2892 574 us
2917 495 3258 574 Michaelem
3287 495 3683 572 Lequienum;

2037 568 2310 637 isumque
2343 570 2411 621 ad
2439 568 2714 622 saculum
2750 570 3013 623 Ecclesia
3048 578 3274 626 sextum
3308 568 3538 627 detrudi
3568 591 3683 627 non

2035 654 2225 707 posse,
2265 642 2436 713 plura
2467 645 2606 713 sunt
2636 649 2980 713 argumenta
3013 660 3140 713 qua
3160 645 3585 699 enarravimus.
3615 646 3680 701 Ut

2034 716 2257 783 utsese
2293 728 2381 765 res
2418 712 2652 781 habeat,
2704 712 2858 766 viros
2901 712 3304 770 criticissimns
3365 717 3676 783 habemus,

2031 781 2129 858 qui
2163 788 2454 858 auctorem
2488 785 3023 858 Areopagiticorum
3042 788 3391 841 catholicum
3417 781 3675 858 pronun4

2028 856 2197 930 itaut,
2231 854 2877 930 non_Apollinaristam,
2911 874 3024 912 non
3058 854 3506 930 Eutychianu'm,
3558 877 3672 915 non

2030 924 2624 995 Semieutychianum.

2096 996 2553 1068 Recentissimos
2585 998 2735 1053 addo
2754 998 3066 1068 scriptores
3094 1001 3124 1054 d
3140 1016 3242 1054 uos
3265 1000 3673 1067 heterodoxos,

2026 1065 2425 1142 Christianum
2458 1074 2787 1138 Augustum
2822 1065 3001 1142 Salig.
3030 1072 3382 1126 etJacobum
3416 1065 3673 1129 Bruckeé

2027 1154 2177 1215 rum.
2214 1140 2487 1215 Lequieni
2513 1140 3040 1215 opinionemrno'vit
3069 1142 3186 1209 ille,
3222 1160 3324 1198 nec
3356 1146 3664 1215 approbat.

2033 1209 2219 1282 Verba
2250 1209 2378 1280 ejus
2410 1209 2606 1277 affero,
2627 1231 2750 1282 qua
2781 1213 3072 1267 habentur
3104 1215 3159 1269 in
3187 1209 3529 1270 tractatu-de
3550 1217 3662 1269 Eu-

2024 1281 2415 1358 tychianismo
2447 1290 2582 1358 ante
2613 1281 2912 1358 Eutychen
2936 1288 3125 1358 capite
3160 1287 3250 1341 18:
3289 1309 3315 1335 ‹‹
3341 1287 3412 1341 Ut
3435 1303 3539 1358 ego
3572 1288 3659 1341 di-

2024 1370 2173 1431 cam,
2208 1357 2361 1424 quod
2396 1356 2616 1431 sentio:
2652 1358 2723 1431 ab
2750 1356 3211 1431 Apollinaristis,
3259 1365 3316 1411 et
3344 1356 3671 1431 Eutychia-

2024 1426 2614 1499 nistisnonqprofecta
2659 1426 2917 1499 Dionysii
2972 1445 3217 1499 Opera...
3270 1426 3669 1485 exinde'mihi

2023 1498 2267 1573 probare
2298 1497 2517 1566 videor,
2552 1501 2703 1573 quod
2735 1506 2789 1553 et
2816 1497 3409 1570 Eutychianismusin
3433 1503 3669 1573 scriptis

2021 1567 2141 1643 illis
2179 1574 2439 1643 notetur,
2465 1588 2528 1643 ac
2563 1567 3188 1626 refutetur...'Credam
3221 1589 3347 1643 ego,
3383 1567 3572 1627 totum
3600 1574 3666 1627 li-

2020 1640 2200 1712 brum
2220 1645 2296 1695 De
2324 1641 2531 1695 divinis
2561 1644 2898 1711 nominibus,
2923 1644 3063 1712 quin
3089 1649 3145 1698 et
3166 1640 3333 1711 alitis,
3365 1645 3526 1699 nullo
3550 1644 3665 1699 alio

2021 1711 2265 1785 consilio
2300 1729 2442 1785 esse
2488 1715 2758 1783 scriptos,
2830 1711 3002 1785 quam
3040 1722 3103 1769 ut
3156 1717 3557 1770 confusionem
3609 1724 3664 1770 et

2020 1784 2483 1838 commistionem
2518 1784 2859 1840 naturarum
2888 1786 3514 1858 contraEutychianos
3530 1805 3660 1858 pro-

2018 1860 2566 1929 sterneretuauctor
2615 1858 2873 1926 ipsorum
2910 1898 2943 1911 ..
3012 1857 3310 1912 Fullonem
3357 1876 3659 1929 nunquam

2015 1931 2136 1979 tam
2166 1927 2415 2001 candide
2446 1932 2502 2001 et
2530 1929 2751 2001 fortiter
2772 1938 2970 2001 contra
2989 1929 3378 2000 Eutychianos
3402 1927 3663 2001 pugnare

2016 1997 2277 2073 potuisse
2308 1998 2600 2065 existimo,
2628 2000 2767 2054 dum
2792 2006 2848 2055 et
2870 2000 2996 2071 ipse
3016 1997 3179 2055 Fullo
3205 2002 3354 2057 inter
3376 1997 3659 2073 Eutyche-

2017 2070 2092 2123 tis
2126 2070 2381 2125 fautores
2415 2073 2606 2126 refert.
2635 2092 2662 2116 δι

2088 2140 2282 2195 Minus
2308 2158 2472 2211 aquo
2504 2143 2559 2195 in
2613 2142 2887 2197 eumdem
2930 2142 3469 2213 Areopagiticorum
3515 2144 3662 2198 scri-

2016 2216 2237 2336 Btorem
2271 2218 2647 2284 comparatus
2701 2214 2897 2267 animo
2932 2214 3182 2269 fortasse
3225 2213 3404 2270 videri
3450 2215 3666 2284 poterit

2066 2284 2365 2336 ruckerus.
2402 2285 2499 2336 nui
2532 2285 2589 2336 in
2624 2286 2873 2336 Historia
2891 2287 3085 2336 critica
3108 2286 3484 2336 uhz‘losonhia.
3508 2292 3662 2336 tomo

2066 2284 2365 2347 ruckerus,
2402 2285 2499 2355 qui
2532 2285 2589 2339 in
2624 2286 2873 2340 Historia
2891 2287 3085 2340 critica
3103 2286 3484 2356 philosophia,
3508 2292 3662 2341 tomo

2017 2356 2391 2428 IIl,rcapite3
2422 2356 2485 2428 tle
2531 2356 2879 2428 philosophia
2928 2363 3161 2411 Patrum
3204 2359 3262 2410 in
3310 2358 3512 2427 specie,
3558 2375 3661 2411 no-

2016 2430 2097 2499 tat
2129 2427 2319 2497 ipsum
2368 2426 2543 2482 veluti
2593 2451 2621 2477 «
2666 2428 3077 2499 philosophum
3125 2426 3503 2495 eclecticum,
3540 2428 3663 2483 sive

2013 2497 2491 2563 Alexandrinum,
2528 2499 2626 2570 qui
2664 2497 2837 2570 nugis
2868 2500 3183 2555 Platonicis
3227 2499 3573 2554 Christiana
3599 2501 3661 2553 li-

2014 2570 2103 2623 dei
2139 2569 2571 2641 simplicitatem
2605 2569 2957 2641 depravarit,
2982 2595 3009 2621 »
3044 2570 3251 2626 saculo
3300 2572 3533 2625 circiter
3556 2575 3660 2625 Ec-

2013 2641 2199 2695 clesia
2232 2643 2461 2713 quinto.
2498 2647 2568 2696 At
2614 2643 2742 2712 ejus
2783 2644 2999 2713 pariter
3047 2643 3341 2697 sententia
3390 2648 3477 2697 est
3526 2643 3555 2713 §
3592 2644 3663 2696 29

2013 2713 2353 2784 scriptorem
2389 2714 2592 2777 istum,
2634 2737 2661 2763 «
2711 2731 2823 2769 non
2859 2718 2976 2768 tam
3027 2715 3414 2769 confirmandi
3467 2714 3664 2768 Mono-

2013 2785 2321 2910 physismi,
2358 2802 2531 2855 quam
2564 2788 2948 2857 propaganda
2979 2785 3660 2857 conﬁrmandaquephi-

2037 2857 2293 2910 osonhia
2323 2858 2725 2910 Alexandrina
2746 2874 2943 2910 causa.
2975 2880 3000 2905 ))
3035 2873 3222 2910 nugas
3256 2874 3397 2910 suas
3449 2874 3660 2910 magno

2037 2857 2293 2927 osophia
2323 2858 2725 2911 Alexandrina
2746 2874 2943 2924 causa,
2975 2880 3000 2905 η
3035 2873 3222 2927 nugas
3256 2874 3397 2911 suas
3449 2874 3661 2928 magno

2013 2928 2242 2982 cuidam
2272 2930 2326 2981 in
2381 2928 2753 2984 Christianos
2823 2932 3059 2983 nomine
3105 2930 3511 2999 supposuisse.
3552 2930 3665 2983 Ad-

2012 3006 2175 3054 notat
2205 3001 2376 3054 etiam
2416 3004 2441 3066 §
2490 3001 2549 3053 31
2583 3000 2735 3054 haud
2772 3017 2901 3056 esse
2943 3002 3238 3055 ferendam
3300 3017 3502 3055 eorum
3539 3001 3657 3071 opi-

2014 3072 2272 3136 nionem,
2308 3071 2410 3142 qui
2461 3072 2820 3143 Apollinario
2860 3072 3008 3143 patri
3060 3072 3167 3127 hos
3232 3072 3382 3126 fetus
3432 3072 3665 3142 adjudi-

2017 3150 2174 3211 cant,
2209 3161 2341 3197 cum
2378 3149 2530 3198 recte
2560 3144 2927 3198 observatum
2967 3144 3274 3199 Pearsonio
3327 3146 3521 3209 fuerit,
3554 3144 3669 3199 fra-

2016 3215 2272 3285 gmentis
2296 3216 2443 3283 ejus,
2479 3232 2604 3284 qua
2655 3220 2999 3285 supersunt,
3050 3215 3273 3270 similes
3319 3214 3471 3269 haud
3512 3232 3663 3281 esse,

2014 3302 2119 3341 nec
2150 3286 2526 3353 dogmatibus
2559 3287 2686 3356 ejus
2706 3291 3131 3341 consentaneos
3165 3304 3177 3352 ;
3213 3303 3399 3357 neque
3443 3286 3665 3356 Apolli-

2013 3357 2413 3427 nariojuniori
2448 3358 2815 3421 tribuendos,
2851 3374 2982 3412 cum
3018 3357 3301 3412 nonnulla
3324 3359 3665 3413 contineant

2014 3430 2085 3483 ab
2118 3430 2247 3498 ejus
2282 3428 2699 3501 placitislonge
2723 3430 2955 3500 lateque
2978 3430 3226 3484 diversa.
3255 3429 3468 3483 Mirum
3495 3430 3659 3493 foret,

2011 3501 2427 3572 Apollinarista
2441 3518 2567 3555 rum
2586 3501 3010 3573 Eutychianoru
3021 3518 3189 3571 mque
3202 3506 3531 3573 commenta
3546 3518 3657 3555 non

2013 3573 2227 3627 vidisse
2254 3573 2309 3625 in
2349 3572 2791 3644 AreopagitiCis,
2826 3577 2927 3627 aut
2958 3589 3207 3643 purgare
3241 3572 3502 3643 ipsorum
3554 3589 3661 3627 au-

2012 3650 2231 3699 ctorem
2264 3644 2518 3699 voluisse
2552 3645 2889 3715 scriptores,
2922 3645 3020 3715 qui
3052 3645 3212 3716 virga
3252 3645 3502 3699 nimium
3524 3660 3661 3698 cen-

2011 3715 2161 3789 soria
2193 3717 2394 3789 eadem
2430 3721 2632 3771 notare
2663 3733 2858 3786 opera,
2894 3715 3276 3789 severumque
3299 3718 3555 3789 proferre
3586 3717 3658 3772 de

2009 3786 2124 3842 illis
2148 3787 2437 3858 judicium
2475 3804 2588 3844 non
2614 3789 2978 3845 hasitarunt.

2790 3896 2860 3951 1X

2009 3974 2291 4031 Michaelis
2342 3978 2628 4047 Lequieni.
2704 3978 3041 4046 conjectura,
3082 3978 3234 4045 queis
3271 3978 3450 4046 Opera
3492 3975 3665 4047 Areo—

2082 4048 2322 4117 pagitica
2384 4046 2545 4102 Petro
2596 4048 2863 4117 Cnaphceo
2910 4064 3003 4101 seu
3050 4048 3269 4101 Futlom'
3317 4046 3667 4117 MonOphysi-

2083 4127 2173 4181 tae,
2208 4126 2307 4173 aut
2339 4119 2565 4173 cuidam
2598 4135 2668 4173 ex
2707 4118 2946 4189 ejusdem
2980 4118 3202 4172 asseclis
3248 4118 3542 4172 tribuenda
3572 4134 3666 4171 su-

2082 4194 2381 4258 spicatur,-
2417 4193 2653 4257 itemque
2680 4188 3007 4259 canjcclurae
3048 4189 3235 4244 Crozei
3291 4189 3355 4244 de
3413 4188 3663 4259 Synesio,

2082 4262 2589 4331 Areopagiticorum
2638 4265 2885 4327 auctore,
2917 4261 3193 4332 simulque
3248 4263 3667 4331 praformatore

2085 4334 2347 4388 haereseos
2379 4333 2909 4403 Monophysitarum.

2087 4430 2381 4484 Innoxiam
2415 4429 2740 4485 doctrinam
2770 4428 3240 4500 Areopagiticam
3279 4444 3427 4495 esse,
3479 4430 3663 4484 maxi-

2016 4517 2225 4571 meque
2256 4502 2752 4572 Eutychianorum
2805 4501 3103 4557 erroribus
3154 4502 3479 4567 adversam,
3529 4501 3662 4554 dili-

254 4576 453 4633 rianos
480 4562 602 4631 zelo
634 4582 850 4641 actum,
888 4580 947 4629 ut
973 4574 1025 4628 in
1051 4562 1402 4628 contrariam
1429 4574 1781 4644 quandoque
1802 4573 1900 4626 de-
1934 4562 1980 4625 D
2014 4562 2273 4644 gentiore
2317 4562 2463 4628 inito
2531 4574 2796 4628 examine
2849 4573 3001 4627 infra
3036 4572 3179 4627 mihi
3232 4562 3662 4644 ostendendum

252 4650 474 4704 clinare
507 4648 857 4703 sententiam
889 4647 1176 4701 videatur.
1204 4645 1522 4716 Epistolam
1566 4662 1675 4700 ms.
1730 4645 1907 4699 hocce

253 4722 324 4776 de
354 4725 701 4792 argumento
745 4720 815 4773 ab
860 4719 1061 4773 eodem
1088 4716 1438 4792 _Quesne_lli_o
1492 4718 1910 4792 scriptam‘re-

255 4794 387 4855 fert,
416 4788 481 4848 ac
504 4792 765 4862 decerpit
789 4788 1716 4862 Papebrocbiusinpremeridis
1747 4789 1909 4862 Gra-

254 4864 615 4920 co-Moschis
645 4861 805 4918 tomo
834 4861 1041 4931 l,’Maii
1076 4878 1208 4932 pag.
1242 4877 1364 4915 XLV.
1399 4861 1551 4915 Nihil
1601 4861 1906 4931 ambigen-

257 4938 397 4991 dum
432 4938 513 4990 ait
562 4937 631 4991 de
684 4934 794 4990 ﬁde
836 4934 1113 5000 auctoris,
1148 4932 1380 4988 tametsi
1419 4956 1445 4981 ‹‹
1497 4938 1658 4987 tanto
1707 4938 1908 4989 contra

263 5009 644 5064 Nestorianos
666 5005 788 5062 zelo
812 5011 977 5060 actus
1010 5005 1329 5073 scripserit,
1362 5004 1563 5076 utplns
1601 5022 1769 5074 quam
1805 5022 1909 5075 par

256 5081 333 5135 sit
384 5081 441 5135 in
492 5079 843 5134 contrariam
898 5077 1414 5149 Eutychianorum,
1455 5077 1539 5149 vel
1572 5076 1905 5146 Semieuty-

259 5153 604 5208 chianorum
634 5147 1411 5211 declinaveritsententiam,
1464 5147 1703 5217 phrases
1753 5149 1904 5203 659

256 5224 338 5280 eis
365 5223 685 5279 familiares
710 5239 999 5291 usurpans
1032 5238 1043 5275 :
1078 5237 1221 5291 quas
1255 5224 1448 5275 tamen
1503 5219 1789 5274 catholice
1815 5222 1905 5273 in-

256 5295 562 5366 terpretari
597 5294 731 5365 quis
764 5293 968 5366 possit,
1016 5292 1368 5366 fertasseietg
1398 5292 1621 5366 debeat.
1659 5314 1684 5338 »
1731 5292 1909 5346 Addit

257 5363 375 5431 ille,
409 5363 701 5423 auctorem
739 5364 849 5419 sibi
876 5364 1056 5417 videri
1086 5386 1111 5411 ‹‹
1143 5380 1209 5418 ex
1258 5363 1479 5419 Judmis
1531 5368 1903 5434 prognatum,

260 5441 493 5496 na'ione
524 5438 881 5511 Egyptium,
910 5435 1267 5511 professione
1302 5436 1677 5511 mon-sebum,
1725 5435 1902 5489 disci-

260 5512 423 5584 plina
443 5506 832 5584 Platdn'i—cum.
867 5531 892 5557 ι»
910 5506 1068 5561 Hanc
1090 5506 1217 5584 vide
1238 5507 1448 5584 Joan_ni
1475 5508 1725 5584 Bonaex
1745 5512 1903 5584 parte

259 5576 940 5656 placuisseOpinionem,
975 5595 1113 5656 cum
1139 5576 1287 5633 libro
1317 5596 1335 5656 ξ
1370 5582 1566 5634 Rerum
1614 5578 1904 5656 liiurgica-

259 5650 411 5722 rum,
446 5650 635 5723 capite
662 5656 694 5707 8
734 5654 1023 5707 doceatzu
1069 5654 1260 5723 Unum
1314 5652 1556 5723 fortasse
1610 5650 1786 5723 fuisse
1836 5668 1904 5723 ex

263 5721 999 5800 professor_ibus_Plato_nia
1042 5721 1441 5800 philosophia,
1470 5723 1570 5800 qui
1604 5721 1905 5800 in_Sch_o_|a

262 5792 654 5857 Alexandrina
678 5793 828 5849 circa
871 5795 1043 5864 ﬁnem
1090 5792 1287 5864 quarti
1335 5792 1554 5859 saculi,
1597 5792 1684 5848 vel
1735 5793 1901 5848 initio

265 5870 457 5945 quinti
486 5865 781 5940 sapientia
809 5862 1339 5921 laudeﬂoruerunt.
1367 5886 1395 5915 ››
1418 5865 1527 5920 Sed
1562 5864 1755 5937 ipsum
1782 5881 1896 5920 non

2017 4643 2127 4712 est,
2152 4644 2208 4699 in
2278 4650 2760 4717 argumentorum
2823 4645 3136 4717 solutione,
3188 4643 3663 4717 quaqvalidiore

2018 4734 2191 4787 quam
2226 4714 2512 4772 hactenus
2535 4716 2891 4785 egerintalii,
2926 4721 3133 4770 conatu
3157 4714 3398 4788 opponit
3423 4716 3663 4787 Lequie-

2019 4806 2149 4844 nus.
2185 4791 2561 4858 Conjecturas
2593 4790 2720 4858 ejus
2761 4789 2933 4842 modo
2979 4787 3261 4859 expendo,
3314 4787 3480 4859 queis
3536 4803 3664 4858 per-

2017 4866 2206 4915 motus
2250 4867 2544 4916 auctorem
2575 4860 3116 4931 Areopagiticorum
3168 4861 3503 4929 suspicatus
3554 4863 3663 4925 est,

2018 4933 2129 4987 dici
2165 4949 2334 5003 posse
2368 4934 2599 4987 Petrum
2633 4930 2934 4987 Fullonem
2982 4931 3471 5003 Monophysitam.
3508 4930 3665 5003 «gHic

2017 5001 2285 5059 omittere
2320 5022 2431 5059 non
2469 5021 2709 5074 possum
2741 5005 2957 5076 (inquit
2992 5004 3047 5056 in
3087 5001 3519 5076 dissertatione
3545 5001 3663 5056 Da-

2018 5077 2349 5130 mascenica
2374 5078 2429 5140 2,
2465 5073 2600 5130 num
2650 5073 3101 5145 Mlpe’ssimum
3158 5076 3311 5129 hunc
3364 5073 3661 5145 hominem

2018 5148 2418 5217 (Cnanhaum)
2450 5153 2551 5201 aut
2582 5144 2894 5218 quemdam
2921 5145 3128 5201 saltem
3154 5164 3220 5200 ex
3243 5147 3369 5217 ejus
3399 5144 3659 5209 asseclis,

2016 5220 2332 5291 genuinum
2386 5219 2567 5274 fuisse
2606 5220 2785 5273 videri
2839 5223 3135 5289 parentem
3200 5219 3508 5291 librorum,
3540 5218 3661 5291 _qui

2017 5288 2411 5363 Areopagitici
2446 5291 2778 5346 audierunt.
2806 5288 2980 5359 Cujus
3008 5306 3143 5345 mea
3167 5288 3663 5363 suspicionishac

2015 5360 2298 5431 ratio—est,
2333 5364 2482 5432 quod
2519 5363 2702 5434 rapite
2733 5364 2765 5414 3
2802 5366 2879 5415 De
2909 5362 3219 5416 hierarchia
3272 5360 3663 5434 ecclesiastica,

2015 5436 2111 5489 ubi
2147 5436 2393 5491 strictim
2430 5433 2685 5507 primum
2716 5435 2907 5502 refert,
2935 5450 3182 5507 moxque
3206 5433 3456 5507 subinde
3497 5450 3663 5507 enar-

2016 5511 2106 5561 rat
2159 5506 2678 5577 liturgia’partes,
2733 5522 2879 5575 quas
2954 5506 3023 5559 ab
3091 5506 3373 5575 apostolis
3414 5506 3661 5577 traditas

2014 5594 2141 5651 esse
2202 5576 2553 5651 persuadere
2639 5578 2954 5651 lectoribus
3026 5577 3233 5651 voluit,
3301 5576 3658 5651 mentionem

2013 5645 2439 5721 etiam-fecerit
2489 5650 2848 5704 recitationis
2892 5648 3147 5721 Symboli
3200 5667 3212 5703 :
3260 5645 3660 5721 Προομφλογη-

2014 5720 2195 5790 θεία-ης
2240 5721 2343 5791 ὑπὸ
2393 5721 2590 5781 παντὸς
2637 5722 2733 5785 τοῖς
2785 5716 3110 5789 Ἐκκχησὲας
3155 5723 3252 5773 τοῦ
3282 5716 3660 5791 ⁴νδὲληρώμαὲος

2009 5799 2110 5861 τῆς
2178 5790 2478 5857 καθολικῆς
2565 5791 2901 5865 ὑμνολογίας
2958 5810 3083 5865 cum
3166 5793 3660 5865 omnis‘Ecctesia'?

2014 5874 2180 5920 caelus
2210 5868 2485 5935 confessus
2516 5863 2641 5922 ante
2671 5863 2845 5937 fuerit
2873 5864 3201 5920 catholicam
3242 5863 3613 5919 laudationem
3641 5882 3659 5920 .'
