  <div class='ocr_page' id='page_1' title='image "/cluster/home/n/w/nwhite01/storage/ocr_20150623/4/mdp.39015078384529/546.png"; bbox 0 0 4162 6368; ppageno 0'>
   <div class='ocr_carea' id='block_1_1' title="bbox 294 319 436 374">
    <p class='ocr_par' dir='ltr' id='par_1_1' title="bbox 294 319 436 374">
     <span class='ocr_line' id='line_1_1' title="bbox 294 319 436 374; baseline 0.007 -1"><span class='ocrx_word' id='word_1_1' title='bbox 294 319 436 374; x_wconf 82' lang='grc'>1045</span> 
     </span>
    </p>
   </div>
   <div class='ocr_carea' id='block_1_2' title="bbox 1281 320 2710 375">
    <p class='ocr_par' dir='ltr' id='par_1_2' title="bbox 1281 320 2710 375">
     <span class='ocr_line' id='line_1_2' title="bbox 1281 320 2710 375; baseline -0.001 -3"><span class='ocrx_word' id='word_1_2' title='bbox 1281 322 1403 373; x_wconf 84' lang='lat' dir='ltr'>VlN</span> <span class='ocrx_word' id='word_1_3' title='bbox 1415 322 1622 375; x_wconf 74' lang='lat' dir='ltr'>DICIE</span> <span class='ocrx_word' id='word_1_4' title='bbox 1661 320 1842 374; x_wconf 85' lang='lat' dir='ltr'>OPER</span> <span class='ocrx_word' id='word_1_5' title='bbox 1854 323 1958 374; x_wconf 85' lang='lat' dir='ltr'><strong>UM</strong></span> <span class='ocrx_word' id='word_1_6' title='bbox 2000 320 2710 375; x_wconf 67' lang='lat' dir='ltr'>AREOPAGITICORUM.</span> 
     </span>
    </p>
   </div>
   <div class='ocr_carea' id='block_1_3' title="bbox 3566 322 3703 376">
    <p class='ocr_par' dir='ltr' id='par_1_3' title="bbox 3566 322 3703 376">
     <span class='ocr_line' id='line_1_3' title="bbox 3566 322 3703 376; baseline 0.015 -2"><span class='ocrx_word' id='word_1_7' title='bbox 3566 322 3703 376; x_wconf 70' lang='grc'>1046</span> 
     </span>
    </p>
   </div>
   <div class='ocr_carea' id='block_1_4' title="bbox 299 441 3700 516">
    <p class='ocr_par' dir='ltr' id='par_1_4' title="bbox 299 441 3700 516">
     <span class='ocr_line' id='line_1_4' title="bbox 299 441 3700 516; baseline 0.001 -18"><span class='ocrx_word' id='word_1_8' title='bbox 299 460 456 511; x_wconf 89' lang='lat' dir='ltr'>men,</span> <span class='ocrx_word' id='word_1_9' title='bbox 481 442 779 515; x_wconf 83' lang='lat' dir='ltr'>inquiens,</span> <span class='ocrx_word' id='word_1_10' title='bbox 809 443 1087 513; x_wconf 85' lang='lat' dir='ltr'>quoniam</span> <span class='ocrx_word' id='word_1_11' title='bbox 1111 441 1286 498; x_wconf 90' lang='lat' dir='ltr'>istam</span> <span class='ocrx_word' id='word_1_12' title='bbox 1313 446 1704 516; x_wconf 86' lang='lat' dir='ltr'>proponentes</span> <span class='ocrx_word' id='word_1_13' title='bbox 1729 444 1934 498; x_wconf 89' lang='lat' dir='ltr'>adver-</span> <span class='ocrx_word' id='word_1_14' title='bbox 1967 444 2016 510; x_wconf 80' lang='grc' dir='ltr'>Α</span> <span class='ocrx_word' id='word_1_15' title='bbox 2049 441 2233 497; x_wconf 81' lang='lat' dir='ltr'>tentia</span> <span class='ocrx_word' id='word_1_16' title='bbox 2263 441 2697 516; x_wconf 17' lang='lat' dir='ltr'>sanissimaiest</span> <span class='ocrx_word' id='word_1_17' title='bbox 2733 460 2744 497; x_wconf 96' lang='lat'>:</span> <span class='ocrx_word' id='word_1_18' title='bbox 2778 443 2976 498; x_wconf 87' lang='lat' dir='ltr'>minus</span> <span class='ocrx_word' id='word_1_19' title='bbox 3006 447 3128 498; x_wconf 86' lang='lat' dir='ltr'>tute</span> <span class='ocrx_word' id='word_1_20' title='bbox 3153 445 3294 515; x_wconf 85' lang='lat' dir='ltr'>(aevo</span> <span class='ocrx_word' id='word_1_21' title='bbox 3324 445 3700 516; x_wconf 85' lang='lat' dir='ltr'>potissimum</span> 
     </span>
    </p>
   </div>
   <div class='ocr_carea' id='block_1_5' title="bbox 297 514 1935 586">
    <p class='ocr_par' dir='ltr' id='par_1_5' title="bbox 297 514 1935 586">
     <span class='ocr_line' id='line_1_5' title="bbox 297 514 1935 586; baseline 0 -16"><span class='ocrx_word' id='word_1_22' title='bbox 297 533 401 570; x_wconf 90' lang='lat' dir='ltr'>sus</span> <span class='ocrx_word' id='word_1_23' title='bbox 435 533 541 570; x_wconf 92' lang='lat' dir='ltr'>nos</span> <span class='ocrx_word' id='word_1_24' title='bbox 569 514 831 581; x_wconf 85' lang='lat' dir='ltr'>causam,</span> <span class='ocrx_word' id='word_1_25' title='bbox 855 532 921 569; x_wconf 92' lang='lat' dir='ltr'>ex</span> <span class='ocrx_word' id='word_1_26' title='bbox 944 532 1008 568; x_wconf 82' lang='lat' dir='ltr'>eu</span> <span class='ocrx_word' id='word_1_27' title='bbox 1031 517 1183 584; x_wconf 91' lang='lat' dir='ltr'>quod</span> <span class='ocrx_word' id='word_1_28' title='bbox 1209 517 1483 570; x_wconf 90' lang='lat' dir='ltr'>videntur</span> <span class='ocrx_word' id='word_1_29' title='bbox 1508 514 1624 570; x_wconf 87' lang='lat' dir='ltr'>tale</span> <span class='ocrx_word' id='word_1_30' title='bbox 1646 516 1935 586; x_wconf 87' lang='lat' dir='ltr'>ﬂagitium</span> 
     </span>
    </p>
   </div>
   <div class='ocr_carea' id='block_1_6' title="bbox 295 587 1937 658">
    <p class='ocr_par' dir='ltr' id='par_1_6' title="bbox 295 587 1937 658">
     <span class='ocr_line' id='line_1_6' title="bbox 295 587 1937 658; baseline 0.001 -17"><span class='ocrx_word' id='word_1_31' title='bbox 295 589 671 658; x_wconf 82' lang='lat' dir='ltr'>impugnare,</span> <span class='ocrx_word' id='word_1_32' title='bbox 707 603 848 640; x_wconf 89' lang='lat' dir='ltr'>suas</span> <span class='ocrx_word' id='word_1_33' title='bbox 902 587 1203 655; x_wconf 85' lang='lat' dir='ltr'>Opiniones</span> <span class='ocrx_word' id='word_1_34' title='bbox 1243 588 1658 654; x_wconf 84' lang='lat' dir='ltr'>corroborant;</span> <span class='ocrx_word' id='word_1_35' title='bbox 1718 589 1937 642; x_wconf 90' lang='lat' dir='ltr'>bonum</span> 
     </span>
    </p>
   </div>
   <div class='ocr_carea' id='block_1_7' title="bbox 293 658 1938 729">
    <p class='ocr_par' dir='ltr' id='par_1_7' title="bbox 293 658 1938 729">
     <span class='ocr_line' id='line_1_7' title="bbox 293 658 1938 729; baseline -0.001 -16"><span class='ocrx_word' id='word_1_36' title='bbox 293 665 403 727; x_wconf 91' lang='lat' dir='ltr'>est,</span> <span class='ocrx_word' id='word_1_37' title='bbox 439 667 503 712; x_wconf 88' lang='lat' dir='ltr'>ut</span> <span class='ocrx_word' id='word_1_38' title='bbox 535 665 632 712; x_wconf 89' lang='lat' dir='ltr'>tua</span> <span class='ocrx_word' id='word_1_39' title='bbox 669 658 722 710; x_wconf 94' lang='lat' dir='ltr'>in</span> <span class='ocrx_word' id='word_1_40' title='bbox 758 658 986 711; x_wconf 83' lang='lat' dir='ltr'>Christo</span> <span class='ocrx_word' id='word_1_41' title='bbox 1013 660 1306 729; x_wconf 81' lang='lat' dir='ltr'>perfectio,</span> <span class='ocrx_word' id='word_1_42' title='bbox 1341 666 1512 729; x_wconf 81' lang='lat' dir='ltr'>prout</span> <span class='ocrx_word' id='word_1_43' title='bbox 1549 659 1653 713; x_wconf 90' lang='lat' dir='ltr'>tibi</span> <span class='ocrx_word' id='word_1_44' title='bbox 1681 659 1738 713; x_wconf 90' lang='lat' dir='ltr'>in</span> <span class='ocrx_word' id='word_1_45' title='bbox 1776 676 1938 713; x_wconf 82' lang='lat' dir='ltr'>men-</span> 
     </span>
    </p>
   </div>
   <div class='ocr_carea' id='block_1_8' title="bbox 295 729 1939 800">
    <p class='ocr_par' dir='ltr' id='par_1_8' title="bbox 295 729 1939 800">
     <span class='ocr_line' id='line_1_8' title="bbox 295 729 1939 800; baseline 0.001 -16"><span class='ocrx_word' id='word_1_46' title='bbox 295 737 409 784; x_wconf 85' lang='lat' dir='ltr'>tem</span> <span class='ocrx_word' id='word_1_47' title='bbox 445 729 712 799; x_wconf 86' lang='lat' dir='ltr'>injecerit</span> <span class='ocrx_word' id='word_1_48' title='bbox 745 729 999 800; x_wconf 76' lang='lat' dir='ltr'>Spiritus</span> <span class='ocrx_word' id='word_1_49' title='bbox 1048 737 1306 800; x_wconf 84' lang='lat' dir='ltr'>sanctus,</span> <span class='ocrx_word' id='word_1_50' title='bbox 1355 747 1556 785; x_wconf 91' lang='lat' dir='ltr'>eorum</span> <span class='ocrx_word' id='word_1_51' title='bbox 1609 734 1939 786; x_wconf 82' lang='lat' dir='ltr'>occasiones</span> 
     </span>
    </p>
   </div>
   <div class='ocr_carea' id='block_1_9' title="bbox 290 802 1940 873">
    <p class='ocr_par' dir='ltr' id='par_1_9' title="bbox 290 802 1940 873">
     <span class='ocr_line' id='line_1_9' title="bbox 290 802 1940 873; baseline 0.001 -17"><span class='ocrx_word' id='word_1_52' title='bbox 290 807 574 873; x_wconf 79' lang='lat' dir='ltr'>amputet,</span> <span class='ocrx_word' id='word_1_53' title='bbox 610 802 709 871; x_wconf 87' lang='lat' dir='ltr'>qui</span> <span class='ocrx_word' id='word_1_54' title='bbox 742 808 1013 872; x_wconf 68' lang='lat' dir='ltr'>quaerunt</span> <span class='ocrx_word' id='word_1_55' title='bbox 1043 804 1325 856; x_wconf 88' lang='lat' dir='ltr'>adversus</span> <span class='ocrx_word' id='word_1_56' title='bbox 1357 820 1463 857; x_wconf 88' lang='lat' dir='ltr'>nos</span> <span class='ocrx_word' id='word_1_57' title='bbox 1496 804 1850 867; x_wconf 84' lang='lat' dir='ltr'>occasiones;</span> <span class='ocrx_word' id='word_1_58' title='bbox 1883 809 1940 857; x_wconf 89' lang='lat' dir='ltr'>et</span> 
     </span>
    </p>
   </div>
   <div class='ocr_carea' id='block_1_10' title="bbox 290 873 1937 946">
    <p class='ocr_par' dir='ltr' id='par_1_10' title="bbox 290 873 1937 946">
     <span class='ocr_line' id='line_1_10' title="bbox 290 873 1937 946; baseline 0.001 -18"><span class='ocrx_word' id='word_1_59' title='bbox 290 878 647 946; x_wconf 77' lang='lat' dir='ltr'>persuadeat</span> <span class='ocrx_word' id='word_1_60' title='bbox 670 874 775 942; x_wconf 92' lang='lat' dir='ltr'>eis,</span> <span class='ocrx_word' id='word_1_61' title='bbox 809 873 905 943; x_wconf 89' lang='lat' dir='ltr'>qui</span> <span class='ocrx_word' id='word_1_62' title='bbox 943 873 1445 946; x_wconf 73' lang='lat' dir='ltr'>per__calu_mniam</span> <span class='ocrx_word' id='word_1_63' title='bbox 1502 877 1618 928; x_wconf 69' lang='lat' dir='ltr'>haec</span> <span class='ocrx_word' id='word_1_64' title='bbox 1669 875 1937 929; x_wconf 65' lang='lat' dir='ltr'>Ecclesiae</span> 
     </span>
    </p>
   </div>
   <div class='ocr_carea' id='block_1_11' title="bbox 291 943 1932 1015">
    <p class='ocr_par' dir='ltr' id='par_1_11' title="bbox 291 943 1932 1015">
     <span class='ocr_line' id='line_1_11' title="bbox 291 943 1932 1015; baseline 0 -16"><span class='ocrx_word' id='word_1_65' title='bbox 291 943 386 999; x_wconf 85' lang='lat' dir='ltr'>Dei</span> <span class='ocrx_word' id='word_1_66' title='bbox 420 944 649 1000; x_wconf 87' lang='lat' dir='ltr'>crimini</span> <span class='ocrx_word' id='word_1_67' title='bbox 674 950 926 1010; x_wconf 90' lang='lat' dir='ltr'>vertunt,</span> <span class='ocrx_word' id='word_1_68' title='bbox 946 943 1191 1000; x_wconf 77' lang='lat' dir='ltr'>nullum</span> <span class='ocrx_word' id='word_1_69' title='bbox 1222 944 1561 1015; x_wconf 85' lang='lat' dir='ltr'>hujusmodi</span> <span class='ocrx_word' id='word_1_70' title='bbox 1595 947 1745 1015; x_wconf 91' lang='lat' dir='ltr'>apud</span> <span class='ocrx_word' id='word_1_71' title='bbox 1771 947 1932 1001; x_wconf 88' lang='lat' dir='ltr'>Chri-</span> 
     </span>
    </p>
   </div>
   <div class='ocr_carea' id='block_1_12' title="bbox 294 1017 1934 1088">
    <p class='ocr_par' dir='ltr' id='par_1_12' title="bbox 294 1017 1934 1088">
     <span class='ocr_line' id='line_1_12' title="bbox 294 1017 1934 1088; baseline 0 -17"><span class='ocrx_word' id='word_1_72' title='bbox 294 1018 514 1072; x_wconf 89' lang='lat' dir='ltr'>stianos</span> <span class='ocrx_word' id='word_1_73' title='bbox 545 1033 676 1071; x_wconf 88' lang='lat' dir='ltr'>esse</span> <span class='ocrx_word' id='word_1_74' title='bbox 706 1018 936 1085; x_wconf 81' lang='lat' dir='ltr'>dogma,</span> <span class='ocrx_word' id='word_1_75' title='bbox 963 1033 1151 1088; x_wconf 90' lang='lat' dir='ltr'>neque</span> <span class='ocrx_word' id='word_1_76' title='bbox 1194 1018 1513 1086; x_wconf 81' lang='lat' dir='ltr'>praedicari.</span> <span class='ocrx_word' id='word_1_77' title='bbox 1541 1042 1561 1069; x_wconf 72' lang='grc' dir='ltr'><strong><em>ι</em></strong></span> <span class='ocrx_word' id='word_1_78' title='bbox 1595 1019 1743 1072; x_wconf 89' lang='lat' dir='ltr'>Tum</span> <span class='ocrx_word' id='word_1_79' title='bbox 1778 1017 1834 1071; x_wconf 93' lang='lat' dir='ltr'>in</span> <span class='ocrx_word' id='word_1_80' title='bbox 1869 1035 1934 1072; x_wconf 88' lang='lat' dir='ltr'>eo</span> 
     </span>
    </p>
   </div>
   <div class='ocr_carea' id='block_1_13' title="bbox 290 1089 1933 1159">
    <p class='ocr_par' dir='ltr' id='par_1_13' title="bbox 290 1089 1933 1159">
     <span class='ocr_line' id='line_1_13' title="bbox 290 1089 1933 1159; baseline 0.001 -16"><span class='ocrx_word' id='word_1_81' title='bbox 290 1089 545 1159; x_wconf 91' lang='lat' dir='ltr'>denique</span> <span class='ocrx_word' id='word_1_82' title='bbox 580 1093 737 1143; x_wconf 86' lang='lat' dir='ltr'>totus</span> <span class='ocrx_word' id='word_1_83' title='bbox 769 1094 877 1155; x_wconf 91' lang='lat' dir='ltr'>est,</span> <span class='ocrx_word' id='word_1_84' title='bbox 912 1092 975 1141; x_wconf 90' lang='lat' dir='ltr'>ut</span> <span class='ocrx_word' id='word_1_85' title='bbox 1005 1089 1294 1154; x_wconf 85' lang='lat' dir='ltr'>ostendat,</span> <span class='ocrx_word' id='word_1_86' title='bbox 1330 1090 1625 1143; x_wconf 89' lang='lat' dir='ltr'>binarium</span> <span class='ocrx_word' id='word_1_87' title='bbox 1677 1089 1933 1145; x_wconf 84' lang='lat' dir='ltr'>ﬁliorum</span> 
     </span>
    </p>
   </div>
   <div class='ocr_carea' id='block_1_14' title="bbox 287 1159 1933 1232">
    <p class='ocr_par' dir='ltr' id='par_1_14' title="bbox 287 1159 1933 1232">
     <span class='ocr_line' id='line_1_14' title="bbox 287 1159 1933 1232; baseline 0.001 -19"><span class='ocrx_word' id='word_1_88' title='bbox 287 1175 602 1215; x_wconf 80' lang='lat' dir='ltr'>numerum</span> <span class='ocrx_word' id='word_1_89' title='bbox 637 1161 879 1232; x_wconf 82' lang='lat' dir='ltr'>minime</span> <span class='ocrx_word' id='word_1_90' title='bbox 909 1159 1100 1232; x_wconf 82' lang='lat' dir='ltr'>colligi</span> <span class='ocrx_word' id='word_1_91' title='bbox 1126 1177 1194 1214; x_wconf 86' lang='lat' dir='ltr'>ex</span> <span class='ocrx_word' id='word_1_92' title='bbox 1219 1182 1246 1208; x_wconf 83' lang='lat'><strong><em>«</em></strong></span> <span class='ocrx_word' id='word_1_93' title='bbox 1276 1161 1686 1231; x_wconf 86' lang='lat' dir='ltr'>conjunctione</span> <span class='ocrx_word' id='word_1_94' title='bbox 1714 1168 1933 1216; x_wconf 54' lang='lat' dir='ltr'>natura;</span> 
     </span>
    </p>
   </div>
   <div class='ocr_carea' id='block_1_15' title="bbox 287 1231 1929 1304">
    <p class='ocr_par' dir='ltr' id='par_1_15' title="bbox 287 1231 1929 1304">
     <span class='ocr_line' id='line_1_15' title="bbox 287 1231 1929 1304; baseline 0.001 -18"><span class='ocrx_word' id='word_1_95' title='bbox 287 1233 555 1304; x_wconf 68' lang='lat' dir='ltr'>humanm</span> <span class='ocrx_word' id='word_1_96' title='bbox 613 1247 746 1285; x_wconf 91' lang='lat' dir='ltr'>cum</span> <span class='ocrx_word' id='word_1_97' title='bbox 805 1231 1093 1304; x_wconf 39' lang='lat' dir='ltr'>Verbo”</span> <span class='ocrx_word' id='word_1_98' title='bbox 1143 1233 1241 1286; x_wconf 90' lang='lat' dir='ltr'>sed</span> <span class='ocrx_word' id='word_1_99' title='bbox 1304 1255 1322 1279; x_wconf 76' lang='grc' dir='ltr'>α</span> <span class='ocrx_word' id='word_1_100' title='bbox 1382 1239 1617 1304; x_wconf 89' lang='lat' dir='ltr'>propter</span> <span class='ocrx_word' id='word_1_101' title='bbox 1655 1238 1929 1304; x_wconf 82' lang='lat' dir='ltr'>exactam</span> 
     </span>
    </p>
   </div>
   <div class='ocr_carea' id='block_1_16' title="bbox 287 1303 1932 1374">
    <p class='ocr_par' dir='ltr' id='par_1_16' title="bbox 287 1303 1932 1374">
     <span class='ocr_line' id='line_1_16' title="bbox 287 1303 1932 1374; baseline 0.001 -18"><span class='ocrx_word' id='word_1_102' title='bbox 287 1303 560 1358; x_wconf 87' lang='lat' dir='ltr'>unionem</span> <span class='ocrx_word' id='word_1_103' title='bbox 579 1307 894 1373; x_wconf 70' lang='lat' dir='ltr'>assumptis</span> <span class='ocrx_word' id='word_1_104' title='bbox 909 1303 1101 1357; x_wconf 89' lang='lat' dir='ltr'>carnis</span> <span class='ocrx_word' id='word_1_105' title='bbox 1114 1309 1168 1357; x_wconf 92' lang='lat' dir='ltr'>et</span> <span class='ocrx_word' id='word_1_106' title='bbox 1181 1320 1314 1358; x_wconf 90' lang='lat' dir='ltr'>assu</span> <span class='ocrx_word' id='word_1_107' title='bbox 1326 1303 1536 1359; x_wconf 88' lang='lat' dir='ltr'>mentis</span> <span class='ocrx_word' id='word_1_108' title='bbox 1551 1303 1932 1374; x_wconf 82' lang='lat' dir='ltr'>divinitatis,»</span> 
     </span>
    </p>
   </div>
   <div class='ocr_carea' id='block_1_17' title="bbox 284 1374 1932 1431">
    <p class='ocr_par' dir='ltr' id='par_1_17' title="bbox 284 1374 1932 1431">
     <span class='ocr_line' id='line_1_17' title="bbox 284 1374 1932 1431; baseline 0.002 -3"><span class='ocrx_word' id='word_1_109' title='bbox 284 1375 384 1429; x_wconf 92' lang='lat' dir='ltr'>uni</span> <span class='ocrx_word' id='word_1_110' title='bbox 412 1375 534 1430; x_wconf 90' lang='lat' dir='ltr'>Flio</span> <span class='ocrx_word' id='word_1_111' title='bbox 557 1374 790 1429; x_wconf 87' lang='lat' dir='ltr'>Christo</span> <span class='ocrx_word' id='word_1_112' title='bbox 814 1394 838 1426; x_wconf 74' lang='grc' dir='ltr'><strong><em>α</em></strong></span> <span class='ocrx_word' id='word_1_113' title='bbox 864 1375 1290 1429; x_wconf 89' lang='lat' dir='ltr'>communicari</span> <span class='ocrx_word' id='word_1_114' title='bbox 1332 1380 1389 1429; x_wconf 91' lang='lat' dir='ltr'>et</span> <span class='ocrx_word' id='word_1_115' title='bbox 1428 1383 1628 1430; x_wconf 88' lang='lat' dir='ltr'>mutuo</span> <span class='ocrx_word' id='word_1_116' title='bbox 1670 1375 1793 1430; x_wconf 86' lang='lat' dir='ltr'>dari</span> <span class='ocrx_word' id='word_1_117' title='bbox 1829 1393 1932 1431; x_wconf 91' lang='lat' dir='ltr'>no-</span> 
     </span>
    </p>
   </div>
   <div class='ocr_carea' id='block_1_18' title="bbox 288 1446 1934 1515">
    <p class='ocr_par' dir='ltr' id='par_1_18' title="bbox 288 1446 1934 1515">
     <span class='ocr_line' id='line_1_18' title="bbox 288 1446 1934 1515; baseline 0.001 -15"><span class='ocrx_word' id='word_1_118' title='bbox 288 1446 469 1515; x_wconf 88' lang='lat' dir='ltr'>mina,</span> <span class='ocrx_word' id='word_1_119' title='bbox 494 1449 576 1500; x_wconf 89' lang='lat' dir='ltr'>ita</span> <span class='ocrx_word' id='word_1_120' title='bbox 607 1451 672 1500; x_wconf 92' lang='lat' dir='ltr'>ut</span> <span class='ocrx_word' id='word_1_121' title='bbox 701 1450 757 1500; x_wconf 91' lang='lat' dir='ltr'>et</span> <span class='ocrx_word' id='word_1_122' title='bbox 789 1446 1114 1500; x_wconf 90' lang='lat' dir='ltr'>humanum</span> <span class='ocrx_word' id='word_1_123' title='bbox 1150 1465 1216 1501; x_wconf 84' lang='lat' dir='ltr'>ex</span> <span class='ocrx_word' id='word_1_124' title='bbox 1241 1447 1457 1511; x_wconf 90' lang='lat' dir='ltr'>divino,</span> <span class='ocrx_word' id='word_1_125' title='bbox 1486 1453 1543 1502; x_wconf 90' lang='lat' dir='ltr'>et</span> <span class='ocrx_word' id='word_1_126' title='bbox 1573 1447 1834 1502; x_wconf 89' lang='lat' dir='ltr'>divinum</span> <span class='ocrx_word' id='word_1_127' title='bbox 1866 1464 1934 1502; x_wconf 88' lang='lat' dir='ltr'>ex</span> 
     </span>
    </p>
   </div>
   <div class='ocr_carea' id='block_1_19' title="bbox 288 1518 1931 1589">
    <p class='ocr_par' dir='ltr' id='par_1_19' title="bbox 288 1518 1931 1589">
     <span class='ocr_line' id='line_1_19' title="bbox 288 1518 1931 1589; baseline 0.001 -17"><span class='ocrx_word' id='word_1_128' title='bbox 288 1519 549 1572; x_wconf 87' lang='lat' dir='ltr'>humano</span> <span class='ocrx_word' id='word_1_129' title='bbox 573 1519 1004 1572; x_wconf 82' lang='lat' dir='ltr'>denominatur.</span> <span class='ocrx_word' id='word_1_130' title='bbox 1034 1540 1054 1565; x_wconf 73' lang='grc' dir='ltr'><strong>υ</strong></span> <span class='ocrx_word' id='word_1_131' title='bbox 1075 1518 1393 1573; x_wconf 90' lang='lat' dir='ltr'>Verbulum</span> <span class='ocrx_word' id='word_1_132' title='bbox 1412 1519 1662 1574; x_wconf 90' lang='lat' dir='ltr'>occurrit</span> <span class='ocrx_word' id='word_1_133' title='bbox 1680 1519 1931 1589; x_wconf 91' lang='lat' dir='ltr'>nullum,</span> 
     </span>
    </p>
   </div>
   <div class='ocr_carea' id='block_1_20' title="bbox 287 1589 1933 1660">
    <p class='ocr_par' dir='ltr' id='par_1_20' title="bbox 287 1589 1933 1660">
     <span class='ocr_line' id='line_1_20' title="bbox 287 1589 1933 1660; baseline 0.001 -16"><span class='ocrx_word' id='word_1_134' title='bbox 287 1591 438 1660; x_wconf 91' lang='lat' dir='ltr'>quod</span> <span class='ocrx_word' id='word_1_135' title='bbox 466 1590 817 1652; x_wconf 89' lang='lat' dir='ltr'>subindicet,</span> <span class='ocrx_word' id='word_1_136' title='bbox 844 1589 1165 1660; x_wconf 89' lang='lat' dir='ltr'>Theophilo</span> <span class='ocrx_word' id='word_1_137' title='bbox 1201 1590 1592 1646; x_wconf 82' lang='lat' dir='ltr'>Alexandrino</span> <span class='ocrx_word' id='word_1_138' title='bbox 1642 1591 1933 1660; x_wconf 83' lang='lat' dir='ltr'>placuisse</span> 
     </span>
    </p>
   </div>
   <div class='ocr_carea' id='block_1_21' title="bbox 284 1660 1934 1732">
    <p class='ocr_par' dir='ltr' id='par_1_21' title="bbox 284 1660 1934 1732">
     <span class='ocr_line' id='line_1_21' title="bbox 284 1660 1934 1732; baseline 0.001 -17"><span class='ocrx_word' id='word_1_139' title='bbox 284 1667 674 1732; x_wconf 89' lang='lat' dir='ltr'>temperatum</span> <span class='ocrx_word' id='word_1_140' title='bbox 728 1660 1275 1731; x_wconf 86' lang='lat' dir='ltr'>Apollinaristarum</span> <span class='ocrx_word' id='word_1_141' title='bbox 1331 1662 1580 1732; x_wconf 83' lang='lat' dir='ltr'>dogma;</span> <span class='ocrx_word' id='word_1_142' title='bbox 1618 1662 1934 1732; x_wconf 90' lang='lat' dir='ltr'>ipsumque</span> 
     </span>
    </p>
   </div>
   <div class='ocr_carea' id='block_1_22' title="bbox 289 1733 1933 1798">
    <p class='ocr_par' dir='ltr' id='par_1_22' title="bbox 289 1733 1933 1798">
     <span class='ocr_line' id='line_1_22' title="bbox 289 1733 1933 1798; baseline 0.002 -12"><span class='ocrx_word' id='word_1_143' title='bbox 289 1749 545 1798; x_wconf 82' lang='lat' dir='ltr'>curasse,</span> <span class='ocrx_word' id='word_1_144' title='bbox 581 1738 644 1786; x_wconf 93' lang='lat' dir='ltr'>ut</span> <span class='ocrx_word' id='word_1_145' title='bbox 672 1740 891 1786; x_wconf 67' lang='lat' dir='ltr'>natura:</span> <span class='ocrx_word' id='word_1_146' title='bbox 934 1733 1130 1788; x_wconf 87' lang='lat' dir='ltr'>unitas</span> <span class='ocrx_word' id='word_1_147' title='bbox 1165 1734 1222 1787; x_wconf 94' lang='lat' dir='ltr'>in</span> <span class='ocrx_word' id='word_1_148' title='bbox 1282 1733 1508 1788; x_wconf 82' lang='lat' dir='ltr'>Christo</span> <span class='ocrx_word' id='word_1_149' title='bbox 1540 1734 1715 1788; x_wconf 89' lang='lat' dir='ltr'>editis</span> <span class='ocrx_word' id='word_1_150' title='bbox 1764 1735 1933 1790; x_wconf 86' lang='lat' dir='ltr'>libris</span> 
     </span>
    </p>
   </div>
   <div class='ocr_carea' id='block_1_23' title="bbox 287 1804 1932 1874">
    <p class='ocr_par' dir='ltr' id='par_1_23' title="bbox 287 1804 1932 1874">
     <span class='ocr_line' id='line_1_23' title="bbox 287 1804 1932 1874; baseline 0.001 -17"><span class='ocrx_word' id='word_1_151' title='bbox 287 1805 712 1871; x_wconf 85' lang='lat' dir='ltr'>vindicaretur;</span> <span class='ocrx_word' id='word_1_152' title='bbox 763 1821 981 1874; x_wconf 80' lang='lat' dir='ltr'>eosque.</span> <span class='ocrx_word' id='word_1_153' title='bbox 1024 1804 1234 1859; x_wconf 88' lang='lat' dir='ltr'>invecti</span> <span class='ocrx_word' id='word_1_154' title='bbox 1273 1805 1482 1859; x_wconf 89' lang='lat' dir='ltr'>binarii</span> <span class='ocrx_word' id='word_1_155' title='bbox 1534 1805 1788 1859; x_wconf 86' lang='lat' dir='ltr'>ﬁliorum</span> <span class='ocrx_word' id='word_1_156' title='bbox 1824 1823 1932 1859; x_wconf 89' lang='lat' dir='ltr'>nu-</span> 
     </span>
    </p>
   </div>
   <div class='ocr_carea' id='block_1_24' title="bbox 285 1875 1930 1945">
    <p class='ocr_par' dir='ltr' id='par_1_24' title="bbox 285 1875 1930 1945">
     <span class='ocr_line' id='line_1_24' title="bbox 285 1875 1930 1945; baseline 0.001 -15"><span class='ocrx_word' id='word_1_157' title='bbox 285 1877 427 1930; x_wconf 91' lang='lat' dir='ltr'>meri</span> <span class='ocrx_word' id='word_1_158' title='bbox 460 1875 856 1941; x_wconf 87' lang='lat' dir='ltr'>insimulasse,</span> <span class='ocrx_word' id='word_1_159' title='bbox 893 1876 993 1945; x_wconf 90' lang='lat' dir='ltr'>qui</span> <span class='ocrx_word' id='word_1_160' title='bbox 1026 1878 1173 1931; x_wconf 87' lang='lat' dir='ltr'>duas</span> <span class='ocrx_word' id='word_1_161' title='bbox 1221 1877 1279 1930; x_wconf 90' lang='lat' dir='ltr'>in</span> <span class='ocrx_word' id='word_1_162' title='bbox 1313 1876 1541 1931; x_wconf 87' lang='lat' dir='ltr'>Christo</span> <span class='ocrx_word' id='word_1_163' title='bbox 1566 1882 1806 1932; x_wconf 89' lang='lat' dir='ltr'>naturas</span> <span class='ocrx_word' id='word_1_164' title='bbox 1839 1883 1930 1932; x_wconf 90' lang='lat' dir='ltr'>tu-</span> 
     </span>
    </p>
   </div>
   <div class='ocr_carea' id='block_1_25' title="bbox 285 1947 1926 2020">
    <p class='ocr_par' dir='ltr' id='par_1_25' title="bbox 285 1947 1926 2020">
     <span class='ocr_line' id='line_1_25' title="bbox 285 1947 1926 2020; baseline 0.001 -19"><span class='ocrx_word' id='word_1_165' title='bbox 285 1949 584 2002; x_wconf 88' lang='lat' dir='ltr'>tabantur.</span> <span class='ocrx_word' id='word_1_166' title='bbox 645 1947 766 2020; x_wconf 30' lang='lat' dir='ltr'>linio</span> <span class='ocrx_word' id='word_1_167' title='bbox 812 1947 1290 2020; x_wconf 84' lang='lat' dir='ltr'>Apollinarislas,</span> <span class='ocrx_word' id='word_1_168' title='bbox 1352 1947 1529 2002; x_wconf 83' lang='lat' dir='ltr'>veluti</span> <span class='ocrx_word' id='word_1_169' title='bbox 1589 1949 1926 2020; x_wconf 70' lang='lat' dir='ltr'>imposturaa</span> 
     </span>
    </p>
   </div>
   <div class='ocr_carea' id='block_1_26' title="bbox 285 2018 1930 2090">
    <p class='ocr_par' dir='ltr' id='par_1_26' title="bbox 285 2018 1930 2090">
     <span class='ocr_line' id='line_1_26' title="bbox 285 2018 1930 2090; baseline 0.001 -18"><span class='ocrx_word' id='word_1_170' title='bbox 285 2021 502 2087; x_wconf 83' lang='lat' dir='ltr'>fabros,</span> <span class='ocrx_word' id='word_1_171' title='bbox 525 2019 678 2089; x_wconf 90' lang='lat' dir='ltr'>apud</span> <span class='ocrx_word' id='word_1_172' title='bbox 699 2018 1089 2089; x_wconf 84' lang='lat' dir='ltr'>Theophilum</span> <span class='ocrx_word' id='word_1_173' title='bbox 1115 2023 1351 2074; x_wconf 88' lang='lat' dir='ltr'>accusat</span> <span class='ocrx_word' id='word_1_174' title='bbox 1372 2018 1692 2090; x_wconf 65' lang='lat' dir='ltr'>Nyssenus;</span> <span class='ocrx_word' id='word_1_175' title='bbox 1710 2021 1930 2090; x_wconf 87' lang='lat' dir='ltr'>ipsum-</span> 
     </span>
    </p>
   </div>
   <div class='ocr_carea' id='block_1_27' title="bbox 285 2091 1923 2162">
    <p class='ocr_par' dir='ltr' id='par_1_27' title="bbox 285 2091 1923 2162">
     <span class='ocr_line' id='line_1_27' title="bbox 285 2091 1923 2162; baseline 0.001 -17"><span class='ocrx_word' id='word_1_176' title='bbox 285 2107 403 2162; x_wconf 12' lang='lat' dir='ltr'>que,</span> <span class='ocrx_word' id='word_1_177' title='bbox 449 2105 786 2162; x_wconf 80' lang='lat' dir='ltr'>permovere</span> <span class='ocrx_word' id='word_1_178' title='bbox 841 2092 1062 2159; x_wconf 86' lang='lat' dir='ltr'>studet,</span> <span class='ocrx_word' id='word_1_179' title='bbox 1127 2097 1190 2145; x_wconf 84' lang='lat' dir='ltr'>ut</span> <span class='ocrx_word' id='word_1_180' title='bbox 1248 2091 1552 2146; x_wconf 89' lang='lat' dir='ltr'>hominum</span> <span class='ocrx_word' id='word_1_181' title='bbox 1615 2093 1923 2146; x_wconf 82' lang='lat' dir='ltr'>audaciam</span> 
     </span>
    </p>
   </div>
   <div class='ocr_carea' id='block_1_28' title="bbox 283 2161 1922 2234">
    <p class='ocr_par' dir='ltr' id='par_1_28' title="bbox 283 2161 1922 2234">
     <span class='ocr_line' id='line_1_28' title="bbox 283 2161 1922 2234; baseline 0.002 -18"><span class='ocrx_word' id='word_1_182' title='bbox 283 2161 590 2231; x_wconf 81' lang='lat' dir='ltr'>cohibeat,</span> <span class='ocrx_word' id='word_1_183' title='bbox 665 2177 1019 2232; x_wconf 76' lang='lat' dir='ltr'>causamque</span> <span class='ocrx_word' id='word_1_184' title='bbox 1097 2163 1364 2218; x_wconf 63' lang='lat' dir='ltr'>Ecclesia!</span> <span class='ocrx_word' id='word_1_185' title='bbox 1440 2180 1542 2234; x_wconf 93' lang='lat' dir='ltr'>pro</span> <span class='ocrx_word' id='word_1_186' title='bbox 1607 2163 1758 2218; x_wconf 90' lang='lat' dir='ltr'>virili</span> <span class='ocrx_word' id='word_1_187' title='bbox 1825 2167 1922 2219; x_wconf 89' lang='lat' dir='ltr'>de-</span> 
     </span>
    </p>
   </div>
   <div class='ocr_carea' id='block_1_29' title="bbox 288 2234 502 2289">
    <p class='ocr_par' dir='ltr' id='par_1_29' title="bbox 288 2234 502 2289">
     <span class='ocr_line' id='line_1_29' title="bbox 288 2234 502 2289; baseline -0.005 -1"><span class='ocrx_word' id='word_1_188' title='bbox 288 2234 502 2289; x_wconf 88' lang='lat' dir='ltr'>fendat.</span> 
     </span>
    </p>
   </div>
   <div class='ocr_carea' id='block_1_30' title="bbox 351 2303 1921 2374">
    <p class='ocr_par' dir='ltr' id='par_1_30' title="bbox 351 2303 1921 2374">
     <span class='ocr_line' id='line_1_30' title="bbox 351 2303 1921 2374; baseline 0.001 -17"><span class='ocrx_word' id='word_1_189' title='bbox 351 2304 484 2360; x_wconf 86' lang='lat' dir='ltr'>Vita</span> <span class='ocrx_word' id='word_1_190' title='bbox 515 2303 738 2360; x_wconf 88' lang='lat' dir='ltr'>mortali</span> <span class='ocrx_word' id='word_1_191' title='bbox 790 2305 990 2359; x_wconf 85' lang='lat' dir='ltr'>functo</span> <span class='ocrx_word' id='word_1_192' title='bbox 1029 2303 1373 2374; x_wconf 85' lang='lat' dir='ltr'>TheOphilo,</span> <span class='ocrx_word' id='word_1_193' title='bbox 1423 2306 1620 2359; x_wconf 89' lang='lat' dir='ltr'>sedem</span> <span class='ocrx_word' id='word_1_194' title='bbox 1675 2304 1921 2360; x_wconf 85' lang='lat' dir='ltr'>Alexan-</span> 
     </span>
    </p>
   </div>
   <div class='ocr_carea' id='block_1_31' title="bbox 283 2376 1956 2448">
    <p class='ocr_par' dir='ltr' id='par_1_31' title="bbox 283 2376 1956 2448">
     <span class='ocr_line' id='line_1_31' title="bbox 283 2376 1956 2448; baseline -0.001 -19"><span class='ocrx_word' id='word_1_195' title='bbox 283 2377 510 2431; x_wconf 88' lang='lat' dir='ltr'>drinam</span> <span class='ocrx_word' id='word_1_196' title='bbox 547 2393 700 2431; x_wconf 88' lang='lat' dir='ltr'>anno</span> <span class='ocrx_word' id='word_1_197' title='bbox 732 2376 859 2442; x_wconf 79' lang='grc'>412,</span> <span class='ocrx_word' id='word_1_198' title='bbox 891 2377 1147 2430; x_wconf 90' lang='lat' dir='ltr'>obtinuit</span> <span class='ocrx_word' id='word_1_199' title='bbox 1178 2376 1450 2448; x_wconf 84' lang='lat' dir='ltr'>Cyrillus.</span> <span class='ocrx_word' id='word_1_200' title='bbox 1485 2377 1564 2431; x_wconf 87' lang='lat' dir='ltr'>Ex</span> <span class='ocrx_word' id='word_1_201' title='bbox 1608 2378 1918 2446; x_wconf 84' lang='lat' dir='ltr'>AreOpagi-</span> <span class='ocrx_word' id='word_1_202' title='bbox 1953 2385 1956 2388; x_wconf 77' lang='lat'><strong>‘</strong></span> 
     </span>
    </p>
   </div>
   <div class='ocr_carea' id='block_1_32' title="bbox 280 2448 1922 2518">
    <p class='ocr_par' dir='ltr' id='par_1_32' title="bbox 280 2448 1922 2518">
     <span class='ocr_line' id='line_1_32' title="bbox 280 2448 1922 2518; baseline 0.001 -16"><span class='ocrx_word' id='word_1_203' title='bbox 280 2448 412 2503; x_wconf 89' lang='lat' dir='ltr'>ticis</span> <span class='ocrx_word' id='word_1_204' title='bbox 440 2450 554 2518; x_wconf 80' lang='lat' dir='ltr'>iam</span> <span class='ocrx_word' id='word_1_205' title='bbox 589 2448 854 2502; x_wconf 85' lang='lat' dir='ltr'>conﬁctis</span> <span class='ocrx_word' id='word_1_206' title='bbox 885 2448 1050 2502; x_wconf 89' lang='lat' dir='ltr'>libris</span> <span class='ocrx_word' id='word_1_207' title='bbox 1077 2449 1420 2518; x_wconf 82' lang='lat' dir='ltr'>deprompta</span> <span class='ocrx_word' id='word_1_208' title='bbox 1453 2449 1524 2502; x_wconf 89' lang='lat' dir='ltr'>ab</span> <span class='ocrx_word' id='word_1_209' title='bbox 1551 2465 1616 2503; x_wconf 91' lang='lat' dir='ltr'>eo</span> <span class='ocrx_word' id='word_1_210' title='bbox 1643 2449 1922 2504; x_wconf 89' lang='lat' dir='ltr'>nonnulla</span> 
     </span>
    </p>
   </div>
   <div class='ocr_carea' id='block_1_33' title="bbox 280 2519 1918 2590">
    <p class='ocr_par' dir='ltr' id='par_1_33' title="bbox 280 2519 1918 2590">
     <span class='ocr_line' id='line_1_33' title="bbox 280 2519 1918 2590; baseline 0.001 -17"><span class='ocrx_word' id='word_1_211' title='bbox 280 2520 637 2582; x_wconf 88' lang='lat' dir='ltr'>testimonia,</span> <span class='ocrx_word' id='word_1_212' title='bbox 663 2519 984 2590; x_wconf 90' lang='lat' dir='ltr'>eademque</span> <span class='ocrx_word' id='word_1_213' title='bbox 1013 2519 1276 2574; x_wconf 87' lang='lat' dir='ltr'>adhibita</span> <span class='ocrx_word' id='word_1_214' title='bbox 1298 2521 1356 2574; x_wconf 92' lang='lat' dir='ltr'>in</span> <span class='ocrx_word' id='word_1_215' title='bbox 1381 2535 1551 2590; x_wconf 90' lang='lat' dir='ltr'>opere</span> <span class='ocrx_word' id='word_1_216' title='bbox 1566 2525 1770 2574; x_wconf 73' lang='lat' dir='ltr'>contra</span> <span class='ocrx_word' id='word_1_217' title='bbox 1792 2520 1918 2574; x_wconf 89' lang='lat' dir='ltr'>Dio-</span> 
     </span>
    </p>
   </div>
   <div class='ocr_carea' id='block_1_34' title="bbox 283 2591 1915 2660">
    <p class='ocr_par' dir='ltr' id='par_1_34' title="bbox 283 2591 1915 2660">
     <span class='ocr_line' id='line_1_34' title="bbox 283 2591 1915 2660; baseline 0.001 -16"><span class='ocrx_word' id='word_1_218' title='bbox 283 2593 491 2647; x_wconf 88' lang='lat' dir='ltr'>dorum</span> <span class='ocrx_word' id='word_1_219' title='bbox 521 2596 576 2646; x_wconf 89' lang='lat' dir='ltr'>et</span> <span class='ocrx_word' id='word_1_220' title='bbox 605 2591 960 2655; x_wconf 89' lang='lat' dir='ltr'>Thedorum,</span> <span class='ocrx_word' id='word_1_221' title='bbox 1023 2591 1199 2644; x_wconf 86' lang='lat' dir='ltr'>nimia</span> <span class='ocrx_word' id='word_1_222' title='bbox 1258 2593 1609 2646; x_wconf 86' lang='lat' dir='ltr'>contidentia</span> <span class='ocrx_word' id='word_1_223' title='bbox 1655 2609 1915 2660; x_wconf 88' lang='lat' dir='ltr'>pronun-</span> 
     </span>
    </p>
   </div>
   <div class='ocr_carea' id='block_1_35' title="bbox 281 2661 1914 2719">
    <p class='ocr_par' dir='ltr' id='par_1_35' title="bbox 281 2661 1914 2719">
     <span class='ocr_line' id='line_1_35' title="bbox 281 2661 1914 2719; baseline 0.001 -3"><span class='ocrx_word' id='word_1_224' title='bbox 281 2663 388 2717; x_wconf 89' lang='lat' dir='ltr'>tiat</span> <span class='ocrx_word' id='word_1_225' title='bbox 438 2664 701 2718; x_wconf 90' lang='lat' dir='ltr'>Crozeus.</span> <span class='ocrx_word' id='word_1_226' title='bbox 736 2661 1063 2717; x_wconf 89' lang='lat' dir='ltr'>Severianis</span> <span class='ocrx_word' id='word_1_227' title='bbox 1101 2662 1158 2716; x_wconf 92' lang='lat' dir='ltr'>id</span> <span class='ocrx_word' id='word_1_228' title='bbox 1192 2662 1486 2718; x_wconf 90' lang='lat' dir='ltr'>aientibus</span> <span class='ocrx_word' id='word_1_229' title='bbox 1526 2663 1581 2716; x_wconf 91' lang='lat' dir='ltr'>in</span> <span class='ocrx_word' id='word_1_230' title='bbox 1633 2665 1914 2719; x_wconf 88' lang='lat' dir='ltr'>Constan-</span> 
     </span>
    </p>
   </div>
   <div class='ocr_carea' id='block_1_36' title="bbox 276 2733 1916 2806">
    <p class='ocr_par' dir='ltr' id='par_1_36' title="bbox 276 2733 1916 2806">
     <span class='ocr_line' id='line_1_36' title="bbox 276 2733 1916 2806; baseline -0.001 -17"><span class='ocrx_word' id='word_1_231' title='bbox 276 2734 660 2805; x_wconf 88' lang='lat' dir='ltr'>tinopolitana</span> <span class='ocrx_word' id='word_1_232' title='bbox 700 2733 1181 2806; x_wconf 85' lang='lat' dir='ltr'>collatione,tam</span> <span class='ocrx_word' id='word_1_233' title='bbox 1215 2734 1380 2789; x_wconf 83' lang='lat' dir='ltr'>facile</span> <span class='ocrx_word' id='word_1_234' title='bbox 1429 2735 1599 2790; x_wconf 85' lang='lat' dir='ltr'>ﬁdem</span> <span class='ocrx_word' id='word_1_235' title='bbox 1636 2740 1916 2806; x_wconf 74' lang='lat' dir='ltr'>praestan-</span> 
     </span>
    </p>
   </div>
   <div class='ocr_carea' id='block_1_37' title="bbox 280 2805 1915 2879">
    <p class='ocr_par' dir='ltr' id='par_1_37' title="bbox 280 2805 1915 2879">
     <span class='ocr_line' id='line_1_37' title="bbox 280 2805 1915 2879; baseline 0 -19"><span class='ocrx_word' id='word_1_236' title='bbox 280 2807 412 2862; x_wconf 82' lang='lat' dir='ltr'>dam</span> <span class='ocrx_word' id='word_1_237' title='bbox 447 2823 559 2860; x_wconf 91' lang='lat' dir='ltr'>non</span> <span class='ocrx_word' id='word_1_238' title='bbox 594 2805 1194 2879; x_wconf 10' lang='lat' dir='ltr'>esse,,ad_monrui_mus</span> <span class='ocrx_word' id='word_1_239' title='bbox 1235 2813 1398 2860; x_wconf 86' lang='lat' dir='ltr'>num.</span> <span class='ocrx_word' id='word_1_240' title='bbox 1449 2808 1500 2860; x_wconf 87' lang='lat'>2.</span> <span class='ocrx_word' id='word_1_241' title='bbox 1531 2805 1915 2879; x_wconf 22' lang='lat' dir='ltr'>“Lequienum</span> 
     </span>
    </p>
   </div>
   <div class='ocr_carea' id='block_1_38' title="bbox 278 2877 1916 2949">
    <p class='ocr_par' dir='ltr' id='par_1_38' title="bbox 278 2877 1916 2949">
     <span class='ocr_line' id='line_1_38' title="bbox 278 2877 1916 2949; baseline 0.002 -19"><span class='ocrx_word' id='word_1_242' title='bbox 278 2895 432 2943; x_wconf 85' lang='lat' dir='ltr'>vero,</span> <span class='ocrx_word' id='word_1_243' title='bbox 469 2894 642 2949; x_wconf 90' lang='lat' dir='ltr'>quem</span> <span class='ocrx_word' id='word_1_244' title='bbox 675 2877 852 2932; x_wconf 88' lang='lat' dir='ltr'>veluti</span> <span class='ocrx_word' id='word_1_245' title='bbox 885 2878 994 2932; x_wconf 90' lang='lat' dir='ltr'>sibi</span> <span class='ocrx_word' id='word_1_246' title='bbox 1049 2877 1331 2932; x_wconf 80' lang='lat' dir='ltr'>faventem</span> <span class='ocrx_word' id='word_1_247' title='bbox 1376 2877 1661 2949; x_wconf 73' lang='lat' dir='ltr'>appellat,</span> <span class='ocrx_word' id='word_1_248' title='bbox 1700 2880 1916 2933; x_wconf 86' lang='lat' dir='ltr'>diserte</span> 
     </span>
    </p>
   </div>
   <div class='ocr_carea' id='block_1_39' title="bbox 279 2949 1912 3017">
    <p class='ocr_par' dir='ltr' id='par_1_39' title="bbox 279 2949 1912 3017">
     <span class='ocr_line' id='line_1_39' title="bbox 279 2949 1912 3017; baseline -0.001 -13"><span class='ocrx_word' id='word_1_249' title='bbox 279 2951 588 3005; x_wconf 89' lang='lat' dir='ltr'>adversum</span> <span class='ocrx_word' id='word_1_250' title='bbox 625 2949 796 3003; x_wconf 81' lang='lat' dir='ltr'>habet</span> <span class='ocrx_word' id='word_1_251' title='bbox 846 2949 901 3002; x_wconf 92' lang='lat' dir='ltr'>in</span> <span class='ocrx_word' id='word_1_252' title='bbox 951 2949 1368 3004; x_wconf 89' lang='lat' dir='ltr'>Dissertatione</span> <span class='ocrx_word' id='word_1_253' title='bbox 1401 2950 1817 3005; x_wconf 87' lang='lat' dir='ltr'>Damascenica</span> <span class='ocrx_word' id='word_1_254' title='bbox 1857 2951 1912 3017; x_wconf 86' lang='lat'>2,</span> 
     </span>
    </p>
   </div>
   <div class='ocr_carea' id='block_1_40' title="bbox 279 3020 1917 3093">
    <p class='ocr_par' dir='ltr' id='par_1_40' title="bbox 279 3020 1917 3093">
     <span class='ocr_line' id='line_1_40' title="bbox 279 3020 1917 3093; baseline 0.001 -19"><span class='ocrx_word' id='word_1_255' title='bbox 279 3038 441 3076; x_wconf 91' lang='lat' dir='ltr'>num.</span> <span class='ocrx_word' id='word_1_256' title='bbox 480 3023 564 3090; x_wconf 85' lang='grc'>17,</span> <span class='ocrx_word' id='word_1_257' title='bbox 589 3022 687 3076; x_wconf 91' lang='lat' dir='ltr'>ubi</span> <span class='ocrx_word' id='word_1_258' title='bbox 720 3021 839 3074; x_wconf 72' lang='lat' dir='ltr'>haec</span> <span class='ocrx_word' id='word_1_259' title='bbox 870 3020 1045 3093; x_wconf 86' lang='lat' dir='ltr'>habet</span> <span class='ocrx_word' id='word_1_260' title='bbox 1078 3038 1090 3074; x_wconf 89' lang='lat'>:</span> <span class='ocrx_word' id='word_1_261' title='bbox 1125 3044 1152 3069; x_wconf 85' lang='lat'><strong><em>«</em></strong></span> <span class='ocrx_word' id='word_1_262' title='bbox 1189 3021 1268 3075; x_wconf 84' lang='lat' dir='ltr'>Ex</span> <span class='ocrx_word' id='word_1_263' title='bbox 1298 3021 1414 3076; x_wconf 89' lang='lat' dir='ltr'>illis</span> <span class='ocrx_word' id='word_1_264' title='bbox 1447 3023 1661 3092; x_wconf 89' lang='lat' dir='ltr'>itaque,</span> <span class='ocrx_word' id='word_1_265' title='bbox 1683 3024 1752 3077; x_wconf 92' lang='lat' dir='ltr'>de</span> <span class='ocrx_word' id='word_1_266' title='bbox 1783 3021 1917 3093; x_wconf 92' lang='lat' dir='ltr'>qui-</span> 
     </span>
    </p>
   </div>
   <div class='ocr_carea' id='block_1_41' title="bbox 278 3092 1914 3165">
    <p class='ocr_par' dir='ltr' id='par_1_41' title="bbox 278 3092 1914 3165">
     <span class='ocr_line' id='line_1_41' title="bbox 278 3092 1914 3165; baseline 0.001 -18"><span class='ocrx_word' id='word_1_267' title='bbox 278 3094 556 3165; x_wconf 87' lang='lat' dir='ltr'>busante</span> <span class='ocrx_word' id='word_1_268' title='bbox 587 3092 903 3165; x_wconf 83' lang='lat' dir='ltr'>disputavi,</span> <span class='ocrx_word' id='word_1_269' title='bbox 937 3092 1450 3165; x_wconf 85' lang='lat' dir='ltr'>lucubrationibus</span> <span class='ocrx_word' id='word_1_270' title='bbox 1479 3094 1678 3160; x_wconf 86' lang='lat' dir='ltr'>variis,</span> <span class='ocrx_word' id='word_1_271' title='bbox 1712 3111 1774 3148; x_wconf 75' lang='lat' dir='ltr'>ac</span> <span class='ocrx_word' id='word_1_272' title='bbox 1800 3092 1914 3148; x_wconf 85' lang='lat' dir='ltr'>non</span> 
     </span>
    </p>
   </div>
   <div class='ocr_carea' id='block_1_42' title="bbox 278 3163 1913 3237">
    <p class='ocr_par' dir='ltr' id='par_1_42' title="bbox 278 3163 1913 3237">
     <span class='ocr_line' id='line_1_42' title="bbox 278 3163 1913 3237; baseline -0.001 -17"><span class='ocrx_word' id='word_1_273' title='bbox 278 3182 342 3220; x_wconf 86' lang='lat' dir='ltr'>ex</span> <span class='ocrx_word' id='word_1_274' title='bbox 390 3164 645 3237; x_wconf 84' lang='lat' dir='ltr'>Dionysii</span> <span class='ocrx_word' id='word_1_275' title='bbox 688 3163 1331 3237; x_wconf 53' lang='lat' dir='ltr'>(Areopagitzeilibris,</span> <span class='ocrx_word' id='word_1_276' title='bbox 1392 3164 1640 3237; x_wconf 84' lang='lat' dir='ltr'>Cyrillus</span> <span class='ocrx_word' id='word_1_277' title='bbox 1691 3165 1913 3230; x_wconf 90' lang='lat' dir='ltr'>intulit,</span> 
     </span>
    </p>
   </div>
   <div class='ocr_carea' id='block_1_43' title="bbox 281 3235 1913 3306">
    <p class='ocr_par' dir='ltr' id='par_1_43' title="bbox 281 3235 1913 3306">
     <span class='ocr_line' id='line_1_43' title="bbox 281 3235 1913 3306; baseline 0.001 -16"><span class='ocrx_word' id='word_1_278' title='bbox 281 3253 458 3291; x_wconf 88' lang='lat' dir='ltr'>unam</span> <span class='ocrx_word' id='word_1_279' title='bbox 494 3235 799 3291; x_wconf 86' lang='lat' dir='ltr'>dicendam</span> <span class='ocrx_word' id='word_1_280' title='bbox 833 3251 962 3290; x_wconf 89' lang='lat' dir='ltr'>esse</span> <span class='ocrx_word' id='word_1_281' title='bbox 1005 3235 1215 3289; x_wconf 87' lang='lat' dir='ltr'>Christi</span> <span class='ocrx_word' id='word_1_282' title='bbox 1241 3235 1755 3290; x_wconf 88' lang='lat' dir='ltr'>Domininaturam</span> <span class='ocrx_word' id='word_1_283' title='bbox 1783 3253 1913 3306; x_wconf 84' lang='lat' dir='ltr'>pro-</span> 
     </span>
    </p>
   </div>
   <div class='ocr_carea' id='block_1_44' title="bbox 279 3307 1918 3380">
    <p class='ocr_par' dir='ltr' id='par_1_44' title="bbox 279 3307 1918 3380">
     <span class='ocr_line' id='line_1_44' title="bbox 279 3307 1918 3380; baseline 0 -18"><span class='ocrx_word' id='word_1_284' title='bbox 279 3313 406 3380; x_wconf 89' lang='lat' dir='ltr'>pter</span> <span class='ocrx_word' id='word_1_285' title='bbox 436 3308 829 3380; x_wconf 86' lang='lat' dir='ltr'>arctissimam</span> <span class='ocrx_word' id='word_1_286' title='bbox 857 3307 1492 3380; x_wconf 23' lang='lat' dir='ltr'>unionemidivinitatis</span> <span class='ocrx_word' id='word_1_287' title='bbox 1521 3324 1657 3380; x_wconf 88' lang='lat' dir='ltr'>cum</span> <span class='ocrx_word' id='word_1_288' title='bbox 1706 3309 1918 3363; x_wconf 88' lang='lat' dir='ltr'>huma-</span> 
     </span>
    </p>
   </div>
   <div class='ocr_carea' id='block_1_45' title="bbox 284 3378 1918 3435">
    <p class='ocr_par' dir='ltr' id='par_1_45' title="bbox 284 3378 1918 3435">
     <span class='ocr_line' id='line_1_45' title="bbox 284 3378 1918 3435; baseline 0 -1"><span class='ocrx_word' id='word_1_289' title='bbox 284 3378 469 3435; x_wconf 84' lang='lat' dir='ltr'>nitate</span> <span class='ocrx_word' id='word_1_290' title='bbox 502 3397 514 3434; x_wconf 88' lang='lat'>:</span> <span class='ocrx_word' id='word_1_291' title='bbox 550 3397 728 3435; x_wconf 88' lang='lat' dir='ltr'>unam</span> <span class='ocrx_word' id='word_1_292' title='bbox 760 3379 960 3434; x_wconf 89' lang='lat' dir='ltr'>itidem</span> <span class='ocrx_word' id='word_1_293' title='bbox 995 3378 1091 3432; x_wconf 90' lang='lat' dir='ltr'>Dei</span> <span class='ocrx_word' id='word_1_294' title='bbox 1137 3378 1308 3434; x_wconf 89' lang='lat' dir='ltr'>Verbi</span> <span class='ocrx_word' id='word_1_295' title='bbox 1345 3383 1611 3434; x_wconf 88' lang='lat' dir='ltr'>naturam</span> <span class='ocrx_word' id='word_1_296' title='bbox 1647 3379 1918 3435; x_wconf 86' lang='lat' dir='ltr'>incarna-</span> 
     </span>
    </p>
   </div>
   <div class='ocr_carea' id='block_1_46' title="bbox 276 3450 1921 3522">
    <p class='ocr_par' dir='ltr' id='par_1_46' title="bbox 276 3450 1921 3522">
     <span class='ocr_line' id='line_1_46' title="bbox 276 3450 1921 3522; baseline 0 -18"><span class='ocrx_word' id='word_1_297' title='bbox 276 3457 484 3506; x_wconf 85' lang='lat' dir='ltr'>tam.»</span> <span class='ocrx_word' id='word_1_298' title='bbox 535 3452 816 3506; x_wconf 91' lang='lat' dir='ltr'>nimirum</span> <span class='ocrx_word' id='word_1_299' title='bbox 876 3450 998 3504; x_wconf 75' lang='lat' dir='ltr'>haec</span> <span class='ocrx_word' id='word_1_300' title='bbox 1059 3451 1377 3521; x_wconf 87' lang='lat' dir='ltr'>posteriora</span> <span class='ocrx_word' id='word_1_301' title='bbox 1425 3454 1594 3504; x_wconf 87' lang='lat' dir='ltr'>verba</span> <span class='ocrx_word' id='word_1_302' title='bbox 1646 3451 1921 3522; x_wconf 90' lang='lat' dir='ltr'>leguntur</span> 
     </span>
    </p>
   </div>
   <div class='ocr_carea' id='block_1_47' title="bbox 275 3523 1920 3594">
    <p class='ocr_par' dir='ltr' id='par_1_47' title="bbox 275 3523 1920 3594">
     <span class='ocr_line' id='line_1_47' title="bbox 275 3523 1920 3594; baseline -0.001 -16"><span class='ocrx_word' id='word_1_303' title='bbox 275 3523 427 3578; x_wconf 89' lang='lat' dir='ltr'>libro</span> <span class='ocrx_word' id='word_1_304' title='bbox 460 3540 502 3577; x_wconf 83' lang='lat' dir='ltr'>li</span> <span class='ocrx_word' id='word_1_305' title='bbox 533 3533 722 3578; x_wconf 77' lang='lat' dir='ltr'>contra</span> <span class='ocrx_word' id='word_1_306' title='bbox 754 3523 1083 3586; x_wconf 76' lang='lat' dir='ltr'>Nestorium,</span> <span class='ocrx_word' id='word_1_307' title='bbox 1143 3529 1199 3577; x_wconf 90' lang='lat' dir='ltr'>et</span> <span class='ocrx_word' id='word_1_308' title='bbox 1254 3524 1312 3577; x_wconf 91' lang='lat' dir='ltr'>in</span> <span class='ocrx_word' id='word_1_309' title='bbox 1367 3525 1608 3594; x_wconf 74' lang='lat' dir='ltr'>Epistola</span> <span class='ocrx_word' id='word_1_310' title='bbox 1655 3525 1735 3578; x_wconf 84' lang='lat' dir='ltr'>ad</span> <span class='ocrx_word' id='word_1_311' title='bbox 1782 3525 1920 3578; x_wconf 85' lang='lat' dir='ltr'>Aca-</span> 
     </span>
    </p>
   </div>
   <div class='ocr_carea' id='block_1_48' title="bbox 276 3594 1912 3658">
    <p class='ocr_par' dir='ltr' id='par_1_48' title="bbox 276 3594 1912 3658">
     <span class='ocr_line' id='line_1_48' title="bbox 276 3594 1912 3658; baseline -0.001 -8"><span class='ocrx_word' id='word_1_312' title='bbox 276 3594 428 3650; x_wconf 79' lang='lat' dir='ltr'>cium</span> <span class='ocrx_word' id='word_1_313' title='bbox 475 3594 896 3658; x_wconf 78' lang='lat' dir='ltr'>Melitinensem,</span> <span class='ocrx_word' id='word_1_314' title='bbox 946 3598 1002 3648; x_wconf 90' lang='lat' dir='ltr'>et</span> <span class='ocrx_word' id='word_1_315' title='bbox 1052 3594 1108 3648; x_wconf 94' lang='lat' dir='ltr'>in</span> <span class='ocrx_word' id='word_1_316' title='bbox 1171 3595 1594 3650; x_wconf 77' lang='lat' dir='ltr'>Commonitorzo</span> <span class='ocrx_word' id='word_1_317' title='bbox 1647 3596 1716 3650; x_wconf 80' lang='lat' dir='ltr'>ad</span> <span class='ocrx_word' id='word_1_318' title='bbox 1749 3596 1912 3649; x_wconf 85' lang='lat' dir='ltr'>Eulo-</span> 
     </span>
    </p>
   </div>
   <div class='ocr_carea' id='block_1_49' title="bbox 283 3665 1922 3738">
    <p class='ocr_par' dir='ltr' id='par_1_49' title="bbox 283 3665 1922 3738">
     <span class='ocr_line' id='line_1_49' title="bbox 283 3665 1922 3738; baseline 0.001 -18"><span class='ocrx_word' id='word_1_319' title='bbox 283 3666 810 3737; x_wconf 75' lang='lat' dir='ltr'>giumzeademque</span> <span class='ocrx_word' id='word_1_320' title='bbox 845 3665 916 3738; x_wconf 84' lang='lat' dir='ltr'>ab</span> <span class='ocrx_word' id='word_1_321' title='bbox 950 3665 1106 3738; x_wconf 80' lang='lat' dir='ltr'>omni</span> <span class='ocrx_word' id='word_1_322' title='bbox 1127 3666 1560 3737; x_wconf 87' lang='lat' dir='ltr'>Apollinarismi</span> <span class='ocrx_word' id='word_1_323' title='bbox 1586 3668 1922 3738; x_wconf 86' lang='lat' dir='ltr'>suspicione</span> 
     </span>
    </p>
   </div>
   <div class='ocr_carea' id='block_1_50' title="bbox 277 3736 1920 3810">
    <p class='ocr_par' dir='ltr' id='par_1_50' title="bbox 277 3736 1920 3810">
     <span class='ocr_line' id='line_1_50' title="bbox 277 3736 1920 3810; baseline -0.001 -17"><span class='ocrx_word' id='word_1_324' title='bbox 277 3738 545 3810; x_wconf 76' lang='lat' dir='ltr'>purgavit</span> <span class='ocrx_word' id='word_1_325' title='bbox 575 3738 631 3792; x_wconf 92' lang='lat' dir='ltr'>in</span> <span class='ocrx_word' id='word_1_326' title='bbox 665 3736 918 3810; x_wconf 50' lang='lat' dir='ltr'>Epicteti:</span> <span class='ocrx_word' id='word_1_327' title='bbox 947 3737 1018 3810; x_wconf 67' lang='lat' dir='ltr'>ad</span> <span class='ocrx_word' id='word_1_328' title='bbox 1047 3736 1388 3810; x_wconf 72' lang='lat' dir='ltr'>Successum.</span> <span class='ocrx_word' id='word_1_329' title='bbox 1442 3736 1920 3810; x_wconf 9' lang='lat' dir='ltr'>Habenturrvero</span> 
     </span>
    </p>
   </div>
   <div class='ocr_carea' id='block_1_51' title="bbox 278 3807 1923 3882">
    <p class='ocr_par' dir='ltr' id='par_1_51' title="bbox 278 3807 1923 3882">
     <span class='ocr_line' id='line_1_51' title="bbox 278 3807 1923 3882; baseline 0 -18"><span class='ocrx_word' id='word_1_330' title='bbox 278 3807 474 3882; x_wconf 80' lang='lat' dir='ltr'>priora</span> <span class='ocrx_word' id='word_1_331' title='bbox 502 3811 676 3865; x_wconf 86' lang='lat' dir='ltr'>verba</span> <span class='ocrx_word' id='word_1_332' title='bbox 709 3807 785 3864; x_wconf 48' lang='lat' dir='ltr'>&#39;in</span> <span class='ocrx_word' id='word_1_333' title='bbox 841 3807 1089 3882; x_wconf 68' lang='lat' dir='ltr'>laudato</span> <span class='ocrx_word' id='word_1_334' title='bbox 1112 3809 1560 3882; x_wconf 77' lang='lat' dir='ltr'>Commonitorio,</span> <span class='ocrx_word' id='word_1_335' title='bbox 1595 3812 1689 3865; x_wconf 92' lang='lat' dir='ltr'>ubi</span> <span class='ocrx_word' id='word_1_336' title='bbox 1727 3809 1809 3865; x_wconf 91' lang='lat' dir='ltr'>sic</span> <span class='ocrx_word' id='word_1_337' title='bbox 1842 3810 1923 3864; x_wconf 88' lang='lat' dir='ltr'>ait</span> 
     </span>
    </p>
   </div>
   <div class='ocr_carea' id='block_1_52' title="bbox 282 3879 1924 3946">
    <p class='ocr_par' dir='ltr' id='par_1_52' title="bbox 282 3879 1924 3946">
     <span class='ocr_line' id='line_1_52' title="bbox 282 3879 1924 3946; baseline -0.001 -10"><span class='ocrx_word' id='word_1_338' title='bbox 282 3879 698 3938; x_wconf 80' lang='lat' dir='ltr'>sanctissimus</span> <span class='ocrx_word' id='word_1_339' title='bbox 732 3883 901 3936; x_wconf 88' lang='lat' dir='ltr'>Pater</span> <span class='ocrx_word' id='word_1_340' title='bbox 934 3897 946 3934; x_wconf 90' lang='lat'><strong>:</strong></span> <span class='ocrx_word' id='word_1_341' title='bbox 985 3902 1011 3929; x_wconf 86' lang='lat'><strong>«</strong></span> <span class='ocrx_word' id='word_1_342' title='bbox 1047 3879 1318 3935; x_wconf 83' lang='lat' dir='ltr'>Unitione</span> <span class='ocrx_word' id='word_1_343' title='bbox 1352 3899 1647 3946; x_wconf 86' lang='lat' dir='ltr'>concessa,</span> <span class='ocrx_word' id='word_1_344' title='bbox 1684 3898 1796 3936; x_wconf 87' lang='lat' dir='ltr'>non</span> <span class='ocrx_word' id='word_1_345' title='bbox 1832 3882 1924 3935; x_wconf 86' lang='lat' dir='ltr'>di-</span> 
     </span>
    </p>
   </div>
   <div class='ocr_carea' id='block_1_53' title="bbox 278 3952 1920 4023">
    <p class='ocr_par' dir='ltr' id='par_1_53' title="bbox 278 3952 1920 4023">
     <span class='ocr_line' id='line_1_53' title="bbox 278 3952 1920 4023; baseline 0 -15"><span class='ocrx_word' id='word_1_346' title='bbox 278 3958 435 4009; x_wconf 86' lang='lat' dir='ltr'>stant</span> <span class='ocrx_word' id='word_1_347' title='bbox 455 3953 707 4022; x_wconf 89' lang='lat' dir='ltr'>amplius</span> <span class='ocrx_word' id='word_1_348' title='bbox 729 3954 800 4008; x_wconf 91' lang='lat' dir='ltr'>ab</span> <span class='ocrx_word' id='word_1_349' title='bbox 823 3952 1095 4015; x_wconf 88' lang='lat' dir='ltr'>invicem,</span> <span class='ocrx_word' id='word_1_350' title='bbox 1116 3969 1242 4023; x_wconf 67' lang='lat' dir='ltr'>quas</span> <span class='ocrx_word' id='word_1_351' title='bbox 1268 3955 1431 4008; x_wconf 86' lang='lat' dir='ltr'>unita</span> <span class='ocrx_word' id='word_1_352' title='bbox 1452 3958 1610 4021; x_wconf 91' lang='lat' dir='ltr'>sunt;</span> <span class='ocrx_word' id='word_1_353' title='bbox 1637 3955 1736 4008; x_wconf 86' lang='lat' dir='ltr'>sed</span> <span class='ocrx_word' id='word_1_354' title='bbox 1752 3953 1920 4008; x_wconf 87' lang='lat' dir='ltr'>dein-</span> 
     </span>
    </p>
   </div>
   <div class='ocr_carea' id='block_1_54' title="bbox 277 4024 1918 4096">
    <p class='ocr_par' dir='ltr' id='par_1_54' title="bbox 277 4024 1918 4096">
     <span class='ocr_line' id='line_1_54' title="bbox 277 4024 1918 4096; baseline -0.001 -15"><span class='ocrx_word' id='word_1_355' title='bbox 277 4041 414 4096; x_wconf 89' lang='lat' dir='ltr'>ceps</span> <span class='ocrx_word' id='word_1_356' title='bbox 448 4025 626 4080; x_wconf 88' lang='lat' dir='ltr'>Filius</span> <span class='ocrx_word' id='word_1_357' title='bbox 648 4031 737 4081; x_wconf 89' lang='lat' dir='ltr'>est</span> <span class='ocrx_word' id='word_1_358' title='bbox 763 4042 878 4080; x_wconf 91' lang='lat' dir='ltr'>una</span> <span class='ocrx_word' id='word_1_359' title='bbox 901 4024 1088 4094; x_wconf 88' lang='lat' dir='ltr'>ipsius</span> <span class='ocrx_word' id='word_1_360' title='bbox 1119 4030 1255 4079; x_wconf 88' lang='lat' dir='ltr'>natu</span> <span class='ocrx_word' id='word_1_361' title='bbox 1268 4027 1546 4094; x_wconf 88' lang='lat' dir='ltr'>ra,Verbo</span> <span class='ocrx_word' id='word_1_362' title='bbox 1570 4026 1771 4096; x_wconf 86' lang='lat' dir='ltr'>utique</span> <span class='ocrx_word' id='word_1_363' title='bbox 1792 4042 1918 4080; x_wconf 89' lang='lat' dir='ltr'>ear-</span> 
     </span>
    </p>
   </div>
   <div class='ocr_carea' id='block_1_55' title="bbox 277 4098 616 4154">
    <p class='ocr_par' dir='ltr' id='par_1_55' title="bbox 277 4098 616 4154">
     <span class='ocr_line' id='line_1_55' title="bbox 277 4098 616 4154; baseline 0.006 -2"><span class='ocrx_word' id='word_1_364' title='bbox 277 4113 350 4152; x_wconf 89' lang='lat' dir='ltr'>ne</span> <span class='ocrx_word' id='word_1_365' title='bbox 384 4098 551 4154; x_wconf 86' lang='lat' dir='ltr'>facto.</span> <span class='ocrx_word' id='word_1_366' title='bbox 589 4120 616 4145; x_wconf 78' lang='grc' dir='ltr'>η</span> 
     </span>
    </p>
   </div>
   <div class='ocr_carea' id='block_1_56' title="bbox 349 4167 1921 4239">
    <p class='ocr_par' dir='ltr' id='par_1_56' title="bbox 349 4167 1921 4239">
     <span class='ocr_line' id='line_1_56' title="bbox 349 4167 1921 4239; baseline 0 -16"><span class='ocrx_word' id='word_1_367' title='bbox 349 4171 484 4235; x_wconf 76' lang='lat' dir='ltr'>Quae</span> <span class='ocrx_word' id='word_1_368' title='bbox 543 4186 674 4224; x_wconf 92' lang='lat' dir='ltr'>cum</span> <span class='ocrx_word' id='word_1_369' title='bbox 735 4168 859 4239; x_wconf 87' lang='lat' dir='ltr'>ipse</span> <span class='ocrx_word' id='word_1_370' title='bbox 915 4169 975 4221; x_wconf 86' lang='lat' dir='ltr'>et</span> <span class='ocrx_word' id='word_1_371' title='bbox 1029 4167 1349 4239; x_wconf 84' lang='lat' dir='ltr'>scripserit,</span> <span class='ocrx_word' id='word_1_372' title='bbox 1412 4172 1469 4222; x_wconf 87' lang='lat' dir='ltr'>et</span> <span class='ocrx_word' id='word_1_373' title='bbox 1516 4167 1921 4238; x_wconf 86' lang='lat' dir='ltr'>vindicaverit,</span> 
     </span>
    </p>
   </div>
   <div class='ocr_carea' id='block_1_57' title="bbox 277 4237 1920 4311">
    <p class='ocr_par' dir='ltr' id='par_1_57' title="bbox 277 4237 1920 4311">
     <span class='ocr_line' id='line_1_57' title="bbox 277 4237 1920 4311; baseline -0.001 -16"><span class='ocrx_word' id='word_1_374' title='bbox 277 4246 569 4311; x_wconf 89' lang='lat' dir='ltr'>quantum</span> <span class='ocrx_word' id='word_1_375' title='bbox 602 4242 673 4296; x_wconf 90' lang='lat' dir='ltr'>ab</span> <span class='ocrx_word' id='word_1_376' title='bbox 701 4237 892 4296; x_wconf 74' lang='lat' dir='ltr'>errore</span> <span class='ocrx_word' id='word_1_377' title='bbox 925 4237 1472 4311; x_wconf 25' lang='lat' dir='ltr'>Apollin‘aristarum</span> <span class='ocrx_word' id='word_1_378' title='bbox 1523 4237 1920 4310; x_wconf 56' lang='lat' dir='ltr'>Eutychiano4</span> 
     </span>
    </p>
   </div>
   <div class='ocr_carea' id='block_1_58' title="bbox 277 4309 1920 4384">
    <p class='ocr_par' dir='ltr' id='par_1_58' title="bbox 277 4309 1920 4384">
     <span class='ocr_line' id='line_1_58' title="bbox 277 4309 1920 4384; baseline 0 -18"><span class='ocrx_word' id='word_1_379' title='bbox 277 4309 527 4384; x_wconf 77' lang='lat' dir='ltr'>rumque</span> <span class='ocrx_word' id='word_1_380' title='bbox 561 4312 904 4383; x_wconf 84' lang='lat' dir='ltr'>longissime</span> <span class='ocrx_word' id='word_1_381' title='bbox 958 4309 1221 4384; x_wconf 79' lang='lat' dir='ltr'>distaret,</span> <span class='ocrx_word' id='word_1_382' title='bbox 1282 4312 1505 4384; x_wconf 77' lang='lat' dir='ltr'>egregie</span> <span class='ocrx_word' id='word_1_383' title='bbox 1560 4309 1920 4384; x_wconf 74' lang='lat' dir='ltr'>probantac</span> 
     </span>
    </p>
   </div>
   <div class='ocr_carea' id='block_1_59' title="bbox 276 4381 1918 4455">
    <p class='ocr_par' dir='ltr' id='par_1_59' title="bbox 276 4381 1918 4455">
     <span class='ocr_line' id='line_1_59' title="bbox 276 4381 1918 4455; baseline -0.003 -14"><span class='ocrx_word' id='word_1_384' title='bbox 276 4381 551 4441; x_wconf 82' lang='lat' dir='ltr'>evincunt</span> <span class='ocrx_word' id='word_1_385' title='bbox 582 4381 908 4455; x_wconf 78' lang='lat' dir='ltr'>Lequienus</span> <span class='ocrx_word' id='word_1_386' title='bbox 965 4381 1090 4437; x_wconf 88' lang='lat' dir='ltr'>loco</span> <span class='ocrx_word' id='word_1_387' title='bbox 1139 4382 1335 4455; x_wconf 82' lang='lat' dir='ltr'>citato,</span> <span class='ocrx_word' id='word_1_388' title='bbox 1391 4381 1721 4438; x_wconf 79' lang='lat' dir='ltr'>Ludovicus</span> <span class='ocrx_word' id='word_1_389' title='bbox 1776 4382 1918 4436; x_wconf 84' lang='lat' dir='ltr'>Tho-</span> 
     </span>
    </p>
   </div>
   <div class='ocr_carea' id='block_1_60' title="bbox 280 4453 1920 4526">
    <p class='ocr_par' dir='ltr' id='par_1_60' title="bbox 280 4453 1920 4526">
     <span class='ocr_line' id='line_1_60' title="bbox 280 4453 1920 4526; baseline -0.002 -14"><span class='ocrx_word' id='word_1_390' title='bbox 280 4458 580 4512; x_wconf 89' lang='lat' dir='ltr'>massinus</span> <span class='ocrx_word' id='word_1_391' title='bbox 612 4453 688 4511; x_wconf 70' lang='lat' dir='ltr'>De</span> <span class='ocrx_word' id='word_1_392' title='bbox 715 4456 1122 4522; x_wconf 79' lang='lat' dir='ltr'>Incarnatione,</span> <span class='ocrx_word' id='word_1_393' title='bbox 1172 4453 1456 4526; x_wconf 9' lang='lat' dir='ltr'>librogiu,</span> <span class='ocrx_word' id='word_1_394' title='bbox 1507 4455 1694 4526; x_wconf 87' lang='lat' dir='ltr'>capite</span> <span class='ocrx_word' id='word_1_395' title='bbox 1742 4455 1826 4520; x_wconf 82' lang='grc'>13,</span> <span class='ocrx_word' id='word_1_396' title='bbox 1861 4459 1920 4508; x_wconf 84' lang='lat' dir='ltr'>et</span> 
     </span>
    </p>
   </div>
   <div class='ocr_carea' id='block_1_61' title="bbox 276 4524 1915 4600">
    <p class='ocr_par' dir='ltr' id='par_1_61' title="bbox 276 4524 1915 4600">
     <span class='ocr_line' id='line_1_61' title="bbox 276 4524 1915 4600; baseline -0.004 -16"><span class='ocrx_word' id='word_1_397' title='bbox 276 4529 592 4600; x_wconf 84' lang='lat' dir='ltr'>Dionysius</span> <span class='ocrx_word' id='word_1_398' title='bbox 626 4528 892 4600; x_wconf 88' lang='lat' dir='ltr'>Petavius</span> <span class='ocrx_word' id='word_1_399' title='bbox 917 4526 1066 4600; x_wconf 80' lang='lat' dir='ltr'>libro</span> <span class='ocrx_word' id='word_1_400' title='bbox 1097 4543 1170 4593; x_wconf 86' lang='lat' dir='ltr'>Iv,</span> <span class='ocrx_word' id='word_1_401' title='bbox 1224 4524 1412 4600; x_wconf 85' lang='lat' dir='ltr'>capite</span> <span class='ocrx_word' id='word_1_402' title='bbox 1455 4527 1509 4593; x_wconf 89' lang='lat'>7,</span> <span class='ocrx_word' id='word_1_403' title='bbox 1543 4524 1596 4580; x_wconf 83' lang='lat' dir='ltr'>et</span> <span class='ocrx_word' id='word_1_404' title='bbox 1646 4526 1793 4581; x_wconf 84' lang='lat' dir='ltr'>libro</span> <span class='ocrx_word' id='word_1_405' title='bbox 1824 4541 1915 4600; x_wconf 35' lang='lat' dir='ltr'>_V‘I,</span> 
     </span>
    </p>
   </div>
   <div class='ocr_carea' id='block_1_62' title="bbox 2049 514 3706 574">
    <p class='ocr_par' dir='ltr' id='par_1_62' title="bbox 2049 514 3706 574">
     <span class='ocr_line' id='line_1_62' title="bbox 2049 514 3706 574; baseline 0.005 -8"><span class='ocrx_word' id='word_1_406' title='bbox 2049 516 2148 569; x_wconf 90' lang='lat' dir='ltr'>illo</span> <span class='ocrx_word' id='word_1_407' title='bbox 2172 517 2317 569; x_wconf 90' lang='lat' dir='ltr'>duas</span> <span class='ocrx_word' id='word_1_408' title='bbox 2344 516 2456 568; x_wconf 92' lang='lat' dir='ltr'>dici</span> <span class='ocrx_word' id='word_1_409' title='bbox 2490 514 2547 567; x_wconf 91' lang='lat' dir='ltr'>in</span> <span class='ocrx_word' id='word_1_410' title='bbox 2579 515 2823 570; x_wconf 89' lang='lat' dir='ltr'>Christo</span> <span class='ocrx_word' id='word_1_411' title='bbox 2863 522 3105 570; x_wconf 89' lang='lat' dir='ltr'>naturas</span> <span class='ocrx_word' id='word_1_412' title='bbox 3146 514 3259 571; x_wconf 82' lang='lat' dir='ltr'>nisi</span> <span class='ocrx_word' id='word_1_413' title='bbox 3313 514 3424 571; x_wconf 76' lang='lat' dir='ltr'>una</span> <span class='ocrx_word' id='word_1_414' title='bbox 3473 518 3706 574; x_wconf 86' lang='lat' dir='ltr'>dicatur</span> 
     </span>
    </p>
   </div>
   <div class='ocr_carea' id='block_1_63' title="bbox 2046 586 3698 659">
    <p class='ocr_par' dir='ltr' id='par_1_63' title="bbox 2046 586 3698 659">
     <span class='ocr_line' id='line_1_63' title="bbox 2046 586 3698 659; baseline 0.003 -20"><span class='ocrx_word' id='word_1_415' title='bbox 2046 586 2218 640; x_wconf 71' lang='lat' dir='ltr'>Verbi</span> <span class='ocrx_word' id='word_1_416' title='bbox 2254 594 2460 640; x_wconf 88' lang='lat' dir='ltr'>natura</span> <span class='ocrx_word' id='word_1_417' title='bbox 2494 587 2818 640; x_wconf 83' lang='lat' dir='ltr'>inearnata.</span> <span class='ocrx_word' id='word_1_418' title='bbox 2856 587 3134 657; x_wconf 89' lang='lat' dir='ltr'>Proptera</span> <span class='ocrx_word' id='word_1_419' title='bbox 3154 590 3304 659; x_wconf 91' lang='lat' dir='ltr'>quod</span> <span class='ocrx_word' id='word_1_420' title='bbox 3332 588 3576 644; x_wconf 61' lang='lat' dir='ltr'>ubidua</span> <span class='ocrx_word' id='word_1_421' title='bbox 3611 591 3698 644; x_wconf 87' lang='lat' dir='ltr'>di-</span> 
     </span>
    </p>
   </div>
   <div class='ocr_carea' id='block_1_64' title="bbox 2047 659 3700 732">
    <p class='ocr_par' dir='ltr' id='par_1_64' title="bbox 2047 659 3700 732">
     <span class='ocr_line' id='line_1_64' title="bbox 2047 659 3700 732; baseline 0.003 -19"><span class='ocrx_word' id='word_1_422' title='bbox 2047 659 2989 732; x_wconf 59' lang='lat' dir='ltr'>cunturCtiristiPaturae,duarum</span> <span class='ocrx_word' id='word_1_423' title='bbox 3009 661 3205 714; x_wconf 77' lang='lat' dir='ltr'>statim</span> <span class='ocrx_word' id='word_1_424' title='bbox 3224 661 3700 732; x_wconf 89' lang='lat' dir='ltr'>ebullitsuspicio</span> 
     </span>
    </p>
   </div>
   <div class='ocr_carea' id='block_1_65' title="bbox 2049 730 3697 804">
    <p class='ocr_par' dir='ltr' id='par_1_65' title="bbox 2049 730 3697 804">
     <span class='ocr_line' id='line_1_65' title="bbox 2049 730 3697 804; baseline 0.002 -21"><span class='ocrx_word' id='word_1_425' title='bbox 2049 746 2452 800; x_wconf 86' lang='lat' dir='ltr'>personarum.</span> <span class='ocrx_word' id='word_1_426' title='bbox 2474 731 2837 804; x_wconf 15' lang='lat' dir='ltr'>Eteniminon</span> <span class='ocrx_word' id='word_1_427' title='bbox 2867 730 3021 784; x_wconf 87' lang='lat' dir='ltr'>aliud</span> <span class='ocrx_word' id='word_1_428' title='bbox 3041 738 3129 786; x_wconf 83' lang='lat' dir='ltr'>cst</span> <span class='ocrx_word' id='word_1_429' title='bbox 3153 730 3697 804; x_wconf 40' lang='lat' dir='ltr'>natura,aliud_per-</span> 
     </span>
    </p>
   </div>
   <div class='ocr_carea' id='block_1_66' title="bbox 2047 803 3701 866">
    <p class='ocr_par' dir='ltr' id='par_1_66' title="bbox 2047 803 3701 866">
     <span class='ocr_line' id='line_1_66' title="bbox 2047 803 3701 866; baseline 0.003 -11"><span class='ocrx_word' id='word_1_430' title='bbox 2047 819 2213 866; x_wconf 84' lang='lat' dir='ltr'>sena;</span> <span class='ocrx_word' id='word_1_431' title='bbox 2247 804 2346 854; x_wconf 87' lang='lat' dir='ltr'>sed</span> <span class='ocrx_word' id='word_1_432' title='bbox 2383 818 2502 855; x_wconf 89' lang='lat' dir='ltr'>una</span> <span class='ocrx_word' id='word_1_433' title='bbox 2531 809 2587 856; x_wconf 88' lang='lat' dir='ltr'>et</span> <span class='ocrx_word' id='word_1_434' title='bbox 2615 803 2815 857; x_wconf 89' lang='lat' dir='ltr'>eadem</span> <span class='ocrx_word' id='word_1_435' title='bbox 2854 819 2944 857; x_wconf 90' lang='lat' dir='ltr'>res</span> <span class='ocrx_word' id='word_1_436' title='bbox 2968 819 3098 857; x_wconf 89' lang='lat' dir='ltr'>cum</span> <span class='ocrx_word' id='word_1_437' title='bbox 3127 803 3395 858; x_wconf 88' lang='lat' dir='ltr'>sitaliter</span> <span class='ocrx_word' id='word_1_438' title='bbox 3440 811 3497 859; x_wconf 91' lang='lat' dir='ltr'>et</span> <span class='ocrx_word' id='word_1_439' title='bbox 3528 803 3701 860; x_wconf 82' lang='lat' dir='ltr'>aliter</span> 
     </span>
    </p>
   </div>
   <div class='ocr_carea' id='block_1_67' title="bbox 2046 873 3698 948">
    <p class='ocr_par' dir='ltr' id='par_1_67' title="bbox 2046 873 3698 948">
     <span class='ocr_line' id='line_1_67' title="bbox 2046 873 3698 948; baseline 0.001 -19"><span class='ocrx_word' id='word_1_440' title='bbox 2046 875 2415 948; x_wconf 78' lang='lat' dir='ltr'>significatur</span> <span class='ocrx_word' id='word_1_441' title='bbox 2437 873 2588 948; x_wconf 58' lang='lat' dir='ltr'>(quia</span> <span class='ocrx_word' id='word_1_442' title='bbox 2630 875 2928 948; x_wconf 83' lang='lat' dir='ltr'>distinctio</span> <span class='ocrx_word' id='word_1_443' title='bbox 2960 873 3016 928; x_wconf 89' lang='lat' dir='ltr'>in</span> <span class='ocrx_word' id='word_1_444' title='bbox 3051 876 3567 948; x_wconf 13' lang='lat' dir='ltr'>scholisivirtualis</span> <span class='ocrx_word' id='word_1_445' title='bbox 3596 894 3698 948; x_wconf 88' lang='lat' dir='ltr'>ap-</span> 
     </span>
    </p>
   </div>
   <div class='ocr_carea' id='block_1_68' title="bbox 2046 945 3698 1020">
    <p class='ocr_par' dir='ltr' id='par_1_68' title="bbox 2046 945 3698 1020">
     <span class='ocr_line' id='line_1_68' title="bbox 2046 945 3698 1020; baseline 0.003 -22"><span class='ocrx_word' id='word_1_446' title='bbox 2046 945 2339 1020; x_wconf 86' lang='lat' dir='ltr'>pellatur),</span> <span class='ocrx_word' id='word_1_447' title='bbox 2375 945 2647 1016; x_wconf 88' lang='lat' dir='ltr'>quocirca</span> <span class='ocrx_word' id='word_1_448' title='bbox 2697 946 3019 1020; x_wconf 84' lang='lat' dir='ltr'>plurimum</span> <span class='ocrx_word' id='word_1_449' title='bbox 3057 946 3298 1016; x_wconf 87' lang='lat' dir='ltr'>periculi</span> <span class='ocrx_word' id='word_1_450' title='bbox 3351 946 3593 1020; x_wconf 86' lang='lat' dir='ltr'>ingruit,</span> <span class='ocrx_word' id='word_1_451' title='bbox 3627 945 3698 1004; x_wconf 84' lang='lat' dir='ltr'>ne</span> 
     </span>
    </p>
   </div>
   <div class='ocr_carea' id='block_1_69' title="bbox 2043 1019 3698 1088">
    <p class='ocr_par' dir='ltr' id='par_1_69' title="bbox 2043 1019 3698 1088">
     <span class='ocr_line' id='line_1_69' title="bbox 2043 1019 3698 1088; baseline 0.001 -16"><span class='ocrx_word' id='word_1_452' title='bbox 2043 1019 2340 1088; x_wconf 84' lang='lat' dir='ltr'>geminata</span> <span class='ocrx_word' id='word_1_453' title='bbox 2385 1023 2614 1082; x_wconf 88' lang='lat' dir='ltr'>natura,</span> <span class='ocrx_word' id='word_1_454' title='bbox 2667 1019 3001 1087; x_wconf 86' lang='lat' dir='ltr'>geminetur</span> <span class='ocrx_word' id='word_1_455' title='bbox 3059 1022 3116 1071; x_wconf 90' lang='lat' dir='ltr'>et</span> <span class='ocrx_word' id='word_1_456' title='bbox 3174 1019 3443 1088; x_wconf 60' lang='lat' dir='ltr'>persona}</span> <span class='ocrx_word' id='word_1_457' title='bbox 3482 1021 3698 1074; x_wconf 89' lang='lat' dir='ltr'>Deinde</span> 
     </span>
    </p>
   </div>
   <div class='ocr_carea' id='block_1_70' title="bbox 2044 1089 3693 1160">
    <p class='ocr_par' dir='ltr' id='par_1_70' title="bbox 2044 1089 3693 1160">
     <span class='ocr_line' id='line_1_70' title="bbox 2044 1089 3693 1160; baseline 0.002 -17"><span class='ocrx_word' id='word_1_458' title='bbox 2044 1106 2178 1144; x_wconf 90' lang='lat' dir='ltr'>cum</span> <span class='ocrx_word' id='word_1_459' title='bbox 2211 1091 2337 1143; x_wconf 74' lang='lat' dir='ltr'>duae</span> <span class='ocrx_word' id='word_1_460' title='bbox 2369 1089 2644 1142; x_wconf 91' lang='lat' dir='ltr'>dicuntur</span> <span class='ocrx_word' id='word_1_461' title='bbox 2675 1095 2921 1157; x_wconf 72' lang='lat' dir='ltr'>naturae,</span> <span class='ocrx_word' id='word_1_462' title='bbox 2962 1089 3129 1160; x_wconf 89' lang='lat' dir='ltr'>quasi</span> <span class='ocrx_word' id='word_1_463' title='bbox 3164 1105 3232 1143; x_wconf 86' lang='lat' dir='ltr'>ex</span> <span class='ocrx_word' id='word_1_464' title='bbox 3271 1105 3434 1160; x_wconf 78' lang='lat' dir='ltr'>aequo</span> <span class='ocrx_word' id='word_1_465' title='bbox 3489 1108 3693 1146; x_wconf 89' lang='lat' dir='ltr'>nume-</span> 
     </span>
    </p>
   </div>
   <div class='ocr_carea' id='block_1_71' title="bbox 2044 1160 3693 1232">
    <p class='ocr_par' dir='ltr' id='par_1_71' title="bbox 2044 1160 3693 1232">
     <span class='ocr_line' id='line_1_71' title="bbox 2044 1160 3693 1232; baseline 0.002 -17"><span class='ocrx_word' id='word_1_466' title='bbox 2044 1170 2250 1215; x_wconf 86' lang='lat' dir='ltr'>rantur</span> <span class='ocrx_word' id='word_1_467' title='bbox 2279 1175 2464 1231; x_wconf 90' lang='lat' dir='ltr'>eoque</span> <span class='ocrx_word' id='word_1_468' title='bbox 2518 1160 2761 1215; x_wconf 89' lang='lat' dir='ltr'>seorsim</span> <span class='ocrx_word' id='word_1_469' title='bbox 2815 1177 3181 1232; x_wconf 85' lang='lat' dir='ltr'>unaquaeque</span> <span class='ocrx_word' id='word_1_470' title='bbox 3229 1163 3564 1232; x_wconf 89' lang='lat' dir='ltr'>cogitatur:</span> <span class='ocrx_word' id='word_1_471' title='bbox 3597 1165 3693 1217; x_wconf 90' lang='lat' dir='ltr'>vix</span> 
     </span>
    </p>
   </div>
   <div class='ocr_carea' id='block_1_72' title="bbox 2045 1232 3696 1305">
    <p class='ocr_par' dir='ltr' id='par_1_72' title="bbox 2045 1232 3696 1305">
     <span class='ocr_line' id='line_1_72' title="bbox 2045 1232 3696 1305; baseline 0.002 -19"><span class='ocrx_word' id='word_1_472' title='bbox 2045 1240 2261 1301; x_wconf 90' lang='lat' dir='ltr'>autem,</span> <span class='ocrx_word' id='word_1_473' title='bbox 2295 1249 2361 1286; x_wconf 92' lang='lat' dir='ltr'>ac</span> <span class='ocrx_word' id='word_1_474' title='bbox 2393 1247 2498 1286; x_wconf 89' lang='lat' dir='ltr'>nec</span> <span class='ocrx_word' id='word_1_475' title='bbox 2529 1233 2621 1285; x_wconf 85' lang='lat' dir='ltr'>vix</span> <span class='ocrx_word' id='word_1_476' title='bbox 2653 1232 2896 1304; x_wconf 87' lang='lat' dir='ltr'>cogitari</span> <span class='ocrx_word' id='word_1_477' title='bbox 2929 1233 3171 1287; x_wconf 88' lang='lat' dir='ltr'>seorsim</span> <span class='ocrx_word' id='word_1_478' title='bbox 3205 1233 3478 1303; x_wconf 64' lang='lat' dir='ltr'>quaslibet</span> <span class='ocrx_word' id='word_1_479' title='bbox 3501 1239 3696 1305; x_wconf 88' lang='lat' dir='ltr'>potest</span> 
     </span>
    </p>
   </div>
   <div class='ocr_carea' id='block_1_73' title="bbox 2042 1305 3696 1376">
    <p class='ocr_par' dir='ltr' id='par_1_73' title="bbox 2042 1305 3696 1376">
     <span class='ocr_line' id='line_1_73' title="bbox 2042 1305 3696 1376; baseline 0.001 -17"><span class='ocrx_word' id='word_1_480' title='bbox 2042 1311 2253 1359; x_wconf 88' lang='lat' dir='ltr'>natura</span> <span class='ocrx_word' id='word_1_481' title='bbox 2285 1305 2425 1376; x_wconf 83' lang='lat' dir='ltr'>quin</span> <span class='ocrx_word' id='word_1_482' title='bbox 2460 1320 2719 1373; x_wconf 66' lang='lat' dir='ltr'>personas</span> <span class='ocrx_word' id='word_1_483' title='bbox 2754 1305 3108 1376; x_wconf 82' lang='lat' dir='ltr'>proprietate</span> <span class='ocrx_word' id='word_1_484' title='bbox 3159 1306 3465 1360; x_wconf 86' lang='lat' dir='ltr'>vestiatur.</span> <span class='ocrx_word' id='word_1_485' title='bbox 3525 1306 3696 1361; x_wconf 85' lang='lat' dir='ltr'>Deni-</span> 
     </span>
    </p>
   </div>
   <div class='ocr_carea' id='block_1_74' title="bbox 2043 1375 3695 1447">
    <p class='ocr_par' dir='ltr' id='par_1_74' title="bbox 2043 1375 3695 1447">
     <span class='ocr_line' id='line_1_74' title="bbox 2043 1375 3695 1447; baseline 0.002 -17"><span class='ocrx_word' id='word_1_486' title='bbox 2043 1393 2156 1447; x_wconf 89' lang='lat' dir='ltr'>que</span> <span class='ocrx_word' id='word_1_487' title='bbox 2192 1392 2304 1430; x_wconf 90' lang='lat' dir='ltr'>non</span> <span class='ocrx_word' id='word_1_488' title='bbox 2339 1375 2655 1446; x_wconf 89' lang='lat' dir='ltr'>aliamagis</span> <span class='ocrx_word' id='word_1_489' title='bbox 2689 1375 3278 1430; x_wconf 88' lang='lat' dir='ltr'>machinaNestorius</span> <span class='ocrx_word' id='word_1_490' title='bbox 3300 1378 3447 1430; x_wconf 88' lang='lat' dir='ltr'>duas</span> <span class='ocrx_word' id='word_1_491' title='bbox 3466 1379 3695 1433; x_wconf 89' lang='lat' dir='ltr'>scinde-</span> 
     </span>
    </p>
   </div>
   <div class='ocr_carea' id='block_1_75' title="bbox 2043 1447 3687 1518">
    <p class='ocr_par' dir='ltr' id='par_1_75' title="bbox 2043 1447 3687 1518">
     <span class='ocr_line' id='line_1_75' title="bbox 2043 1447 3687 1518; baseline 0 -16"><span class='ocrx_word' id='word_1_492' title='bbox 2043 1449 2138 1502; x_wconf 84' lang='lat' dir='ltr'>bat</span> <span class='ocrx_word' id='word_1_493' title='bbox 2171 1464 2475 1516; x_wconf 84' lang='lat' dir='ltr'>personas,</span> <span class='ocrx_word' id='word_1_494' title='bbox 2499 1463 2673 1516; x_wconf 91' lang='lat' dir='ltr'>quam</span> <span class='ocrx_word' id='word_1_495' title='bbox 2709 1453 2926 1502; x_wconf 63' lang='lat' dir='ltr'>natura;</span> <span class='ocrx_word' id='word_1_496' title='bbox 2951 1447 3205 1518; x_wconf 90' lang='lat' dir='ltr'>duplicis</span> <span class='ocrx_word' id='word_1_497' title='bbox 3243 1449 3687 1517; x_wconf 54' lang='lat' dir='ltr'>pradicatione:</span> 
     </span>
    </p>
   </div>
   <div class='ocr_carea' id='block_1_76' title="bbox 2043 1519 3690 1590">
    <p class='ocr_par' dir='ltr' id='par_1_76' title="bbox 2043 1519 3690 1590">
     <span class='ocr_line' id='line_1_76' title="bbox 2043 1519 3690 1590; baseline 0.001 -17"><span class='ocrx_word' id='word_1_498' title='bbox 2043 1526 2215 1587; x_wconf 89' lang='lat' dir='ltr'>atque</span> <span class='ocrx_word' id='word_1_499' title='bbox 2247 1521 2326 1574; x_wconf 89' lang='lat' dir='ltr'>ita</span> <span class='ocrx_word' id='word_1_500' title='bbox 2356 1521 2427 1573; x_wconf 92' lang='lat' dir='ltr'>ab</span> <span class='ocrx_word' id='word_1_501' title='bbox 2460 1519 2589 1588; x_wconf 88' lang='lat' dir='ltr'>ipsa</span> <span class='ocrx_word' id='word_1_502' title='bbox 2635 1519 2877 1573; x_wconf 81' lang='lat' dir='ltr'>veritate</span> <span class='ocrx_word' id='word_1_503' title='bbox 2936 1519 3173 1574; x_wconf 85' lang='lat' dir='ltr'>falsitati</span> <span class='ocrx_word' id='word_1_504' title='bbox 3223 1519 3494 1590; x_wconf 70' lang='lat' dir='ltr'>praesidia</span> <span class='ocrx_word' id='word_1_505' title='bbox 3526 1537 3690 1575; x_wconf 83' lang='lat' dir='ltr'>com-</span> 
     </span>
    </p>
   </div>
   <div class='ocr_carea' id='block_1_77' title="bbox 2043 1591 3690 1662">
    <p class='ocr_par' dir='ltr' id='par_1_77' title="bbox 2043 1591 3690 1662">
     <span class='ocr_line' id='line_1_77' title="bbox 2043 1591 3690 1662; baseline 0.001 -18"><span class='ocrx_word' id='word_1_506' title='bbox 2043 1593 2307 1662; x_wconf 87' lang='lat' dir='ltr'>parabat.</span> <span class='ocrx_word' id='word_1_507' title='bbox 2344 1591 2401 1645; x_wconf 91' lang='lat' dir='ltr'>Si</span> <span class='ocrx_word' id='word_1_508' title='bbox 2435 1592 2560 1642; x_wconf 71' lang='lat' dir='ltr'>dum</span> <span class='ocrx_word' id='word_1_509' title='bbox 2593 1597 2788 1645; x_wconf 89' lang='lat' dir='ltr'>autem</span> <span class='ocrx_word' id='word_1_510' title='bbox 2822 1598 3039 1644; x_wconf 68' lang='lat' dir='ltr'>naturae</span> <span class='ocrx_word' id='word_1_511' title='bbox 3083 1607 3199 1645; x_wconf 91' lang='lat' dir='ltr'>non</span> <span class='ocrx_word' id='word_1_512' title='bbox 3241 1593 3318 1645; x_wconf 87' lang='lat' dir='ltr'>ita</span> <span class='ocrx_word' id='word_1_513' title='bbox 3351 1596 3690 1646; x_wconf 86' lang='lat' dir='ltr'>statuantur</span> 
     </span>
    </p>
   </div>
   <div class='ocr_carea' id='block_1_78' title="bbox 2042 1661 3685 1732">
    <p class='ocr_par' dir='ltr' id='par_1_78' title="bbox 2042 1661 3685 1732">
     <span class='ocr_line' id='line_1_78' title="bbox 2042 1661 3685 1732; baseline 0.001 -16"><span class='ocrx_word' id='word_1_514' title='bbox 2042 1661 2113 1716; x_wconf 81' lang='lat' dir='ltr'>ch</span> <span class='ocrx_word' id='word_1_515' title='bbox 2146 1661 2365 1727; x_wconf 90' lang='lat' dir='ltr'>oculos,</span> <span class='ocrx_word' id='word_1_516' title='bbox 2402 1668 2466 1715; x_wconf 91' lang='lat' dir='ltr'>ut</span> <span class='ocrx_word' id='word_1_517' title='bbox 2499 1663 2646 1716; x_wconf 63' lang='lat' dir='ltr'>bina:</span> <span class='ocrx_word' id='word_1_518' title='bbox 2679 1663 2854 1717; x_wconf 90' lang='lat' dir='ltr'>simul</span> <span class='ocrx_word' id='word_1_519' title='bbox 2885 1678 2954 1716; x_wconf 87' lang='lat' dir='ltr'>ex</span> <span class='ocrx_word' id='word_1_520' title='bbox 2983 1679 3150 1732; x_wconf 69' lang='lat' dir='ltr'>aequo</span> <span class='ocrx_word' id='word_1_521' title='bbox 3202 1665 3536 1732; x_wconf 88' lang='lat' dir='ltr'>procedant,</span> <span class='ocrx_word' id='word_1_522' title='bbox 3587 1666 3685 1718; x_wconf 86' lang='lat' dir='ltr'>sed</span> 
     </span>
    </p>
   </div>
   <div class='ocr_carea' id='block_1_79' title="bbox 2045 1733 3689 1806">
    <p class='ocr_par' dir='ltr' id='par_1_79' title="bbox 2045 1733 3689 1806">
     <span class='ocr_line' id='line_1_79' title="bbox 2045 1733 3689 1806; baseline 0.001 -18"><span class='ocrx_word' id='word_1_523' title='bbox 2045 1738 2108 1788; x_wconf 89' lang='lat' dir='ltr'>ut</span> <span class='ocrx_word' id='word_1_524' title='bbox 2141 1735 2323 1788; x_wconf 88' lang='lat' dir='ltr'>altera</span> <span class='ocrx_word' id='word_1_525' title='bbox 2354 1733 2976 1806; x_wconf 15' lang='lat' dir='ltr'>subjungaturralteri;</span> <span class='ocrx_word' id='word_1_526' title='bbox 3010 1740 3075 1788; x_wconf 92' lang='lat' dir='ltr'>ut</span> <span class='ocrx_word' id='word_1_527' title='bbox 3125 1751 3242 1788; x_wconf 90' lang='lat' dir='ltr'>una</span> <span class='ocrx_word' id='word_1_528' title='bbox 3289 1736 3689 1806; x_wconf 79' lang='lat' dir='ltr'>principaliter</span> 
     </span>
    </p>
   </div>
   <div class='ocr_carea' id='block_1_80' title="bbox 2039 1804 3689 1874">
    <p class='ocr_par' dir='ltr' id='par_1_80' title="bbox 2039 1804 3689 1874">
     <span class='ocr_line' id='line_1_80' title="bbox 2039 1804 3689 1874; baseline 0 -13"><span class='ocrx_word' id='word_1_529' title='bbox 2039 1807 2313 1872; x_wconf 91' lang='lat' dir='ltr'>emineat,</span> <span class='ocrx_word' id='word_1_530' title='bbox 2343 1804 2522 1860; x_wconf 89' lang='lat' dir='ltr'>altera</span> <span class='ocrx_word' id='word_1_531' title='bbox 2553 1805 2810 1860; x_wconf 89' lang='lat' dir='ltr'>accessio</span> <span class='ocrx_word' id='word_1_532' title='bbox 2840 1808 2966 1874; x_wconf 86' lang='lat' dir='ltr'>ejus</span> <span class='ocrx_word' id='word_1_533' title='bbox 2998 1807 3074 1859; x_wconf 88' lang='lat' dir='ltr'>sit</span> <span class='ocrx_word' id='word_1_534' title='bbox 3109 1822 3120 1859; x_wconf 94' lang='lat'>:</span> <span class='ocrx_word' id='word_1_535' title='bbox 3156 1804 3300 1859; x_wconf 28' lang='lat' dir='ltr'>una’</span> <span class='ocrx_word' id='word_1_536' title='bbox 3322 1804 3496 1861; x_wconf 85' lang='lat' dir='ltr'>fuerit</span> <span class='ocrx_word' id='word_1_537' title='bbox 3535 1823 3689 1861; x_wconf 87' lang='lat' dir='ltr'>scm-</span> 
     </span>
    </p>
   </div>
   <div class='ocr_carea' id='block_1_81' title="bbox 2042 1876 3683 1949">
    <p class='ocr_par' dir='ltr' id='par_1_81' title="bbox 2042 1876 3683 1949">
     <span class='ocr_line' id='line_1_81' title="bbox 2042 1876 3683 1949; baseline 0.001 -18"><span class='ocrx_word' id='word_1_538' title='bbox 2042 1895 2142 1949; x_wconf 92' lang='lat' dir='ltr'>per</span> <span class='ocrx_word' id='word_1_539' title='bbox 2172 1881 2230 1930; x_wconf 91' lang='lat' dir='ltr'>et</span> <span class='ocrx_word' id='word_1_540' title='bbox 2263 1883 2462 1949; x_wconf 86' lang='lat' dir='ltr'>pergat</span> <span class='ocrx_word' id='word_1_541' title='bbox 2508 1892 2658 1949; x_wconf 88' lang='lat' dir='ltr'>esse,</span> <span class='ocrx_word' id='word_1_542' title='bbox 2703 1876 2902 1949; x_wconf 82' lang='lat' dir='ltr'>altera</span> <span class='ocrx_word' id='word_1_543' title='bbox 2959 1891 3147 1947; x_wconf 89' lang='lat' dir='ltr'>nuper</span> <span class='ocrx_word' id='word_1_544' title='bbox 3196 1876 3279 1930; x_wconf 91' lang='lat' dir='ltr'>illi</span> <span class='ocrx_word' id='word_1_545' title='bbox 3323 1879 3683 1933; x_wconf 85' lang='lat' dir='ltr'>accreverit:</span> 
     </span>
    </p>
   </div>
   <div class='ocr_carea' id='block_1_82' title="bbox 2038 1947 3682 2019">
    <p class='ocr_par' dir='ltr' id='par_1_82' title="bbox 2038 1947 3682 2019">
     <span class='ocr_line' id='line_1_82' title="bbox 2038 1947 3682 2019; baseline 0 -17"><span class='ocrx_word' id='word_1_546' title='bbox 2038 1947 2155 2003; x_wconf 83' lang='lat' dir='ltr'>una</span> <span class='ocrx_word' id='word_1_547' title='bbox 2185 1965 2291 2003; x_wconf 88' lang='lat' dir='ltr'>sua</span> <span class='ocrx_word' id='word_1_548' title='bbox 2321 1948 2430 2002; x_wconf 90' lang='lat' dir='ltr'>sibi</span> <span class='ocrx_word' id='word_1_549' title='bbox 2475 1947 2586 2019; x_wconf 77' lang='lat' dir='ltr'>sit,</span> <span class='ocrx_word' id='word_1_550' title='bbox 2623 1948 2714 2002; x_wconf 90' lang='lat' dir='ltr'>sui</span> <span class='ocrx_word' id='word_1_551' title='bbox 2760 1948 2915 2016; x_wconf 91' lang='lat' dir='ltr'>juris</span> <span class='ocrx_word' id='word_1_552' title='bbox 2977 1965 3169 2018; x_wconf 63' lang='lat' dir='ltr'>eaeque</span> <span class='ocrx_word' id='word_1_553' title='bbox 3225 1951 3531 2019; x_wconf 81' lang='lat' dir='ltr'>potestatis</span> <span class='ocrx_word' id='word_1_554' title='bbox 3586 1951 3682 2013; x_wconf 87' lang='lat' dir='ltr'>sit,</span> 
     </span>
    </p>
   </div>
   <div class='ocr_carea' id='block_1_83' title="bbox 2039 2018 3682 2091">
    <p class='ocr_par' dir='ltr' id='par_1_83' title="bbox 2039 2018 3682 2091">
     <span class='ocr_line' id='line_1_83' title="bbox 2039 2018 3682 2091; baseline -0.001 -15"><span class='ocrx_word' id='word_1_555' title='bbox 2039 2038 2139 2091; x_wconf 91' lang='lat' dir='ltr'>per</span> <span class='ocrx_word' id='word_1_556' title='bbox 2168 2037 2228 2074; x_wconf 92' lang='lat' dir='ltr'>se</span> <span class='ocrx_word' id='word_1_557' title='bbox 2261 2018 2709 2091; x_wconf 88' lang='lat' dir='ltr'>immutabiliter</span> <span class='ocrx_word' id='word_1_558' title='bbox 2737 2024 2794 2072; x_wconf 89' lang='lat' dir='ltr'>et</span> <span class='ocrx_word' id='word_1_559' title='bbox 2817 2020 3172 2088; x_wconf 80' lang='lat' dir='ltr'>sempiterna</span> <span class='ocrx_word' id='word_1_560' title='bbox 3204 2018 3312 2085; x_wconf 86' lang='lat' dir='ltr'>sit;</span> <span class='ocrx_word' id='word_1_561' title='bbox 3369 2020 3549 2075; x_wconf 88' lang='lat' dir='ltr'>altera</span> <span class='ocrx_word' id='word_1_562' title='bbox 3599 2022 3682 2075; x_wconf 93' lang='lat' dir='ltr'>illi</span> 
     </span>
    </p>
   </div>
   <div class='ocr_carea' id='block_1_84' title="bbox 2038 2090 3684 2161">
    <p class='ocr_par' dir='ltr' id='par_1_84' title="bbox 2038 2090 3684 2161">
     <span class='ocr_line' id='line_1_84' title="bbox 2038 2090 3684 2161; baseline -0.001 -14"><span class='ocrx_word' id='word_1_563' title='bbox 2038 2090 2099 2147; x_wconf 84' lang='lat' dir='ltr'>ut</span> <span class='ocrx_word' id='word_1_564' title='bbox 2128 2093 2388 2159; x_wconf 84' lang='lat' dir='ltr'>subjecto</span> <span class='ocrx_word' id='word_1_565' title='bbox 2431 2090 2701 2144; x_wconf 90' lang='lat' dir='ltr'>accidens</span> <span class='ocrx_word' id='word_1_566' title='bbox 2733 2091 3057 2160; x_wconf 90' lang='lat' dir='ltr'>incumbat,</span> <span class='ocrx_word' id='word_1_567' title='bbox 3110 2091 3192 2144; x_wconf 79' lang='lat' dir='ltr'>illi</span> <span class='ocrx_word' id='word_1_568' title='bbox 3237 2098 3684 2161; x_wconf 86' lang='lat' dir='ltr'>superstruatur</span> 
     </span>
    </p>
   </div>
   <div class='ocr_carea' id='block_1_85' title="bbox 2037 2161 3680 2234">
    <p class='ocr_par' dir='ltr' id='par_1_85' title="bbox 2037 2161 3680 2234">
     <span class='ocr_line' id='line_1_85' title="bbox 2037 2161 3680 2234; baseline 0 -16"><span class='ocrx_word' id='word_1_569' title='bbox 2037 2169 2101 2218; x_wconf 87' lang='lat' dir='ltr'>ut</span> <span class='ocrx_word' id='word_1_570' title='bbox 2132 2164 2536 2225; x_wconf 84' lang='lat' dir='ltr'>fundamento,</span> <span class='ocrx_word' id='word_1_571' title='bbox 2569 2161 2730 2215; x_wconf 88' lang='lat' dir='ltr'>illius</span> <span class='ocrx_word' id='word_1_572' title='bbox 2753 2163 2876 2232; x_wconf 88' lang='lat' dir='ltr'>juri</span> <span class='ocrx_word' id='word_1_573' title='bbox 2910 2162 3231 2234; x_wconf 84' lang='lat' dir='ltr'>censuique</span> <span class='ocrx_word' id='word_1_574' title='bbox 3283 2165 3539 2234; x_wconf 88' lang='lat' dir='ltr'>ascripta</span> <span class='ocrx_word' id='word_1_575' title='bbox 3585 2166 3680 2231; x_wconf 88' lang='lat' dir='ltr'>sit,</span> 
     </span>
    </p>
   </div>
   <div class='ocr_carea' id='block_1_86' title="bbox 2033 2233 3682 2306">
    <p class='ocr_par' dir='ltr' id='par_1_86' title="bbox 2033 2233 3682 2306">
     <span class='ocr_line' id='line_1_86' title="bbox 2033 2233 3682 2306; baseline -0.001 -16"><span class='ocrx_word' id='word_1_576' title='bbox 2033 2235 2190 2290; x_wconf 88' lang='lat' dir='ltr'>illius</span> <span class='ocrx_word' id='word_1_577' title='bbox 2225 2235 2456 2306; x_wconf 90' lang='lat' dir='ltr'>propria</span> <span class='ocrx_word' id='word_1_578' title='bbox 2486 2238 2544 2288; x_wconf 92' lang='lat' dir='ltr'>et</span> <span class='ocrx_word' id='word_1_579' title='bbox 2573 2234 2744 2304; x_wconf 89' lang='lat' dir='ltr'>quasi</span> <span class='ocrx_word' id='word_1_580' title='bbox 2776 2233 3151 2303; x_wconf 82' lang='lat' dir='ltr'>portiuncula</span> <span class='ocrx_word' id='word_1_581' title='bbox 3180 2233 3278 2304; x_wconf 89' lang='lat' dir='ltr'>sit,</span> <span class='ocrx_word' id='word_1_582' title='bbox 3308 2251 3410 2306; x_wconf 91' lang='lat' dir='ltr'>per</span> <span class='ocrx_word' id='word_1_583' title='bbox 3441 2233 3499 2290; x_wconf 74' lang='lat' dir='ltr'>Se</span> <span class='ocrx_word' id='word_1_584' title='bbox 3526 2252 3682 2290; x_wconf 85' lang='lat' dir='ltr'>seor-</span> 
     </span>
    </p>
   </div>
   <div class='ocr_carea' id='block_1_87' title="bbox 2033 2306 3682 2375">
    <p class='ocr_par' dir='ltr' id='par_1_87' title="bbox 2033 2306 3682 2375">
     <span class='ocr_line' id='line_1_87' title="bbox 2033 2306 3682 2375; baseline -0.001 -13"><span class='ocrx_word' id='word_1_585' title='bbox 2033 2309 2144 2362; x_wconf 90' lang='lat' dir='ltr'>sim</span> <span class='ocrx_word' id='word_1_586' title='bbox 2182 2322 2285 2361; x_wconf 91' lang='lat' dir='ltr'>nec</span> <span class='ocrx_word' id='word_1_587' title='bbox 2318 2307 2414 2369; x_wconf 90' lang='lat' dir='ltr'>sit,</span> <span class='ocrx_word' id='word_1_588' title='bbox 2450 2321 2553 2359; x_wconf 90' lang='lat' dir='ltr'>nec</span> <span class='ocrx_word' id='word_1_589' title='bbox 2589 2321 2848 2375; x_wconf 86' lang='lat' dir='ltr'>unquam</span> <span class='ocrx_word' id='word_1_590' title='bbox 2883 2306 3096 2372; x_wconf 88' lang='lat' dir='ltr'>fuerit;</span> <span class='ocrx_word' id='word_1_591' title='bbox 3130 2311 3255 2359; x_wconf 90' lang='lat' dir='ltr'>tum</span> <span class='ocrx_word' id='word_1_592' title='bbox 3307 2321 3441 2361; x_wconf 89' lang='lat' dir='ltr'>vero</span> <span class='ocrx_word' id='word_1_593' title='bbox 3486 2308 3682 2362; x_wconf 89' lang='lat' dir='ltr'>omnis</span> 
     </span>
    </p>
   </div>
   <div class='ocr_carea' id='block_1_88' title="bbox 2032 2376 3681 2450">
    <p class='ocr_par' dir='ltr' id='par_1_88' title="bbox 2032 2376 3681 2450">
     <span class='ocr_line' id='line_1_88' title="bbox 2032 2376 3681 2450; baseline 0.001 -18"><span class='ocrx_word' id='word_1_594' title='bbox 2032 2379 2262 2433; x_wconf 87' lang='lat' dir='ltr'>eluetur</span> <span class='ocrx_word' id='word_1_595' title='bbox 2291 2377 2345 2430; x_wconf 91' lang='lat' dir='ltr'>in</span> <span class='ocrx_word' id='word_1_596' title='bbox 2377 2376 2622 2448; x_wconf 73' lang='lat' dir='ltr'>geminas</span> <span class='ocrx_word' id='word_1_597' title='bbox 2656 2381 2874 2432; x_wconf 66' lang='lat' dir='ltr'>natura:</span> <span class='ocrx_word' id='word_1_598' title='bbox 2901 2376 3264 2448; x_wconf 89' lang='lat' dir='ltr'>professione</span> <span class='ocrx_word' id='word_1_599' title='bbox 3294 2378 3551 2448; x_wconf 87' lang='lat' dir='ltr'>suspicio</span> <span class='ocrx_word' id='word_1_600' title='bbox 3584 2396 3681 2450; x_wconf 85' lang='lat' dir='ltr'>ge-</span> 
     </span>
    </p>
   </div>
   <div class='ocr_carea' id='block_1_89' title="bbox 2032 2450 2569 2517">
    <p class='ocr_par' dir='ltr' id='par_1_89' title="bbox 2032 2450 2569 2517">
     <span class='ocr_line' id='line_1_89' title="bbox 2032 2450 2569 2517; baseline -0.004 -13"><span class='ocrx_word' id='word_1_601' title='bbox 2032 2450 2261 2504; x_wconf 67' lang='lat' dir='ltr'>minatae</span> <span class='ocrx_word' id='word_1_602' title='bbox 2292 2465 2569 2517; x_wconf 68' lang='lat' dir='ltr'>personae.</span> 
     </span>
    </p>
   </div>
   <div class='ocr_carea' id='block_1_90' title="bbox 2099 2518 3676 2592">
    <p class='ocr_par' dir='ltr' id='par_1_90' title="bbox 2099 2518 3676 2592">
     <span class='ocr_line' id='line_1_90' title="bbox 2099 2518 3676 2592; baseline 0.003 -22"><span class='ocrx_word' id='word_1_603' title='bbox 2099 2544 2126 2570; x_wconf 85' lang='lat'><strong>«</strong></span> <span class='ocrx_word' id='word_1_604' title='bbox 2164 2524 2233 2575; x_wconf 88' lang='lat' dir='ltr'>At</span> <span class='ocrx_word' id='word_1_605' title='bbox 2266 2521 2321 2574; x_wconf 92' lang='lat' dir='ltr'>id</span> <span class='ocrx_word' id='word_1_606' title='bbox 2351 2521 2601 2592; x_wconf 86' lang='lat' dir='ltr'>Cyrillus</span> <span class='ocrx_word' id='word_1_607' title='bbox 2634 2518 2898 2592; x_wconf 72' lang='lat' dir='ltr'>molitus.</span> <span class='ocrx_word' id='word_1_608' title='bbox 2931 2518 2986 2573; x_wconf 94' lang='lat' dir='ltr'>id</span> <span class='ocrx_word' id='word_1_609' title='bbox 3039 2525 3396 2592; x_wconf 85' lang='lat' dir='ltr'>consecutus</span> <span class='ocrx_word' id='word_1_610' title='bbox 3438 2523 3526 2574; x_wconf 85' lang='lat' dir='ltr'>est</span> <span class='ocrx_word' id='word_1_611' title='bbox 3577 2520 3676 2574; x_wconf 88' lang='lat' dir='ltr'>ubi</span> 
     </span>
    </p>
   </div>
   <div class='ocr_carea' id='block_1_91' title="bbox 2031 2591 3673 2647">
    <p class='ocr_par' dir='ltr' id='par_1_91' title="bbox 2031 2591 3673 2647">
     <span class='ocr_line' id='line_1_91' title="bbox 2031 2591 3673 2647; baseline -0.001 0"><span class='ocrx_word' id='word_1_612' title='bbox 2031 2609 2064 2646; x_wconf 93' lang='lat' dir='ltr'>u</span> <span class='ocrx_word' id='word_1_613' title='bbox 2078 2610 2201 2647; x_wconf 87' lang='lat' dir='ltr'>nam</span> <span class='ocrx_word' id='word_1_614' title='bbox 2236 2593 2380 2646; x_wconf 85' lang='lat' dir='ltr'>dixit</span> <span class='ocrx_word' id='word_1_615' title='bbox 2405 2591 2678 2646; x_wconf 87' lang='lat' dir='ltr'>naturam</span> <span class='ocrx_word' id='word_1_616' title='bbox 2692 2591 2864 2645; x_wconf 91' lang='lat' dir='ltr'>Verbi</span> <span class='ocrx_word' id='word_1_617' title='bbox 2883 2591 3497 2646; x_wconf 82' lang='lat' dir='ltr'>incarnatam.Eminel</span> <span class='ocrx_word' id='word_1_618' title='bbox 3517 2593 3673 2647; x_wconf 91' lang='lat' dir='ltr'>enim</span> 
     </span>
    </p>
   </div>
   <div class='ocr_carea' id='block_1_92' title="bbox 2029 2663 3676 2736">
    <p class='ocr_par' dir='ltr' id='par_1_92' title="bbox 2029 2663 3676 2736">
     <span class='ocr_line' id='line_1_92' title="bbox 2029 2663 3676 2736; baseline 0.001 -20"><span class='ocrx_word' id='word_1_619' title='bbox 2029 2671 2084 2718; x_wconf 90' lang='lat' dir='ltr'>et</span> <span class='ocrx_word' id='word_1_620' title='bbox 2116 2663 2336 2736; x_wconf 86' lang='lat' dir='ltr'>primas</span> <span class='ocrx_word' id='word_1_621' title='bbox 2363 2666 2543 2736; x_wconf 78' lang='lat' dir='ltr'>tenet,</span> <span class='ocrx_word' id='word_1_622' title='bbox 2575 2663 2839 2736; x_wconf 83' lang='lat' dir='ltr'>imosola</span> <span class='ocrx_word' id='word_1_623' title='bbox 2871 2663 2929 2736; x_wconf 90' lang='lat' dir='ltr'>i_n_</span> <span class='ocrx_word' id='word_1_624' title='bbox 2959 2667 3338 2736; x_wconf 81' lang='lat' dir='ltr'>conspectum</span> <span class='ocrx_word' id='word_1_625' title='bbox 3383 2663 3676 2736; x_wconf 7' lang='lat' dir='ltr'>statimpse</span> 
     </span>
    </p>
   </div>
   <div class='ocr_carea' id='block_1_93' title="bbox 2027 2733 3666 2807">
    <p class='ocr_par' dir='ltr' id='par_1_93' title="bbox 2027 2733 3666 2807">
     <span class='ocr_line' id='line_1_93' title="bbox 2027 2733 3666 2807; baseline 0 -17"><span class='ocrx_word' id='word_1_626' title='bbox 2027 2733 2131 2790; x_wconf 80' lang='lat' dir='ltr'>dat</span> <span class='ocrx_word' id='word_1_627' title='bbox 2159 2733 2558 2807; x_wconf 89' lang='lat' dir='ltr'>principaliter</span> <span class='ocrx_word' id='word_1_628' title='bbox 2582 2733 2865 2807; x_wconf 87' lang='lat' dir='ltr'>divinitas</span> <span class='ocrx_word' id='word_1_629' title='bbox 2885 2734 3085 2800; x_wconf 92' lang='lat' dir='ltr'>Verbi;</span> <span class='ocrx_word' id='word_1_630' title='bbox 3121 2750 3226 2788; x_wconf 91' lang='lat' dir='ltr'>nec</span> <span class='ocrx_word' id='word_1_631' title='bbox 3259 2734 3401 2788; x_wconf 88' lang='lat' dir='ltr'>latet</span> <span class='ocrx_word' id='word_1_632' title='bbox 3430 2734 3666 2807; x_wconf 86' lang='lat' dir='ltr'>interim</span> 
     </span>
    </p>
   </div>
   <div class='ocr_carea' id='block_1_94' title="bbox 2027 2805 3667 2876">
    <p class='ocr_par' dir='ltr' id='par_1_94' title="bbox 2027 2805 3667 2876">
     <span class='ocr_line' id='line_1_94' title="bbox 2027 2805 3667 2876; baseline 0.001 -15"><span class='ocrx_word' id='word_1_633' title='bbox 2027 2805 2175 2862; x_wconf 46' lang='lat' dir='ltr'>caro&#39;</span> <span class='ocrx_word' id='word_1_634' title='bbox 2209 2824 2311 2862; x_wconf 89' lang='lat' dir='ltr'>seu</span> <span class='ocrx_word' id='word_1_635' title='bbox 2350 2805 2715 2867; x_wconf 83' lang='lat' dir='ltr'>humanitas,</span> <span class='ocrx_word' id='word_1_636' title='bbox 2747 2823 2813 2860; x_wconf 87' lang='lat' dir='ltr'>ex</span> <span class='ocrx_word' id='word_1_637' title='bbox 2839 2823 2951 2876; x_wconf 89' lang='lat' dir='ltr'>quo</span> <span class='ocrx_word' id='word_1_638' title='bbox 2974 2807 3186 2860; x_wconf 82' lang='lat' dir='ltr'>dicitur</span> <span class='ocrx_word' id='word_1_639' title='bbox 3206 2807 3529 2861; x_wconf 89' lang='lat' dir='ltr'>inearnata.</span> <span class='ocrx_word' id='word_1_640' title='bbox 3559 2806 3667 2862; x_wconf 91' lang='lat' dir='ltr'>0c-</span> 
     </span>
    </p>
   </div>
   <div class='ocr_carea' id='block_1_95' title="bbox 2027 2877 3667 2946">
    <p class='ocr_par' dir='ltr' id='par_1_95' title="bbox 2027 2877 3667 2946">
     <span class='ocr_line' id='line_1_95' title="bbox 2027 2877 3667 2946; baseline 0 -14"><span class='ocrx_word' id='word_1_641' title='bbox 2027 2885 2225 2934; x_wconf 89' lang='lat' dir='ltr'>cursat</span> <span class='ocrx_word' id='word_1_642' title='bbox 2253 2880 2449 2946; x_wconf 85' lang='lat' dir='ltr'>itaque</span> <span class='ocrx_word' id='word_1_643' title='bbox 2491 2894 2605 2932; x_wconf 88' lang='lat' dir='ltr'>non</span> <span class='ocrx_word' id='word_1_644' title='bbox 2649 2877 2835 2932; x_wconf 83' lang='lat' dir='ltr'>deitas</span> <span class='ocrx_word' id='word_1_645' title='bbox 2866 2883 2922 2931; x_wconf 92' lang='lat' dir='ltr'>et</span> <span class='ocrx_word' id='word_1_646' title='bbox 2951 2894 3105 2938; x_wconf 88' lang='lat' dir='ltr'>caro,</span> <span class='ocrx_word' id='word_1_647' title='bbox 3151 2879 3251 2932; x_wconf 88' lang='lat' dir='ltr'>sed</span> <span class='ocrx_word' id='word_1_648' title='bbox 3299 2879 3485 2933; x_wconf 89' lang='lat' dir='ltr'>deitas</span> <span class='ocrx_word' id='word_1_649' title='bbox 3535 2895 3667 2932; x_wconf 90' lang='lat' dir='ltr'>cum</span> 
     </span>
    </p>
   </div>
   <div class='ocr_carea' id='block_1_96' title="bbox 2027 2949 3669 3016">
    <p class='ocr_par' dir='ltr' id='par_1_96' title="bbox 2027 2949 3669 3016">
     <span class='ocr_line' id='line_1_96' title="bbox 2027 2949 3669 3016; baseline 0 -11"><span class='ocrx_word' id='word_1_650' title='bbox 2027 2967 2200 3005; x_wconf 90' lang='lat' dir='ltr'>carne</span> <span class='ocrx_word' id='word_1_651' title='bbox 2233 2966 2245 3003; x_wconf 90' lang='lat'>:</span> <span class='ocrx_word' id='word_1_652' title='bbox 2280 2967 2393 3004; x_wconf 85' lang='lat' dir='ltr'>non</span> <span class='ocrx_word' id='word_1_653' title='bbox 2427 2951 2580 3005; x_wconf 89' lang='lat' dir='ltr'>Deus</span> <span class='ocrx_word' id='word_1_654' title='bbox 2611 2956 2668 3003; x_wconf 90' lang='lat' dir='ltr'>et</span> <span class='ocrx_word' id='word_1_655' title='bbox 2697 2949 2899 3012; x_wconf 89' lang='lat' dir='ltr'>homo,</span> <span class='ocrx_word' id='word_1_656' title='bbox 2934 2950 3030 3003; x_wconf 89' lang='lat' dir='ltr'>sed</span> <span class='ocrx_word' id='word_1_657' title='bbox 3085 2950 3237 3004; x_wconf 86' lang='lat' dir='ltr'>Deus</span> <span class='ocrx_word' id='word_1_658' title='bbox 3269 2949 3669 3016; x_wconf 90' lang='lat' dir='ltr'>humanatus;</span> 
     </span>
    </p>
   </div>
   <div class='ocr_carea' id='block_1_97' title="bbox 2028 3021 3674 3094">
    <p class='ocr_par' dir='ltr' id='par_1_97' title="bbox 2028 3021 3674 3094">
     <span class='ocr_line' id='line_1_97' title="bbox 2028 3021 3674 3094; baseline 0 -18"><span class='ocrx_word' id='word_1_659' title='bbox 2028 3040 2143 3077; x_wconf 92' lang='lat' dir='ltr'>non</span> <span class='ocrx_word' id='word_1_660' title='bbox 2158 3023 2369 3092; x_wconf 86' lang='lat' dir='ltr'>duplex</span> <span class='ocrx_word' id='word_1_661' title='bbox 2384 3023 2811 3087; x_wconf 87' lang='lat' dir='ltr'>natura,deitas</span> <span class='ocrx_word' id='word_1_662' title='bbox 2829 3027 2885 3076; x_wconf 91' lang='lat' dir='ltr'>et</span> <span class='ocrx_word' id='word_1_663' title='bbox 2906 3021 3264 3094; x_wconf 80' lang='lat' dir='ltr'>humanitas,</span> <span class='ocrx_word' id='word_1_664' title='bbox 3283 3021 3404 3094; x_wconf 86' lang='lat' dir='ltr'>sed,</span> <span class='ocrx_word' id='word_1_665' title='bbox 3421 3022 3674 3094; x_wconf 85' lang='lat' dir='ltr'>simplex</span> 
     </span>
    </p>
   </div>
   <div class='ocr_carea' id='block_1_98' title="bbox 2027 3092 3672 3158">
    <p class='ocr_par' dir='ltr' id='par_1_98' title="bbox 2027 3092 3672 3158">
     <span class='ocr_line' id='line_1_98' title="bbox 2027 3092 3672 3158; baseline -0.001 -10"><span class='ocrx_word' id='word_1_666' title='bbox 2027 3100 2239 3149; x_wconf 90' lang='lat' dir='ltr'>natura</span> <span class='ocrx_word' id='word_1_667' title='bbox 2265 3095 2521 3158; x_wconf 87' lang='lat' dir='ltr'>deitatis,</span> <span class='ocrx_word' id='word_1_668' title='bbox 2560 3109 2692 3147; x_wconf 90' lang='lat' dir='ltr'>cum</span> <span class='ocrx_word' id='word_1_669' title='bbox 2737 3094 3037 3148; x_wconf 89' lang='lat' dir='ltr'>accesione</span> <span class='ocrx_word' id='word_1_670' title='bbox 3088 3092 3496 3148; x_wconf 89' lang='lat' dir='ltr'>humanitatis.</span> <span class='ocrx_word' id='word_1_671' title='bbox 3545 3092 3672 3148; x_wconf 87' lang='lat' dir='ltr'>Ete-</span> 
     </span>
    </p>
   </div>
   <div class='ocr_carea' id='block_1_99' title="bbox 2031 3164 3679 3231">
    <p class='ocr_par' dir='ltr' id='par_1_99' title="bbox 2031 3164 3679 3231">
     <span class='ocr_line' id='line_1_99' title="bbox 2031 3164 3679 3231; baseline 0.001 -12"><span class='ocrx_word' id='word_1_672' title='bbox 2031 3166 2153 3220; x_wconf 90' lang='lat' dir='ltr'>nim</span> <span class='ocrx_word' id='word_1_673' title='bbox 2187 3165 2287 3219; x_wconf 91' lang='lat' dir='ltr'>ubi</span> <span class='ocrx_word' id='word_1_674' title='bbox 2319 3166 2448 3218; x_wconf 66' lang='lat' dir='ltr'>dua:</span> <span class='ocrx_word' id='word_1_675' title='bbox 2477 3171 2697 3219; x_wconf 68' lang='lat' dir='ltr'>natura:</span> <span class='ocrx_word' id='word_1_676' title='bbox 2729 3165 3006 3219; x_wconf 89' lang='lat' dir='ltr'>dicuntur</span> <span class='ocrx_word' id='word_1_677' title='bbox 3037 3168 3185 3220; x_wconf 87' lang='lat' dir='ltr'>Deus</span> <span class='ocrx_word' id='word_1_678' title='bbox 3215 3170 3272 3218; x_wconf 87' lang='lat' dir='ltr'>et</span> <span class='ocrx_word' id='word_1_679' title='bbox 3294 3164 3490 3231; x_wconf 91' lang='lat' dir='ltr'>homo,</span> <span class='ocrx_word' id='word_1_680' title='bbox 3524 3172 3679 3220; x_wconf 86' lang='lat' dir='ltr'>utra-</span> 
     </span>
    </p>
   </div>
   <div class='ocr_carea' id='block_1_100' title="bbox 2031 3236 3681 3308">
    <p class='ocr_par' dir='ltr' id='par_1_100' title="bbox 2031 3236 3681 3308">
     <span class='ocr_line' id='line_1_100' title="bbox 2031 3236 3681 3308; baseline 0 -17"><span class='ocrx_word' id='word_1_681' title='bbox 2031 3253 2143 3308; x_wconf 92' lang='lat' dir='ltr'>que</span> <span class='ocrx_word' id='word_1_682' title='bbox 2174 3242 2385 3290; x_wconf 87' lang='lat' dir='ltr'>natura</span> <span class='ocrx_word' id='word_1_683' title='bbox 2414 3252 2516 3306; x_wconf 90' lang='lat' dir='ltr'>per</span> <span class='ocrx_word' id='word_1_684' title='bbox 2546 3253 2608 3291; x_wconf 88' lang='lat' dir='ltr'>se</span> <span class='ocrx_word' id='word_1_685' title='bbox 2641 3236 3138 3308; x_wconf 77' lang='lat' dir='ltr'>nominatur,_per</span> <span class='ocrx_word' id='word_1_686' title='bbox 3167 3251 3228 3290; x_wconf 90' lang='lat' dir='ltr'>se</span> <span class='ocrx_word' id='word_1_687' title='bbox 3260 3236 3589 3307; x_wconf 86' lang='lat' dir='ltr'>cogitatur;</span> <span class='ocrx_word' id='word_1_688' title='bbox 3623 3241 3681 3291; x_wconf 89' lang='lat' dir='ltr'>et</span> 
     </span>
    </p>
   </div>
   <div class='ocr_carea' id='block_1_101' title="bbox 2030 3306 3678 3380">
    <p class='ocr_par' dir='ltr' id='par_1_101' title="bbox 2030 3306 3678 3380">
     <span class='ocr_line' id='line_1_101' title="bbox 2030 3306 3678 3380; baseline -0.001 -17"><span class='ocrx_word' id='word_1_689' title='bbox 2030 3306 2132 3380; x_wconf 80' lang='lat' dir='ltr'>per</span> <span class='ocrx_word' id='word_1_690' title='bbox 2163 3324 2265 3362; x_wconf 89' lang='lat' dir='ltr'>seu</span> <span class='ocrx_word' id='word_1_691' title='bbox 2291 3309 2580 3362; x_wconf 88' lang='lat' dir='ltr'>nominari</span> <span class='ocrx_word' id='word_1_692' title='bbox 2632 3307 2944 3380; x_wconf 80' lang='lat' dir='ltr'>cogitarive</span> <span class='ocrx_word' id='word_1_693' title='bbox 2972 3306 3066 3360; x_wconf 83' lang='lat' dir='ltr'>vix</span> <span class='ocrx_word' id='word_1_694' title='bbox 3095 3312 3305 3380; x_wconf 82' lang='lat' dir='ltr'>potest,</span> <span class='ocrx_word' id='word_1_695' title='bbox 3347 3306 3498 3380; x_wconf 91' lang='lat' dir='ltr'>quin</span> <span class='ocrx_word' id='word_1_696' title='bbox 3550 3325 3678 3378; x_wconf 87' lang='lat' dir='ltr'>per-</span> 
     </span>
    </p>
   </div>
   <div class='ocr_carea' id='block_1_102' title="bbox 2030 3378 3679 3450">
    <p class='ocr_par' dir='ltr' id='par_1_102' title="bbox 2030 3378 3679 3450">
     <span class='ocr_line' id='line_1_102' title="bbox 2030 3378 3679 3450; baseline -0.001 -15"><span class='ocrx_word' id='word_1_697' title='bbox 2030 3378 2184 3435; x_wconf 72' lang='lat' dir='ltr'>sonae</span> <span class='ocrx_word' id='word_1_698' title='bbox 2207 3379 2417 3448; x_wconf 89' lang='lat' dir='ltr'>cuique</span> <span class='ocrx_word' id='word_1_699' title='bbox 2450 3397 2569 3434; x_wconf 61' lang='lat' dir='ltr'>suae</span> <span class='ocrx_word' id='word_1_700' title='bbox 2599 3378 2857 3450; x_wconf 90' lang='lat' dir='ltr'>suspicio</span> <span class='ocrx_word' id='word_1_701' title='bbox 2888 3378 3152 3449; x_wconf 88' lang='lat' dir='ltr'>obrepat.</span> <span class='ocrx_word' id='word_1_702' title='bbox 3204 3379 3282 3433; x_wconf 90' lang='lat' dir='ltr'>At</span> <span class='ocrx_word' id='word_1_703' title='bbox 3334 3379 3431 3450; x_wconf 90' lang='lat' dir='ltr'>ubi</span> <span class='ocrx_word' id='word_1_704' title='bbox 3466 3386 3679 3433; x_wconf 89' lang='lat' dir='ltr'>natura</span> 
     </span>
    </p>
   </div>
   <div class='ocr_carea' id='block_1_103' title="bbox 2027 3449 3680 3520">
    <p class='ocr_par' dir='ltr' id='par_1_103' title="bbox 2027 3449 3680 3520">
     <span class='ocr_line' id='line_1_103' title="bbox 2027 3449 3680 3520; baseline -0.001 -14"><span class='ocrx_word' id='word_1_705' title='bbox 2027 3457 2254 3506; x_wconf 90' lang='lat' dir='ltr'>tantum</span> <span class='ocrx_word' id='word_1_706' title='bbox 2286 3451 2456 3504; x_wconf 86' lang='lat' dir='ltr'>Verbi</span> <span class='ocrx_word' id='word_1_707' title='bbox 2504 3449 2803 3505; x_wconf 86' lang='lat' dir='ltr'>incarnata</span> <span class='ocrx_word' id='word_1_708' title='bbox 2834 3451 3070 3516; x_wconf 89' lang='lat' dir='ltr'>dicitur,</span> <span class='ocrx_word' id='word_1_709' title='bbox 3130 3466 3246 3504; x_wconf 89' lang='lat' dir='ltr'>una</span> <span class='ocrx_word' id='word_1_710' title='bbox 3296 3449 3574 3520; x_wconf 89' lang='lat' dir='ltr'>primario</span> <span class='ocrx_word' id='word_1_711' title='bbox 3623 3456 3680 3504; x_wconf 90' lang='lat' dir='ltr'>et</span> 
     </span>
    </p>
   </div>
   <div class='ocr_carea' id='block_1_104' title="bbox 2031 3522 3675 3596">
    <p class='ocr_par' dir='ltr' id='par_1_104' title="bbox 2031 3522 3675 3596">
     <span class='ocr_line' id='line_1_104' title="bbox 2031 3522 3675 3596; baseline -0.001 -19"><span class='ocrx_word' id='word_1_712' title='bbox 2031 3539 2134 3596; x_wconf 90' lang='lat' dir='ltr'>per</span> <span class='ocrx_word' id='word_1_713' title='bbox 2163 3539 2224 3578; x_wconf 91' lang='lat' dir='ltr'>se</span> <span class='ocrx_word' id='word_1_714' title='bbox 2273 3523 2616 3596; x_wconf 84' lang='lat' dir='ltr'>subsistens</span> <span class='ocrx_word' id='word_1_715' title='bbox 2646 3527 2870 3596; x_wconf 78' lang='lat' dir='ltr'>natura</span> <span class='ocrx_word' id='word_1_716' title='bbox 2917 3522 3261 3577; x_wconf 87' lang='lat' dir='ltr'>obversatur</span> <span class='ocrx_word' id='word_1_717' title='bbox 3293 3522 3511 3589; x_wconf 90' lang='lat' dir='ltr'>animo,</span> <span class='ocrx_word' id='word_1_718' title='bbox 3543 3538 3675 3576; x_wconf 86' lang='lat' dir='ltr'>cum</span> 
     </span>
    </p>
   </div>
   <div class='ocr_carea' id='block_1_105' title="bbox 2031 3593 2970 3650">
    <p class='ocr_par' dir='ltr' id='par_1_105' title="bbox 2031 3593 2970 3650">
     <span class='ocr_line' id='line_1_105' title="bbox 2031 3593 2970 3650; baseline -0.002 0"><span class='ocrx_word' id='word_1_719' title='bbox 2031 3593 2250 3650; x_wconf 63' lang='lat' dir='ltr'>natura;</span> <span class='ocrx_word' id='word_1_720' title='bbox 2285 3594 2524 3648; x_wconf 90' lang='lat' dir='ltr'>alterius</span> <span class='ocrx_word' id='word_1_721' title='bbox 2552 3593 2970 3650; x_wconf 88' lang='lat' dir='ltr'>additamento.</span> 
     </span>
    </p>
   </div>
   <div class='ocr_carea' id='block_1_106' title="bbox 2102 3661 3673 3737">
    <p class='ocr_par' dir='ltr' id='par_1_106' title="bbox 2102 3661 3673 3737">
     <span class='ocr_line' id='line_1_106' title="bbox 2102 3661 3673 3737; baseline 0.002 -22"><span class='ocrx_word' id='word_1_722' title='bbox 2102 3690 2127 3716; x_wconf 79' lang='grc' dir='ltr'>α</span> <span class='ocrx_word' id='word_1_723' title='bbox 2165 3667 2548 3731; x_wconf 88' lang='lat' dir='ltr'>Quamobrem</span> <span class='ocrx_word' id='word_1_724' title='bbox 2594 3665 2828 3737; x_wconf 89' lang='lat' dir='ltr'>singula</span> <span class='ocrx_word' id='word_1_725' title='bbox 2871 3666 2998 3737; x_wconf 85' lang='lat' dir='ltr'>ejus</span> <span class='ocrx_word' id='word_1_726' title='bbox 3051 3661 3673 3737; x_wconf 70' lang='lat' dir='ltr'>confessionisverba</span> 
     </span>
    </p>
   </div>
   <div class='ocr_carea' id='block_1_107' title="bbox 2031 3735 3673 3809">
    <p class='ocr_par' dir='ltr' id='par_1_107' title="bbox 2031 3735 3673 3809">
     <span class='ocr_line' id='line_1_107' title="bbox 2031 3735 3673 3809; baseline -0.001 -17"><span class='ocrx_word' id='word_1_727' title='bbox 2031 3739 2311 3793; x_wconf 89' lang='lat' dir='ltr'>momenti</span> <span class='ocrx_word' id='word_1_728' title='bbox 2347 3738 2662 3809; x_wconf 91' lang='lat' dir='ltr'>plurimum</span> <span class='ocrx_word' id='word_1_729' title='bbox 2695 3735 3039 3792; x_wconf 34' lang='lat' dir='ltr'>afferre—non</span> <span class='ocrx_word' id='word_1_730' title='bbox 3065 3735 3360 3809; x_wconf 82' lang='lat' dir='ltr'>immerito</span> <span class='ocrx_word' id='word_1_731' title='bbox 3379 3735 3673 3809; x_wconf 83' lang='lat' dir='ltr'>videntur,</span> 
     </span>
    </p>
   </div>
   <div class='ocr_carea' id='block_1_108' title="bbox 2029 3806 3672 3866">
    <p class='ocr_par' dir='ltr' id='par_1_108' title="bbox 2029 3806 3672 3866">
     <span class='ocr_line' id='line_1_108' title="bbox 2029 3806 3672 3866; baseline 0 -4"><span class='ocrx_word' id='word_1_732' title='bbox 2029 3811 2100 3863; x_wconf 85' lang='lat' dir='ltr'>ad</span> <span class='ocrx_word' id='word_1_733' title='bbox 2134 3810 2267 3864; x_wconf 85' lang='lat' dir='ltr'>fidei</span> <span class='ocrx_word' id='word_1_734' title='bbox 2298 3806 2578 3865; x_wconf 83' lang='lat' dir='ltr'>adversus</span> <span class='ocrx_word' id='word_1_735' title='bbox 2611 3809 2989 3866; x_wconf 89' lang='lat' dir='ltr'>Nestorianas</span> <span class='ocrx_word' id='word_1_736' title='bbox 3023 3806 3271 3862; x_wconf 90' lang='lat' dir='ltr'>insidias</span> <span class='ocrx_word' id='word_1_737' title='bbox 3303 3807 3672 3862; x_wconf 89' lang='lat' dir='ltr'>stabilimen-</span> 
     </span>
    </p>
   </div>
   <div class='ocr_carea' id='block_1_109' title="bbox 2029 3879 3675 3950">
    <p class='ocr_par' dir='ltr' id='par_1_109' title="bbox 2029 3879 3675 3950">
     <span class='ocr_line' id='line_1_109' title="bbox 2029 3879 3675 3950; baseline -0.001 -14"><span class='ocrx_word' id='word_1_738' title='bbox 2029 3886 2178 3936; x_wconf 89' lang='lat' dir='ltr'>tum.</span> <span class='ocrx_word' id='word_1_739' title='bbox 2210 3881 2353 3936; x_wconf 88' lang='lat' dir='ltr'>Nam</span> <span class='ocrx_word' id='word_1_740' title='bbox 2391 3885 2410 3936; x_wconf 94' lang='grc' dir='ltr'>Ι</span> <span class='ocrx_word' id='word_1_741' title='bbox 2443 3883 2664 3936; x_wconf 88' lang='lat' dir='ltr'>Natura</span> <span class='ocrx_word' id='word_1_742' title='bbox 2696 3900 2812 3937; x_wconf 90' lang='lat' dir='ltr'>una</span> <span class='ocrx_word' id='word_1_743' title='bbox 2843 3882 3063 3935; x_wconf 89' lang='lat' dir='ltr'>dicitur</span> <span class='ocrx_word' id='word_1_744' title='bbox 3092 3879 3304 3934; x_wconf 89' lang='lat' dir='ltr'>Verbi:</span> <span class='ocrx_word' id='word_1_745' title='bbox 3336 3895 3400 3933; x_wconf 88' lang='lat' dir='ltr'>ac</span> <span class='ocrx_word' id='word_1_746' title='bbox 3434 3880 3675 3950; x_wconf 86' lang='lat' dir='ltr'>proinde</span> 
     </span>
    </p>
   </div>
   <div class='ocr_carea' id='block_1_110' title="bbox 2031 3951 3677 4025">
    <p class='ocr_par' dir='ltr' id='par_1_110' title="bbox 2031 3951 3677 4025">
     <span class='ocr_line' id='line_1_110' title="bbox 2031 3951 3677 4025; baseline -0.002 -18"><span class='ocrx_word' id='word_1_747' title='bbox 2031 3954 2272 4025; x_wconf 90' lang='lat' dir='ltr'>perinde</span> <span class='ocrx_word' id='word_1_748' title='bbox 2304 3954 2474 4009; x_wconf 91' lang='lat' dir='ltr'>nobis</span> <span class='ocrx_word' id='word_1_749' title='bbox 2492 3958 2600 4020; x_wconf 88' lang='lat' dir='ltr'>est,</span> <span class='ocrx_word' id='word_1_750' title='bbox 2627 3969 2727 4009; x_wconf 91' lang='lat' dir='ltr'>seu</span> <span class='ocrx_word' id='word_1_751' title='bbox 2765 3958 3033 4008; x_wconf 90' lang='lat' dir='ltr'>naturam</span> <span class='ocrx_word' id='word_1_752' title='bbox 3068 3951 3146 4004; x_wconf 91' lang='lat' dir='ltr'>ibi</span> <span class='ocrx_word' id='word_1_753' title='bbox 3172 3967 3274 4020; x_wconf 90' lang='lat' dir='ltr'>pro</span> <span class='ocrx_word' id='word_1_754' title='bbox 3308 3955 3516 4025; x_wconf 80' lang='lat' dir='ltr'>natura</span> <span class='ocrx_word' id='word_1_755' title='bbox 3547 3952 3677 4025; x_wconf 87' lang='lat' dir='ltr'>stri-</span> 
     </span>
    </p>
   </div>
   <div class='ocr_carea' id='block_1_111' title="bbox 2031 4022 3678 4095">
    <p class='ocr_par' dir='ltr' id='par_1_111' title="bbox 2031 4022 3678 4095">
     <span class='ocr_line' id='line_1_111' title="bbox 2031 4022 3678 4095; baseline -0.001 -17"><span class='ocrx_word' id='word_1_756' title='bbox 2031 4022 2202 4090; x_wconf 73' lang='lat' dir='ltr'>ctius,</span> <span class='ocrx_word' id='word_1_757' title='bbox 2241 4043 2341 4080; x_wconf 88' lang='lat' dir='ltr'>seu</span> <span class='ocrx_word' id='word_1_758' title='bbox 2379 4043 2479 4095; x_wconf 89' lang='lat' dir='ltr'>pro</span> <span class='ocrx_word' id='word_1_759' title='bbox 2511 4042 2802 4095; x_wconf 89' lang='lat' dir='ltr'>personna</span> <span class='ocrx_word' id='word_1_760' title='bbox 2831 4026 3020 4079; x_wconf 88' lang='lat' dir='ltr'>laxius</span> <span class='ocrx_word' id='word_1_761' title='bbox 3052 4027 3346 4093; x_wconf 88' lang='lat' dir='ltr'>sumptam</span> <span class='ocrx_word' id='word_1_762' title='bbox 3381 4022 3678 4095; x_wconf 83' lang='lat' dir='ltr'>arbitretis</span> 
     </span>
    </p>
   </div>
   <div class='ocr_carea' id='block_1_112' title="bbox 2029 4093 3673 4168">
    <p class='ocr_par' dir='ltr' id='par_1_112' title="bbox 2029 4093 3673 4168">
     <span class='ocr_line' id='line_1_112' title="bbox 2029 4093 3673 4168; baseline -0.001 -17"><span class='ocrx_word' id='word_1_763' title='bbox 2029 4098 2316 4168; x_wconf 88' lang='lat' dir='ltr'>(Namque</span> <span class='ocrx_word' id='word_1_764' title='bbox 2367 4093 2645 4168; x_wconf 83' lang='lat' dir='ltr'>Cyrillum</span> <span class='ocrx_word' id='word_1_765' title='bbox 2700 4097 2794 4152; x_wconf 91' lang='lat' dir='ltr'>alii</span> <span class='ocrx_word' id='word_1_766' title='bbox 2853 4096 3018 4150; x_wconf 88' lang='lat' dir='ltr'>aliter</span> <span class='ocrx_word' id='word_1_767' title='bbox 3063 4093 3429 4168; x_wconf 75' lang='lat' dir='ltr'>interpretati</span> <span class='ocrx_word' id='word_1_768' title='bbox 3490 4096 3673 4168; x_wconf 82' lang='lat' dir='ltr'>sunt).</span> 
     </span>
    </p>
   </div>
   <div class='ocr_carea' id='block_1_113' title="bbox 2029 4164 3679 4239">
    <p class='ocr_par' dir='ltr' id='par_1_113' title="bbox 2029 4164 3679 4239">
     <span class='ocr_line' id='line_1_113' title="bbox 2029 4164 3679 4239; baseline -0.002 -15"><span class='ocrx_word' id='word_1_769' title='bbox 2029 4169 2184 4224; x_wconf 86' lang='lat' dir='ltr'>Nihil</span> <span class='ocrx_word' id='word_1_770' title='bbox 2218 4164 2336 4223; x_wconf 49' lang='lat' dir='ltr'>_aut</span> <span class='ocrx_word' id='word_1_771' title='bbox 2378 4164 2686 4239; x_wconf 79' lang='lat' dir='ltr'>perparum</span> <span class='ocrx_word' id='word_1_772' title='bbox 2741 4168 3010 4239; x_wconf 80' lang='lat' dir='ltr'>interest,</span> <span class='ocrx_word' id='word_1_773' title='bbox 3049 4164 3679 4239; x_wconf 77' lang='lat' dir='ltr'>utrislibetaccedas;</span> 
     </span>
    </p>
   </div>
   <div class='ocr_carea' id='block_1_114' title="bbox 2028 4236 3680 4310">
    <p class='ocr_par' dir='ltr' id='par_1_114' title="bbox 2028 4236 3680 4310">
     <span class='ocr_line' id='line_1_114' title="bbox 2028 4236 3680 4310; baseline -0.001 -16"><span class='ocrx_word' id='word_1_774' title='bbox 2028 4257 2163 4294; x_wconf 89' lang='lat' dir='ltr'>nam</span> <span class='ocrx_word' id='word_1_775' title='bbox 2209 4236 2454 4310; x_wconf 79' lang='lat' dir='ltr'>persona</span> <span class='ocrx_word' id='word_1_776' title='bbox 2487 4236 2542 4293; x_wconf 84' lang='lat' dir='ltr'>et</span> <span class='ocrx_word' id='word_1_777' title='bbox 2573 4244 2778 4294; x_wconf 91' lang='lat' dir='ltr'>natura</span> <span class='ocrx_word' id='word_1_778' title='bbox 2811 4236 3680 4310; x_wconf 12' lang='lat' dir='ltr'>nonidiii&#39;erunt,nisiconceptu</span> 
     </span>
    </p>
   </div>
   <div class='ocr_carea' id='block_1_115' title="bbox 2030 4308 3678 4382">
    <p class='ocr_par' dir='ltr' id='par_1_115' title="bbox 2030 4308 3678 4382">
     <span class='ocr_line' id='line_1_115' title="bbox 2030 4308 3678 4382; baseline -0.001 -16"><span class='ocrx_word' id='word_1_779' title='bbox 2030 4308 2275 4377; x_wconf 81' lang='lat' dir='ltr'>mentis;</span> <span class='ocrx_word' id='word_1_780' title='bbox 2301 4316 2357 4365; x_wconf 90' lang='lat' dir='ltr'>et</span> <span class='ocrx_word' id='word_1_781' title='bbox 2387 4327 2484 4366; x_wconf 90' lang='lat' dir='ltr'>seu</span> <span class='ocrx_word' id='word_1_782' title='bbox 2520 4327 2832 4382; x_wconf 89' lang='lat' dir='ltr'>personam</span> <span class='ocrx_word' id='word_1_783' title='bbox 2865 4309 2953 4382; x_wconf 89' lang='lat' dir='ltr'>vel</span> <span class='ocrx_word' id='word_1_784' title='bbox 2992 4309 3358 4382; x_wconf 84' lang='lat' dir='ltr'>hypostasim</span> <span class='ocrx_word' id='word_1_785' title='bbox 3385 4308 3558 4364; x_wconf 88' lang='lat' dir='ltr'>Verbi</span> <span class='ocrx_word' id='word_1_786' title='bbox 3591 4311 3678 4364; x_wconf 91' lang='lat' dir='ltr'>in-</span> 
     </span>
    </p>
   </div>
   <div class='ocr_carea' id='block_1_116' title="bbox 2029 4379 3681 4452">
    <p class='ocr_par' dir='ltr' id='par_1_116' title="bbox 2029 4379 3681 4452">
     <span class='ocr_line' id='line_1_116' title="bbox 2029 4379 3681 4452; baseline -0.001 -15"><span class='ocrx_word' id='word_1_787' title='bbox 2029 4388 2325 4437; x_wconf 90' lang='lat' dir='ltr'>carnatam</span> <span class='ocrx_word' id='word_1_788' title='bbox 2343 4399 2442 4437; x_wconf 86' lang='lat' dir='ltr'>seu</span> <span class='ocrx_word' id='word_1_789' title='bbox 2469 4379 2739 4438; x_wconf 70' lang='lat' dir='ltr'>naturam</span> <span class='ocrx_word' id='word_1_790' title='bbox 2759 4381 2933 4438; x_wconf 87' lang='lat' dir='ltr'>Verbi</span> <span class='ocrx_word' id='word_1_791' title='bbox 2953 4386 3017 4436; x_wconf 91' lang='lat' dir='ltr'>ut</span> <span class='ocrx_word' id='word_1_792' title='bbox 3039 4379 3420 4452; x_wconf 86' lang='lat' dir='ltr'>principalem</span> <span class='ocrx_word' id='word_1_793' title='bbox 3445 4386 3503 4436; x_wconf 90' lang='lat' dir='ltr'>et</span> <span class='ocrx_word' id='word_1_794' title='bbox 3523 4398 3681 4435; x_wconf 89' lang='lat' dir='ltr'>sum-</span> 
     </span>
    </p>
   </div>
   <div class='ocr_carea' id='block_1_117' title="bbox 2030 4453 3678 4527">
    <p class='ocr_par' dir='ltr' id='par_1_117' title="bbox 2030 4453 3678 4527">
     <span class='ocr_line' id='line_1_117' title="bbox 2030 4453 3678 4527; baseline 0 -19"><span class='ocrx_word' id='word_1_795' title='bbox 2030 4471 2185 4527; x_wconf 79' lang='lat' dir='ltr'>mam</span> <span class='ocrx_word' id='word_1_796' title='bbox 2211 4460 2288 4527; x_wconf 21' lang='lat' dir='ltr'>et,</span> <span class='ocrx_word' id='word_1_797' title='bbox 2321 4455 2606 4510; x_wconf 89' lang='lat' dir='ltr'>totalitate</span> <span class='ocrx_word' id='word_1_798' title='bbox 2665 4472 2774 4510; x_wconf 89' lang='lat' dir='ltr'>sua</span> <span class='ocrx_word' id='word_1_799' title='bbox 2831 4471 2929 4527; x_wconf 90' lang='lat' dir='ltr'>per</span> <span class='ocrx_word' id='word_1_800' title='bbox 2959 4453 3438 4527; x_wconf 74' lang='lat' dir='ltr'>se_fretam__cum</span> <span class='ocrx_word' id='word_1_801' title='bbox 3484 4453 3678 4527; x_wconf 86' lang='lat' dir='ltr'>carnis</span> 
     </span>
    </p>
   </div>
   <div class='ocr_carea' id='block_1_118' title="bbox 2033 4525 3674 4599">
    <p class='ocr_par' dir='ltr' id='par_1_118' title="bbox 2033 4525 3674 4599">
     <span class='ocr_line' id='line_1_118' title="bbox 2033 4525 3674 4599; baseline -0.001 -19"><span class='ocrx_word' id='word_1_802' title='bbox 2033 4525 2407 4599; x_wconf 87' lang='lat' dir='ltr'>adjunctione</span> <span class='ocrx_word' id='word_1_803' title='bbox 2432 4529 2554 4596; x_wconf 88' lang='lat' dir='ltr'>jam</span> <span class='ocrx_word' id='word_1_804' title='bbox 2589 4525 3092 4599; x_wconf 43' lang='lat' dir='ltr'>cogites—perinde</span> <span class='ocrx_word' id='word_1_805' title='bbox 3110 4530 3225 4599; x_wconf 89' lang='lat' dir='ltr'>_est_.</span> <span class='ocrx_word' id='word_1_806' title='bbox 3261 4525 3506 4580; x_wconf 84' lang='lat' dir='ltr'>Persona</span> <span class='ocrx_word' id='word_1_807' title='bbox 3520 4525 3674 4599; x_wconf 79' lang='lat' dir='ltr'>enini</span> 
     </span>
    </p>
   </div>
   <div class='ocr_carea' id='block_1_119' title="bbox 279 4587 3674 4673">
    <p class='ocr_par' dir='ltr' id='par_1_119' title="bbox 279 4587 3674 4673">
     <span class='ocr_line' id='line_1_119' title="bbox 279 4587 3674 4673; baseline -0.002 -17"><span class='ocrx_word' id='word_1_808' title='bbox 279 4601 378 4656; x_wconf 92' lang='lat' dir='ltr'>ubi</span> <span class='ocrx_word' id='word_1_809' title='bbox 413 4587 770 4673; x_wconf 66' lang='lat' dir='ltr'>anonymum</span> <span class='ocrx_word' id='word_1_810' title='bbox 794 4587 1195 4655; x_wconf 83' lang='lat' dir='ltr'>Calvinianum</span> <span class='ocrx_word' id='word_1_811' title='bbox 1237 4587 1531 4673; x_wconf 75' lang='lat' dir='ltr'>hominem</span> <span class='ocrx_word' id='word_1_812' title='bbox 1557 4614 1669 4673; x_wconf 85' lang='lat' dir='ltr'>_pro</span> <span class='ocrx_word' id='word_1_813' title='bbox 1694 4587 1918 4673; x_wconf 67' lang='lat' dir='ltr'>meritis</span> <span class='ocrx_word' id='word_1_814' title='bbox 1954 4587 2000 4651; x_wconf 87' lang='lat' dir='ltr'>D</span> <span class='ocrx_word' id='word_1_815' title='bbox 2033 4587 2148 4652; x_wconf 67' lang='lat' dir='ltr'>non</span> <span class='ocrx_word' id='word_1_816' title='bbox 2182 4598 2341 4653; x_wconf 90' lang='lat' dir='ltr'>aliud</span> <span class='ocrx_word' id='word_1_817' title='bbox 2375 4587 2463 4653; x_wconf 79' lang='lat' dir='ltr'>est</span> <span class='ocrx_word' id='word_1_818' title='bbox 2494 4587 2916 4673; x_wconf 31' lang='lat' dir='ltr'>quam‘inatura</span> <span class='ocrx_word' id='word_1_819' title='bbox 2945 4603 3009 4652; x_wconf 92' lang='lat' dir='ltr'>ut</span> <span class='ocrx_word' id='word_1_820' title='bbox 3035 4595 3427 4673; x_wconf 72' lang='lat' dir='ltr'>principatum</span> <span class='ocrx_word' id='word_1_821' title='bbox 3460 4596 3550 4652; x_wconf 83' lang='lat' dir='ltr'>sui</span> <span class='ocrx_word' id='word_1_822' title='bbox 3584 4600 3674 4673; x_wconf 70' lang='lat' dir='ltr'>te~</span> 
     </span>
    </p>
   </div>
   <div class='ocr_carea' id='block_1_120' title="bbox 275 4669 1916 4745">
    <p class='ocr_par' dir='ltr' id='par_1_120' title="bbox 275 4669 1916 4745">
     <span class='ocr_line' id='line_1_120' title="bbox 275 4669 1916 4745; baseline -0.004 -17"><span class='ocrx_word' id='word_1_823' title='bbox 275 4673 546 4745; x_wconf 87' lang='lat' dir='ltr'>castigat,</span> <span class='ocrx_word' id='word_1_824' title='bbox 572 4669 679 4745; x_wconf 79' lang='lat' dir='ltr'>qui</span> <span class='ocrx_word' id='word_1_825' title='bbox 708 4672 813 4727; x_wconf 92' lang='lat' dir='ltr'>hoc</span> <span class='ocrx_word' id='word_1_826' title='bbox 846 4671 1369 4745; x_wconf 80' lang='lat' dir='ltr'>demonstrandum</span> <span class='ocrx_word' id='word_1_827' title='bbox 1413 4669 1679 4745; x_wconf 80' lang='lat' dir='ltr'>suscipit,</span> <span class='ocrx_word' id='word_1_828' title='bbox 1712 4669 1916 4745; x_wconf 79' lang='lat' dir='ltr'>Nesto-</span> 
     </span>
    </p>
   </div>
   <div class='ocr_carea' id='block_1_121' title="bbox 277 4741 1919 4828">
    <p class='ocr_par' dir='ltr' id='par_1_121' title="bbox 277 4741 1919 4828">
     <span class='ocr_line' id='line_1_121' title="bbox 277 4741 1919 4828; baseline -0.003 -28"><span class='ocrx_word' id='word_1_829' title='bbox 277 4746 365 4828; x_wconf 64' lang='lat' dir='ltr'>riu</span> <span class='ocrx_word' id='word_1_830' title='bbox 378 4741 627 4828; x_wconf 21' lang='lat' dir='ltr'>mi&#39;impu</span> <span class='ocrx_word' id='word_1_831' title='bbox 638 4744 830 4828; x_wconf 61' lang='lat' dir='ltr'>rissirp</span> <span class='ocrx_word' id='word_1_832' title='bbox 843 4759 937 4798; x_wconf 91' lang='lat' dir='ltr'>um</span> <span class='ocrx_word' id='word_1_833' title='bbox 968 4741 1438 4828; x_wconf 68' lang='lat' dir='ltr'>haaresiarcham,</span> <span class='ocrx_word' id='word_1_834' title='bbox 1464 4743 1634 4828; x_wconf 38' lang='lat' dir='ltr'>pium.</span> <span class='ocrx_word' id='word_1_835' title='bbox 1648 4747 1702 4797; x_wconf 91' lang='lat' dir='ltr'>et</span> <span class='ocrx_word' id='word_1_836' title='bbox 1724 4741 1919 4828; x_wconf 82' lang='lat' dir='ltr'>catho-</span> 
     </span>
    </p>
   </div>
   <div class='ocr_carea' id='block_1_122' title="bbox 275 4813 1918 4884">
    <p class='ocr_par' dir='ltr' id='par_1_122' title="bbox 275 4813 1918 4884">
     <span class='ocr_line' id='line_1_122' title="bbox 275 4813 1918 4884; baseline -0.003 -12"><span class='ocrx_word' id='word_1_837' title='bbox 275 4816 454 4872; x_wconf 92' lang='lat' dir='ltr'>licum</span> <span class='ocrx_word' id='word_1_838' title='bbox 490 4813 672 4872; x_wconf 89' lang='lat' dir='ltr'>fuisse</span> <span class='ocrx_word' id='word_1_839' title='bbox 703 4833 716 4872; x_wconf 90' lang='lat'>:</span> <span class='ocrx_word' id='word_1_840' title='bbox 751 4815 884 4871; x_wconf 90' lang='lat' dir='ltr'>illos</span> <span class='ocrx_word' id='word_1_841' title='bbox 913 4818 1132 4878; x_wconf 90' lang='lat' dir='ltr'>autem,</span> <span class='ocrx_word' id='word_1_842' title='bbox 1166 4831 1199 4869; x_wconf 88' lang='lat' dir='ltr'>a</span> <span class='ocrx_word' id='word_1_843' title='bbox 1231 4813 1918 4884; x_wconf 31' lang='lat' dir='ltr'>quibus’condemnatus</span> 
     </span>
    </p>
   </div>
   <div class='ocr_carea' id='block_1_123' title="bbox 278 4885 1918 4960">
    <p class='ocr_par' dir='ltr' id='par_1_123' title="bbox 278 4885 1918 4960">
     <span class='ocr_line' id='line_1_123' title="bbox 278 4885 1918 4960; baseline -0.001 -17"><span class='ocrx_word' id='word_1_844' title='bbox 278 4893 391 4958; x_wconf 88' lang='lat' dir='ltr'>est,</span> <span class='ocrx_word' id='word_1_845' title='bbox 427 4887 704 4960; x_wconf 92' lang='lat' dir='ltr'>Cyrillum</span> <span class='ocrx_word' id='word_1_846' title='bbox 735 4893 790 4942; x_wconf 90' lang='lat' dir='ltr'>et</span> <span class='ocrx_word' id='word_1_847' title='bbox 831 4885 1200 4960; x_wconf 19' lang='lat' dir='ltr'>,Ephesinani</span> <span class='ocrx_word' id='word_1_848' title='bbox 1249 4886 1561 4957; x_wconf 86' lang='lat' dir='ltr'>synodum,</span> <span class='ocrx_word' id='word_1_849' title='bbox 1616 4885 1918 4960; x_wconf 68' lang='lat' dir='ltr'>bmreticos</span> 
     </span>
    </p>
   </div>
   <div class='ocr_carea' id='block_1_124' title="bbox 277 4958 1916 5032">
    <p class='ocr_par' dir='ltr' id='par_1_124' title="bbox 277 4958 1916 5032">
     <span class='ocr_line' id='line_1_124' title="bbox 277 4958 1916 5032; baseline -0.002 -16"><span class='ocrx_word' id='word_1_850' title='bbox 277 4965 334 5016; x_wconf 88' lang='lat' dir='ltr'>ct</span> <span class='ocrx_word' id='word_1_851' title='bbox 361 4958 594 5032; x_wconf 79' lang='lat' dir='ltr'>impios.</span> <span class='ocrx_word' id='word_1_852' title='bbox 631 4959 881 5016; x_wconf 89' lang='lat' dir='ltr'>Consule</span> <span class='ocrx_word' id='word_1_853' title='bbox 913 4961 1088 5032; x_wconf 87' lang='lat' dir='ltr'>caput</span> <span class='ocrx_word' id='word_1_854' title='bbox 1107 4958 1159 5021; x_wconf 88' lang='lat'>8,</span> <span class='ocrx_word' id='word_1_855' title='bbox 1184 4958 1240 5032; x_wconf 84' lang='lat' dir='ltr'>in</span> <span class='ocrx_word' id='word_1_856' title='bbox 1268 4974 1380 5028; x_wconf 93' lang='lat' dir='ltr'>quo</span> <span class='ocrx_word' id='word_1_857' title='bbox 1403 4959 1916 5032; x_wconf 26' lang='lat' dir='ltr'>sententiatquam</span> 
     </span>
    </p>
   </div>
   <div class='ocr_carea' id='block_1_125' title="bbox 279 5029 1920 5104">
    <p class='ocr_par' dir='ltr' id='par_1_125' title="bbox 279 5029 1920 5104">
     <span class='ocr_line' id='line_1_125' title="bbox 279 5029 1920 5104; baseline -0.002 -16"><span class='ocrx_word' id='word_1_858' title='bbox 279 5037 336 5088; x_wconf 91' lang='lat' dir='ltr'>et</span> <span class='ocrx_word' id='word_1_859' title='bbox 382 5029 632 5089; x_wconf 34' lang='lat' dir='ltr'>Cr—ozeus</span> <span class='ocrx_word' id='word_1_860' title='bbox 675 5032 939 5104; x_wconf 89' lang='lat' dir='ltr'>opponit,</span> <span class='ocrx_word' id='word_1_861' title='bbox 998 5029 1236 5104; x_wconf 76' lang='lat' dir='ltr'>innoxia</span> <span class='ocrx_word' id='word_1_862' title='bbox 1255 5029 1605 5104; x_wconf 70' lang='lat' dir='ltr'>etapprime</span> <span class='ocrx_word' id='word_1_863' title='bbox 1635 5030 1920 5104; x_wconf 89' lang='lat' dir='ltr'>catholica</span> 
     </span>
    </p>
   </div>
   <div class='ocr_carea' id='block_1_126' title="bbox 279 5099 1917 5172">
    <p class='ocr_par' dir='ltr' id='par_1_126' title="bbox 279 5099 1917 5172">
     <span class='ocr_line' id='line_1_126' title="bbox 279 5099 1917 5172; baseline -0.002 -14"><span class='ocrx_word' id='word_1_864' title='bbox 279 5105 633 5160; x_wconf 88' lang='lat' dir='ltr'>ostenditur.</span> <span class='ocrx_word' id='word_1_865' title='bbox 667 5099 1628 5172; x_wconf 28' lang='lat' dir='ltr'>Mentem&#39;Cyrilli,conciliumque,</span> <span class='ocrx_word' id='word_1_866' title='bbox 1652 5103 1917 5156; x_wconf 92' lang='lat' dir='ltr'>omnium</span> 
     </span>
    </p>
   </div>
   <div class='ocr_carea' id='block_1_127' title="bbox 283 5173 1916 5246">
    <p class='ocr_par' dir='ltr' id='par_1_127' title="bbox 283 5173 1916 5246">
     <span class='ocr_line' id='line_1_127' title="bbox 283 5173 1916 5246; baseline -0.002 -15"><span class='ocrx_word' id='word_1_867' title='bbox 283 5177 648 5232; x_wconf 88' lang='lat' dir='ltr'>lucidissime</span> <span class='ocrx_word' id='word_1_868' title='bbox 681 5177 955 5246; x_wconf 77' lang='lat' dir='ltr'>patefacit</span> <span class='ocrx_word' id='word_1_869' title='bbox 1003 5173 1280 5228; x_wconf 90' lang='lat' dir='ltr'>laudatus</span> <span class='ocrx_word' id='word_1_870' title='bbox 1327 5173 1759 5246; x_wconf 85' lang='lat' dir='ltr'>Thomassinus</span> <span class='ocrx_word' id='word_1_871' title='bbox 1807 5173 1916 5228; x_wconf 88' lang='lat' dir='ltr'>loc.</span> 
     </span>
    </p>
   </div>
   <div class='ocr_carea' id='block_1_128' title="bbox 278 5244 1918 5317">
    <p class='ocr_par' dir='ltr' id='par_1_128' title="bbox 278 5244 1918 5317">
     <span class='ocr_line' id='line_1_128' title="bbox 278 5244 1918 5317; baseline -0.002 -14"><span class='ocrx_word' id='word_1_872' title='bbox 278 5249 374 5304; x_wconf 91' lang='lat' dir='ltr'>cit.</span> <span class='ocrx_word' id='word_1_873' title='bbox 407 5249 598 5304; x_wconf 88' lang='lat' dir='ltr'>Verba</span> <span class='ocrx_word' id='word_1_874' title='bbox 628 5244 756 5317; x_wconf 84' lang='lat' dir='ltr'>ejus</span> <span class='ocrx_word' id='word_1_875' title='bbox 788 5248 1161 5317; x_wconf 61' lang='lat' dir='ltr'>refero,qute</span> <span class='ocrx_word' id='word_1_876' title='bbox 1202 5245 1459 5299; x_wconf 86' lang='lat' dir='ltr'>maxime</span> <span class='ocrx_word' id='word_1_877' title='bbox 1492 5251 1548 5298; x_wconf 89' lang='lat' dir='ltr'>et</span> <span class='ocrx_word' id='word_1_878' title='bbox 1581 5244 1747 5317; x_wconf 75' lang='lat' dir='ltr'>infra</span> <span class='ocrx_word' id='word_1_879' title='bbox 1784 5246 1918 5300; x_wconf 89' lang='lat' dir='ltr'>usui</span> 
     </span>
    </p>
   </div>
   <div class='ocr_carea' id='block_1_129' title="bbox 280 5315 1920 5388">
    <p class='ocr_par' dir='ltr' id='par_1_129' title="bbox 280 5315 1920 5388">
     <span class='ocr_line' id='line_1_129' title="bbox 280 5315 1920 5388; baseline -0.003 -12"><span class='ocrx_word' id='word_1_880' title='bbox 280 5321 450 5376; x_wconf 92' lang='lat' dir='ltr'>nobis</span> <span class='ocrx_word' id='word_1_881' title='bbox 481 5315 673 5377; x_wconf 56' lang='lat' dir='ltr'>erunt;</span> <span class='ocrx_word' id='word_1_882' title='bbox 710 5319 862 5374; x_wconf 74' lang='lat'><strong>662</strong></span> <span class='ocrx_word' id='word_1_883' title='bbox 898 5341 925 5368; x_wconf 84' lang='lat'><strong><em>«</em></strong></span> <span class='ocrx_word' id='word_1_884' title='bbox 973 5315 1255 5382; x_wconf 83' lang='lat' dir='ltr'>Nestorio,</span> <span class='ocrx_word' id='word_1_885' title='bbox 1309 5317 1521 5388; x_wconf 88' lang='lat' dir='ltr'>inquit,</span> <span class='ocrx_word' id='word_1_886' title='bbox 1574 5315 1920 5371; x_wconf 89' lang='lat' dir='ltr'>insidiosius</span> 
     </span>
    </p>
   </div>
   <div class='ocr_carea' id='block_1_130' title="bbox 280 5388 1918 5461">
    <p class='ocr_par' dir='ltr' id='par_1_130' title="bbox 280 5388 1918 5461">
     <span class='ocr_line' id='line_1_130' title="bbox 280 5388 1918 5461; baseline -0.004 -13"><span class='ocrx_word' id='word_1_887' title='bbox 280 5395 429 5448; x_wconf 89' lang='lat' dir='ltr'>duas</span> <span class='ocrx_word' id='word_1_888' title='bbox 453 5393 714 5461; x_wconf 86' lang='lat' dir='ltr'>jactante</span> <span class='ocrx_word' id='word_1_889' title='bbox 747 5392 805 5446; x_wconf 91' lang='lat' dir='ltr'>in</span> <span class='ocrx_word' id='word_1_890' title='bbox 835 5388 1066 5447; x_wconf 90' lang='lat' dir='ltr'>Christo</span> <span class='ocrx_word' id='word_1_891' title='bbox 1091 5395 1349 5461; x_wconf 88' lang='lat' dir='ltr'>naturas,</span> <span class='ocrx_word' id='word_1_892' title='bbox 1372 5394 1428 5442; x_wconf 90' lang='lat' dir='ltr'>et</span> <span class='ocrx_word' id='word_1_893' title='bbox 1460 5390 1638 5459; x_wconf 76' lang='lat' dir='ltr'>(quod</span> <span class='ocrx_word' id='word_1_894' title='bbox 1674 5389 1918 5459; x_wconf 87' lang='lat' dir='ltr'>nequis-</span> 
     </span>
    </p>
   </div>
   <div class='ocr_carea' id='block_1_131' title="bbox 281 5459 1918 5533">
    <p class='ocr_par' dir='ltr' id='par_1_131' title="bbox 281 5459 1918 5533">
     <span class='ocr_line' id='line_1_131' title="bbox 281 5459 1918 5533; baseline -0.004 -13"><span class='ocrx_word' id='word_1_895' title='bbox 281 5459 496 5520; x_wconf 85' lang='lat' dir='ltr'>simum</span> <span class='ocrx_word' id='word_1_896' title='bbox 532 5465 753 5520; x_wconf 84' lang='lat' dir='ltr'>fraudis</span> <span class='ocrx_word' id='word_1_897' title='bbox 786 5479 970 5533; x_wconf 83' lang='lat' dir='ltr'>genus</span> <span class='ocrx_word' id='word_1_898' title='bbox 1001 5459 1110 5533; x_wconf 77' lang='lat' dir='ltr'>est)</span> <span class='ocrx_word' id='word_1_899' title='bbox 1162 5461 1230 5513; x_wconf 92' lang='lat' dir='ltr'>de</span> <span class='ocrx_word' id='word_1_900' title='bbox 1261 5461 1501 5515; x_wconf 88' lang='lat' dir='ltr'>veritate</span> <span class='ocrx_word' id='word_1_901' title='bbox 1532 5461 1658 5530; x_wconf 89' lang='lat' dir='ltr'>ipsa</span> <span class='ocrx_word' id='word_1_902' title='bbox 1689 5461 1918 5533; x_wconf 82' lang='lat' dir='ltr'>veritati</span> 
     </span>
    </p>
   </div>
   <div class='ocr_carea' id='block_1_132' title="bbox 283 5531 1916 5600">
    <p class='ocr_par' dir='ltr' id='par_1_132' title="bbox 283 5531 1916 5600">
     <span class='ocr_line' id='line_1_132' title="bbox 283 5531 1916 5600; baseline -0.002 -10"><span class='ocrx_word' id='word_1_903' title='bbox 283 5536 567 5592; x_wconf 88' lang='lat' dir='ltr'>invidiam</span> <span class='ocrx_word' id='word_1_904' title='bbox 602 5531 912 5600; x_wconf 82' lang='lat' dir='ltr'>conflante;</span> <span class='ocrx_word' id='word_1_905' title='bbox 938 5547 1006 5587; x_wconf 83' lang='lat' dir='ltr'>ne</span> <span class='ocrx_word' id='word_1_906' title='bbox 1039 5531 1288 5584; x_wconf 76' lang='lat' dir='ltr'>duarum</span> <span class='ocrx_word' id='word_1_907' title='bbox 1306 5538 1648 5587; x_wconf 87' lang='lat' dir='ltr'>naturarum</span> <span class='ocrx_word' id='word_1_908' title='bbox 1675 5532 1916 5587; x_wconf 88' lang='lat' dir='ltr'>obtentu</span> 
     </span>
    </p>
   </div>
   <div class='ocr_carea' id='block_1_133' title="bbox 281 5606 1920 5681">
    <p class='ocr_par' dir='ltr' id='par_1_133' title="bbox 281 5606 1920 5681">
     <span class='ocr_line' id='line_1_133' title="bbox 281 5606 1920 5681; baseline -0.004 -17"><span class='ocrx_word' id='word_1_909' title='bbox 281 5610 411 5664; x_wconf 70' lang='lat' dir='ltr'>duae</span> <span class='ocrx_word' id='word_1_910' title='bbox 445 5625 675 5681; x_wconf 90' lang='lat' dir='ltr'>quoque</span> <span class='ocrx_word' id='word_1_911' title='bbox 705 5607 1151 5681; x_wconf 78' lang='lat' dir='ltr'>inpegerentur_</span> <span class='ocrx_word' id='word_1_912' title='bbox 1172 5619 1429 5681; x_wconf 68' lang='lat' dir='ltr'>personae</span> <span class='ocrx_word' id='word_1_913' title='bbox 1485 5606 1631 5660; x_wconf 88' lang='lat' dir='ltr'>hanc</span> <span class='ocrx_word' id='word_1_914' title='bbox 1677 5609 1796 5681; x_wconf 88' lang='lat' dir='ltr'>aut_</span> <span class='ocrx_word' id='word_1_915' title='bbox 1820 5622 1920 5681; x_wconf 74' lang='lat' dir='ltr'>ex-</span> 
     </span>
    </p>
   </div>
   <div class='ocr_carea' id='block_1_134' title="bbox 280 5672 1919 5802">
    <p class='ocr_par' dir='ltr' id='par_1_134' title="bbox 280 5672 1919 5802">
     <span class='ocr_line' id='line_1_134' title="bbox 280 5672 1919 5802; baseline -0.005 -64"><span class='ocrx_word' id='word_1_916' title='bbox 280 5672 1071 5752; x_wconf 58' lang='lat' dir='ltr'>cogitavit,&#39;autinstauravit</span> <span class='ocrx_word' id='word_1_917' title='bbox 1112 5672 1361 5746; x_wconf 87' lang='lat' dir='ltr'>Cyrillus</span> <span class='ocrx_word' id='word_1_918' title='bbox 1402 5678 1523 5802; x_wconf 67' lang='lat' dir='ltr'>iiam</span> <span class='ocrx_word' id='word_1_919' title='bbox 1559 5693 1704 5748; x_wconf 85' lang='lat' dir='ltr'>pene</span> <span class='ocrx_word' id='word_1_920' title='bbox 1746 5676 1919 5732; x_wconf 90' lang='lat' dir='ltr'>oblit-</span> 
     </span>
     <span class='ocr_line' id='line_1_135' title="bbox 281 5746 1918 5802; baseline 0 0"><span class='ocrx_word' id='word_1_921' title='bbox 281 5757 531 5802; x_wconf 71' lang='lat' dir='ltr'>territam</span> <span class='ocrx_word' id='word_1_922' title='bbox 565 5751 896 5802; x_wconf 71' lang='lat' dir='ltr'>elonuendm</span> <span class='ocrx_word' id='word_1_923' title='bbox 927 5746 1350 5802; x_wconf 87' lang='lat' dir='ltr'>incarnationis</span> <span class='ocrx_word' id='word_1_924' title='bbox 1421 5748 1706 5802; x_wconf 85' lang='lat' dir='ltr'>ormulam</span> <span class='ocrx_word' id='word_1_925' title='bbox 1760 5749 1918 5802; x_wconf 88' lang='lat' dir='ltr'>(cum</span> 
     </span>
    </p>
   </div>
   <div class='ocr_carea' id='block_1_135' title="bbox 281 5746 1918 5822">
    <p class='ocr_par' dir='ltr' id='par_1_135' title="bbox 281 5746 1918 5822">
     <span class='ocr_line' id='line_1_136' title="bbox 281 5746 1918 5822; baseline -0.006 -12"><span class='ocrx_word' id='word_1_926' title='bbox 281 5746 531 5810; x_wconf 77' lang='lat' dir='ltr'>teratam</span> <span class='ocrx_word' id='word_1_927' title='bbox 565 5746 896 5822; x_wconf 62' lang='lat' dir='ltr'>eloquendae</span> <span class='ocrx_word' id='word_1_928' title='bbox 927 5746 1350 5822; x_wconf 72' lang='lat' dir='ltr'>incarpationis</span> <span class='ocrx_word' id='word_1_929' title='bbox 1402 5746 1706 5822; x_wconf 75' lang='lat' dir='ltr'>formulam</span> <span class='ocrx_word' id='word_1_930' title='bbox 1760 5749 1918 5822; x_wconf 76' lang='lat' dir='ltr'>(curn</span> 
     </span>
    </p>
   </div>
   <div class='ocr_carea' id='block_1_136' title="bbox 286 5817 1917 5893">
    <p class='ocr_par' dir='ltr' id='par_1_136' title="bbox 286 5817 1917 5893">
     <span class='ocr_line' id='line_1_137' title="bbox 286 5817 1917 5893; baseline -0.002 -13"><span class='ocrx_word' id='word_1_931' title='bbox 286 5817 719 5893; x_wconf 81' lang='lat' dir='ltr'>diceret,unam</span> <span class='ocrx_word' id='word_1_932' title='bbox 749 5838 876 5878; x_wconf 88' lang='lat' dir='ltr'>esse</span> <span class='ocrx_word' id='word_1_933' title='bbox 897 5819 1074 5893; x_wconf 77' lang='lat' dir='ltr'>Verbi</span> <span class='ocrx_word' id='word_1_934' title='bbox 1089 5817 1189 5874; x_wconf 88' lang='lat' dir='ltr'>Dei</span> <span class='ocrx_word' id='word_1_935' title='bbox 1212 5823 1476 5893; x_wconf 78' lang='lat' dir='ltr'>naturam</span> <span class='ocrx_word' id='word_1_936' title='bbox 1508 5820 1917 5893; x_wconf 78' lang='lat' dir='ltr'>incarnatam).</span> 
     </span>
    </p>
   </div>
   <div class='ocr_carea' id='block_1_137' title="bbox 285 5887 1914 5971">
    <p class='ocr_par' dir='ltr' id='par_1_137' title="bbox 285 5887 1914 5971">
     <span class='ocr_line' id='line_1_138' title="bbox 285 5887 1914 5971; baseline -0.004 -17"><span class='ocrx_word' id='word_1_937' title='bbox 285 5899 465 5971; x_wconf 85' lang='lat' dir='ltr'>Cujus</span> <span class='ocrx_word' id='word_1_938' title='bbox 489 5887 711 5955; x_wconf 83' lang='lat' dir='ltr'>oraculi</span> <span class='ocrx_word' id='word_1_939' title='bbox 755 5893 876 5950; x_wconf 68' lang='lat' dir='ltr'>haec</span> <span class='ocrx_word' id='word_1_940' title='bbox 925 5887 1176 5948; x_wconf 86' lang='lat' dir='ltr'>maxime</span> <span class='ocrx_word' id='word_1_941' title='bbox 1218 5888 1592 5963; x_wconf 78' lang='lat' dir='ltr'>significatio,</span> <span class='ocrx_word' id='word_1_942' title='bbox 1625 5889 1746 5947; x_wconf 66' lang='lat' dir='ltr'>haec</span> <span class='ocrx_word' id='word_1_943' title='bbox 1777 5887 1914 5948; x_wconf 86' lang='lat' dir='ltr'>sen-</span> 
     </span>
    </p>
   </div>
   <div class='ocr_carea' id='block_1_138' title="bbox 2028 4667 3673 4752">
    <p class='ocr_par' dir='ltr' id='par_1_138' title="bbox 2028 4667 3673 4752">
     <span class='ocr_line' id='line_1_139' title="bbox 2028 4667 3673 4752; baseline 0 -28"><span class='ocrx_word' id='word_1_944' title='bbox 2028 4685 2199 4752; x_wconf 74' lang='lat' dir='ltr'>nens,</span> <span class='ocrx_word' id='word_1_945' title='bbox 2231 4675 2424 4752; x_wconf 35' lang='lat' dir='ltr'>ut‘per</span> <span class='ocrx_word' id='word_1_946' title='bbox 2454 4667 2892 4752; x_wconf 47' lang='lat' dir='ltr'>se&#39;eonsistcns,</span> <span class='ocrx_word' id='word_1_947' title='bbox 2922 4674 2984 4724; x_wconf 91' lang='lat' dir='ltr'>ut</span> <span class='ocrx_word' id='word_1_948' title='bbox 3009 4667 3419 4752; x_wconf 61' lang='lat' dir='ltr'>accidentibus</span> <span class='ocrx_word' id='word_1_949' title='bbox 3460 4673 3525 4752; x_wconf 75' lang='lat' dir='ltr'>_et</span> <span class='ocrx_word' id='word_1_950' title='bbox 3547 4669 3673 4752; x_wconf 47' lang='lat' dir='ltr'>‘ad-</span> 
     </span>
    </p>
   </div>
   <div class='ocr_carea' id='block_1_139' title="bbox 2029 4739 3674 4797">
    <p class='ocr_par' dir='ltr' id='par_1_139' title="bbox 2029 4739 3674 4797">
     <span class='ocr_line' id='line_1_140' title="bbox 2029 4739 3674 4797; baseline -0.001 -1"><span class='ocrx_word' id='word_1_951' title='bbox 2029 4739 2373 4797; x_wconf 90' lang='lat' dir='ltr'>ditamentis</span> <span class='ocrx_word' id='word_1_952' title='bbox 2390 4743 2665 4797; x_wconf 88' lang='lat' dir='ltr'>omnibus</span> <span class='ocrx_word' id='word_1_953' title='bbox 2686 4743 2981 4797; x_wconf 83' lang='lat' dir='ltr'>subslans.</span> <span class='ocrx_word' id='word_1_954' title='bbox 3009 4741 3076 4795; x_wconf 92' lang='lat' dir='ltr'>Il.</span> <span class='ocrx_word' id='word_1_955' title='bbox 3101 4741 3324 4795; x_wconf 88' lang='lat' dir='ltr'>Natura</span> <span class='ocrx_word' id='word_1_956' title='bbox 3342 4739 3516 4795; x_wconf 88' lang='lat' dir='ltr'>Verbi</span> <span class='ocrx_word' id='word_1_957' title='bbox 3531 4739 3674 4795; x_wconf 87' lang='lat' dir='ltr'>dici-</span> 
     </span>
    </p>
   </div>
   <div class='ocr_carea' id='block_1_140' title="bbox 2029 4813 3676 4883">
    <p class='ocr_par' dir='ltr' id='par_1_140' title="bbox 2029 4813 3676 4883">
     <span class='ocr_line' id='line_1_141' title="bbox 2029 4813 3676 4883; baseline -0.001 -15"><span class='ocrx_word' id='word_1_958' title='bbox 2029 4818 2144 4881; x_wconf 91' lang='lat' dir='ltr'>tur,</span> <span class='ocrx_word' id='word_1_959' title='bbox 2181 4831 2252 4869; x_wconf 89' lang='lat' dir='ltr'>ne</span> <span class='ocrx_word' id='word_1_960' title='bbox 2284 4815 2353 4869; x_wconf 91' lang='lat' dir='ltr'>ad</span> <span class='ocrx_word' id='word_1_961' title='bbox 2387 4819 2567 4870; x_wconf 89' lang='lat' dir='ltr'>totam</span> <span class='ocrx_word' id='word_1_962' title='bbox 2612 4814 2962 4870; x_wconf 86' lang='lat' dir='ltr'>Trinitatem</span> <span class='ocrx_word' id='word_1_963' title='bbox 3001 4817 3259 4883; x_wconf 79' lang='lat' dir='ltr'>spectare</span> <span class='ocrx_word' id='word_1_964' title='bbox 3308 4813 3676 4867; x_wconf 85' lang='lat' dir='ltr'>existimetur</span> 
     </span>
    </p>
   </div>
   <div class='ocr_carea' id='block_1_141' title="bbox 2029 4884 3672 4958">
    <p class='ocr_par' dir='ltr' id='par_1_141' title="bbox 2029 4884 3672 4958">
     <span class='ocr_line' id='line_1_142' title="bbox 2029 4884 3672 4958; baseline -0.001 -18"><span class='ocrx_word' id='word_1_965' title='bbox 2029 4886 2222 4940; x_wconf 89' lang='lat' dir='ltr'>carnis</span> <span class='ocrx_word' id='word_1_966' title='bbox 2255 4888 2604 4958; x_wconf 90' lang='lat' dir='ltr'>assumptio.</span> <span class='ocrx_word' id='word_1_967' title='bbox 2630 4887 2721 4940; x_wconf 88' lang='lat' dir='ltr'>lli.</span> <span class='ocrx_word' id='word_1_968' title='bbox 2763 4889 3069 4942; x_wconf 89' lang='lat' dir='ltr'>Incarnata</span> <span class='ocrx_word' id='word_1_969' title='bbox 3100 4884 3332 4950; x_wconf 90' lang='lat' dir='ltr'>dicitur,</span> <span class='ocrx_word' id='word_1_970' title='bbox 3381 4901 3496 4955; x_wconf 90' lang='lat' dir='ltr'>quo</span> <span class='ocrx_word' id='word_1_971' title='bbox 3541 4900 3672 4958; x_wconf 90' lang='lat' dir='ltr'>caro</span> 
     </span>
    </p>
   </div>
   <div class='ocr_carea' id='block_1_142' title="bbox 2029 4957 3669 5030">
    <p class='ocr_par' dir='ltr' id='par_1_142' title="bbox 2029 4957 3669 5030">
     <span class='ocr_line' id='line_1_143' title="bbox 2029 4957 3669 5030; baseline -0.001 -19"><span class='ocrx_word' id='word_1_972' title='bbox 2029 4958 2395 5029; x_wconf 83' lang='lat' dir='ltr'>designatur,</span> <span class='ocrx_word' id='word_1_973' title='bbox 2425 4957 2522 5014; x_wconf 83' lang='lat' dir='ltr'>sed</span> <span class='ocrx_word' id='word_1_974' title='bbox 2557 4959 2821 5030; x_wconf 87' lang='lat' dir='ltr'>oblique;</span> <span class='ocrx_word' id='word_1_975' title='bbox 2848 4963 2903 5013; x_wconf 91' lang='lat' dir='ltr'>et</span> <span class='ocrx_word' id='word_1_976' title='bbox 2928 4961 2993 5011; x_wconf 89' lang='lat' dir='ltr'>ut</span> <span class='ocrx_word' id='word_1_977' title='bbox 3025 4972 3136 5030; x_wconf 84' lang='lat' dir='ltr'>non</span> <span class='ocrx_word' id='word_1_978' title='bbox 3173 4972 3388 5030; x_wconf 28' lang='lat' dir='ltr'>per‘se,</span> <span class='ocrx_word' id='word_1_979' title='bbox 3443 4973 3545 5011; x_wconf 91' lang='lat' dir='ltr'>nec</span> <span class='ocrx_word' id='word_1_980' title='bbox 3579 4957 3669 5011; x_wconf 91' lang='lat' dir='ltr'>sui</span> 
     </span>
    </p>
   </div>
   <div class='ocr_carea' id='block_1_143' title="bbox 2030 5026 3676 5101">
    <p class='ocr_par' dir='ltr' id='par_1_143' title="bbox 2030 5026 3676 5101">
     <span class='ocr_line' id='line_1_144' title="bbox 2030 5026 3676 5101; baseline 0 -18"><span class='ocrx_word' id='word_1_981' title='bbox 2030 5026 2223 5093; x_wconf 76' lang='lat' dir='ltr'>causa,</span> <span class='ocrx_word' id='word_1_982' title='bbox 2260 5046 2365 5084; x_wconf 91' lang='lat' dir='ltr'>nec</span> <span class='ocrx_word' id='word_1_983' title='bbox 2397 5031 2484 5086; x_wconf 90' lang='lat' dir='ltr'>sui</span> <span class='ocrx_word' id='word_1_984' title='bbox 2513 5031 2667 5101; x_wconf 84' lang='lat' dir='ltr'>juris</span> <span class='ocrx_word' id='word_1_985' title='bbox 2692 5026 2870 5097; x_wconf 59' lang='lat' dir='ltr'>{adeo</span> <span class='ocrx_word' id='word_1_986' title='bbox 2914 5033 2983 5101; x_wconf 86' lang='lat' dir='ltr'>ut</span> <span class='ocrx_word' id='word_1_987' title='bbox 3034 5027 3242 5101; x_wconf 77' lang='lat' dir='ltr'>unitati</span> <span class='ocrx_word' id='word_1_988' title='bbox 3291 5026 3676 5101; x_wconf 73' lang='lat' dir='ltr'>hypostaseos</span> 
     </span>
    </p>
   </div>
   <div class='ocr_carea' id='block_1_144' title="bbox 2028 5099 3673 5165">
    <p class='ocr_par' dir='ltr' id='par_1_144' title="bbox 2028 5099 3673 5165">
     <span class='ocr_line' id='line_1_145' title="bbox 2028 5099 3673 5165; baseline 0 -12"><span class='ocrx_word' id='word_1_989' title='bbox 2028 5101 2390 5156; x_wconf 63' lang='lat' dir='ltr'>vindicandae</span> <span class='ocrx_word' id='word_1_990' title='bbox 2422 5099 2919 5158; x_wconf 78' lang='lat' dir='ltr'>accommodatius</span> <span class='ocrx_word' id='word_1_991' title='bbox 2943 5100 3020 5154; x_wconf 88' lang='lat' dir='ltr'>sit</span> <span class='ocrx_word' id='word_1_992' title='bbox 3040 5099 3174 5165; x_wconf 87' lang='lat' dir='ltr'>dici,</span> <span class='ocrx_word' id='word_1_993' title='bbox 3200 5104 3471 5154; x_wconf 87' lang='lat' dir='ltr'>naturam</span> <span class='ocrx_word' id='word_1_994' title='bbox 3496 5100 3673 5155; x_wconf 88' lang='lat' dir='ltr'>Verbi</span> 
     </span>
    </p>
   </div>
   <div class='ocr_carea' id='block_1_145' title="bbox 2031 5171 3679 5244">
    <p class='ocr_par' dir='ltr' id='par_1_145' title="bbox 2031 5171 3679 5244">
     <span class='ocr_line' id='line_1_146' title="bbox 2031 5171 3679 5244; baseline 0.001 -18"><span class='ocrx_word' id='word_1_995' title='bbox 2031 5174 2592 5244; x_wconf 89' lang='lat' dir='ltr'>incarnatam,quam</span> <span class='ocrx_word' id='word_1_996' title='bbox 2614 5179 2883 5230; x_wconf 89' lang='lat' dir='ltr'>naturam</span> <span class='ocrx_word' id='word_1_997' title='bbox 2901 5171 3070 5226; x_wconf 90' lang='lat' dir='ltr'>Verbi</span> <span class='ocrx_word' id='word_1_998' title='bbox 3095 5177 3152 5226; x_wconf 89' lang='lat' dir='ltr'>et</span> <span class='ocrx_word' id='word_1_999' title='bbox 3173 5187 3429 5226; x_wconf 89' lang='lat' dir='ltr'>carnem.</span> <span class='ocrx_word' id='word_1_1000' title='bbox 3451 5172 3679 5227; x_wconf 92' lang='lat' dir='ltr'>IV.Una</span> 
     </span>
    </p>
   </div>
   <div class='ocr_carea' id='block_1_146' title="bbox 2030 5244 3676 5308">
    <p class='ocr_par' dir='ltr' id='par_1_146' title="bbox 2030 5244 3676 5308">
     <span class='ocr_line' id='line_1_147' title="bbox 2030 5244 3676 5308; baseline -0.001 -8"><span class='ocrx_word' id='word_1_1001' title='bbox 2030 5245 2248 5300; x_wconf 89' lang='lat' dir='ltr'>dicitur</span> <span class='ocrx_word' id='word_1_1002' title='bbox 2275 5245 2446 5301; x_wconf 91' lang='lat' dir='ltr'>Verbi</span> <span class='ocrx_word' id='word_1_1003' title='bbox 2482 5253 2713 5308; x_wconf 82' lang='lat' dir='ltr'>natura.</span> <span class='ocrx_word' id='word_1_1004' title='bbox 2747 5262 2878 5300; x_wconf 87' lang='lat' dir='ltr'>nam</span> <span class='ocrx_word' id='word_1_1005' title='bbox 2913 5244 3109 5299; x_wconf 90' lang='lat' dir='ltr'>unitas</span> <span class='ocrx_word' id='word_1_1006' title='bbox 3148 5244 3301 5298; x_wconf 91' lang='lat' dir='ltr'>sicut</span> <span class='ocrx_word' id='word_1_1007' title='bbox 3331 5248 3387 5298; x_wconf 90' lang='lat' dir='ltr'>et</span> <span class='ocrx_word' id='word_1_1008' title='bbox 3416 5244 3676 5300; x_wconf 84' lang='lat' dir='ltr'>totalitas</span> 
     </span>
    </p>
   </div>
   <div class='ocr_carea' id='block_1_147' title="bbox 2031 5316 3681 5389">
    <p class='ocr_par' dir='ltr' id='par_1_147' title="bbox 2031 5316 3681 5389">
     <span class='ocr_line' id='line_1_148' title="bbox 2031 5316 3681 5389; baseline 0 -17"><span class='ocrx_word' id='word_1_1009' title='bbox 2031 5333 2209 5389; x_wconf 87' lang='lat' dir='ltr'>penes</span> <span class='ocrx_word' id='word_1_1010' title='bbox 2232 5323 2502 5373; x_wconf 88' lang='lat' dir='ltr'>naturam</span> <span class='ocrx_word' id='word_1_1011' title='bbox 2531 5318 3119 5389; x_wconf 81' lang='lat' dir='ltr'>principalioremest</span> <span class='ocrx_word' id='word_1_1012' title='bbox 3143 5316 3517 5389; x_wconf 86' lang='lat' dir='ltr'>attendenda.</span> <span class='ocrx_word' id='word_1_1013' title='bbox 3553 5316 3681 5372; x_wconf 90' lang='lat' dir='ltr'>Una</span> 
     </span>
    </p>
   </div>
   <div class='ocr_carea' id='block_1_148' title="bbox 2031 5386 3676 5461">
    <p class='ocr_par' dir='ltr' id='par_1_148' title="bbox 2031 5386 3676 5461">
     <span class='ocr_line' id='line_1_149' title="bbox 2031 5386 3676 5461; baseline -0.002 -16"><span class='ocrx_word' id='word_1_1014' title='bbox 2031 5386 2123 5445; x_wconf 73' lang='lat' dir='ltr'>est</span> <span class='ocrx_word' id='word_1_1015' title='bbox 2153 5390 2308 5445; x_wconf 91' lang='lat' dir='ltr'>enim</span> <span class='ocrx_word' id='word_1_1016' title='bbox 2337 5386 2584 5461; x_wconf 83' lang='lat' dir='ltr'>persona</span> <span class='ocrx_word' id='word_1_1017' title='bbox 2608 5386 2899 5449; x_wconf 79' lang='lat' dir='ltr'>Christus,</span> <span class='ocrx_word' id='word_1_1018' title='bbox 2921 5386 3061 5461; x_wconf 87' lang='lat' dir='ltr'>quia</span> <span class='ocrx_word' id='word_1_1019' title='bbox 3082 5404 3236 5461; x_wconf 85' lang='lat' dir='ltr'>unus</span> <span class='ocrx_word' id='word_1_1020' title='bbox 3259 5393 3348 5443; x_wconf 91' lang='lat' dir='ltr'>est</span> <span class='ocrx_word' id='word_1_1021' title='bbox 3377 5388 3477 5443; x_wconf 90' lang='lat' dir='ltr'>Dei</span> <span class='ocrx_word' id='word_1_1022' title='bbox 3497 5389 3676 5443; x_wconf 86' lang='lat' dir='ltr'>Filius</span> 
     </span>
    </p>
   </div>
   <div class='ocr_carea' id='block_1_149' title="bbox 2031 5459 3679 5532">
    <p class='ocr_par' dir='ltr' id='par_1_149' title="bbox 2031 5459 3679 5532">
     <span class='ocr_line' id='line_1_150' title="bbox 2031 5459 3679 5532; baseline 0 -16"><span class='ocrx_word' id='word_1_1023' title='bbox 2031 5459 2428 5532; x_wconf 83' lang='lat' dir='ltr'>sempiternus</span> <span class='ocrx_word' id='word_1_1024' title='bbox 2461 5468 2515 5517; x_wconf 90' lang='lat' dir='ltr'>et</span> <span class='ocrx_word' id='word_1_1025' title='bbox 2549 5459 3071 5531; x_wconf 87' lang='lat' dir='ltr'>incorruptibiliter</span> <span class='ocrx_word' id='word_1_1026' title='bbox 3100 5459 3294 5528; x_wconf 89' lang='lat' dir='ltr'>idem;</span> <span class='ocrx_word' id='word_1_1027' title='bbox 3353 5461 3519 5532; x_wconf 89' lang='lat' dir='ltr'>prius</span> <span class='ocrx_word' id='word_1_1028' title='bbox 3553 5461 3679 5516; x_wconf 84' lang='lat' dir='ltr'>sine</span> 
     </span>
    </p>
   </div>
   <div class='ocr_carea' id='block_1_150' title="bbox 2032 5532 3677 5604">
    <p class='ocr_par' dir='ltr' id='par_1_150' title="bbox 2032 5532 3677 5604">
     <span class='ocr_line' id='line_1_151' title="bbox 2032 5532 3677 5604; baseline -0.001 -16"><span class='ocrx_word' id='word_1_1029' title='bbox 2032 5550 2223 5598; x_wconf 90' lang='lat' dir='ltr'>carne,</span> <span class='ocrx_word' id='word_1_1030' title='bbox 2256 5551 2410 5590; x_wconf 88' lang='lat' dir='ltr'>nunc</span> <span class='ocrx_word' id='word_1_1031' title='bbox 2465 5551 2598 5590; x_wconf 89' lang='lat' dir='ltr'>cum</span> <span class='ocrx_word' id='word_1_1032' title='bbox 2641 5548 2832 5598; x_wconf 81' lang='lat' dir='ltr'>carne,</span> <span class='ocrx_word' id='word_1_1033' title='bbox 2890 5547 3123 5601; x_wconf 91' lang='lat' dir='ltr'>semper</span> <span class='ocrx_word' id='word_1_1034' title='bbox 3166 5532 3347 5596; x_wconf 72' lang='lat' dir='ltr'>idem,</span> <span class='ocrx_word' id='word_1_1035' title='bbox 3405 5550 3677 5604; x_wconf 89' lang='lat' dir='ltr'>unusque</span> 
     </span>
    </p>
   </div>
   <div class='ocr_carea' id='block_1_151' title="bbox 2033 5604 3673 5676">
    <p class='ocr_par' dir='ltr' id='par_1_151' title="bbox 2033 5604 3673 5676">
     <span class='ocr_line' id='line_1_152' title="bbox 2033 5604 3673 5676; baseline 0 -17"><span class='ocrx_word' id='word_1_1036' title='bbox 2033 5622 2264 5676; x_wconf 88' lang='lat' dir='ltr'>semper</span> <span class='ocrx_word' id='word_1_1037' title='bbox 2294 5609 2481 5674; x_wconf 82' lang='lat' dir='ltr'>idem;</span> <span class='ocrx_word' id='word_1_1038' title='bbox 2521 5623 2623 5660; x_wconf 83' lang='lat' dir='ltr'>nec</span> <span class='ocrx_word' id='word_1_1039' title='bbox 2658 5606 2854 5659; x_wconf 91' lang='lat' dir='ltr'>minus</span> <span class='ocrx_word' id='word_1_1040' title='bbox 2894 5609 3082 5657; x_wconf 80' lang='lat' dir='ltr'>totum</span> <span class='ocrx_word' id='word_1_1041' title='bbox 3120 5604 3441 5676; x_wconf 12' lang='lat' dir='ltr'>priusisine</span> <span class='ocrx_word' id='word_1_1042' title='bbox 3472 5621 3673 5671; x_wconf 88' lang='lat' dir='ltr'>carne,</span> 
     </span>
    </p>
   </div>
   <div class='ocr_carea' id='block_1_152' title="bbox 2032 5674 3677 5750">
    <p class='ocr_par' dir='ltr' id='par_1_152' title="bbox 2032 5674 3677 5750">
     <span class='ocr_line' id='line_1_153' title="bbox 2032 5674 3677 5750; baseline -0.001 -18"><span class='ocrx_word' id='word_1_1043' title='bbox 2032 5693 2138 5732; x_wconf 88' lang='lat' dir='ltr'>nec</span> <span class='ocrx_word' id='word_1_1044' title='bbox 2159 5674 2541 5750; x_wconf 85' lang='lat' dir='ltr'>magistotum</span> <span class='ocrx_word' id='word_1_1045' title='bbox 2563 5695 2696 5732; x_wconf 91' lang='lat' dir='ltr'>cum</span> <span class='ocrx_word' id='word_1_1046' title='bbox 2726 5674 3273 5750; x_wconf 79' lang='lat' dir='ltr'>carne;auctu_ssine</span> <span class='ocrx_word' id='word_1_1047' title='bbox 3292 5675 3677 5750; x_wconf 71' lang='lat' dir='ltr'>incremento,</span> 
     </span>
    </p>
   </div>
   <div class='ocr_carea' id='block_1_153' title="bbox 2030 5746 3673 5821">
    <p class='ocr_par' dir='ltr' id='par_1_153' title="bbox 2030 5746 3673 5821">
     <span class='ocr_line' id='line_1_154' title="bbox 2030 5746 3673 5821; baseline 0 -17"><span class='ocrx_word' id='word_1_1048' title='bbox 2030 5766 2136 5804; x_wconf 90' lang='lat' dir='ltr'>nec</span> <span class='ocrx_word' id='word_1_1049' title='bbox 2186 5746 2376 5820; x_wconf 73' lang='lat' dir='ltr'>major</span> <span class='ocrx_word' id='word_1_1050' title='bbox 2423 5752 2613 5806; x_wconf 90' lang='lat' dir='ltr'>factus</span> <span class='ocrx_word' id='word_1_1051' title='bbox 2666 5748 2856 5804; x_wconf 88' lang='lat' dir='ltr'>carnis</span> <span class='ocrx_word' id='word_1_1052' title='bbox 2909 5746 3258 5803; x_wconf 84' lang='lat' dir='ltr'>accessione.</span> <span class='ocrx_word' id='word_1_1053' title='bbox 3301 5747 3504 5803; x_wconf 85' lang='lat' dir='ltr'>Unilas</span> <span class='ocrx_word' id='word_1_1054' title='bbox 3535 5764 3673 5821; x_wconf 90' lang='lat' dir='ltr'>ergo</span> 
     </span>
    </p>
   </div>
   <div class='ocr_carea' id='block_1_154' title="bbox 2030 5821 3478 5893">
    <p class='ocr_par' dir='ltr' id='par_1_154' title="bbox 2030 5821 3478 5893">
     <span class='ocr_line' id='line_1_155' title="bbox 2030 5821 3478 5893; baseline -0.002 -17"><span class='ocrx_word' id='word_1_1055' title='bbox 2030 5836 2290 5893; x_wconf 67' lang='lat' dir='ltr'>personae</span> <span class='ocrx_word' id='word_1_1056' title='bbox 2321 5826 2443 5893; x_wconf 86' lang='lat' dir='ltr'>tota</span> <span class='ocrx_word' id='word_1_1057' title='bbox 2475 5841 2508 5878; x_wconf 88' lang='lat' dir='ltr'>a</span> <span class='ocrx_word' id='word_1_1058' title='bbox 2535 5821 2712 5878; x_wconf 86' lang='lat' dir='ltr'>Verbi</span> <span class='ocrx_word' id='word_1_1059' title='bbox 2743 5825 2951 5893; x_wconf 83' lang='lat' dir='ltr'>natura</span> <span class='ocrx_word' id='word_1_1060' title='bbox 2977 5821 3296 5893; x_wconf 77' lang='lat' dir='ltr'>repetenda</span> <span class='ocrx_word' id='word_1_1061' title='bbox 3325 5823 3478 5893; x_wconf 82' lang='lat' dir='ltr'>est...</span> 
     </span>
    </p>
   </div>
   <div class='ocr_carea' id='block_1_155' title="bbox 2100 5889 3678 5966">
    <p class='ocr_par' dir='ltr' id='par_1_155' title="bbox 2100 5889 3678 5966">
     <span class='ocr_line' id='line_1_156' title="bbox 2100 5889 3678 5966; baseline 0.004 -24"><span class='ocrx_word' id='word_1_1062' title='bbox 2100 5911 2129 5940; x_wconf 86' lang='lat'><strong>«</strong></span> <span class='ocrx_word' id='word_1_1063' title='bbox 2162 5890 2309 5946; x_wconf 89' lang='lat' dir='ltr'>Hinc</span> <span class='ocrx_word' id='word_1_1064' title='bbox 2332 5891 2490 5949; x_wconf 87' lang='lat' dir='ltr'>litem</span> <span class='ocrx_word' id='word_1_1065' title='bbox 2513 5893 2691 5966; x_wconf 89' lang='lat' dir='ltr'>(inter</span> <span class='ocrx_word' id='word_1_1066' title='bbox 2710 5910 2830 5960; x_wconf 90' lang='lat' dir='ltr'>eos,</span> <span class='ocrx_word' id='word_1_1067' title='bbox 2853 5890 2952 5964; x_wconf 92' lang='lat' dir='ltr'>qui</span> <span class='ocrx_word' id='word_1_1068' title='bbox 2974 5889 3032 5945; x_wconf 90' lang='lat' dir='ltr'>in</span> <span class='ocrx_word' id='word_1_1069' title='bbox 3049 5889 3455 5962; x_wconf 78' lang='lat' dir='ltr'>propositione</span> <span class='ocrx_word' id='word_1_1070' title='bbox 3476 5891 3678 5964; x_wconf 80' lang='lat' dir='ltr'>Cyrilli</span> 
     </span>
    </p>
   </div>
  </div>
