4162 6368
300 303 438 360 1049

1289 310 1627 362 νΙΝῡΙΟΙᾹζ
1664 306 1963 360 OPERUM
2000 306 2719 361 AREOPAGITICORUM.

3573 294 3717 348 1050

308 429 533 494 munia,
568 431 768 499 utpote
800 445 923 499 qua
955 428 1162 502 cuique
1201 430 1390 493 obvia,
1425 447 1551 501 qua:
1602 430 1673 484 de
1723 445 1958 502 summo
1992 440 2039 502 Α
2076 428 2303 483 fiseitur
2351 426 2716 502 eucharistiae
2766 429 3153 502 sacramento.
3188 426 3460 502 quaenam
3516 421 3724 492 praste-

307 504 423 558 Deo
455 518 489 556 a
519 502 897 555 sanctissima
925 501 1205 555 Trinitate
1237 500 1641 567 celebrentur;
1675 506 1813 555 sunt
1845 500 1959 554 alia

302 574 544 645 Synesio
580 574 1264 643 prOpria,qua2nuspiam
1300 575 1539 645 scripsit
1571 579 1958 645 auctoriAreo-

307 644 716 717 patigicorum.
751 648 828 698 Ac
887 646 1002 698 duo
1036 653 1173 699 sunt
1206 653 1500 716 postremo
1531 644 1656 699 loco
1688 644 1953 717 animad-

300 715 605 783 vertenda;
634 715 880 770 alterum
916 732 1048 769 cum
1082 721 1170 770 J0.
1198 718 1440 771 Ernesti)
1473 718 1685 770 Gabrio
1708 715 1764 769 in
1796 715 1959 769 Notis

301 790 373 844 ad
408 794 587 857 caput
622 790 644 840 1
684 787 741 841 S.
780 786 1000 851 Irenaei,
1036 788 1343 858 Synesium
1382 790 1438 841 in
1474 788 1707 859 hymnis
1736 788 1961 857 poetica

304 860 544 915 licentia
567 859 842 923 abusum,
869 875 1105 913 omnem
1137 868 1251 914 iere
1279 860 1817 915 Valentinanorum
1840 862 1961 912 Ma-

297 931 629 1002 taaologiaru
676 946 807 1002 vere
856 930 1158 1000 theologiaz
1212 932 1545 1001 adoptasse,
1578 948 1642 985 ac
1695 932 1963 984 haeretica

301 1019 441 1057 voce
491 1001 872 1056 orthodoxam
928 1004 1213 1056 cecinisse
1267 1004 1476 1069 ﬁdem;
1533 1004 1782 1056 alterum
1827 1018 1960 1056 cum

304 1073 678 1129 Tillemontio
713 1078 872 1127 tomo
894 1074 989 1140 XI,
1019 1076 1077 1128 in
1110 1075 1374 1143 ejusdem
1409 1075 1633 1145 Synesii
1660 1077 1788 1127 Vita
1822 1078 1965 1127 arti-

304 1145 435 1201 culo
467 1146 520 1210 4,
556 1160 765 1215 nempe
794 1146 1071 1215 dogmata
1102 1146 1442 1200 Christianae
1477 1147 1607 1199 fidei
1642 1145 1698 1199 in
1733 1145 1964 1215 hymnis

301 1232 507 1287 parum
541 1222 813 1271 accurate
840 1216 1114 1283 edisseri,
1146 1233 1212 1271 ae
1248 1218 1416 1286 plura
1448 1217 1633 1288 promi
1672 1219 1866 1286 potius
1897 1233 1965 1271 ex

295 1288 781 1358 philosophorum
821 1289 1089 1355 scriptis,
1123 1305 1297 1358 quam
1335 1290 1555 1343 divinis
1593 1306 1660 1343 ex
1692 1288 1961 1356 eloquiis.

302 1360 533 1440 Haacab
572 1359 1195 1485 AreOpagitioisdonge
1223 1362 1477 1427 absunt;
1508 1377 1783 1443 ‘quorum
1816 1361 1964 1414 inte-

302 1447 555 1485 gerrima
591 1432 732 1485 ﬁdes
763 1448 796 1485 a
842 1432 953 1485 huc
997 1431 1241 1485 inferius
1278 1434 1678 1485 patefacienda
1732 1438 1841 1485 est.
1875 1449 1964 1485 ac.

300 1432 555 1558 gersima
581 1432 732 1556 (sides
763 1430 953 1486 adhuc
997 1430 1241 1486 inferius
1277 1433 1678 1501 patefacienda
1732 1438 1841 1500 est,
1875 1449 1965 1500 ac,

300 1520 395 1558 vm
446 1520 571 1557 Ican
624 1520 679 1557 a.

299 1520 679 1558 vmalcanaa.

1083 1603 1188 1656 XI.

300 1689 585 1745 Fullonem
629 1705 743 1743 esse
788 1692 1065 1761 auctorem
1118 1689 1643 1761 AreOpagiticorum,
1682 1704 1787 1742 non
1830 1704 1965 1758 pro-

372 1762 459 1815 bat
510 1764 653 1815 ritus
697 1759 941 1830 publicae
998 1761 1146 1815 sacri
1199 1759 1470 1831 unguenti
1526 1762 1963 1815 consecrationis

371 1835 430 1887 in
475 1832 876 1900 Areopagiticis
913 1832 1238 1902 descriptus.
1274 1836 1460 1887 [iitum
1496 1832 1657 1886 illum
1686 1835 1963 1901 antiquis-

366 1904 528 1959 simis
573 1904 910 1975 temporibus
954 1907 1244 1960 nonnulla:
1290 1907 1553 1961 Ecclesim
1602 1903 1959 1975 adhibebant.

368 1974 985 2046 Canticum'trisagion
1050 1978 1104 2028 in
1164 1975 1369 2032 eisdem
1419 1974 1820 2045 Areopagiticis
1884 1975 1965 2029 vel

371 2064 484 2101 non
532 2050 893 2111 memoratur,
928 2048 1012 2102 vel
1042 2050 1186 2103 certe
1215 2064 1322 2103 non
1357 2049 1562 2103 redolet
1611 2048 1861 2102 Fullonis
1912 2055 1964 2100 et

376 2120 801 2174 Severianorum
838 2117 1143 2189 ingenium.

376 2218 733 2271 Praemittere
775 2217 946 2271 liceat
979 2218 1515 2288 Areopagiticorum
1549 2217 1808 2271 auctoris
1838 2233 1959 2270 ver-

307 2289 405 2355 ba,
456 2289 673 2360 quibus
727 2290 1010 2359 unguenti
1073 2290 1222 2344 sacri
1275 2289 1621 2343 conficiendi
1677 2288 1822 2343 ritus
1867 2289 1960 2342 de-

308 2359 622 2427 scribitur,
684 2360 755 2414 De
815 2361 1189 2415 ecclesiastica
1250 2360 1602 2425 hicrarchia,
1658 2362 1847 2430 capite
1897 2361 1956 2425 4,

304 2448 468 2485 num.
519 2433 554 2485 2
607 2448 618 2486 :
690 2430 889 2487 Eodem
933 2437 1119 2497 modo,
1168 2447 1269 2501 quo
1333 2436 1393 2486 in
1458 2434 1683 2501 synaxi,
1742 2430 1960 2485 ordines

300 2520 495 2575 eorum
542 2505 639 2573 qui
688 2506 874 2557 minus
902 2504 1135 2575 per/ccli
1164 2514 1313 2568 sunt,
1344 2504 1714 2558 excluduntur
1743 2521 1759 2555 :
1808 2518 1958 2571 pra:-

298 2574 489 2630 missz's
538 2575 787 2630 videlicet
810 2592 968 2630 sacra
997 2574 1096 2646 per
1127 2580 1296 2630 totum
1328 2576 1596 2645 templum
1627 2590 1751 2629 cum
1779 2575 1958 2629 odoris

296 2649 616 2716 fragrantia
662 2650 1023 2712 processione,
1058 2648 1511 2717 Psalmorumque
1554 2664 1719 2701 sacra
1770 2646 1957 2700 modu-

299 2720 525 2787 latione,
541 2723 593 2773 et
619 2717 1090 2773 divinissimorum
1121 2719 1467 2789 eloquiorum
1495 2719 1955 2789 promulgatione.

298 2789 594 2845 Hactenus
627 2791 945 2846 missarum
980 2788 1267 2845 solemnia
1300 2792 1458 2845 vides
1490 2794 1558 2843 ad
1591 2788 1955 2857 evangelium

305 2878 494 2931 usque
544 2861 761 2915 lectum
817 2864 1396 2933 promulgatumque.
1433 2861 1633 2933 Deinde
1683 2864 1955 2932 ponti/ex,

303 2942 521 3003 accepto
550 2944 845 3003 unguento,
875 2937 1031 3003 ponit
1060 2932 1213 2988 illud
1257 2932 1429 3005 supra
1477 2932 1725 2987 divinum
1758 2934 1953 3005 altare,

303 3005 602 3060 duodecim
632 3007 806 3059 sacris
853 3007 957 3060 alis
1006 3003 1339 3071 obvelutum,
1372 3009 1579 3060 cunctis
1609 3003 1958 3059 sanctissima

302 3092 428 3131 voce
476 3077 889 3131 concinentibus
943 3077 1088 3131 illud
1134 3078 1409 3132 divinitus
1465 3079 1779 3144 af/‘Ialorum
1835 3092 1958 3145 pro-

304 3148 599 3219 phetarum
649 3150 933 3203 canticum
985 3148 1308 3220 ufﬂationis.
1347 3151 1407 3204 lu
1460 3148 1961 3220 altari,_adcoque

307 3217 463 3274 intra
514 3220 829 3275 missarum
882 3217 1191 3288 solemnia,
1244 3226 1469 3276 astante
1520 3217 1732 3289 p0pulo
1778 3218 1957 3283 ﬁdeli,

309 3299 578 3346 sanctum
614 3292 1007 3361 unguentum
1069 3298 1363 3346 sacratum
1413 3310 1445 3346 a
1491 3291 1785 3361 pontiﬁce,
1834 3292 1954 3345 hinc

306 3364 485 3417 verba
514 3362 835 3418 declarant.
859 3364 1033 3432 Atqui
1060 3363 1347 3417 Theodori
1375 3362 1606 3417 lectoris
1631 3362 1687 3415 in
1714 3364 1955 3417 Historia.

306 3436 636 3501 ecclesiast.,
688 3433 836 3488 libro
895 3452 955 3496 ιι.
1006 3435 1181 3489 verba
1236 3442 1422 3491 sunt:
1478 3435 1704 3487 Petrum
1766 3434 1953 3488 Fullo-

306 3523 440 3561 nem
494 3505 842 3571 instituisse,
882 3514 943 3560 ut
983 3523 1215 3560 sacrum
1266 3507 1525 3562 chrisma
1568 3522 1761 3559 coram
1795 3504 1955 3560 omni

304 3577 518 3647 populo
550 3584 1009 3649 consecraretur.
1038 3600 1065 3626 ››
1090 3577 1234 3633 Hinc
1259 3577 1529 3649 Lequieni
1555 3578 1835 3648 suspicio,
1858 3584 1957 3632 aut

301 3650 413 3721 ipsi
460 3648 728 3721 Fulloni,
763 3654 864 3702 aut
891 3650 1020 3719 ejus
1050 3667 1205 3704 SOCIO
1238 3656 1294 3705 et
1325 3648 1560 3705 assecla:
1595 3650 1953 3720 Areopagiti-

299 3720 399 3776 cbs
433 3720 612 3775 libros
647 3720 993 3775 tribuendos
1023 3738 1171 3776 esse.

367 3795 433 3847 At
464 3792 583 3846 haec
627 3793 890 3847 scribens
948 3793 1285 3847 Theodorus
1342 3792 1525 3848 lector
1576 3792 1625 3845 si
1675 3791 1955 3861 deceptus

297 3864 494 3930 fuerit,
537 3864 707 3918 cadat
760 3869 989 3933 oportet
1041 3865 1389 3935 labaturque
1442 3863 1716 3933 Lequieni
1768 3862 1957 3933 conje-

296 3942 483 3990 ctura.
508 3940 744 3990 Errasse
777 3952 908 3990 vero
938 3936 1324 3991 Theodorum.
1350 3936 1397 3991 si
1432 3936 1734 3991 Fullonem
1772 3935 1956 3989 fuisse

302 4006 676 4070 intellexerit,
710 4007 809 4077 qui
859 4006 1082 4076 primus
1114 4007 1168 4061 in
1204 4009 1473 4063 universa
1503 4006 1759 4062 Ecclesia
1788 4006 1952 4061 Chri-

304 4079 501 4134 stiana
548 4079 725 4134 ritum
777 4078 1074 4147 invexerit,
1106 4080 1359 4135 chrisma
1391 4078 1661 4135 sacrandi
1695 4078 1753 4131 in
1786 4078 1953 4133 altari

298 4151 453 4205 inter
508 4152 798 4223 actionem
860 4150 1218 4222 liturgicam,
1268 4169 1461 4207 coram
1514 4149 1723 4223 populo
1775 4150 1952 4223 fideli,

297 4239 402 4293 pro
447 4226 603 4277 certo
652 4221 828 4293 habet
878 4221 1228 4278 Edmundus
1279 4221 1533 4279 Martene
1588 4224 1658 4277 De
1705 4222 1954 4293 antiquis

298 4292 557 4350 Ecclesiae
605 4292 837 4361 ritibus,
893 4294 1078 4362 capite
1123 4296 1221 4356 2'2,
1275 4299 1301 4362 §
1351 4298 1405 4364 3,
1458 4312 1633 4349 num.
1688 4296 1737 4359 1,
1792 4292 1887 4347 ubi
1938 4313 1949 4349 :

295 4388 321 4415 ‹‹
359 4365 591 4421 Publica
642 4364 888 4435 hujusce
928 4366 1390 4421 consecrationis
1443 4364 1786 4421 solemnitas
1827 4365 1954 4434 (ait)

294 4438 353 4492 in
390 4438 661 4492 Africana
703 4435 960 4508 Ecclesia
1003 4437 1126 4506 jam
1180 4436 1351 4508 longe
1397 4443 1531 4493 ante
1580 4436 1951 4503 obtinuerat;

300 4516 502 4579 utpote
532 4525 705 4580 quam
742 4508 811 4562 ad
848 4507 1028 4563 altare
1060 4507 1357 4579 peractam
1391 4510 1591 4576 fuisse,
1626 4524 1737 4562 non
1781 4525 1953 4563 secus

300 4566 835 4654 acieucharistiam,
870 4566 1082 4654 docent
1130 4581 1253 4654 hinc
1291 4582 1349 4636 S.
1384 4566 1655 4654 Cypriani
1677 4580 1861 4654 verba
1892 4580 1949 4654 in
1984 4566 2029 4630 D

298 4652 547 4726 epistola
590 4653 686 4726 70._
723 4650 897 4726 Porro
943 4652 1320 4726 eucharistia,
1364 4650 1953 4726 et'undeibaptiizati

299 4722 830 4795 ungunturmleum
852 4725 907 4777 in
933 4724 1101 4779 altari
1129 4726 1588 4781 sanctificatur.»
1616 4725 1685 4779 Et
1716 4724 1953 4794 quidem

298 4794 564 4853 invecato
597 4794 809 4851 Christi
847 4796 1101 4861 nomine,
1132 4804 1195 4850 ut
1224 4797 1509 4852 discimus
1539 4814 1607 4853 ex
1634 4796 1823 4866 Optati
1858 4796 1957 4850 Mi-

298 4868 535 4925 levitani
564 4868 711 4924 libro
741 4883 840 4921 vm
873 4868 1135 4923 Aduersus
1164 4870 1598 4924 Parmenianum
1621 4889 1639 4924 :
1698 4891 1717 4917 α
1753 4866 1955 4922 Oleum

302 4941 615 4996 nominant
664 4936 828 4993 illum
879 4938 1187 5011 liquorem,
1222 4941 1323 5011 qui
1375 4941 1431 4994 in
1480 4942 1716 4995 nomine
1743 4937 1957 4994 Christi

301 5013 614 5077 conditur;
652 5011 805 5083 quod
853 5010 1131 5079 chrisma,
1164 5010 1478 5084 postquam
1511 5013 1813 5069 conditum
1848 5017 1955 5076 est,

306 5086 663 5141 nominatur.
704 5108 725 5133 ι

369 5155 641 5228 Cypriani
658 5155 851 5208 locum
874 5153 1114 5209 adhibet
1134 5157 1590 5228 martene,prout
1614 5154 1686 5207 ab
1705 5158 1957 5228 Erasmo

300 5225 643 5285 emendatus
720 5231 825 5291 est,
903 5243 1126 5295 suaque
1187 5227 1244 5281 in
1296 5226 1553 5280 editione
1611 5242 1642 5279 a
1704 5225 1956 5280 Pamelio

301 5302 531 5371 positus
564 5298 796 5369 legitur.
824 5295 1353 5371 Aliterilegendum
1400 5298 1633 5371 censuit
1684 5296 1958 5352 Baluzius

293 5366 465 5445 juxta
510 5366 684 5427 ﬁdem
735 5366 1370 5445 codicis_Co_rbei_ens_is
1408 5388 1419 5425 :
1473 5393 1500 5419 «
1538 5369 1711 5423 Porro
1760 5374 1956 5445 autem

304 5440 662 5500 eucharistia
711 5446 821 5503 est,
873 5440 1025 5493 unde
1070 5441 1321 5511 bapizati
1376 5446 1680 5511 unguntur
1724 5440 1847 5495 oleo
1898 5441 1955 5494 in

304 5516 469 5572 altari
518 5513 903 5584 sanctificato.
941 5533 967 5559 »
1003 5510 1323 5584 filiamque
1359 5510 1487 5584 post
1520 5511 1841 5567 Manulium
1876 5513 1953 5568 le-

302 5587 555 5643 ctionem
591 5582 969 5655 amplectitur
1002 5582 1291 5654 Rigaltius
1319 5604 1330 5640 :
1359 5582 1389 5634 “ι
1428 5585 1603 5640 Porro
1636 5590 1827 5638 autem
1863 5601 1961 5638 eu—

301 5658 584 5716 charistia
632 5654 738 5719 est,
777 5655 928 5712 unde
962 5654 1241 5727 baptizati
1275 5662 1641 5722 unguuntur,
1674 5655 1865 5711 oleum
1899 5657 1956 5709 in

304 5731 475 5789 altari
510 5729 938 5785 sanctificatum
966 5747 980 5794 ;
1019 5750 1047 5777 ››
1079 5744 1144 5783 ac
1175 5727 1222 5781 si
1258 5728 1384 5798 ipsa
1414 5730 1563 5785 065
1601 5727 1959 5783 eucharistia

309 5806 465 5860 dicta
523 5799 885 5869 intelligatur
914 5798 1104 5870 oleum
1140 5798 1481 5870 spirituale:
1526 5800 1849 5870 eodemque
1897 5798 1954 5854 in

306 5876 435 5933 loco
469 5872 541 5932 de
572 5867 821 5947 spiritali
855 5867 1132 5926 unctione
1163 5867 1392 5943 agatur,
1412 5884 1539 5942 quia
1571 5871 1643 5929 ab
1675 5867 1800 5943 ipso
1831 5883 1957 5945 pro-

2074 508 2273 565 renria,
2307 501 2483 553 veluti
2536 503 2811 570 genuina,
2851 496 3016 550 lectio
3068 496 3165 560 sit,
3197 493 3533 570 diligentius
3596 509 3723 563 per-

2068 573 2296 642 quirere
2330 589 2440 626 non
2475 567 2677 626 vacat:
2723 575 2947 642 certum
2978 584 3107 622 vero
3142 567 3286 642 mihi
3319 570 3720 642 compertum-

2070 636 2204 713 que,
2226 644 2427 699 eodem
2465 644 2519 697 in
2555 643 2678 698 loco
2709 641 3167 713 Cyprianumde
3200 641 3325 709 ipso
3357 638 3534 713 etiam
3569 636 3724 713 chri-

2070 708 2260 769 smate
2312 715 2491 785 loqui,
2523 715 2711 784 deque
2754 708 3193 785 consecratione
3224 708 3370 778 ejus
3421 711 3478 762 in
3529 708 3717 785 altari.

2072 792 2200 841 Posl
2230 780 2404 840 allata
2428 780 2842 850 verba,statim
2866 783 3106 850 subiicit
3135 782 3260 836 ille;
3292 803 3318 830 «
3350 780 3725 834 Sanctiﬁcare

2073 865 2270 912 autem
2318 875 2431 913 non
2484 858 2673 929 potuit
2723 856 3230 929 oleicreaturam,
3265 853 3365 929 qui
3406 868 3510 906 nec
3540 852 3727 929 altare

2074 931 2271 996 habet,
2308 948 2409 985 nec
2440 925 2744 984 ecclesiam
2782 926 2859 996 (id
2894 931 2981 980 est
3010 926 3337 995 haereticus)
3366 941 3377 979 :
3436 925 3590 978 unde
3618 939 3722 977 nec

2074 1005 2271 1057 unctio
2292 1002 2616 1071 spiritualis
2647 1000 2799 1070 apud
2836 997 3140 1071 haereticos
3173 1003 3360 1066 potest
3382 1011 3725 1071 esse,_quan-

2074 1074 2146 1128 do
2214 1067 2440 1128 constet
2505 1067 2700 1127 oleum
2761 1068 3137 1134 sanctiﬁcari,
3198 1075 3253 1122 et
3311 1067 3723 1121 eucharistiam

2077 1146 2197 1199 fieri
2230 1146 2384 1215 apud
2420 1144 2549 1200 illos
2575 1143 2815 1198 omnino
2838 1158 2957 1215 non
2992 1157 3182 1210 posse.
3210 1164 3236 1189 ››
3262 1143 3383 1215 Quo
3408 1139 3530 1215 loco
3558 1138 3721 1215 {colei

2073 1210 2423 1284 creaturam,
2479 1234 2605 1287 quae
2665 1213 3083 1287 sanctiﬁcatur,
3136 1234 3172 1287 _-
3245 1210 3723 1287 q_uis_int_elligat

2073 1282 2542 1343 eucharistiam"!
2597 1290 2715 1342 imo
2766 1285 2958 1339 oleum
3010 1283 3323 1353 distinguit
3369 1282 3717 1353 Cyprianus,

2074 1368 2131 1414 et
2158 1361 2599 1423 eucharistiam,
2632 1360 2916 1426 docetque
2948 1372 3135 1425 neque
3170 1352 3309 1409 illud
3347 1352 3722 1418 sanetiﬁcari,

2076 1448 2263 1501 neque
2306 1433 2479 1486 istam
2526 1431 2647 1486 ﬁeri
2698 1430 2851 1501 apud
2904 1427 3206 1501 haereticos
3259 1443 3447 1495 posse,
3483 1426 3580 1496 qui
3618 1440 3721 1478 nec

2075 1499 2257 1559 altare
2304 1504 2543 1567 habent,
2578 1517 2683 1556 nec
2731 1499 3059 1555 ecclesiam.
3096 1501 3277 1552 Hocce
3308 1501 3721 1566 argumentum

2076 1591 2190 1645 quo
2212 1578 2537 1646 Cyprianus
2568 1572 2971 1646 haereticorum
3005 1575 3375 1646 sacramenta
3405 1569 3723 1646 rejiciehat,

2077 1642 2313 1702 adducit
2347 1664 2410 1701 ac
2442 1647 2611 1701 solvit
2646 1643 3013 1714 Augustinus
3062 1643 3211 1695 libro
3259 1658 3295 1696 v
3342 1642 3414 1695 De
3458 1642 3723 1714 baptismo

2076 1728 2277 1773 contra
2325 1718 2664 1773 Donatistae
2713 1712 2900 1785 capite
2936 1715 3028 1777 ‘20,
3061 1714 3371 1783 oleumque
3405 1712 3617 1783 accipit
3648 1712 3721 1764 ab

2074 1792 2434 1845 eucharistia
2478 1784 2814 1843 distinctum
2851 1802 2864 1840 :
2920 1807 2944 1833 ‹‹
2986 1788 3103 1841 Cur
3149 1791 3366 1851 autem,
3424 1784 3722 1855 inquiens,

2076 1864 2144 1916 ad
2202 1863 2397 1929 verba,
2431 1879 2556 1932 quae
2608 1860 2943 1932 procedunt
2972 1874 3039 1910 ex
3089 1874 3185 1932 ore
3224 1856 3533 1932 homicidas
3581 1856 3721 1915 (non

2075 1934 2349 2001 haeretici,
2384 1927 2481 1988 sed
2544 1927 2701 1985 intra
2731 1927 3078 2001 catholicam
3115 1927 3426 2001 Ecclesiam
3460 1934 3724 2001 peccato-

2076 2005 2177 2073 ris)
2214 1998 2397 2075 possit
2442 2010 2660 2075 tamen,
2690 2002 2842 2075 Deus
2891 1999 3083 2053 oleum
3139 1998 3542 2075 sanctiﬁeare:
3575 2004 3631 2075 e_t
3660 1998 3721 2052 in

2074 2070 2264 2143 altari,-
2293 2078 2445 2147 quod
2469 2074 2721 2147 haeretici
2748 2075 3218 2147 posuerunt,non
3245 2070 3722 2147 possit,nescio...

2071 2142 2373 2211 Quomodo
2392 2142 2999 2202 exaudithomicidam
3015 2143 3422 2213 deprecantem
3441 2142 3525 2195 vel
3547 2157 3726 2267 sup‘er

2071 2236 2282 2267 animm
2322 2219 2621 2267 hantismi-
2645 2216 2731 2267 vel
2756 2231 2933 2267 suner
2954 2215 3170 2267 oleum.
3196 2214 3278 2267 vel
3305 2231 3484 2267 suner
3504 2214 3620 2267 Euc
3670 2230 3726 2266 a-

2071 2236 2283 2291 aquam
2321 2219 2621 2291 baptismi,
2645 2216 2933 2291 vclsuper
2954 2214 3278 2291 oleum,_vel
3305 2231 3484 2285 super
3504 2214 3727 2291 Eucha-

2072 2285 2413 2355 ristiain,vel
2436 2306 2613 2361 super
2629 2289 2819 2361 capita
2835 2285 3061 2361 eorum,
3079 2286 3293 2361 quibus
3310 2285 3723 2361 manusimpo-

2070 2364 2272 2418 nitur?
2295 2386 2322 2412 ››
2352 2358 2599 2418 Materiae
2625 2367 2725 2416 aut
2746 2359 3016 2413 elementi
3044 2359 3280 2411 nomine
3303 2358 3582 2412 distincta
3610 2374 3723 2410 nu-

2072 2441 2257 2490 merat
2286 2440 2342 2489 et
2371 2434 2628 2506 appellat
2662 2442 3057 2506 sacramenta,
3090 2430 3478 2506 baptismum,
3509 2428 3722 2484 conﬁr-

2071 2501 2878 2569 mationem;éucharistiam,
2912 2501 3360 2556 ordinationem.

2143 2583 2199 2631 In
2234 2579 2401 2633 altari
2434 2594 2592 2644 ergo,
2622 2577 2776 2630 intra
2815 2576 3132 2629 missarum
3185 2573 3468 2626 solemnia
3517 2586 3714 2625 coram

2143 2594 2199 2631 1η
2234 2594 2401 2633 altar]
2434 2594 2495 2632 er
2540 2594 2776 2644 0,1Πῐῐ’8.
2815 2594 3132 2629 missarum
3185 2594 3468 2626 S'HBIUUIB
3517 2594 3714 2625 coram

2071 2650 2286 2720 populo
2316 2650 2468 2704 ﬁdeli
2498 2594 2669 2719 fonge
2700 2652 2833 2701 ante
2865 2644 3125 2701 Fullonis
3157 2650 3378 2699 astatem
3427 2649 3718 2698 sacratum

2070 2722 2251 2777 luisse
2286 2722 2543 2777 chrisma
2574 2737 2676 2775 seu
2709 2735 2944 2774 sacrum
2981 2723 3365 2783 unguentum,
3397 2721 3553 2770 certo
3585 2732 3721 2768 con-

2069 2798 2201 2847 stat.
2237 2793 2434 2863 Neque
2469 2794 3001 2863 reponas,Petrum
3060 2788 3383 2863 Fullonem,
3416 2788 3720 2863 Theodoro

2069 2862 2283 2919 lectore
2318 2858 2481 2927 teste,
2516 2858 2691 2917 ritum
2728 2862 2893 2915 illum
2945 2860 3320 2915 consecrandi
3380 2858 3720 2913 chrismatis

2070 2937 2324 3006 primum
2360 2936 2644 2992 invexisse
2669 2934 2818 3006 apud
2847 2933 3105 3006 Graecos;
3130 2932 3518 3001 eumdemque
3542 2931 3718 3006 ritum

2058 3000 2185 3078 jam
2229 3009 2367 3063 olim
2400 3010 2457 3063 in
2495 3000 2752 3062 Ecclesia
2802 3005 3009 3059 Latina
3056 3000 3437 3078 obtinentem,
3469 3000 3719 3073 spectari

2068 3076 2311 3135 minime
2335 3081 2596 3150 potuisse
2620 3097 2652 3133 a
2672 3078 2869 3133 Graeco
2891 3076 3715 3150 Areopagiticorumauctore.

2070 3150 2287 3205 Praesto
2335 3147 2595 3220 namque
2647 3148 2947 3219 responsio
2998 3149 3186 3217 prima
3235 3153 3342 3210 est,
3386 3147 3498 3201 sibi
3546 3147 3721 3200 etiam

2074 3223 2415 3292 scriptorem
2472 3222 2636 3276 illum
2692 3220 3091 3290 proposuisse,
3126 3220 3724 3292 _Lequienowconsen-

2064 3289 2266 3357 tiente,
2301 3312 2366 3349 ac
2415 3289 2918 3349 animadvertente
2970 3290 3313 3357 Scholiaste,
3351 3295 3413 3345 ut
3452 3289 3721 3345 Ecclesia:

2066 3365 2338 3421 Romanze
2370 3372 2426 3420 et
2463 3364 2855 3420 Occidentalis
2914 3362 3059 3416 ritus
3113 3362 3341 3432 aliquos
3391 3363 3623 3415 afferret
3666 3364 3723 3415 et

2064 3446 2412 3508 eXponcret:
2451 3439 2602 3507 quod
2641 3454 2802 3490 num.
2837 3433 3184 3508 6_exemplis
3216 3433 3718 3508 conﬁrmavimus.

2064 3504 2482 3581 Sequiturque
2514 3509 2807 3581 respontio
2842 3505 3022 3581 altera
3053 3505 3340 3581 'l‘hcodori
3378 3504 3719 3581 testimonio

2066 3588 2121 3641 id
2159 3575 2341 3637 unum
2376 3575 2934 3640 'evinci,'l"ullonem
2967 3580 3022 3633 in
3054 3578 3365 3631 Frclesiam
3404 3575 3719 3630 Antioche-

2066 3672 2225 3719 nam,
2260 3655 2319 3707 in
2371 3670 2487 3723 qua
2537 3651 2906 3723 tyrannidem
2968 3648 3499 3723 exercebanritum
3551 3646 3719 3701 illum

2066 3726 2329 3802 potuisse
2364 3720 2619 3802 primum
2654 3722 2963 3802 invehere;
3015 3728 3081 3802 at
3122 3720 3315 3791 colligi
3369 3737 3482 3775 non
3527 3733 3717 3802 posse,

2066 3790 2340 3857 eumdem
2368 3790 2554 3851 ritum
2602 3795 2659 3849 in
2713 3792 3012 3863 aliquibus
3044 3790 3721 3848 Grmcm’communionie

2065 3870 2329 3929 ecclesiis
2360 3874 2534 3924 antea
2565 3882 2680 3922 non
2715 3864 3066 3921 obtinuisse.

2134 3968 2160 3992 ‹‹
2200 3944 2264 3996 At
2297 3941 2443 3997 ritus
2478 3939 2594 4003 illc,
2631 3940 2729 4009 qui
2760 3938 2977 3992 ibidem
3012 3934 3722 4009 subjungiturilequieni

2064 4015 2534 4091 verba_s_u_nt)‘ut
2567 4007 2931 4091 unguentum
2967 4007 3354 4091 super‘altare
3386 4007 3717 4091 depositum

2065 4086 2393 4157 seraphicis
2422 4078 2882 4157 'ﬁgurisduabus
2904 4083 3266 4146 contegatur,
3293 4096 3408 4149 quo
3431 4078 3721 4146 signiﬁce-

2066 4154 2514 4221 turfChristum
2567 4154 2666 4223 qui
2721 4162 3019 4221 unguento
3069 4156 3541 4223 repraesentetur,
3581 4166 3722 4223 per-

2063 4236 2238 4302 petuo
2272 4222 2852 4302 seraphim’cantico,
2889 4223 3041 4302 quod
3074 4222 3378 4302 Trisagion
3409 4239 3527 4302 seu
3575 4222 3721 4302 Ter—

2064 4292 2333 4355 sanctum
2368 4292 2606 4363 dicitur,
2640 4294 2955 4359 celebrari;
3004 4310 3196 4347 annon
3232 4292 3340 4349 hoc
3370 4295 3540 4348 etiam
3570 4293 3722 4347 Cna—

2061 4372 2207 4443 phaai
2236 4385 2285 4443 ei
2308 4369 2752 4443 Severianorum
2790 4364 3452 4443 mentem-etingenium
3478 4365 3718 4443 redolet,

2062 4436 2160 4514 qui
2193 4439 2726 4514 Trisagiacantica
2753 4438 2941 4514 modo_
2958 4436 3366 4514 toti_'l‘rinit_ati
3421 4437 3719 4514 occinunt,

2061 4507 2236 4570 modo
2268 4514 2372 4567 soli
2411 4512 2553 4568 Filio
2584 4518 2641 4565 et
2664 4510 2945 4564 Christo?
2986 4532 3013 4557 ››
3047 4510 3170 4563 Duo
3203 4510 3601 4563 animadverte
3662 4507 3717 4561 in

2061 4586 2197 4649 ritu.
2254 4602 2424 4655 quem
2485 4582 2764 4638 describit
2799 4581 3624 4655 rAreOpagiticorumauctor.
3678 4579 3717 4634 I.

2065 4652 2453 4729 Unguentum,
2477 4672 2657 4729 supra
2696 4654 2981 4729 divinum_
3012 4652 3193 4729 altare
3248 4652 3531 4729 positum,
3564 4668 3721 4729 sera.-

2066 4724 2256 4800 phieis
2292 4728 2492 4799 ﬁguris
2524 4728 2776 4786 duabus,
2807 4725 3257 4800 seu__du_odecim
3283 4724 3390 4779 alis
3442 4724 3717 4800 obvelari.

2067 4796 2137 4857 ll.
2198 4796 2515 4855 Concipere
2572 4803 2833 4853 astantes
2880 4797 3021 4851 illud
3078 4796 3347 4851 divinitus
3397 4798 3724 4865 alﬂatorum

2061 4873 2465 4945 prophetarum
2510 4872 2785 4945 canticum
2836 4868 3163 4945 afﬂationis.
3206 4869 3397 4945 Verba
3435 4868 3557 4945 haec
3588 4883 3723 4945 cum

2068 4939 2295 5006 integro
2341 4950 2495 4998 textu
2544 4942 2818 5013 superius
2866 4940 3160 5013 dedimus,
3194 4939 3724 5013 Canticumistud,

2066 5018 2215 5085 quod
2253 5021 2513 5070 astantes
2544 5010 2885 5079 concinunt,
2921 5012 3003 5066 ita
3034 5010 3302 5085 declarat
3324 5011 3721 5085 Scholiastes;

2070 5082 2097 5137 ιὶ
2152 5088 2480 5145 Canticum.
2532 5086 2756 5141 scilicet
2804 5085 3031 5138 Sanctus
3077 5082 3161 5137 vel
3210 5083 3476 5140 Alleluia.
3534 5107 3553 5133 η
3616 5082 3722 5137 Sed

2066 5160 2373 5231 posterius,
2408 5158 2668 5231 Alleluia,
2707 5156 3077 5231 intellexisse
3128 5162 3423 5231 auctorem
3472 5158 3727 5231 Areopa-

2067 5226 2397 5300 giticorum,
2422 5231 2547 5299 ipse
2579 5230 2668 5284 sui
2704 5228 2999 5289 interpres
3020 5231 3109 5282 est
3130 5226 3255 5281 loco
3278 5228 3453 5283 citalo
3482 5244 3643 5283 num.
3666 5227 3721 5293 3,

2065 5304 2210 5372 §12,
2252 5304 2347 5357 ubi
2406 5302 2583 5357 latius
2640 5300 2880 5370 exponit
2922 5316 3047 5372 qua:
3077 5300 3349 5372 strictim
3403 5314 3725 5370 proposue-

2067 5370 2201 5430 rat:
2251 5376 2448 5442 Porro,
2483 5373 2781 5443 inquiens,
2830 5371 2997 5425 melos
3044 5370 3186 5424 illud
3232 5388 3453 5425 sacrum
3502 5375 3729 5440 prophe-

2067 5454 2263 5501 tarum
2294 5447 2565 5502 divinitus
2614 5445 2952 5512 (if/latorum.
2985 5445 3162 5496 sciunt
3214 5443 3273 5497 hi
3320 5445 3417 5513 qui
3462 5444 3729 5499 Hebraice

2066 5523 2293 5583 norunt,
2336 5520 2429 5573 Dei
2463 5516 2682 5571 [mutem
2728 5516 3071 5585 signiﬁcare,
3101 5516 3216 5567 sive
3268 5515 3490 5569 laudate
3542 5516 3729 5570 Domi-

2064 5608 2223 5645 num.
2260 5593 2465 5661 Itaque
2515 5589 2810 5661 canticum
2852 5585 3037 5661 illud,
3085 5586 3236 5647 quod
3272 5586 3328 5641 in
3363 5588 3728 5661 confectione

2065 5663 2214 5716 sacri
2266 5658 2549 5730 unguenti
2602 5658 2995 5714 concinebant
3042 5663 3324 5724 astantes,
3377 5658 3519 5713 nihil
3564 5658 3725 5713 aliud

2065 5739 2191 5787 erat
2230 5734 2339 5789 nisi
2390 5734 2635 5788 Alleluia
2657 5748 2674 5789 .'
2728 5731 2885 5801 quod
2943 5730 3143 5785 Latine
3198 5730 3438 5797 perinde
3489 5746 3617 5785 esse
3661 5747 3725 5784 ac

2065 5805 2311 5859 Laudate
2347 5806 2538 5867 Deum.
2560 5803 2644 5860 vel
2682 5801 3146 5872 pueriunorunt.
3179 5800 3351 5858 Nulla
3381 5817 3516 5872 ergo
3548 5802 3603 5856 in
3643 5804 3731 5855 his

2062 5872 2257 5931 verbis
2288 5866 2542 5949 Trlsagii
2573 5866 2816 5933 mentio.
2848 5866 3048 5947 Neque
3093 5878 3150 5930 te
3202 5878 3432 5931 moveat
3446 5866 3727 5947 “(obviam
