4162 6368
277 261 407 319 1081

1110 258 1404 316 NOTITIA
1442 259 1518 313 IN
1556 261 1612 312 Β.
1655 257 2056 313 DIONYBIUM
2094 256 2581 313 PARISIENSEM
2621 257 2846 312 EPISC.

3553 254 3690 312 1082

278 386 405 440 dem
441 399 474 438 a
523 381 791 452 praefecto
841 380 1199 436 Fescennino
1249 385 1380 451 post
1428 379 1777 452 gravissima
1805 383 1923 434 tor-
1955 382 2009 449 Α
2039 379 2417 452 Gundemari.
2452 378 2601 433 Pene
2631 377 2945 452 omiseram
2977 375 3384 452 doctissimum
3415 378 3688 452 cardina-

279 460 605 511 mentorum
640 469 852 524 genere
881 453 1072 522 gladio
1095 468 1430 523 percussus,
1453 453 1796 524 martyrium
1821 467 1926 522 pro

279 528 506 582 Christo
560 523 762 580 subiit.
815 527 898 578 Ita
946 524 1047 595 qui
1097 541 1200 595 pro
1251 542 1364 578 uno
1415 529 1574 578 stant
1629 523 1925 593 Dionysio.

277 599 458 668 Cujus
491 599 745 668 primum
775 595 1071 667 opinionis
1103 613 1220 649 sua
1254 603 1457 666 petunt
1490 603 1926 668 argumentum,

277 667 438 726 exeo
481 667 657 740 quod,
691 675 756 722 ut
806 669 865 721 in
919 668 1252 740 prafatione
1283 668 1542 740 generali
1583 667 1930 740 auctoritate

277 739 534 797 veterum
559 746 796 794 Patrum
821 739 1584 809 demonstravimus,religio
1598 739 1931 793 Christiana

277 815 332 868 in
359 813 564 868 Galliis
596 812 769 866 fuerit
802 812 1115 882 praedicata
1144 815 1543 881 apostolorum
1577 810 1664 864 vel
1697 816 1928 880 aposto-

275 886 518 940 licorum
545 885 750 939 saltem
771 883 1029 937 virorum
1052 882 1928 953 temporibus,abaliisquefunf

274 957 425 1011 data
449 956 570 1011 sint
593 955 746 1027 apud
774 972 879 1027 nos
910 952 1188 1025 quaedam
1214 954 1479 1027 Ecclesia
1501 962 1705 1027 contra
1735 952 1931 1009 Severi

276 1028 514 1099 Sulpitii
545 1033 602 1082 et
625 1026 880 1096 Gregorii
912 1027 1274 1082 Turonensis
1311 1026 1670 1099 testimonia,
1703 1027 1804 1096 qui
1836 1040 1929 1080 se-

277 1098 400 1154 rius
425 1100 598 1153 ﬁdem
633 1099 702 1152 ad
727 1115 832 1153 nos
852 1099 1262 1152 transmissam
1287 1098 1597 1152 afﬁrmant.
1624 1099 1772 1152 Tum
1796 1114 1930 1152 vero

273 1171 717 1241 Areopagitista
750 1172 1024 1241 nituntur
1075 1170 1315 1239 antiqua
1358 1170 1672 1224 traditione
1703 1174 1761 1224 et
1794 1185 1931 1223 con-

274 1240 452 1297 sensu
485 1240 877 1296 Ecclesiarum
907 1240 1128 1309 Gallia,
1162 1243 1504 1306 Germania,
1554 1241 1846 1312 Hispaniae
1877 1246 1933 1295 et

275 1313 474 1381 Italia,
510 1330 636 1384 qua
673 1316 729 1367 in
777 1313 1225 1384 Martyrologiis,
1281 1312 1586 1368 Breviariis
1625 1320 1682 1368 et
1717 1312 1930 1368 Missa-

277 1385 431 1440 libus
491 1401 674 1440 unum
730 1385 933 1440 colunt
991 1385 1355 1456 Dionysium.
1417 1389 1578 1438 Hanc
1626 1385 1829 1439 civitas
1877 1389 1933 1438 et

275 1457 530 1512 Ecclesia
560 1457 738 1511 Paris.
792 1474 825 1510 a
876 1458 1200 1526 majoribus
1252 1457 1320 1510 ad
1357 1456 1530 1509 ﬁnem
1583 1456 1780 1510 saculi
1813 1472 1930 1509 xvu

275 1544 466 1611 usque
498 1528 666 1611 quasi
711 1544 1057 1610 perm-anus
1109 1528 1384 1610 traditam
1438 1529 1818 1611 conservavit.
1853 1528 1932 1608 Ea

273 1599 570 1670 imprimis
595 1599 933 1670 Dionysiani
969 1599 1308 1653 monasterii
1353 1604 1518 1653 vetus
1550 1606 1637 1654 est
1667 1599 1929 1665 traditio,

275 1689 451 1740 quam
485 1671 859 1742 antiquarum
887 1687 1137 1741 praxeon
1161 1677 1396 1725 tenaces
1429 1671 1699 1725 monachi
1723 1671 1927 1724 etiam-

2037 454 2151 506 lem
2187 451 2524 518 Baronium,
2558 450 2654 520 qui
2706 455 2832 504 tum
2878 450 2937 502 in
2989 448 3419 520 Martyrologio,
3469 453 3594 503 tum
3626 451 3685 504 in

2038 523 2368 577 Annalibus
2401 523 2470 579 ad
2504 538 2691 576 annos
2720 523 2788 574 98
2818 524 2873 574 et
2904 521 3008 574 409
3037 521 3304 575 eamdem
3337 523 3686 576 sententiam

2039 595 2243 650 multis
2275 594 2635 663 argumentis
2673 593 3082 663 propugnavit.
3138 593 3298 647 Hanc
3329 600 3568 648 secutus
3600 598 3689 649 est

2038 668 2405 736 Spondanus.
2439 667 2517 720 Ad
2569 666 2839 720 eumdem
2891 681 3125 734 quoque
3155 664 3530 719 cotlimarunt
3561 682 3686 720 sco-

2082 756 2179 793 um
2203 739 2422 793 Natalis
2442 738 2786 804 Alexander,
2816 740 2973 806 Hugo
2998 737 3334 803 Menardus,
3361 739 3687 792 Germanus

2070 811 2318 877 Iilletus,
2353 811 2569 881 quibus
2602 808 2826 881 multos
2869 809 3528 881 adjungere-possemus
3559 815 3686 864 tum

2039 887 2320 949 recentes,
2353 878 2480 937 tum
2512 879 2863 952 antiquioris
2895 878 3518 949 nota,'nisi’brevitati
3550 898 3688 936 con-

2039 953 2232 1010 sulere
2262 956 2656 1010 studeremus.
2685 953 2810 1007 Hac
2840 956 3036 1006 autem
3066 956 3153 1007 tot
3175 966 3239 1007 ac
3271 952 3450 1008 tantis
3475 956 3532 1006 et
3564 969 3687 1008 mo-

2039 1027 2257 1081 mentis
2304 1030 2361 1081 et
2412 1024 2767 1080 testimoniis
2819 1040 2985 1078 sacra
3031 1022 3269 1078 traditio
3314 1041 3429 1078 non
3475 1028 3693 1079 temere

2040 1097 2371 1168 abjicienda
2397 1097 2769 1169 (quibusdam
2818 1095 3219 1169 visa_e_ruditis
3258 1110 3270 1149 :
3311 1114 3331 1169 ς
3367 1095 3527 1169 Unde
3559 1111 3693 1169 cum

2040 1165 2238 1248 selecti
2257 1186 2302 1248 _e
2333 1165 2500 1248 sacra
2526 1168 2797 1248 facultate
2833 1166 3142 1248 [farisiensi
3174 1165 3425 1248 theologi
3459 1167 3528 1221 ad
3565 1167 3694 1248 Bre-

2041 1241 2205 1296 viarii
2255 1241 2606 1296 Parisiensis
2657 1240 3149 1308 emendationem,
3199 1239 3699 1310 quastionemrde

2039 1317 2094 1367 S.
2131 1313 2407 1384 Dionysio
2441 1312 2792 1384 Areopagita
2817 1315 2874 1384 et
2905 1309 3227 1366 Parisiensi
3256 1310 3530 1382 episcopo
3563 1309 3700 1384 dili-

2080 1389 2244 1439 enter
2287 1382 2813 1456 expendiss’ent,et
2860 1383 2919 1436 in
2953 1389 3263 1452 utramque
3309 1388 3531 1456 partem
3573 1382 3701 1456 suis

2065 1453 2315 1510 ibratam
2351 1453 2662 1511 momentis
2713 1455 3144 1525 disceptassent
3191 1470 3386 1508 coram
3416 1453 3700 1507 illustris-

2042 1528 2192 1584 simo
2225 1527 2666 1599 archiepiscopo
2718 1527 3027 1581 Francisco
3069 1525 3581 1599 Har]ao,gcens_uit
3611 1543 3700 1599 ar-

2041 1600 2351 1671 chipraesul
2387 1597 2820 1671 sagacissimus,
2845 1603 2899 1652 et
2930 1599 3012 1671 ad
3030 1604 3183 1652 recte
3208 1597 3596 1671 judicandum
3631 1597 3701 1650 de

2042 1669 2221 1727 reb—us
2254 1669 2668 1743 antiquitatem
2694 1669 3151 1725 ecclesiasticam
3174 1669 3577 1740 spectantibus
3601 1685 3702 1739 per

274 1761 422 1820 num
455 1745 725 1820 retinent,
759 1749 824 1820 ut
854 1747 1170 1820 constatex
1202 1744 1383 1820 missa
1408 1743 1530 1820 diei
1553 1742 1684 1796 festi
1717 1743 1775 1798 S.
1802 1744 1933 1820 Dio-
1966 1753 2015 1820 Β
2044 1745 2286 1820 eximias
2344 1742 2566 1820 ingenii
2625 1743 3024 1820 doctrinaque
3078 1743 3273 1820 dotes.
3301 1745 3698 1820 comparatus,

274 1816 448 1886 nysii,
479 1816 538 1869 in
573 1832 688 1886 qua
720 1815 966 1886 epistola
997 1831 1124 1882 qua
1150 1815 1216 1868 ad
1253 1815 1659 1884 Areopagitam
1686 1819 1931 1886 spectat,

275 1888 555 1942 recitatur
584 1905 617 1940 a
638 1886 906 1956 pluribus
930 1887 1180 1940 saculis.
1207 1889 1367 1940 Hanc
1391 1886 1650 1940 Ecclesia
1672 1890 1936 1940 Romana

275 1957 655 2014 traditionem
687 1958 862 2012 etiam
897 1959 1284 2027 postiteratas
1317 1958 1530 2026 sapius
1555 1956 1934 2012 ecclesiastici

277 2030 456 2085 ofﬁcii
505 2030 934 2100 recognitiones
987 2030 1272 2100 integram
1322 2028 1725 2098 illibatamque
1799 2027 1937 2082 reti-

279 2101 428 2155 nuit.
464 2101 607 2164 Quid
646 2103 796 2171 quod
830 2101 1238 2171 Martyrologia
1264 2103 1525 2154 eamdem
1561 2102 1936 2163 conﬁrmant,

288 2173 739 2244 Romanumque
768 2173 1083 2244 imprimis,
1113 2171 1208 2226 ubi
1236 2172 1306 2226 ad
1339 2188 1415 2224 v11
1453 2173 1531 2225 1d.
1567 2171 1766 2244 Octob.
1792 2171 1941 2244 legi-

286 2247 387 2299 tur
428 2244 744 2316 Dionysius
791 2243 1143 2316 Areopagita
1188 2243 1444 2316 primum
1499 2243 1734 2316 quidem
1767 2243 1940 2316 Athe-

291 2317 515 2371 niensis
565 2313 902 2386 episcopus,
936 2313 1137 2386 postea
1184 2313 1213 2368 ἐι
1258 2315 1553 2369 Clemente
1601 2313 1658 2369 in
1694 2314 1941 2368 Galliam

293 2387 538 2450 missus,
590 2386 938 2442 Parisiensis
987 2388 1300 2458 episcopus
1351 2386 1551 2441 fuisse.
1604 2391 1712 2441 Nec
1747 2386 1943 2440 minus

292 2463 600 2514 recensent
624 2459 880 2529 Eusebii,
913 2460 1098 2522 Beda,
1132 2459 1354 2513 Rabani
1387 2458 1628 2528 antiqua
1666 2461 1942 2528 Martyro-

292 2529 466 2600 logia,
500 2531 826 2585 recentiora
875 2546 1006 2585 vero
1055 2529 1332 2585 Galesinii
1382 2535 1438 2585 et
1469 2530 1752 2596 Sausseii,
1786 2535 1842 2584 et
1870 2545 1945 2584 ne

293 2602 429 2672 quid
463 2602 617 2657 desit
646 2603 822 2657 etiam
854 2616 922 2655 ex
951 2606 1116 2672 parte
1146 2603 1500 2665 Gracorum,
1551 2605 1731 2656 testes
1759 2601 1944 2655 addu-

292 2671 434 2729 cunt
455 2673 839 2740 Methodium,
861 2671 1204 2727 Michaelem
1226 2672 1580 2744 Syncellum,
1608 2673 1943 2743 Metaphra-

289 2749 416 2800 sten
459 2749 530 2816 et
562 2745 953 2816 Nicephorum
1007 2745 1142 2799 huic
1193 2744 1942 2816 consentientesropinioni,

295 2834 363 2871 ac
395 2815 569 2872 claris
599 2815 792 2872 verbis
820 2816 1232 2871 Atheniensem
1267 2816 1609 2888 Dionysium
1642 2815 1700 2869 in
1733 2816 1946 2871 Gallias

296 2888 548 2943 missum
607 2889 1014 2959 pradicantes,
1070 2893 1128 2942 et
1183 2889 1461 2959 martyrio
1518 2893 1944 2943 consecratum.

296 2959 482 3029 Hujus
514 2960 804 3030 opinionis
837 2960 1100 3030 quadam
1131 2959 1310 3014 veluti
1359 2959 1698 3030 prajudicia
1729 2976 1944 3015 eruun-

296 3036 412 3100 tur,
449 3032 635 3102 primo
666 3049 734 3086 ex
764 3049 830 3086 eo
860 3032 1015 3100 quod
1040 3031 1402 3102 Stephanus
1447 3048 1596 3102 papa
1626 3033 1944 3098 secundus,

2048 1816 2303 1886 antiqua
2337 1810 2649 1870 Gallicana
2674 1810 2945 1886 Ecclesiae
2972 1810 3277 1886 traditioni
3309 1814 3380 1866 de
3411 1810 3526 1886 uno
3552 1812 3700 1886 Dio-

2048 1883 2213 1957 nysio
2243 1887 2592 1957 Areopagita
2637 1890 2696 1940 et
2745 1884 3059 1939 Parisiensi
3110 1884 3383 1957 episcopo
3415 1883 3474 1938 in
3507 1883 3699 1938 ofﬁcio

2048 1903 2213 1957 nyslo
2243 1903 2464 1957 areopa
2511 1903 2592 1940 ita
2637 1903 2696 1940 et
2745 1903 3059 1939 νει-ιειθηει
3110 1903 3383 1956 episcopo
3415 1903 3474 1938 1n
3507 1903 3699 1938 OIIICIO

2047 1959 2444 2014 ecclesiastico
2470 1903 2764 2012 ﬁmuorem
2812 1973 2986 2010 suum
3019 1955 3367 2010 servandum
3399 1971 3550 2025 esse,
3584 1971 3701 2009 non

2047 2047 2183 2085 vero
2215 2029 2652 2085 convellendam
2689 2028 2842 2099 piam
2887 2028 3176 2097 majorum
3210 2031 3542 2099 nostrorum
3576 2026 3699 2097 opi-

2051 2104 2308 2169 nionem,
2343 2103 2431 2156 cui
2468 2098 2702 2156 saltem,
2727 2100 3045 2169 probabilis
3093 2098 3389 2154 sententia
3414 2099 3554 2167 jura
3586 2114 3700 2151 non

2049 2175 2381 2245 spernenda
2412 2177 2710 2245 momenta
2740 2171 3107 2245 conﬁrmant.
3143 2193 3171 2220 »
3214 2170 3297 2225 lta
3328 2169 3702 2225 Bollandista

2051 2244 2195 2300 tom.
2224 2245 2299 2299 VI
2331 2244 2496 2310 Julii,
2529 2258 2660 2315 pag.
2695 2244 2784 2296 76.

2121 2319 2174 2372 2.
2207 2317 2490 2397 Sed__eslo,
2518 2311 2798 2397 inquiunt
2842 2312 3081 2397 alterius
3121 2312 3420 2397 opinionis
3447 2311 3701 2394 patroni,

2053 2388 2398 2460 Areopagita
2428 2405 2546 2460 non
2578 2384 2655 2441 sit
2684 2401 2858 2460 quem
2905 2384 3520 2460 colimusDionysius,
3554 2384 3702 2438 mis-

2054 2456 2259 2531 sioque
2290 2456 2345 2515 'a
2394 2456 3174 2531 Clemente—Areopagitistis
3221 2456 3455 2531 errandi
3495 2471 3702 2531 ansam

2053 2527 2385 2604 pra—buerit.
2418 2533 2497 2604 At
2522 2535 2676 2604 certe
2715 2527 3064 2604 antiquitate
3109 2528 3378 2598 pravalet
3408 2527 3530 2583 hac
3561 2528 3702 2604 mis-

2055 2598 2161 2668 sio,
2192 2608 2392 2674 totque
2420 2601 2659 2657 fulcitur
2680 2601 3148 2674 probationibus,
3174 2605 3289 2656 uta
3311 2617 3466 2674 sana
3489 2598 3704 2674 r_nentis

2053 2671 2395 2731 hominibus
2428 2674 2485 2729 in
2519 2675 2765 2728 dubium
2812 2671 3067 2728 revocari
3099 2687 3214 2726 non
3248 2672 3451 2742 possit.
3490 2671 3708 2742 Fassus

2055 2748 2210 2803 enim
2245 2751 2330 2802 est
2358 2747 2482 2817 ipse
2511 2745 3025 2817 Tillemcntiusde
3055 2740 3262 2817 sancto
3283 2741 3606 2817 Saturnino
3630 2740 3709 2817 lo-

2056 2836 2243 2891 quens
2275 2812 2422 2873 duas
2462 2822 2622 2891 sexto
2674 2815 2887 2871 saculo
2934 2815 2994 2870 in
3045 2815 3401 2891 quibusdam
3435 2812 3708 2891 Ecclesiis

2053 2883 2313 2962 viguisse
2347 2889 2715 2962 traditiones,
2760 2904 3011 2962 quarum
3055 2883 3499 2962 justaalteram
3530 2883 3704 2956 primi

2056 2958 2313 3036 episcopi
2332 2960 2740 3036 apostolorum
2766 2959 2854 3014 vel
2878 2975 3078 3014 eorum
3100 2958 3704 3036 discipulorum_tem-

2056 3028 2298 3106 poribus
2328 3028 2398 3106 in.
2419 3033 2635 3106 Gallias
2669 3037 3066 3106 accesserunt,
3100 3028 3710 3106 alte_ram_veroimpe-

297 3101 513 3184 allatis.
543 3119 572 3157 e
595 3103 809 3184 _Gallia
860 3101 1050 3184 sancti
1099 3103 1358 3184 Dionysii
1404 3101 1691 3173 reliquiis,
1737 3103 1948 3184 ‘Roma
1979 3118 2022 3184 ρ
2059 3101 2228 3184 rente
2258 3105 2462 3184 Decio,
2484 3109 2548 3158 ut
2578 3104 2962 3184 ipseﬁscrjpsit
2984 3103 3298 3184 Gregorius
3325 3101 3707 3184 Turonensis.

293 3177 710 3228 monasterium
745 3190 845 3228 seu
879 3173 1139 3228 scholam
1166 3173 1496 3228 Gracorum
1525 3173 1944 3229 monachorum

296 3245 621 3300 instituerit
675 3246 746 3300 ob
800 3245 1143 3300 memoriam
1195 3249 1438 3317 recepta
1486 3247 1541 3300 in
1595 3245 1950 3317 Dionysiana

295 3316 541 3372 basilica
574 3317 861 3372 sanitatis.
891 3317 1110 3372 Deinde
1143 3320 1294 3387 quod
1328 3316 1623 3372 Adrianus
1655 3316 1805 3388 papa
1826 3318 1948 3372 vul-

293 3394 460 3458 gates
492 3390 673 3443 libros
704 3387 966 3460 Dionysii
990 3389 1183 3444 Grace
1205 3388 1457 3460 scriptos
1480 3387 1946 3444 Fulrado’abbati

292 3463 445 3516 dono
472 3461 715 3532 dederit.
750 3461 835 3513 Ad
871 3460 991 3514 hac
1022 3461 1179 3530 quod
1220 3463 1456 3516 eosdem
1491 3460 1725 3515 Michael
1761 3462 1946 3532 impe-

289 3537 448 3587 rator
467 3531 720 3604 Orientis
752 3532 981 3604 miserit
1013 3532 1302 3587 Ludovico
1335 3537 1620 3604 Augusto,
1654 3533 1751 3603 qui
1785 3531 1945 3604 ipsos

291 3605 646 3660 monasterio
666 3603 724 3657 S.
745 3603 1004 3676 Dionysii
1023 3605 1406 3676 consignavit.
1452 3603 1590 3658 Inde
1607 3603 1945 3676 Hilduinus,

291 3676 491 3731 Sancti
528 3675 780 3746 Dionysii
826 3675 1027 3744 abbas,
1053 3675 1264 3745 jussus
1296 3693 1329 3731 a
1376 3676 1669 3730 Ludovico
1702 3675 1800 3730 Pio
1832 3677 1944 3731 im-

291 3752 558 3818 peratore
591 3745 829 3817 scripsit
863 3747 1278 3816 Areopagitica,
1323 3747 1539 3818 quibus
1571 3751 1776 3802 contra
1803 3748 1946 3803 Gre-

292 3819 544 3892 gorium_
574 3819 973 3892 Turoneusem
1023 3821 1277 3892 maxime
1329 3824 1386 3874 et
1433 3818 1672 3892 Bedam,
1706 3824 1944 3892 senten-

291 3889 436 3974 tiam
469 3890 913 3974 «jampridem
965 3905 1067 3974 per
1096 3889 1638 3974 supplantationum
1683 3891 1943 3974 postulat

292 3963 484 4018 tiones
511 3962 824 4033 inclitam,»
861 3962 932 4015 de
966 3961 1225 4033 Dionysii
1255 3962 1718 4033 Areopagitismo
1740 3964 1948 4031 probat

291 4051 360 4090 ex
390 4034 547 4105 Actis
579 4032 979 4104 apostolorum
1005 4032 1527 4105 etantiquissimis
1558 4033 1760 4089 Gallici
1793 4035 1946 4089 ritus

289 4104 651 4175 Missalibus,
685 4120 752 4159 ex
788 4104 1122 4161 testimonio
1162 4104 1348 4160 Visbii
1381 4105 1766 4161 vetustissimi
1799 4106 1944 4161 scri-

294 4177 505 4250 ptoris,
529 4176 684 4250 quod
709 4177 863 4250 apud
886 4176 1179 4250 Morinum
1199 4177 1394 4250 videre
1425 4177 1578 4250 licet,
1602 4179 1947 4235 auctoritate

292 4248 532 4322 quoque
546 4248 867 4304 Aristarchi
892 4248 1220 4322 Graecorum
1254 4249 1685 4322 chronohraphi
1712 4254 1769 4304 et
1800 4250 1947 4322 alio-

288 4319 446 4378 rum;
482 4320 678 4376 Plures
711 4325 912 4391 postea
943 4319 1204 4374 Hilduini
1253 4319 1626 4391 sententiam,
1661 4322 1797 4375 dato
1829 4321 1947 4376 cal-

291 4394 424 4476 culo
456 4390 1198 4476 comprobarunt/Encas,
1232 4390 1580 4476 Parisiensis
1612 4392 1945 4476 episcopus,

292 4463 580 4550 doctrina,
610 4464 826 4550 pietate
857 4467 913 4518 et
942 4463 1241 4550 industria
1262 4463 1613 4550 celebratus,
1644 4463 1703 4546 in
1737 4463 1947 4550 ipscri-
1977 4483 2024 4550 Β

291 4537 493 4610 ptione
522 4533 655 4610 li_bri
705 4536 981 4610 Adyersus
1028 4538 1267 4610 Graecos,
1299 4536 1378 4610 de
1417 4535 1610 4610 seipse
1642 4533 1724 4589 sic
1754 4534 1945 4606 loqui-

290 4605 390 4665 tur
423 4625 436 4664 :
473 4628 500 4657 «
530 4607 738 4662 Encas
783 4606 1204 4662 Parisiacensis
1249 4606 1414 4662 urbis
1464 4605 1796 4678 episcopus,
1831 4605 1945 4678 quo

292 4680 520 4754 primus
577 4678 850 4754 prasedit
897 4683 952 4732 S.
1004 4678 1329 4754 Dionysius
1363 4695 1401 4754 _a
1448 4677 1624 4754 Paulo
1667 4677 1944 4754 apostolo

289 4750 738 4810 Atheniensium
790 4750 1167 4806 consecratus
1215 4750 1735 4821 archiepiscopus,
1763 4751 1863 4806 sed
1913 4767 1946 4805 a

291 4829 496 4881 sancto
528 4822 821 4878 Clemente
849 4821 1029 4876 totius
1059 4821 1256 4878 Gallia
1290 4828 1664 4878 consecratus
1712 4825 1946 4892 aposto-

293 4897 410 4961 lus,
431 4919 451 4948 ι
478 4899 587 4951 etc.
623 4895 781 4948 Hanc
810 4909 1042 4964 quoque
1066 4894 1123 4948 in
1157 4894 1492 4965 opinionem
1515 4895 1948 4950 descenderunt

293 4967 665 5028 Paschasius,
716 4965 899 5020 abbas
947 4965 1334 5030 Corbeiensis,
1379 4967 1534 5020 inter
1581 4966 1771 5021 atatis
1827 4981 1944 5021 sua

292 5039 691 5119 doctissimos,
745 5037 1429 5119 Hincmarus‘R‘eme-nsis
1478 5037 1537 5091 in
1583 5035 1944 5119 epistola.a_d

293 5111 562 5168 Carolum
597 5110 859 5174 Calvum,
895 5108 994 5163 ubi
1048 5109 1186 5163 citat
1232 5109 1411 5163 vitam
1445 5107 1632 5162 sancti
1662 5107 1944 5178 Sanclini,

293 5181 614 5240 Meldensis
655 5179 934 5252 episcopi,
966 5180 1312 5252 Anastasius
1344 5179 1857 5246 Bibliothecarius,
1891 5184 1948 5234 et

292 5251 783 5324 RothomagenSis
841 5251 1316 5322 archiepiscopus
1361 5252 1605 5317 Franco,
1661 5255 1727 5306 ut
1774 5251 1948 5306 refert

292 5329 461 5384 Dudo
508 5326 656 5381 libro
689 5340 729 5378 ιι
781 5324 854 5377 De
901 5327 1141 5378 moribus
1170 5328 1221 5379 et
1267 5325 1406 5379 actis
1454 5324 1896 5379 Normannorum
1923 5340 1945 5377 .-

293 5398 721 5472 posterioribus
752 5393 909 5472 item
943 5394 1550 5472 saculis_S._Thomas
1580 5396 1640 5449 in
1676 5410 1945 5472 sermone

296 5465 469 5543 quem
503 5471 559 5543 ξ.
586 5465 1534 5543 Dionys_i_o_inscripsit,_ﬁobertus
1570 5465 1943 5543 Autissioqo.

291 5536 770 5614 r'ensis,Raphael
786 5537 1125 5614 Volaterran
1136 5554 1203 5592 us
1216 5536 1371 5614 libro
1387 5557 1457 5596 xv
1477 5538 1940 5614 Anihrapolpgia,

294 5615 480 5673 Faber
500 5609 884 5685 Stapulensis,
905 5610 1310 5685 Genebrardus
1331 5611 1391 5667 in
1414 5629 1521 5668 sua
1544 5609 1940 5685 Chronologia,

290 5681 894 5744 Matthaus'Galenus
940 5683 1000 5739 in
1051 5681 1387 5755 prafatione
1436 5685 1508 5741 ad
1539 5681 1940 5755 Areopagitica,

290 5759 551 5818 Jaccbus
607 5755 900 5810 Pamelius
956 5755 1013 5809 in
1052 5753 1494 5822 Tertullianum,
1545 5753 1814 5812 Molanus
1873 5753 1944 5810 ad

299 5831 619 5893 Usuardum
665 5833 723 5886 et
766 5824 968 5884 Loaisa
1012 5825 1072 5883 in
1121 5825 1277 5884 notis
1322 5827 1394 5884 ad
1443 5828 1742 5886 decretum
1786 5824 1941 5898 regis

2061 3179 2190 3233 Haec
2223 3180 2417 3232 autem
2449 3179 2569 3229 tam
2603 3173 2674 3230 de
2707 3175 2764 3228 S.
2801 3173 3073 3245 Dionysio
3106 3173 3284 3244 quam
3321 3175 3390 3228 de
3415 3178 3471 3227 Β.
3508 3174 3712 3245 δίψη-τ

2057 3250 2196 3304 nino
2221 3264 2391 3320 posse
2415 3246 2667 3318 intelligi
2695 3245 2828 3320 quis
2852 3241 3167 3320 norivide't,
3191 3250 3388 3315 utpote
3410 3241 3711 3320 quisimul

2057 3317 2381 3390 eodemque
2410 3317 2673 3389 tempore
2705 3319 2881 3372 ﬁdem
2930 3317 3324 3372 Christianam
3359 3317 3709 3390 praedicave-

2055 3386 2327 3470 runt.__At_
2359 3386 2574 3470 praeter
2615 3392 3041 3470 argumentum
3080 3405 3110 3444 e
3154 3386 3473 3470 propagata
3506 3386 3713 3470 primis

2056 3462 2283 3521 saculis
2315 3458 2376 3517 in
2406 3458 2753 3534 Galliisiﬁde
2774 3458 3279 3534 desumptum'uni
3311 3458 3368 3515 et
3397 3458 3564 3534 alter_i
3584 3458 3710 3530 opi-

2057 3535 2214 3592 nioni
2248 3549 2580 3599 commune,
2614 3533 2751 3588 huic
2791 3531 3006 3588 adhuc'
3034 3533 3187 3587 favet
3214 3531 3488 3603 Gregorio
3520 3532 3706 3603 Turo-

2056 3608 2224 3663 nensi
2257 3607 2555 3676 antiquior
2585 3609 2789 3660 auctor
2815 3604 2962 3660 Vita
3007 3608 3224 3660 sancta
3254 3601 3551 3676 Genovefa
3581 3601 3704 3657 vir-

2056 3680 2233 3751 ginis,
2265 3675 2608 3751 quip’pegqui
2644 3676 2950 3751 profitetur
2980 3693 3056 3751 se_
3073 3693 3201 3751 eam
3234 3675 3545 3751 scripsisse
3575 3677 3710 3745 post

2057 3747 2144 3831 ter
2184 3747 2438 3807 senios'a
2484 3747 2960 3831 beatayi‘rgini‘s
3008 3748 3168 3831 obitu
3219 3763 3428 3831 annos,
3464 3747 3711 3831 ideoque

2057 3823 2211 3879 circa
2241 3838 2462 3877 annum
2491 3821 2596 3874 520
2626 3837 2639 3873 :
2673 3819 2816 3874 inibi
2846 3824 3040 3875 autem
3064 3820 3278 3876 diserte
3311 3823 3559 3876 testatur
3580 3834 3714 3873 san-

2057 3899 2218 3950 ctum
2245 3892 2587 3965 Dionysium
2615 3895 2671 3946 et
2694 3909 2727 3947 a
2747 3892 3042 3965 Clemente
3060 3891 3284 3964 papain
3319 3889 3711 3965 Gallias_mis-

2057 3983 2209 4032 sum,
2245 3970 2301 4022 et
2333 3962 2413 4020 ab'
2434 3965 2636 4020 eodem
2689 3963 3028 4034 episcopum
3061 3962 3510 4019 consecratum.
3547 3962 3710 4034 Idem

2055 4038 2233 4094 habet
2263 4039 2620 4093 Fortunatus
2652 4032 2964 4106 episcopus
3015 4034 3414 4102 Pictaviensis,
3446 4032 3710 4103 Gregorii

2053 4109 2412 4166 Turonensis
2444 4123 2667 4178 suppar
2695 4110 2752 4160 et
2784 4106 3030 4178 amicus,
3056 4107 3156 4177 qui
3189 4106 3247 4161 in
3280 4106 3499 4178 hymno
3529 4120 3706 4174 quem

2055 4184 2127 4237 de
2159 4184 2362 4236 sancto
2391 4177 2666 4249 Dionysio
2705 4177 3018 4233 Parisiensi
3068 4177 3416 4249 composuit,
3445 4181 3502 4233 et
3531 4191 3704 4249 quem

2054 4253 2364 4308 Dubletius
2394 4250 2451 4323 in
2473 4247 2919 4323 Antiquitatibus
2950 4247 3425 4323 Sandionysiani:
3457 4247 3709 4322 publica-

2054 4324 2159 4395 vit,
2191 4323 2275 4380 sic
2304 4320 2517 4380 cecinit
2551 4338 2564 4377 :

2409 4466 2645 4531 Fortem,
2676 4463 2896 4532 ﬁdelem
2923 4463 3160 4519 militem

2414 4535 2618 4590 Christi
2643 4543 2886 4591 secutum
2908 4537 3218 4608 principem

2412 4608 2739 4678 Dionysium
2768 4615 3069 4678 martyrem

2406 4679 2574 4735 Plebs
2599 4678 2786 4748 corde,
2819 4695 2948 4735 voce
2973 4687 3244 4752 personet.

2411 4823 2684 4879 Clemente
2713 4824 2884 4894 Roma
2909 4823 3148 4894 praesule

2410 4895 2485 4949 Ab
2520 4895 2656 4950 urbe
2685 4893 2892 4950 missus
2912 4893 3126 4963 adfuit,

2414 4966 2570 5021 Verbi
2599 4970 2826 5028 superni
2847 4968 3078 5022 seminis

2416 5039 2478 5095 Ut
2505 5038 2726 5111 fructus
2754 5042 2890 5094 esset
2914 5038 3136 5094 Gallia.

2128 5184 2242 5236 Nec
2273 5178 2438 5234 dicas
2466 5179 2754 5250 hymnum
2801 5179 2971 5234 illum
3022 5178 3175 5235 male
3206 5194 3239 5232 a
3268 5175 3538 5233 Dubletio
3574 5175 3704 5250 For:

2055 5254 2261 5307 tunato
2293 5247 2643 5306 attributum
2677 5249 2859 5306 fuisse
2892 5269 2908 5304 :
2940 5268 3075 5305 nam
3130 5247 3706 5322 praterquam_quod

2055 5323 2200 5378 illud
2235 5323 2362 5378 sine
2391 5321 2567 5378 dubio
2589 5322 2838 5378 asseruit
2859 5317 3198 5385 Hilduinus,
3228 5317 3484 5393 hymnus
3504 5317 3602 5374 ille
3624 5319 3708 5375 sic

2054 5395 2272 5466 legitur
2301 5395 2361 5449 in
2393 5393 2692 5449 codicibus
2718 5411 2861 5450 mss.
2894 5395 2950 5449 S.
2978 5393 3130 5449 088
3161 5392 3435 5466 Germani
3466 5392 3705 5466 Prate_n-

2055 5463 2158 5533 eis,
2192 5471 2249 5523 S.
2285 5466 2432 5522 Petri
2462 5467 2857 5535 Carnotensis,
2881 5470 2937 5521 et
2958 5467 3016 5521 S.
3041 5466 3280 5535 Benigni
3313 5463 3703 5521 Divionensis.

2054 5539 2336 5596 Praeterea
2367 5538 2416 5596 si
2446 5544 2613 5596 vetus
2644 5537 2743 5594 ille
2765 5538 3018 5608 hymnus
3041 5539 3343 5594 Fortunati
3375 5555 3489 5594 non
3511 5540 3622 5608 est,
3646 5538 3705 5590 at

2053 5615 2208 5690 certe
2231 5611 2507 5690 Hilduino
2527 5607 2950 5690 antiquiorest,
2971 5613 3126 5690 quod
3139 5611 3390 5690 sufficit.
3413 5607 3704 5690 Antipho:

2052 5683 2204 5756 nalis
2261 5684 2602 5756 Gregoriani
2659 5677 3082 5756 GaroliCalvi,
3135 5682 3195 5739 in
3253 5677 3702 5756 Compendiensi

2048 5750 2408 5838 bibliotheca
2439 5754 2742 5838 asseryati,
2796 5753 2987 5838 prima
3035 5756 3105 5838 de
3136 5759 3193 5810 S.
3228 5750 3503 5838 Dionysio
3552 5750 3704 5838 anti-

2056 5825 2254 5900 phona
2282 5843 2387 5899 pro
2435 5826 2650 5900 vigiliis
2699 5824 3006 5886 nocturnis
3054 5827 3182 5899 ejus
3227 5824 3571 5883 missionem
3601 5837 3705 5897 per
