4162 6368
356 300 499 354 1077

1348 303 1686 358 VINDICUE
1724 304 2020 359 OPERUM
2061 303 2781 361 AREOPAGITICORUM.

3623 308 3765 365 1078

351 422 717 506 υἰρελξυιεειω
747 420 1073 506 humanam
1103 426 1381 506 pernegat
1408 438 1535 476 cum
1563 425 2001 494 proprietatibus
2029 427 2083 493 Α
2115 428 2421 506 propterea
2450 424 2627 506 qu_od_
2653 427 2847 506 omnis
2896 425 3156 506 operatio
3204 424 3442 495 Christi,
3475 429 3595 506 sive
3635 446 3760 506 quas

346 494 462 548 suis
492 496 543 547 et
572 494 986 562 operationibus
1016 498 1407 563 assumptum.

420 564 707 649 Timothei
742 564 922 649 {Eluri
954 565 1126 649 verba
1157 569 1637 649 sequu‘nturAquae
1660 565 1913 649 legimus
1936 567 1993 649 in

349 636 903 709 ejuslucubratione
925 636 1451 709 contrarepistolam
1478 638 1537 709 St
1570 636 1779 692 Leonis
1801 639 1994 709 Magni

348 709 417 761 ad
450 708 785 763 Flavianum
819 725 831 763 :
866 730 893 756 ‹‹
925 708 1059 763 Sola
1089 708 1367 763 divinitas
1397 712 1485 763 est
1514 708 1728 764 Christi
1760 708 1991 780 natura,

346 780 827 853 etsiginﬁearnata.
866 802 893 829 »
939 780 1181 834 Pravam
1237 785 1494 853 mentem
1545 798 1713 836 suam
1767 784 1992 853 aperire

346 852 499 923 apud
552 852 905 922 Lequienum
962 853 1173 923 pergit,
1229 852 1371 905 dum
1420 853 1501 906 ait
1560 852 1989 910 humanitatem

344 922 558 997 Christi
588 922 1009 997 omniraction’e
1067 922 1303 995 propria
1334 924 1614 989 caruisse,
1650 941 1753 979 nec
1784 942 1990 997 opera-

340 995 531 1068 tiones
551 994 695 1050 alias
716 995 833 1068 nisi
851 994 1083 1068 divinas
1106 1012 1206 1067 per
1226 1011 1353 1050 eam
1377 1000 1637 1051 exsertae
1660 994 1991 1068 esse;atque

343 1067 485 1121 adeo
535 1082 662 1136 quae
716 1067 1102 1122 humanitatis
1163 1067 1529 1139 operationes
1578 1067 1989 1139 censebantur,

336 1140 621 1210 passiones
679 1140 873 1210 potius
930 1143 986 1194 et
1043 1138 1232 1195 meras
1291 1141 1691 1207 exsecutiones,
1726 1138 1869 1210 πάθη
1935 1147 1992 1196 et

339 1206 580 1281 λπράξεις,
614 1206 742 1282 esse
773 1210 1475 1282 nuncupandas.-Locum
1510 1206 1701 1267 Severi
1733 1206 1986 1269 similem

339 1283 557 1353 profert
582 1281 674 1337 vir
702 1281 1086 1338 doctissimus
1117 1298 1185 1338 ex
1224 1283 1473 1353 epistola
1500 1285 1571 1339 ad
1605 1286 1842 1340 OEcum.
1876 1285 1983 1341 Co-

339 1353 469 1409 mit.
510 1355 778 1425 (Actione
804 1356 867 1409 10
896 1355 1101 1425 synodi
1134 1359 1326 1423 sextae)
1363 1356 1461 1409 ubi
1494 1355 1614 1410 haec
1649 1357 1938 1412 habentur
1970 1375 1983 1411 ε

341 1448 361 1473 ι
400 1426 461 1479 In
485 1426 739 1493 Christo,
770 1427 892 1499 Vsive
916 1426 1111 1481 divina
1134 1430 1350 1499 ageret,
1383 1430 1527 1498 puta
1567 1427 1853 1483 miracula
1884 1446 1983 1499 pa-

332 1499 581 1565 trando;
617 1499 735 1553 sive
768 1498 1048 1563 humana,
1100 1498 1438 1569 gradiendo,
1475 1501 1757 1554 mutando
1790 1498 1983 1556 locum

337 1569 419 1642 (id
442 1571 596 1640 quod
617 1575 823 1641 suapte
850 1574 1063 1625 natura
1084 1588 1325 1642 prorsus
1348 1570 1674 1626 humanum
1699 1572 1845 1641 est);
1868 1589 1983 1627 non

337 1639 484 1695 illud
520 1642 680 1697 illius
712 1639 933 1696 naturae
962 1639 1225 1704 esse',nec
1259 1643 1413 1698 istud
1450 1643 1656 1710 istius;
1692 1639 1797 1698 sed
1829 1644 1979 1700 085

333 1713 512 1768 unius
544 1717 601 1768 et
645 1714 912 1784 ejusdem
944 1714 1289 1783 divinitatis,
1322 1730 1448 1784 quas
1500 1714 1694 1769 divina
1733 1716 1980 1784 ratione,

2114 495 2395 570 miracula
2446 496 2734 570 patrabat;,
2766 496 3055 570 sive‘quae
3088 498 3348 551 humana
3376 504 3500 553 erat
3528 502 3599 555 ab
3634 495 3758 570 ipsa

2108 569 2430 643 procedens
2482 568 2848 643 humanitate
2898 567 3125 640 integre
3157 575 3211 623 et
3232 586 3375 643 vere
3424 567 3750 643 assumpta,

2106 656 2221 692 non
2249 646 2370 693 erat
2402 640 2660 693 humana
2691 640 3025 705 solum,non
3059 646 3183 695 erat
3212 642 3407 695 divina
3428 640 3751 707 solum,sed

2104 715 2227 765 erat
2258 710 2769 780 humanosdivina,
2803 712 3124 781 procedens
3157 729 3190 767 a
3220 718 3331 767 Deo
3380 714 3569 770 Verbo
3610 717 3750 770 sub-

2104 782 2348 836 sistente
2380 783 2438 835 in
2491 782 2749 837 humana
2779 787 3011 836 natura.
3047 784 3235 849 Longe
3267 785 3386 838 hth
3434 787 3648 840 absunt
3676 788 3747 841 ab

2106 872 2216 908 una
2251 853 2351 927 illa
2406 854 2777 927 Eutychiana
2813 853 3030 927 Christi
3065 855 3425 927 Operatione,
3457 873 3583 927 quae
3633 875 3748 913 non

2101 931 2226 980 erat
2260 926 2371 980 nisi
2405 924 2600 980 divina
2632 924 2962 997 efficientia,
2988 924 3117 981 turn
3150 927 3432 982 miracula
3462 924 3748 997 efﬁciens,

2100 1001 2224 1051 tum
2258 998 2433 1051 etiam
2467 997 2750 1068 supplens
2782 996 3074 1052 humanas
3117 1000 3504 1068 operationes,
3539 996 3749 1055 bumaé

2102 1069 2282 1123 nitate
2304 1085 2364 1123 se
2390 1068 2639 1123 habente
2663 1068 2851 1122 instar
2886 1069 3227 1139 appendicis
3258 1076 3316 1123 et
3347 1072 3744 1127 instrumenti.

2100 1140 2298 1211 Neque
2329 1140 2519 1194 solum
2553 1140 2707 1195 Deus
2723 1140 2976 1194 Verbum
3010 1141 3066 1195 in
3101 1141 3212 1195 sibi
3246 1145 3517 1212 copulata
3540 1149 3748 1198 natura

2100 1212 2360 1266 humana
2391 1212 2472 1266 ita
2521 1213 2768 1284 agebat;
2801 1228 3004 1266 verum
3037 1213 3232 1284 etiam
3269 1214 3384 1284 pati
3417 1214 3741 1281 dicebatur,

2098 1288 2221 1337 tum
2284 1283 2974 1356 passionesforinsecus
3033 1282 3335 1356 immissas
3389 1285 3744 1356 recipiendo,

2096 1360 2222 1409 tum
2257 1354 2432 1427 etiam
2456 1353 2774 1427 passiones
2804 1354 3047 1425 ipsas,v.
3078 1372 3133 1426 g.
3169 1353 3748 1427 dolores,percipien-

2097 1427 2170 1480 do
2203 1427 2259 1479 in
2294 1426 2421 1496 ipsa
2453 1426 2822 1499 humanitate
2854 1434 3159 1499 assumpta
3192 1444 3204 1482 :
3239 1426 3543 1499 supposito
3575 1426 3745 1484 nam-

2097 1515 2229 1569 que,
2254 1502 2309 1551 et
2340 1514 2620 1567 personae,
2645 1496 2818 1552 sicuti
2850 1496 3216 1567 actiones,ita
3246 1496 3547 1569 passiones
3579 1502 3745 1554 attri-

2094 1572 2457 1624 buuntur.At
2486 1586 2598 1624 non
2633 1569 2823 1624 solum
2858 1569 3193 1625 actionesin
3213 1571 3439 1625 Christo
3471 1571 3741 1639 Domino,

2093 1641 2233 1713 ipsas
2278 1640 2454 1695 etiam
2500 1641 2805 1713 passiones
2853 1645 3018 1713 erant
3048 1641 3573 1710 humano-divinis,
3607 1660 3741 1697 cum

2093 1712 2163 1768 ad
2196 1714 2389 1780 ipsum
2446 1717 2623 1767 Deum
2674 1712 3017 1767 Verbumin
3068 1718 3269 1769 natura
3321 1714 3578 1770 humana
3608 1715 3743 1769 sub-

333 1789 463 1867 tum
495 1785 780 1867 prodigia,
812 1790 940 1867 tum
978 1787 1239 1867 humana
1269 1783 1444 1867 opera
1473 1786 1782 1867 efﬁciebat.
1819 1783 1979 1867 aliis
2010 1801 2057 1867 B
2091 1786 2309 1867 sistens
2337 1783 3043 1867 verissimeCpertinerent.

327 1858 503 1982 (paria
551 1863 709 1925 sunt,
763 1858 1050 1927 Lequieno
1110 1859 1155 1913 si
1205 1858 1521 1924 credimus,
1572 1860 1977 1931 Areopagitica

374 1929 485 1982 icta
509 1928 915 1982 nonnulla.Ait
939 1929 1033 1982 ille
1057 1930 1287 1982 cap.cit.
1314 1930 1385 1982 De
1405 1930 1614 1982 divinis
1634 1932 1974 1982 nominibus.

374 1929 485 1983 icta
509 1928 915 1984 nonnulla.Ait
939 1929 1033 1984 ille
1057 1930 1287 1998 cap.cit.
1314 1930 1385 1984 De
1405 1930 1614 1984 divinis
1634 1928 1974 2001 nominibus,

324 1998 501 2072 §tO:
554 2003 825 2055 Divinitas
872 2002 1009 2056 Filii
1054 2001 1150 2054 Dei
1194 2001 1357 2071 (quod
1405 2004 1655 2057 omnium
1704 1998 1976 2058 novorum

326 2072 716 2143 novissimum)
764 2074 825 2125 in
873 2072 1223 2127 naturalibus
1276 2076 1483 2129 nostris
1529 2076 1973 2143 supernaturalis

324 2148 464 2207 erat,
497 2146 547 2197 et
580 2147 638 2199 in
680 2144 1129 2199 substantialibus
1175 2145 1752 2214 supersubstantialis,
1785 2148 1973 2202 omnia

323 2223 521 2269 nostra
569 2232 640 2271 ea:
684 2216 848 2271 nobis
890 2219 942 2270 et
995 2232 1163 2285 supra
1217 2231 1315 2271 nos
1369 2217 1699 2272 excellenter
1747 2219 1969 2273 habens.

322 2285 557 2363 Dixerat
604 2288 907 2363 superiore
937 2286 967 2359 §
996 2288 1032 2363 β
1061 2303 1074 2341 :
1110 2288 1230 2356 Ipse
1277 2293 1421 2343 Deus
1450 2290 1715 2357 Verbum,
1750 2289 1850 2363 qui
1879 2306 1970 2345 su-

316 2374 427 2429 pra
455 2358 821 2432 substantiam
864 2358 961 2432 est,
994 2360 1210 2429 integre
1241 2376 1307 2416 ac
1352 2376 1497 2429 vere,
1520 2363 1688 2431 juxta
1735 2358 1798 2416 a'c
1844 2378 1965 2432 nos,

320 2438 483 2501 atque
511 2430 763 2504 exinobis
813 2431 1217 2504 substantiatus
1265 2435 1375 2493 est;
1405 2430 1537 2502 egit,
1588 2442 1640 2488 et
1682 2430 1969 2504 perpessus

319 2510 399 2556 est
427 2517 549 2573 quae
578 2502 1085 2575 humano-divina
1109 2506 1453 2575 operationis
1484 2506 1659 2574 ipsius
1684 2502 1968 2575 praecipua

317 2580 452 2628 sunt
477 2579 527 2629 et
556 2574 990 2642 singularia.Ait
1014 2573 1190 2629 etiam
1212 2574 1270 2629 in
1294 2573 1542 2645 epistola
1564 2577 1595 2629 4
1622 2573 1693 2630 ad
1718 2573 1925 2632 Caium
1953 2593 1967 2632 :

316 2646 500 2716 Supra
530 2645 817 2700 hominum
840 2646 1205 2700 conditionem
1242 2647 1405 2715 gessit
1444 2663 1532 2713 ea,
1564 2664 1683 2718 quae
1708 2654 1837 2703 sunt
1869 2648 1968 2703 ho-

319 2719 526 2784 minis;
562 2719 711 2787 quod
739 2718 982 2772 declarat
1009 2722 1062 2772 et
1095 2718 1271 2789 Virgo,
1320 2733 1442 2790 quae
1492 2735 1661 2789 supra
1709 2724 1969 2774 naturam

315 2791 510 2856 parit;
544 2793 593 2843 et
649 2806 795 2860 aqua
848 2790 1145 2859 proﬂuens,
1189 2806 1312 2859 quae
1366 2790 1564 2860 pedum
1620 2796 1971 2847 terrenarum

315 2862 656 2933 gravitatem,
676 2863 922 2929 sustinet,
956 2877 1053 2933 nec
1091 2860 1253 2928 cedit,
1284 2863 1385 2917 sed
1412 2864 1611 2917 virtute
1638 2872 1969 2933 supernatu-

316 2933 430 2987 rali
459 2934 578 2987 sine
624 2932 917 3002 diffusione
963 2932 1230 2987 subsistit.
1270 2934 1362 2987 Ait
1409 2934 1646 2989 demum
1699 2932 1916 2990 ibidem
1954 2952 1966 2989 :

321 3004 595 3060 Caeterum
624 3004 836 3070 divina,
867 3021 983 3058 non
1012 3021 1121 3075 qua
1151 3005 1313 3077 Deus,
1347 3006 1638 3076 patrabat;
1665 3022 1841 3077 neque
1865 3007 1968 3061 hu-

315 3092 507 3147 mana,
568 3085 833 3147 quatenus
889 3080 1047 3131 homo
1092 3076 1355 3145 gerebat:
1386 3076 1480 3130 sed
1535 3085 1797 3147 quatenus
1850 3086 1970 3133 erat

318 3148 458 3232 Deus
504 3156 579 3232 et.
605 3150 788 3232 nomo,
821 3163 1021 3202 novam
1062 3147 1384 3232 quamdam,
1409 3147 1699 3232 nobiscum
1744 3165 1968 3204 conver-
2000 3165 2045 3232 ρ

318 3219 513 3285 sando,
545 3220 852 3275 deivirilem
885 3217 1255 3291 operationem
1286 3217 1598 3275 exhibebat.

395 3290 980 3361 Pervios,facilesque
1011 3290 1349 3359 hujusmodi
1382 3291 1967 3362 sententiarum,cui-

319 3380 433 3435 que
464 3363 689 3432 obvios,
710 3364 1100 3436 propriosque
1122 3378 1331 3436 sensus
1353 3363 1704 3436 orthodoxos
1723 3365 1848 3436 jam
1874 3381 1970 3419 ex-

320 3434 655 3507 posuimus.
688 3434 775 3491 Ᾱι]
808 3434 1047 3491 easdem
1078 3451 1213 3489 cum
1262 3434 1751 3507 Monophysiticis
1774 3434 1969 3490 allatis

319 3508 682 3591 testimoniis
712 3512 1083 3591 comparatas
1113 3507 1577 3591 expendentibus
1608 3508 1975 3591 Eutychiana

320 3579 591 3653 suboleat
622 3578 928 3653 pravitas?
961 3578 1391 3645 Animadverte,
1413 3578 1616 3653 deillo
1649 3578 1742 3653 agi
1775 3579 1973 3653 Mono-

325 3650 639 3723 physitico'
668 3655 1020 3720 commento,
1068 3666 1184 3721 quo
1226 3666 1352 3723 una
1396 3650 1603 3723 divina
1641 3650 1974 3719 efﬁcientia,

326 3721 455 3793 quas
490 3724 592 3778 uni
624 3724 897 3779 convenit
926 3728 1150 3777 naturae
1180 3721 1891 3792 divinze,constituebatur
1915 3722 1975 3776 in

324 3795 573 3864 Christo,
607 3812 723 3867 qua
749 3795 869 3861 ille,
904 3811 1021 3866 qua
1070 3794 1224 3849 Deus
1272 3797 1383 3857 est,
1418 3810 1519 3865 per
1558 3799 1827 3849 naturam
1860 3794 1977 3867 hu-

331 3866 771 3937 manam,veluti
805 3882 907 3939 per
936 3866 1763 3939 instrumentum,tum‘opera
1797 3866 1973 3920 mira-

330 3939 534 3995 eulosa
561 3936 933 4010 cperabatur,
964 3943 1090 3993 tum
1124 3954 1191 4010 ea
1220 3937 1511 3992 efficiebat
1561 3936 1822 3993 humana
1851 3954 1978 3992 om-

326 4008 672 4084 nia,qute_in
705 4011 873 4066 nobis
905 4011 976 4065 ab
1007 4010 1135 4135 ipsa
1163 4008 1426 4064 humana
1458 4012 1977 4135 natura,tanq‘pam

330 4102 362 4135 a
398 4084 684 4135 nrincinio
740 4088 977 4135 actuoso
1051 4080 1258 4135 ormali
1313 4082 1787 4135 proficiscuntur.
1874 4081 1977 4135 ihil

330 4102 362 4139 a
398 4080 684 4155 principio
740 4088 977 4155 actuoso
1029 4080 1258 4155 formati
1313 4082 1787 4155 proficiscuntur.
1820 4080 1979 4137 Nihil

331 4152 419 4212 est
472 4156 533 4210 in
590 4152 1015 4225 Areopagiticis
1067 4152 1260 4219 dictis,
1296 4154 1450 4224 quod
1513 4153 1667 4225 hunc
1725 4170 1979 4210 errorem

336 4228 668 4283 adumbret.
702 4224 883 4282 Docet
913 4225 1403 4293 auctor,Verbum
1426 4224 1524 4279 Dei
1547 4226 1606 4279 in
1630 4226 1851 4282 nostris
1879 4243 1980 4281 na-

335 4300 612 4354 turalibus
632 4303 689 4354 et
725 4297 1181 4367 substantialibus
1212 4297 1537 4364 assumptis
1560 4298 1856 4367 propriam
1891 4313 1984 4351 re-

332 4370 583 4443 tinuisse
604 4372 827 4443 absque
850 4368 968 4424 ullo
991 4366 1755 4443 detrimentodivinitatem,
1779 4384 1986 4438 super-

334 4438 788 4508 naturalitatem,
809 4438 1587 4512 supersubstantialitatemi:
1618 4438 1737 4494 imo
1768 4444 1825 4494 et
1856 4456 1987 4494 om-

335 4516 432 4570 nia
463 4518 667 4601 nostra
713 4530 783 4570 ex
807 4509 986 4596 _no:bis
1037 4515 1345 4601 assumpta
1382 4509 1661 4566 habuisse
1689 4528 1861 4595 supra
1888 4526 1989 4565 nos
2020 4536 2068 4601 D

334 4587 634 4643 excellenti
654 4590 712 4641 et
732 4585 941 4640 eximio
966 4583 1158 4639 modo.
1186 4584 1477 4653 Integram
1507 4598 1684 4653 quam
1711 4585 1845 4653 quis
1869 4600 1986 4637 non

332 4661 532 4715 videat
561 4658 909 4714 catholicam
943 4657 1257 4725 ﬁdem,qua
1281 4655 1599 4720 credimus,
1622 4655 1820 4710 omnia
1852 4672 1986 4709 nos-

335 4735 427 4786 tra
459 4749 491 4785 a
522 4730 667 4786 Filio
702 4730 798 4784 Dei
853 4731 1182 4797 assumpta,
1213 4742 1283 4782 ex
1308 4726 1464 4782 nobis
1513 4727 1775 4797 quidem,
1810 4726 1865 4781 id
1903 4729 1995 4781 est

334 4819 469 4859 vere
492 4820 558 4858 ac
590 4801 943 4870 integre,sed
975 4815 1143 4870 supra
1174 4802 1503 4869 nos,utpote
1536 4798 1638 4869 qui
1670 4803 1994 4869 conceptus

339 4874 515 4930 fuerit
565 4890 633 4930 ex
680 4874 932 4945 Virgine,
971 4872 1043 4945 ab
1092 4870 1261 4945 omni
1303 4870 1585 4925 immunis
1638 4874 1875 4945 peccato
1930 4886 1996 4924 ac

339 4947 497 5001 omni
535 4945 756 5017 peccati
782 4941 1199 5014 'contagione?
1229 4941 1352 5017 Qua
1401 4957 1639 5017 rursum
1674 4942 1994 5017 credimus,

338 5013 552 5073 eadem
592 5017 793 5072 omnia
851 5013 1056 5071 nostra
1114 5013 1441 5079 excellenti,
1474 5014 1650 5068 modo
1702 5032 1769 5070 ac
1800 5014 1997 5068 divino

340 5092 540 5144 inesse
564 5089 814 5151 Christo,
836 5104 969 5142 cum
996 5084 1191 5140 divina
1223 5084 1350 5139 Filii
1386 5102 1637 5156 persona
1667 5087 1996 5141 subsisten-

338 5168 457 5215 tem
493 5161 700 5214 reddat
732 5164 1002 5213 naturam
1036 5157 1725 5230 humanam,eademque
1748 5174 2000 5230 persona

342 5232 539 5287 divina
570 5231 630 5286 in
660 5230 927 5302 humana
952 5234 1163 5302 natura
1194 5233 1504 5300 assumpta
1536 5229 1614 5302 sit
1644 5229 1999 5302 principium

341 5317 842 5374 quarumcunque
873 5301 1087 5355 Christi
1121 5302 1529 5374 operationem
1554 5300 1581 5354 ’ἰ

414 5380 492 5430 Ea
525 5378 613 5430 est
646 5370 826 5428 etiam
879 5370 1177 5426 sententia
1225 5373 1485 5427 auctoris
1520 5389 1532 5427 :
1569 5373 1739 5426 Deum
1772 5370 2003 5425 Verbum

342 5448 401 5502 in
428 5446 801 5502 humanitate
826 5444 1035 5513 integre
1059 5447 1113 5495 et
1151 5458 1271 5515 vere
1293 5445 1404 5499 sibi
1431 5443 1725 5515 copulata.
1753 5443 2007 5515 egisseet

341 5536 567 5591 passum
619 5534 732 5573 esse
789 5533 907 5587 quae
959 5514 1441 5591 humano-Adiutum
1493 5514 1833 5591 Operationis
1890 5514 2008 5584 ejus

340 5585 625 5663 praecipua
656 5585 809 5663 sunt
853 5595 905 5643 et
944 5585 1282 5663 singularia.
1316 5587 1439 5663 Non
1493 5585 1574 5642 ait
1614 5587 1819 5663 divina
1860 5602 2005 5663 qua:

344 5657 481 5718 dam
513 5657 1058 5731 efﬁcientiaegisse
1109 5672 1284 5731 opera
1314 5659 1515 5714 divina
1548 5657 1921 5731 miraculpsa,
1954 5658 2011 5708 et

343 5737 536 5807 egisse
563 5749 653 5807 iac
686 5728 995 5807 supp_lesse
1026 5729 1411 5807 operationes
1447 5728 2008 5807 caateroqui_huma-

344 5800 475 5863 nas.
510 5806 603 5862 Ait
635 5800 1007 5867 vero-{Deum
1039 5802 1295 5856 Verbum
1326 5800 1516 5869 egisse
1536 5820 1607 5857 ea
1630 5801 1849 5859 omnia.
1885 5814 2010 5867 qum

348 5873 418 5935 ad
454 5876 1009 5935 humano-divinam
1040 5876 1168 5946 ejus
1200 5874 1606 5946 operationem
1636 5872 2008 5945 spectabant;

2159 1863 2245 1911 An
2279 1873 2532 1911 errorem
2567 1854 2866 1911 redoleant
2897 1872 2964 1909 ea
2995 1854 3207 1908 verba:
3239 1854 3415 1924 Supra
3449 1855 3738 1911 hominum

2086 1930 2455 1983 conditionem
2502 1928 2665 1996 gessit
2696 1944 2779 1996 ea,
2815 1943 2930 1996 quae
2972 1929 3101 1979 sunt
3149 1926 3431 1980 hominis?
3459 1927 3554 1983 Vel
3587 1929 3733 1997 ipsa,

2087 2016 2213 2071 quae
2239 1998 3191 2071 subjiciunturexempla,errorem
3206 2013 3439 2051 omnem
3456 1998 3739 2054 amoliun-

2086 2070 2201 2128 tur.
2249 2075 2514 2141 Namque
2549 2070 2726 2139 Virgo,
2762 2073 2873 2133 est,
2907 2085 3231 2141 quaarsupra
3261 2074 3528 2123 naturam
3555 2072 3731 2139 parit.

2083 2139 2692 2198 Verissima‘hominis
2724 2149 2813 2196 est
2842 2139 3099 2212 operatio
3131 2154 3353 2210 parere,
3373 2157 3437 2195 ac
3467 2156 3597 2194 vere
3632 2158 3735 2212 pe-

2085 2216 2235 2288 perit
2264 2215 2444 2288 Maria
2476 2213 2677 2288 Virgo;
2705 2213 2805 2288 sed
2830 2211 3533 2288 virginemparereaupra
3562 2211 3738 2288 homi-

2083 2284 2217 2341 num
2242 2286 2609 2340 conditionem
2641 2285 2874 2339 dicitur.
2895 2288 3087 2350 Aquas
3117 2286 3376 2353 tangere,
3404 2284 3644 2347 moveri,
3678 2290 3736 2339 et

2082 2365 2311 2414 mutare
2334 2358 2461 2412 locu
2475 2361 2697 2419 m,sunt
2714 2356 2989 2410 humanae
3011 2357 3401 2426 operationes;
3418 2355 3517 2409 sed
3544 2372 3732 2426 aquas

2082 2432 2296 2502 pedum
2343 2430 2625 2499 gravitate
2663 2443 2908 2502 pressas
2955 2443 3069 2480 non
3102 2426 3400 2502 diffluere,
3421 2426 3729 2502 hominum

2080 2497 2477 2557 conditionem
2509 2497 2750 2554 excedit.
2776 2498 3072 2553 Christum
3108 2497 3358 2567 denique
3385 2498 3472 2567 (ut
3500 2498 3733 2552 verissi-

2082 2590 2210 2628 mas
2242 2573 2533 2627 humanas
2593 2586 2796 2626 omnes
2826 2572 3195 2639 operationes
3245 2570 3730 2639 complectamur)

2081 2644 2328 2709 esurire,
2361 2644 2549 2710 edere,
2585 2642 2767 2707 sitire,
2818 2641 3037 2707 bibere,
3071 2657 3136 2695 ac
3183 2640 3401 2695 similia
3446 2657 3729 2705 exercere,

2082 2717 2442 2789 perindeest
2473 2732 2538 2769 ac
2568 2713 2868 2768 Christum
2900 2728 2979 2789 ea
3015 2728 3205 2789 gerere
3232 2727 3351 2789 quae
3393 2716 3519 2766 sunt
3550 2722 3732 2789 [tomi-

2080 2783 2207 2855 nis;
2240 2787 2341 2841 sed
2376 2786 2493 2851 ille,
2531 2802 2663 2840 cum
2695 2802 2805 2839 non
2834 2787 2990 2838 esset
3027 2783 3189 2839 solus
3240 2783 3433 2849 homo,
3468 2785 3565 2838 sed
3602 2800 3731 2854 per-

2081 2876 2227 2916 sona
2257 2859 2459 2913 divina
2491 2857 2547 2911 in
2581 2862 2789 2911 natura
2818 2855 3082 2910 humana
3113 2855 3463 2925 subsistens,
3494 2856 3735 2927 gerebat

2078 2947 2245 3001 supra
2277 2931 2562 2985 hominum
2590 2929 2973 3001 conditionem.

2153 2996 2403 3057 Sensum
2435 3002 2592 3056 hunc
2626 3000 2890 3071 apprime
2917 2998 3305 3071 orthodoxum
3337 2996 3682 3071 confirmant
3710 3015 3724 3062 ;

2081 3090 2336 3129 errorem
2363 3073 2592 3127 nullum
2620 3069 2934 3141 propinant
2964 3086 3032 3124 ea
3061 3069 3299 3123 demum
3331 3070 3543 3124 verba:
3570 3070 3735 3125 Caete-

2082 3163 2206 3199 rum
2236 3146 2445 3209 divina,
2478 3160 2590 3197 non
2620 3160 2725 3214 qua
2761 3145 2919 3206 Deus,
2951 3141 3214 3214 patrabat
3235 3156 3256 3201 ;
3284 3155 3463 3210 neque
3492 3141 3737 3194 humana

2118 3220 2351 3271 uatenus
2403 3216 2580 3283 homo,
2611 3212 2827 3285 gerebat
2855 3238 2867 3279 ;
2894 3212 2985 3267 sed
3034 3215 3304 3336 quatenus
3355 3216 3473 3265 erat
3511 3214 3651 3266 Deus
3680 3218 3736 3266 et

2124 3287 2575 3336 mnn.Videlicet.
2597 3301 2782 3336 neque
2814 3286 3033 3336 miracu
3063 3300 3096 3336 a
3118 3299 3245 3336 ante
3263 3284 3535 3336 Detrahet
3565 3282 3732 3336 Chri-

2118 3234 2351 3271 uatenus
2403 3234 2580 3283 nomo,
2611 3234 2827 3285 gerebat
2855 3238 2867 3279 ς
2894 3234 2985 3267 seu
3068 3234 3304 3265 utue'nus
3355 3234 3472 3265 erat
3511 3234 3651 3266 .UGUS
3680 3234 3732 3266 τι

2082 3234 2575 3351 ZomoNidelicet,
2597 3301 2782 3355 neque
2814 3234 3096 3337 miracuia
3118 3299 3245 3352 quae
3263 3284 3535 3355 patrabat
3558 3282 3732 3355 Chri-

2084 3365 2444 3429 stus,neque
2476 3353 2841 3429 operationes
2874 3354 3168 3409 humanas
3201 3369 3345 3429 quas
3372 3353 3472 3429 ille
3504 3353 3732 3429 edebat,

2084 3435 2187 3487 aut
2219 3425 2380 3485 solus
2424 3425 2576 3485 Deus
2628 3428 3149 3499 operabatur,‘aut_
3185 3425 3349 3499 solus
3390 3425 3594 3491 homo;
3630 3426 3732 3480 sed

2084 3505 2258 3559 homo
2290 3502 2442 3557 Deus
2476 3500 2559 3555 vel
2592 3495 2741 3555 De'us
2772 3500 2944 3553 homo
2976 3495 3174 3564 simul,
3204 3497 3313 3550 hoc
3345 3500 3430 3551 est
3482 3512 3732 3566 persona

2085 3575 2281 3630 divina
2311 3578 2370 3628 in
2428 3577 2643 3627 natura
2673 3571 3009 3625 subsistens
3040 3568 3325 3623 humana.
3366 3568 3527 3633 Quod
3557 3567 3605 3620 si
3639 3568 3729 3621 di-

2086 3648 2337 3702 cendum
2397 3646 2563 3709 foret,
2604 3645 2867 3698 humana
2924 3656 3035 3695 non
3072 3640 3352 3711 gessisse
3388 3638 3724 3711 Christum,

2086 3724 2380 3790 quatenus
2412 3708 2825 3790 hominemteo
2858 3712 2996 3790 quia
3026 3708 3221 3790 divina
3251 3708 3563 3790 efficientia
3592 3726 3729 3781 ope-

2087 3783 2330 3846 rabatur
2358 3805 2422 3842 ea
2450 3806 2462 3853 ;
2495 3789 2577 3842 ita
2607 3783 2991 3842 fabulandum
3042 3788 3216 3850 esset,
3250 3783 3448 3837 divina
3478 3798 3592 3837 non
3626 3799 3733 3852 pa-

2089 3868 2278 3917 trasse
2328 3860 2627 3915 Christum
2680 3862 2969 3929 quatenus
3011 3854 3217 3929 Deum,
3252 3856 3389 3929 aciei
3424 3853 3740 3909 efﬁcientia

2089 3935 2359 4006 quaedam
2392 3932 2649 3987 humana
2679 3926 3060 3986 miraculosos
3090 3926 3224 3982 illos
3255 3926 3499 3982 affectus
3531 3943 3737 3997 opera-

2090 4012 2272 4063 retur.
2303 4007 2767 4078 Apagenugas._
2833 4072 2846 4078 _
2992 4074 3001 4078 _
3302 4065 3337 4078 ..
3611 4067 3645 4078 ..
3727 4066 3738 4078 .

2163 4082 2296 4144 Quae
2329 4065 2461 4131 cum
2511 4076 2592 4130 ita
2614 4065 2703 4128 "se
2752 4072 3171 4144 habeant,_vox
3212 4065 3742 4144 p_ulia__excogitari

2102 4137 2294 4221 aptior
2326 4151 2547 4221 poterat
2572 4146 2641 4200 ad
2667 4141 3001 4213 hujusmodi
3026 4140 3167 4221 Jesu
3205 4137 3417 4221 Christi
3449 4137 3745 4221 operatio-

2094 4210 2201 4277 nes
2233 4210 2635 4286 declarandos,
2668 4210 2844 4284 quam
2895 4226 3053 4286 nove
3077 4210 3353 4286 deivirilis
3383 4211 3743 4286 operationis.

2098 4280 2633 4355 Quemadmodum'
2668 4280 2820 4341 686
2879 4285 3036 4340 enim
3061 4280 3384 4355 Christum
3416 4280 3424 4282 ἡ
3453 4282 3749 4355 credimus

2096 4353 2283 4420 Deum
2304 4378 2530 4424 verum,
2565 4373 2891 4428 verumque
2912 4353 3209 4428 hominem
3242 4369 3254 4406 :
3281 4353 3361 4428 ita
3380 4353 3749 4428 Operationos

2099 4437 2227 4506 ejus
2242 4436 2453 4500 (meras
2486 4424 2851 4507 humanasin
2872 4424 3217 4507 exemplum
3238 4424 3485 4507 addpco)
3501 4424 3749 4507 “proﬁci.-

2100 4496 2416 4563 scebantur
2457 4503 2529 4558 ab
2553 4502 2920 4557 humanitate
2954 4497 3114 4553 velut
3134 4514 3167 4550 a
3187 4496 3473 4567 principio
3498 4496 3750 4557 formati,

2102 4583 2159 4635 et
2190 4596 2223 4634 a
2256 4592 2507 4648 persona
2529 4574 2727 4648 divina
2752 4572 2843 4628 vel
2869 4571 2939 4626 ab
2964 4568 3290 4643 hypostasi,
3324 4567 3511 4648 veluti
3537 4567 3752 4648 princif

2104 4651 2200 4730 ρίρ
2242 4639 2448 4730 egente
2472 4666 2485 4730 ξ
2510 4646 2786 4730 ,θάρσειυθ
2809 4659 2966 4730 ,υηεε
3012 4639 3756 4730 νῗοοίθηειρίρβηιςιξειεθξιρξ

2107 4711 2424 4778 deiviriles.
2456 4711 2529 4773 At
2577 4711 3219 4788 queinadmoduminon
3247 4711 3509 4788 ’unaest
3538 4711 3757 4788 Christi

2107 4799 2323 4851 natura
2342 4808 2410 4846 ex
2442 4783 2674 4845 duab'us
2698 4787 2970 4852 conﬂata,
3003 4784 3102 4839 sed
3136 4800 3285 4838 nova
3315 4787 3663 4838 naturarum
3698 4783 3756 4835 in

2109 4884 2176 4922 eo
2208 4864 2394 4919 unitio
2446 4862 2598 4917 facta
2636 4863 2767 4935 est:
2805 4858 2887 4935 ita
2931 4872 3037 4911 nec
3086 4872 3223 4923 una,
3273 4854 3493 4935 scilicet
3538 4853 3755 4935 divina,

2110 4938 2222 4993 fuit
2252 4935 2465 4991 Christi
2500 4930 2889 5005 Operatio,_sed
2920 4944 3064 4983 nova
3088 4928 3359 5005 apparuit
3387 4926 3445 4981 in
3480 4942 3546 4981 eo
3578 4926 3760 4980 deivi-

2110 5009 2259 5065 rilis.
2280 5008 2407 5063 Non
2438 5006 2520 5060 ita
2538 4998 2929 5075 'Eutychiano
2946 4998 3127 5075 errori
3160 5013 3477 5075 consonam
3513 5012 3764 5075 agnove-

2114 5085 2253 5138 runt
2311 5067 2734 5148 Monophysitas
2784 5070 3107 5148 deiviriiem
3151 5067 3761 5148 _0perationem,_quin

2114 5153 2312 5227 potius
2343 5139 2524 5227 veluti
2573 5139 2877 5227 adversam
2927 5139 3236 5227 rejeceri‘nt
3280 5156 3393 5193 non
3428 5139 3620 5227 pauci.
3656 5139 3763 5193 Pro

2115 5211 2255 5281 nova
2286 5221 2698 5277 sustinuerunt
2748 5232 2918 5271 unam
2959 5211 3227 5269 nonnulli
3256 5230 3270 5278 ;
3303 5227 3475 5265 unam
3504 5211 3763 5265 retinen-

2117 5304 2229 5365 tes,
2256 5293 2578 5349 deivirilem
2606 5291 2937 5362 rejecerunt
2967 5284 3087 5355 alii,
3108 5282 3366 5338 divinam
3399 5281 3767 5338 solummodo

2119 5369 2522 5441 agnoscentes.
2648 5432 2660 5441 _
3072 5426 3084 5441 _
3154 5425 3209 5441 η
3284 5425 3320 5441 μ

2194 5442 2257 5495 In
2286 5432 2664 5494 Lateranensi
2717 5429 2963 5487 concilio
2995 5426 3106 5482 sub
3154 5425 3403 5481 Martino
3436 5441 3595 5497 papa
3615 5441 3769 5480 anno

2117 5512 2226 5566 749
2258 5510 2568 5569 celebrato,
2602 5496 3769 5577 Monophysitarumduprum’conﬂictns

2122 5583 2437 5653 exponitur
2467 5568 3129 5653 secretario'3,'s_ci_licet.
3158 5568 3501 5653 Colluthi-et
3530 5568 3770 5653 Themi-

2124 5640 2225 5711 sti'i
2252 5672 2265 5711 :
2295 5669 2541 5725 quorum
2574 5650 2686 5725 iste
2708 5640 2880 5725 unam
2896 5640 3215 5725 deioirilem
3240 5642 3632 5725 operationem
3657 5643 3774 5693 sta-

2128 5711 2350 5792 tuebat,
2376 5724 2530 5797 quod
2555 5722 2732 5797 etiam
2752 5724 2931 5797 Cyrus
2952 5711 3772 5797 Alexapdrinus,Theo'dprus

2135 5784 2736 5861 Pharnﬁiiesﬁergins
2759 5784 2814 5845 et
2835 5788 3094 5866 Pyrrhus
3114 5784 3771 5866 constantinppolitani,

2126 5869 2347 5940 aliique
2376 5854 2707 5940 Ldixerunt;
2741 5854 2921 5920 unam
2968 5861 3064 5916 ille
3096 5858 3355 5930 quidem,
3404 5855 3478 5912 ad
3523 5854 3777 5912 divinam
