4162 6368
304 279 437 336 1081

1140 277 1434 335 NOTITIA
1471 278 1547 332 IN
1585 279 1642 331 Β.
1685 277 2086 332 DIONYBIUM
2124 275 2611 331 PARISIENSEM
2650 275 2875 330 EPISC.

3582 272 3719 330 1082

306 403 435 458 dem
470 417 504 456 a
553 400 821 471 praefecto
871 399 1229 454 Fescennino
1278 403 1410 470 post
1458 397 1807 471 gravissima
1835 402 1952 452 tor-
1985 401 2039 467 Α
2069 397 2446 471 Gundemari.
2482 397 2630 451 Pene
2660 395 2974 471 omiseram
3007 394 3412 471 ddctissimum
3444 396 3717 471 cardina-

307 479 635 529 mentorum
669 488 881 542 genera
911 471 1102 541 gladio
1125 487 1460 542 percussus,
1482 471 1826 541 martyrium
1852 486 1956 541 pro

307 546 536 600 Christo
590 544 791 598 subiit.
846 545 928 597 Ita
976 543 1076 613 qui
1127 560 1229 613 pro
1281 561 1395 597 uno
1445 549 1604 597 stant
1659 542 1955 612 Dionysio.

305 618 488 688 Cujus
521 617 775 686 primum
805 614 1100 685 opinionis
1132 631 1250 668 suae
1284 623 1487 684 petunt
1520 621 1956 688 argumentum,

305 685 468 744 ex'eo
511 685 686 759 quod,
721 693 786 740 ut
836 688 894 740 in
948 688 1282 759 prmfatione
1313 686 1565 759 generali
1613 685 1960 759 auctoritate

306 757 564 816 veterum
590 765 825 813 Patrum
851 757 1961 827 demonstravimus,religioChristiana

305 834 362 887 in
389 831 594 886 Galliis
626 830 799 885 fuerit
832 830 1144 901 praedicata
1174 834 1572 900 apostolorum
1607 828 1694 882 vel
1726 836 1957 900 aposto-

303 904 548 958 licorum
575 903 780 958 saltem
800 904 1058 956 virorum
1081 901 1958 971 temporibus,abaliisquefun-

302 976 455 1030 datae
480 975 599 1029 sint
622 974 776 1045 apud
803 990 908 1028 nos
940 973 1208 1044 quaedam
1244 973 1509 1028 Ecclesia:
1531 981 1734 1026 contra
1765 971 1961 1027 Severi

305 1046 544 1117 Sulpitii
575 1051 631 1100 et
655 1045 910 1115 Gregorii
941 1046 1304 1100 Turonensis
1341 1045 1700 1108 testimonia,
1733 1045 1834 1115 qui
1866 1059 1958 1098 se-

306 1118 430 1172 rius
456 1119 628 1172 ﬁdem
663 1118 731 1171 ad
757 1134 862 1172 nos
882 1117 1292 1171 transmissam
1317 1117 1627 1170 afﬁrmant.
1654 1117 1802 1170 Tum
1827 1132 1960 1170 vero

302 1190 747 1260 Areopagitistae
780 1190 1078 1260 nituntur,
1105 1189 1344 1258 antiqua
1387 1188 1702 1260 traditione
1733 1192 1791 1242 et
1816 1203 1960 1260 con-

303 1259 482 1316 sensu
515 1259 906 1315 Ecclesiarum
936 1259 1158 1328 Galliae,
1192 1261 1533 1324 Germaniae,
1584 1259 1876 1330 Hispaniae
1907 1264 1964 1313 et

305 1331 503 1399 Italia,
539 1349 666 1402 quis
703 1334 759 1386 in
808 1331 1254 1403 Martyrologiis,
1311 1330 1616 1386 Breviariis
1654 1338 1712 1386 et
1746 1331 1959 1386 Missa-

307 1404 462 1458 libus
521 1420 704 1458 unum
760 1402 971 1458 colunt
1021 1402 1385 1474 Dionysium.
1448 1408 1607 1456 Hanc
1656 1404 1858 1457 civitas
1907 1409 1963 1456 et

305 1475 560 1530 Ecclesia
590 1475 768 1530 Paris.
821 1492 854 1530 a
906 1476 1230 1545 majoribus
1281 1475 1350 1528 ad
1387 1475 1560 1528 ﬁnem
1613 1474 1810 1528 szsculi
1843 1491 1960 1527 xvn

305 1562 496 1629 usque
527 1546 695 1630 quasi
741 1563 1087 1629 per-manus
1139 1546 1413 1630 traditam
1468 1547 1848 1630 conservavit:
1883 1547 1962 1626 Ea

303 1617 600 1688 imprimis
624 1618 962 1688 Dionysiani
998 1617 1338 1672 monasterii
1382 1623 1548 1671 vetus
1580 1625 1666 1672 est
1696 1617 1959 1683 traditio,

305 1707 481 1758 quam
515 1689 889 1760 antiquarum
917 1706 1166 1759 praxeon
1192 1696 1426 1743 tenaces
1460 1689 1729 1743 monachi
1753 1689 1956 1743 etiam-

2066 473 2181 524 lem
2217 470 2554 537 Baronium,
2587 469 2683 539 qui
2735 473 2861 522 tum
2907 468 2966 540 in
3018 467 3448 540 Martyrologio,
3498 472 3623 522 tum
3657 469 3714 522 in

2067 542 2397 596 Annalibus
2430 542 2499 597 ad
2533 556 2720 595 annos
2749 541 2817 592 98
2847 542 2902 593 et
2934 539 3038 592 409
3067 540 3333 594 eamdem
3366 541 3714 594 sententiam

2069 614 2273 668 multis
2304 613 2664 682 argumentis
2703 611 3112 682 propugnavit.
3169 611 3328 665 Hanc
3358 618 3597 666 secutus
3629 617 3718 667 est

2068 687 2434 755 Spondanus.
2469 686 2546 739 Ad
2599 685 2867 738 eumdem
2921 699 3154 753 quoque
3184 683 3560 738 collimarunt
3590 701 3715 738 sco-

2111 775 2208 811 um
2233 757 2453 812 Natalis
2471 757 2814 824 Alexander,
2846 759 3003 826 Hugo
3028 756 3363 821 Menardus,
3391 757 3716 811 Germanus

2130 829 2348 894 illetus,
2383 830 2599 899 quibus
2632 828 2848 882 multos
2898 827 3556 899 adjungeredpossemus
3589 832 3714 882 tum

2068 905 2350 968 recentes,
2383 897 2510 955 tum
2542 899 2892 970 antiquioris
2925 897 3242 968 notae,*nisi
3281 899 3547 953 brevitati
3579 916 3717 954 con-

2068 971 2262 1028 sulere
2292 975 2685 1028 studeremus.
2714 972 2840 1026 Haec
2869 975 3064 1025 autem
3096 975 3181 1026 tot
3203 985 3268 1026 ac
3299 971 3480 1026 tantis
3504 975 3562 1024 et
3593 988 3717 1026 mo-

2069 1045 2286 1099 mentis
2334 1049 2391 1099 et
2442 1043 2797 1099 testimoniis
2848 1059 3014 1097 sacra
3061 1040 3298 1097 traditio
3343 1059 3458 1096 non
3504 1047 3722 1097 temere

2070 1116 2401 1186 abjicienda
2427 1116 2797 1187 (quibusdam
2847 1115 2979 1187 visa
3003 1115 3247 1187 eruditis
3287 1129 3298 1168 :
3339 1133 3361 1187 τ
3396 1114 3556 1187 Unde
3588 1130 3722 1187 cum

2070 1184 2268 1243 selecti
2302 1205 2332 1242 e
2363 1184 2530 1242 sacra
2555 1187 2827 1242 facultate
2863 1185 3171 1240 Parisiensi
3203 1184 3454 1256 theologi
3488 1186 3556 1240 ad
3594 1186 3724 1240 Bre-

2070 1260 2234 1314 viarii
2285 1259 2636 1314 Parisiensis
2687 1259 3178 1326 emendationem,
3228 1257 3610 1328 quaestionem
3656 1259 3728 1312 de

2069 1336 2124 1386 S.
2161 1332 2437 1403 Dionysio
2471 1330 2821 1402 Areopagita
2847 1333 2904 1403 et
2935 1329 3250 1384 Parisiensi
3285 1329 3559 1400 episcopo
3591 1329 3728 1403 dili-

2110 1408 2274 1458 enter
2318 1401 2842 1475 expendissent,et
2890 1401 2948 1454 in
2982 1406 3292 1470 utramque
3338 1407 3560 1475 partem
3602 1402 3729 1475 suis

2095 1471 2344 1528 ibratam
2381 1471 2692 1529 momentis
2743 1473 3172 1543 disceptassent
3221 1488 3414 1526 coram
3446 1471 3730 1526 illustris-

2072 1547 2222 1602 simo
2255 1545 2696 1618 archiepiscopo
2748 1545 3056 1618 Francisco
3098 1543 3610 1618 Harlmo,_cens_uit
3640 1561 3730 1618 ar-

2071 1619 2381 1689 chipraasul
2417 1615 2849 1690 sagacissimus,
2875 1621 2928 1690 et
2960 1617 3213 1690 addrecte
3238 1615 3625 1690 judicandum
3661 1615 3730 1668 de

2071 1687 2251 1745 reb—us
2284 1687 2697 1761 antiquitatem
2723 1687 3180 1761 ecclesiasticam
3203 1687 3607 1758 spectantibus
3630 1703 3732 1757 per

305 1779 452 1838 num
484 1763 755 1838 retinent,
789 1767 854 1838 ut
884 1766 1112 1838 constat
1133 1778 1200 1815 ex
1232 1762 1413 1838 missa
1437 1761 1560 1838 diei
1583 1761 1714 1814 festi
1747 1762 1804 1816 S.
1833 1762 1963 1816 Dio-
1997 1771 2044 1838 B
2074 1763 2316 1838 eximias
2375 1760 2594 1838 ingenii
2655 1760 3054 1838 ddctrinaeque
3107 1761 3302 1838 dotes
3331 1763 3728 1838 comparatus,

305 1834 478 1904 nysii,
508 1835 568 1887 in
603 1850 718 1904 qua
750 1834 996 1904 epistola
1027 1849 1154 1900 quae
1179 1833 1246 1886 ad
1282 1833 1688 1902 Areopagitam
1715 1838 1960 1904 spectat,

306 1906 585 1960 recitatur
615 1923 646 1958 a
667 1904 936 1974 pluribus
960 1905 1210 1959 saeculis.
1237 1908 1397 1958 Hanc
1420 1905 1679 1958 Ecclesia
1701 1909 1966 1959 Romana

307 1976 685 2032 traditionem
717 1977 892 2030 etiam
927 1977 1313 2046 postiteratas
1346 1976 1560 2044 saepius
1585 1975 1964 2030 ecclesiastici

308 2048 485 2102 ofﬁcii
536 2049 964 2119 recognitiones
1016 2049 1302 2118 integram
1351 2047 1755 2116 illibatamque
1829 2047 1966 2101 reti-

309 2119 459 2174 nuit.
493 2119 637 2182 Quid
676 2121 826 2189 quod
861 2119 1268 2189 Martyrologia
1293 2122 1556 2172 eamdem
1591 2121 1965 2182 conﬁrmant,

319 2191 768 2261 Romanumque
798 2191 1113 2262 imprimis,
1143 2191 1238 2244 ubi
1266 2190 1335 2244 ad
1368 2207 1445 2243 v11
1483 2191 1560 2244 ld.
1597 2190 1796 2244 Octob.
1821 2189 1970 2259 legi-

317 2266 417 2317 tur
459 2262 773 2334 Dionysius
820 2263 1173 2334 Areopagita
1218 2262 1474 2334 primum
1529 2262 1764 2334 quidem
1797 2262 1970 2334 Athe-

321 2335 544 2389 niensis
595 2333 931 2404 episcopus,
965 2333 1167 2404 postea
1214 2351 1243 2385 ιι
1288 2333 1583 2387 Clemente
1632 2333 1688 2387 in
1724 2333 1970 2387 Galliam

323 2405 567 2469 missus,
619 2404 968 2460 Parisiensis
1017 2406 1329 2476 episcopus
1381 2405 1580 2459 fuisse.
1634 2409 1742 2459 Nec
1776 2405 1972 2459 minus

322 2481 630 2532 recensent
654 2477 910 2546 Eusebii,
943 2478 1128 2540 Bedae,
1162 2477 1383 2530 Rabani
1416 2476 1658 2546 antiqua
1696 2480 1971 2546 Martyro-

321 2547 496 2618 logia,
530 2549 856 2603 recentiora
905 2564 1036 2602 vero
1085 2547 1361 2603 Galesinii
1412 2553 1468 2603 et
1498 2548 1781 2614 Sausseii,
1815 2553 1872 2602 et
1900 2563 1974 2602 ne

322 2621 458 2690 quid
493 2620 647 2675 desit
676 2621 852 2674 etiam
884 2634 952 2673 ex
982 2624 1146 2690 parte
1176 2621 1529 2683 Graecorum,
1581 2623 1760 2674 testes
1789 2619 1972 2673 addu-

321 2689 464 2747 cunt
485 2691 869 2757 Methodium,
891 2689 1234 2745 Michaelem
1255 2691 1610 2762 Syncellum,
1637 2691 1972 2762 Metaphra-

319 2767 445 2818 sten
489 2767 544 2818 et
592 2763 984 2834 Nicephorum
1037 2763 1172 2817 huic
1223 2763 1655 2817 consentientes
1678 2763 1972 2834 opinioni,

325 2851 392 2889 ac
425 2834 599 2890 claris
629 2833 821 2890 verbis
850 2834 1262 2889 Atheniensem
1297 2834 1639 2905 Dionysium
1673 2833 1730 2887 in
1763 2834 1975 2889 Gallias

326 2906 577 2961 missum
637 2907 1044 2977 praedicantes.
1099 2911 1158 2960 et
1213 2907 1491 2976 martyrio
1548 2910 1973 2962 consecratum.

326 2977 512 3048 Hujus
544 2978 834 3047 opinionis
866 2978 1130 3049 quaedam
1161 2977 1339 3032 veluti
1389 2977 1728 3048 prajudicia
1758 2995 1973 3033 eruun-

327 3055 442 3118 tur,
479 3050 665 3120 primo
696 3067 764 3104 ex
794 3067 860 3104 eo
890 3050 1045 3118 quod
1070 3049 1432 3120 Stephanus
1477 3066 1626 3120 papa
1656 3051 1973 3116 secundus,

2077 1834 2333 1904 antiquaa
2367 1828 2678 1888 Gailicanee
2703 1828 2974 1904 Ecclesia
3001 1828 3306 1904 traditioni
3339 1832 3410 1884 de
3441 1828 3557 1904 uno
3582 1830 3730 1904 Dio-

2077 1901 2243 1975 nysio
2273 1906 2621 1976 Areopagita
2667 1909 2725 1958 et
2775 1903 3088 1957 Parisiensi
3139 1903 3412 1976 episcopo
3444 1902 3502 1956 in
3536 1901 3728 1956 ofﬁcio

2077 1922 2243 1975 Πγειο
2273 1922 2494 1976 Areopa
2540 1922 2621 1959 1ῐ8.
2667 1922 2725 1958 et
2775 1922 3088 1957 ΓΞΠῚΞΙΘΠΒΙ
3139 1922 3412 1974 episcopo
3444 1922 3502 1956 1D
3536 1922 3728 1956 OlllGlO

2077 1978 2474 2032 ecclesiastico
2500 1922 2793 2030 imnorem
2841 1991 3014 2029 suum
3048 1974 3396 2028 servandum
3428 1989 3579 2043 esse,
3614 1989 3730 2027 non

2077 2066 2212 2104 vero
2244 2048 2681 2104 convellendam
2717 2047 2872 2118 piam
2915 2047 3204 2116 majorum
3239 2049 3570 2118 nostrorum
3605 2044 3729 2115 opi-

2080 2122 2337 2188 nionem,
2373 2121 2460 2175 cui
2497 2117 2731 2174 saltem’
2757 2119 3073 2188 probabilis
3121 2117 3419 2173 sententiae
3443 2117 3583 2186 jura
3611 2132 3729 2188 non

2079 2193 2410 2264 spernenda
2441 2195 2740 2264 momenta
2763 2187 3136 2264 conﬁrmant.
3172 2213 3200 2240 »
3243 2189 3326 2244 lta
3357 2187 3730 2244 Bollandistts

2081 2262 2224 2319 tom.
2254 2264 2328 2318 VI
2361 2263 2525 2328 Julii,
2559 2277 2690 2333 pag.
2724 2262 2813 2315 76.

2150 2338 2204 2390 2.
2237 2336 2520 2415 Sedeslo,
2547 2330 2828 2415 inquiunt
2872 2331 3111 2415 alterius
3150 2331 3449 2415 opinionis
3476 2330 3730 2412 patroni,

2083 2407 2428 2478 Areopagita
2458 2402 2575 2478 nan
2608 2402 2684 2459 sit
2714 2419 2888 2476 quem
2934 2402 3549 2478 colimus’Dionysius,
3583 2402 3731 2457 mis-

2083 2475 2288 2549 sioque
2321 2475 2375 2534 ἀ
2423 2475 3203 2549 Clemente’AreOpagitistis
3250 2475 3483 2549 errandi
3525 2489 3730 2549 ansam

2084 2546 2414 2623 praebuerit.
2448 2552 2526 2623 At
2551 2553 2706 2623 certe
2744 2547 3093 2623 antiquitate
3138 2547 3408 2616 praevalet
3437 2546 3560 2602 haec
3590 2547 3732 2623 mis-

2085 2617 2191 2686 sio,
2221 2627 2421 2692 totque
2449 2619 2688 2676 fulcitur
2709 2619 3178 2692 probationibus,
3202 2623 3267 2673 ut
3288 2637 3318 2674 a
3341 2635 3495 2692 sanae
3518 2617 3734 2692 mentis

2082 2689 2424 2749 hominibus
2458 2693 2514 2747 in
2548 2693 2794 2747 dubium
2842 2689 3097 2746 revocari
3129 2706 3243 2744 non
3278 2691 3480 2761 possit.
3519 2690 3737 2761 Fessus

2084 2767 2240 2822 enim
2274 2769 2359 2820 est
2388 2766 2512 2836 ipse
2541 2763 3055 2836 Tillemontiusde
3085 2759 3293 2836 sancto
3312 2760 3636 2836 Saturnino
3658 2759 3738 2836 lo-

2085 2855 2272 2910 quens
2304 2831 2452 2891 duas
2489 2840 2652 2910 septo
2703 2834 2916 2889 saeculo
2964 2834 3023 2888 in
3075 2833 3430 2910 quibusdam
3464 2831 3738 2910 Ecclesiis

2083 2902 2342 2981 viguisse
2376 2908 2744 2981 traditiones,
2789 2922 3040 2981 quarum
3084 2902 3528 2981 ju_ata_alt_eram
3559 2902 3734 2975 primi

2086 2976 2342 3054 episcopi
2362 2978 2770 3054 apostolorum
2797 2977 2883 3033 vel
2908 2993 3107 3033 eorum
3129 2976 3734 3054 discipulorum_tem-

2087 3047 2327 3124 poribus
2358 3047 2427 3106 in'
2448 3051 2664 3106 Gallias
2698 3055 3095 3124 accesserunt,
3129 3047 3537 3124 alte_ram_vero
3558 3047 3739 3124 impe-

326 3119 542 3204 allatis_
572 3138 602 3175 e
624 3121 839 3204 .Gallia
890 3119 1080 3204 sancti
1129 3121 1387 3204 Dignysii
1435 3119 1721 3191 reliquiis,
1767 3121 1978 3204 ‘Romte
2009 3136 2051 3202 ρ
2087 3119 2258 3204 rente
2288 3123 2491 3204 Decio,
2513 3127 2578 3177 ut
2608 3122 2992 3204 ipsefcrjpsit
3013 3121 3327 3203 Gregorius
3353 3119 3736 3204 Turonensis.

323 3195 740 3247 monasterium
775 3209 874 3246 seu
909 3192 1169 3247 scholam
1195 3191 1526 3246 Graecorum
1554 3191 1974 3246 monachorum

327 3264 650 3318 instituerit
705 3264 776 3318 ob
829 3263 1172 3319 memoriam
1225 3267 1467 3335 receptes
1516 3265 1571 3318 in
1625 3263 1980 3335 Dionysiena

325 3335 571 3391 basilica
603 3335 891 3390 sanitatis.
921 3335 1140 3390 Deinde
1172 3335 1652 3406 quodAdrianus
1685 3352 1834 3406 papa
1856 3336 1978 3390 vul-

323 3412 490 3476 gatos
523 3407 702 3462 libros
733 3406 996 3478 Dionysii
1020 3407 1212 3462 Greece
1235 3405 1486 3478 scriptos
1509 3405 1976 3462 Fulrado’abbati

321 3481 474 3533 dono
502 3478 745 3550 dederit.
780 3479 865 3532 Ad
900 3479 1020 3533 haec
1052 3480 1209 3549 quod
1250 3481 1485 3534 eosdem
1521 3479 1754 3534 Michael
1790 3480 1975 3550 impe-

318 3556 478 3604 rator
496 3549 750 3606 Orientis
782 3550 1010 3604 miserit
1043 3550 1331 3606 Ludovico
1364 3555 1649 3621 Augusto,
1684 3551 1780 3621 qui
1815 3549 1975 3622 ipsos

320 3623 676 3677 monasterio
696 3622 753 3676 S.
775 3621 1033 3694 Dionysii
1052 3623 1436 3694 consignavit.
1482 3622 1619 3676 Inde
1637 3621 1974 3691 Hilduinus,

320 3695 521 3749 Sancti
558 3693 809 3764 Dionysii
856 3693 1056 3761 abbas,
1082 3693 1293 3763 jussus
1326 3711 1359 3749 a
1405 3694 1698 3749 Ludovico
1732 3694 1830 3749 Pio
1863 3695 1973 3749 im-

320 3769 588 3836 peratore
621 3763 859 3835 scripsit
892 3766 1306 3835 Areopagitica,
1353 3766 1569 3836 quibus
1600 3771 1805 3821 contra
1833 3767 1976 3822 Gre-

321 3837 573 3910 gorium
603 3837 1002 3910 Turonensem
1052 3839 1306 3893 maxime
1358 3842 1415 3892 et
1462 3837 1702 3910 Bedam,
1735 3843 1974 3893 senten-

319 3907 464 3994 tiam
497 3907 942 3994 «jamlpridem
995 3923 1096 3994 per
1125 3908 1667 3994 supplantationum
1712 3910 1972 3994 postulat

321 3982 512 4036 tiones
540 3980 853 4052 inolitamdn
891 3980 961 4033 de
995 3979 1254 4052 Dionysii
1284 3979 1747 4052 Areopagitismo
1769 3983 1977 4050 probat

321 4069 389 4108 ex
419 4053 576 4123 Actis
608 4050 1008 4122 apostolorum
1035 4056 1092 4106 et
1121 4050 1556 4123 antiquissimis
1587 4052 1789 4107 Gallici
1823 4053 1975 4108 ritus

319 4122 680 4192 Missalibus,
714 4138 781 4177 ex
817 4123 1152 4179 testimonio
1191 4122 1378 4179 Visbii
1411 4123 1796 4180 vetustissimi
1828 4125 1973 4180 scri-

323 4195 534 4268 ptoris,
557 4195 713 4266 quod
738 4195 892 4268 apud
916 4194 1207 4268 Morinum
1228 4196 1423 4252 videre
1453 4196 1608 4265 licet,
1632 4197 1977 4254 auctoritate

321 4266 560 4340 quoque
575 4266 896 4321 Aristarchi
921 4266 1250 4340 Graecorum
1283 4268 1716 4340 chronohraphi
1741 4272 1798 4323 et
1829 4269 1977 4324 alio-

317 4337 475 4396 rum:
509 4337 707 4394 Plures
740 4343 941 4408 postea
972 4337 1233 4392 Hilduini
1282 4337 1656 4406 sententiam,
1691 4341 1826 4394 dato
1858 4340 1976 4394 cal-

320 4412 452 4492 culo
485 4409 1228 4492 comprobarunt.fEneas2
1261 4409 1608 4492 Parisiensis
1641 4410 1975 4492 episcopus,

321 4481 605 4548 doctrina,
629 4480 856 4552 pietate
886 4485 942 4536 et
971 4480 1270 4536 industria
1291 4481 1641 4546 celebratus,
1672 4480 1732 4535 in
1765 4480 1975 4537 inecri-

320 4556 521 4628 ptione
552 4553 684 4628 li_bri
734 4553 1010 4628 Adyersus
1057 4556 1296 4628 Gnaeos,
1328 4554 1407 4628 de
1446 4553 1640 4628 seipse
1671 4553 1754 4608 sic
1783 4553 1975 4624 loqui-

319 4623 419 4683 tur
451 4643 464 4682 :
501 4647 528 4676 «
559 4625 766 4680 {Encas
812 4623 1233 4697 Parisiacensis
1278 4625 1443 4680 urbis
1493 4623 1824 4697 episcopus,
1860 4623 1974 4695 quo

321 4698 549 4771 primus
607 4696 880 4771 praesedit
926 4700 981 4750 S.
1033 4695 1358 4771 Dionysius
1392 4713 1430 4771 _a
1478 4695 1653 4771 Paulo
1696 4695 1973 4771 apostolo

318 4768 767 4828 Atheniensium
819 4773 1195 4823 consecratus
1244 4768 1762 4839 archiepiscopus,
1791 4769 1891 4824 sed
1943 4786 1974 4824 a

321 4847 524 4900 sancto
556 4840 849 4896 Clemente
879 4840 1058 4895 totius
1088 4839 1285 4896 Gallias
1319 4846 1694 4896 consecratus
1741 4843 1974 4910 aposto-

322 4915 438 4980 lus,
459 4938 480 4967 ι
506 4917 615 4970 etc.
651 4913 809 4967 Hanc
839 4927 1071 4982 quoque
1094 4912 1152 4965 in
1186 4912 1521 4983 opinionem
1544 4913 1976 4968 descenderunt

323 4985 693 5047 Paschasius,
744 4983 927 5038 abbas
975 4983 1363 5048 Corbeiensis,
1409 4985 1563 5038 inter
1609 4984 1800 5039 aetatis
1856 5000 1973 5039 suae

321 5057 720 5138 doctissimasz
774 5055 1458 5138 Hincmarus‘Remensis
1507 5055 1566 5110 in
1613 5054 1973 5138 epistolaoad

322 5129 590 5186 Carolum
626 5128 887 5193 Calvum,
924 5127 1022 5182 ubi
1077 5127 1214 5181 citat
1261 5127 1440 5181 vitam
1474 5126 1659 5181 sancti
1691 5126 1972 5197 Sanctini,

323 5199 642 5258 Meldensis
683 5198 963 5270 episcopi,
994 5198 1341 5254 Anastasius
1373 5197 1886 5264 Bibliothecarius,
1920 5203 1977 5253 et

323 5271 812 5340 Rothomagensis
870 5270 1344 5340 archiepiscopus
1390 5271 1634 5335 Franco,
1690 5275 1756 5324 ut
1803 5270 1976 5325 refert

323 5345 492 5401 Dudo
537 5343 685 5398 libro
718 5357 758 5396 Il
811 5342 883 5395 De
931 5345 1170 5396 moribus
1199 5347 1250 5398 et
1295 5344 1434 5397 actis
1483 5343 1924 5397 Normannorum
1952 5359 1974 5396 .·

323 5415 750 5490 posterioribus
781 5412 937 5490 item
972 5413 1579 5490 saeculis_S._Thomas
1610 5414 1668 5467 in
1705 5429 1974 5490 sermone

325 5483 498 5561 quem
532 5489 589 5561 ξ.
616 5483 1563 5561 Dionys_i_o_inscripsit,_Bobertus
1599 5483 1972 5561 Antissiodp-

320 5554 799 5631 r'ensis,Raphaei
815 5555 1232 5631 Volaterranus
1245 5554 1399 5631 Aliber
1417 5575 1486 5614 xv
1505 5556 1968 5631 Anthropologix,

322 5634 508 5692 Faber
529 5627 912 5703 Stapulensis,
933 5628 1339 5703 Genebrardus
1360 5629 1420 5685 in
1442 5648 1550 5687 sua
1573 5627 1969 5703 Chronolo'gia,

319 5699 649 5762 Mattheus
669 5701 923 5758 Galenus
969 5701 1029 5756 in
1079 5699 1416 5773 praefatione
1465 5704 1536 5759 ad
1568 5699 1969 5773 Areopagitica,

318 5777 579 5837 Jacobus
636 5773 929 5829 Parnelius
985 5773 1042 5827 in
1081 5771 1523 5840 'Tertullianum,
1574 5771 1842 5830 Molanus
1902 5772 1972 5829 ad

328 5849 648 5910 Usuardum
693 5851 751 5904 et
795 5843 996 5902 Loaisa
1040 5843 1100 5900 in
1149 5843 1306 5902 notis
1350 5844 1424 5901 ad
1472 5846 1770 5903 decretum
1814 5843 1969 5918 regis

2090 3197 2220 3251 Haec
2253 3199 2446 3251 autem
2479 3197 2598 3248 tam
2633 3195 2703 3248 de
2736 3193 2794 3248 S.
2831 3193 3102 3264 Dionysio
3135 3209 3313 3263 quam
3350 3193 3420 3246 de
3445 3197 3500 3246 S.
3526 3193 3741 3264 Satur-3

2087 3269 2226 3324 nino
2251 3283 2421 3338 posse
2444 3265 2696 3336 intelligi
2724 3264 2858 3338 quis
2882 3261 3196 3338 nondvidet,
3220 3269 3417 3334 utpote
3439 3263 3538 3338 qui
3556 3261 3740 3338 simul

2087 3336 2412 3408 eodemque
2439 3344 2702 3408 tempore
2735 3337 2910 3391 ﬁdem
2959 3336 3352 3392 Christianam
3388 3336 3738 3408 praedicave-

2085 3405 2358 3490 runt.__At
2389 3405 2604 3490 praeter
2645 3411 3071 3490 argumentum.
3110 3424 3140 3463 e
3183 3405 3502 3490 propagata
3534 3405 3742 3489 primis

2086 3481 2313 3539 saeculis
2344 3477 2405 3535 in
2436 3477 2782 3552 Galliisdﬁde
2804 3477 3308 3552 desumptum‘uni
3340 3477 3396 3534 et
3425 3477 3591 3552 alteij
3613 3477 3739 3548 opi-

2086 3555 2244 3610 nioni
2278 3567 2610 3616 commune,
2644 3551 2781 3607 huic
2821 3550 3036 3607 adhuc
3063 3553 3217 3606 favet
3243 3550 3518 3622 Gregorio
3549 3551 3734 3622 Turo-

2086 3626 2254 3682 nensi
2287 3625 2585 3694 antiquior
2616 3629 2818 3678 auctor
2845 3623 2992 3679 Vita:
3037 3627 3253 3680 sanctas
3283 3621 3579 3678 Genovefai
3609 3621 3732 3676 vir-

2085 3699 2262 3769 ginis,
2295 3695 2638 3769 quippe_qui
2675 3695 2980 3769 proﬁtetur
3010 3712 3082 3769 se,
3103 3711 3230 3769 eam
3264 3694 3574 3769 scripsisse
3603 3695 3739 3764 post

2086 3766 2174 3850 ter
2213 3766 2386 3826 senos
2435 3784 2468 3822 a
2513 3766 2990 3850 beataayi‘rginis
3038 3768 3198 3850 obitu
3249 3783 3457 3850 annos,
3492 3767 3739 3850 ideoque

2086 3842 2240 3897 circa
2271 3856 2492 3896 annum
2521 3839 2626 3892 520
2655 3854 2668 3892 :
2702 3838 2847 3892 inibi
2876 3842 3070 3893 autem
3094 3839 3308 3894 diserte
3341 3841 3588 3895 testatur
3609 3853 3742 3892 san-

2086 3917 2246 3969 ctum
2275 3910 2616 3984 Dionysium
2645 3914 2701 3965 et
2724 3927 2756 3965 a
2777 3910 3072 3984 Clemente
3088 3910 3313 3983 papain
3348 3909 3739 3984 Gallias_mis-

2087 4002 2238 4051 sum,
2274 3989 2331 4040 et
2362 3981 2442 4038 ab'
2464 3983 2666 4038 eodem
2719 3982 3058 4052 episcopum
3090 3981 3539 4038 consecratum.
3576 3981 3739 4035 Idem

2085 4056 2262 4113 habet
2293 4058 2649 4112 Fortunatus
2682 4051 2994 4125 episcopus
3045 4054 3443 4121 Pictaviensis,
3475 4051 3739 4123 Gregorii

2083 4127 2442 4184 Turonensis
2474 4142 2696 4198 supper
2725 4129 2782 4180 et
2814 4125 3060 4198 amicus,
3086 4126 3186 4197 qui
3219 4125 3276 4180 in
3309 4125 3528 4198 hymno
3559 4139 3734 4194 quem

2085 4202 2156 4256 de
2188 4203 2391 4255 sancto
2421 4196 2695 4268 Dionysio
2734 4196 3047 4253 Parisiensi
3098 4196 3445 4269 composuit,
3474 4200 3530 4252 et
3560 4210 3734 4269 quem

2083 4272 2393 4327 Dubletius
2424 4269 2480 4343 in
2503 4267 2949 4343 Antiquitatibus
2980 4267 3455 4343 Sandioriysianis
3485 4267 3738 4342 publica-

2083 4343 2188 4414 vit,
2221 4343 2304 4399 sic
2334 4341 2546 4400 cecinit
2579 4358 2593 4398 :

2438 4485 2674 4552 Fortem,
2705 4484 2925 4553 ﬁdelem
2951 4484 3190 4540 militem

2443 4555 2647 4610 Christi
2666 4564 2914 4629 secutum
2937 4558 3248 4629 principem

2440 4628 2768 4698 Dionysium
2796 4636 3097 4699 martyrem

2434 4699 2602 4754 Plebs
2628 4699 2815 4769 corde,
2848 4715 2976 4756 voce
3001 4708 3274 4772 personet.

2440 4842 2712 4898 Clemente
2742 4844 2912 4898 Roma
2937 4843 3176 4913 praesule

2439 4914 2513 4968 Ab
2548 4914 2686 4969 urbe
2713 4913 2920 4969 missus
2947 4915 3154 4983 adfuit,

2442 4985 2599 5041 Verbi
2627 4989 2854 5047 superni
2876 4987 3106 5041 seminis

2445 5058 2506 5114 Ut
2534 5057 2754 5130 fructus
2782 5061 2918 5113 esset
2942 5058 3164 5114 Galliae.

2157 5203 2270 5254 Nec
2302 5197 2465 5254 dicas
2493 5198 2782 5270 hymnum
2829 5199 2999 5254 illum
3051 5198 3204 5255 male
3234 5214 3267 5252 a
3297 5195 3567 5253 Dubletio
3604 5195 3734 5270 For:

2085 5266 2670 5342 tunatoattribu'tum
2706 5269 2888 5326 fuisse
2920 5290 2937 5324 :
2969 5288 3103 5325 nam
3159 5266 3736 5342 prmterquam‘quod

2084 5342 2229 5396 illud
2263 5341 2391 5398 sine
2419 5342 2596 5414 dubio
2617 5342 2867 5398 asseruit
2889 5337 3227 5406 Hilduinus,
3257 5337 3631 5414 hym'nusille
3653 5339 3737 5394 sic

2083 5414 2300 5485 legitur
2330 5415 2388 5468 in
2421 5413 2720 5469 codicibus
2745 5431 2890 5470 mss.
2923 5415 2978 5469 S.
3007 5414 3158 5469 688
3190 5413 3464 5470 Germani
3494 5413 3735 5485 Praten-

2083 5483 2186 5552 sis,
2220 5490 2278 5542 8.
2313 5485 2460 5541 Petri
2491 5486 2885 5554 Carnotensis,
2909 5490 2965 5542 et
2986 5487 3044 5542 S.
3069 5486 3308 5555 Benigni
3342 5483 3732 5542 Divionensis.

2082 5558 2364 5614 Przsterea
2395 5558 2444 5614 si
2474 5563 2641 5615 vetus
2672 5557 2770 5614 ille
2792 5559 3046 5629 hymnus
3070 5559 3371 5615 Fortunati
3403 5575 3516 5614 non
3539 5561 3651 5629 est,
3675 5559 3734 5611 at

2081 5635 2236 5712 certe
2260 5629 2535 5712 Hilduino
2555 5627 2978 5712 antiquior-est,
2999 5631 3419 5712 qu.od_sufﬁcit.
3441 5627 3734 5712 Antipho:

2081 5703 2232 5776 nalis
2289 5703 2629 5776 Gregoriani
2687 5698 3110 5776 GaroliACalvi,
3164 5703 3223 5759 in
3282 5698 3730 5776 Compendiensi

2077 5771 2436 5860 bibliotheca
2467 5774 2770 5860 asseryati,
2824 5774 3015 5860 prima
3063 5776 3133 5860 de
3164 5779 3222 5831 S.
3256 5771 3531 5860 Dionysio
3557 5771 3732 5860 fanti:

2083 5844 2282 5919 phona
2310 5863 2416 5919 pro
2463 5846 2677 5921 vigiliis
2727 5844 3035 5907 nocturnis
3083 5848 3210 5919 ejus
3255 5844 3598 5904 missionem
3630 5859 3734 5918 per
