4200 6262
265 310 3561 382 W

1337 529 2392 824 gemmas

496 893 576 1010 iN
621 947 802 1027 QUA,
850 946 1048 1010 POST
1091 945 1636 1010 ENUMERATAS
1679 947 1965 1012 SANCTI
2010 945 2391 1011 CYPRIANI
2439 941 2771 1009 OPERUM
2817 941 3279 1020 EDITIONES,

876 1163 982 1226 DE
1032 1161 1094 1224 S.
1136 1109 1552 1223 MABTYRIS
1592 1159 2003 1224 DOCTRINA
2055 1159 2436 1223 PLURIBUS
2473 1156 2964 1222 DISSERI'I‘UR.

1183 1375 1508 1435 AUCTORE
1549 1376 1611 1432 D.
1653 1373 2050 1467 PRUDENTIO
2078 1374 2340 1446 MARAN,
2381 1375 2444 1431 Ο.
2490 1376 2545 1432 S.
2589 1377 2650 1432 Β.

1087 1593 2696 1642 *ψ

314 1796 408 1869 Ap
435 1793 574 1854 hanc
609 1795 978 1868 praefationem
1024 1799 1355 1872 aggredienti
1400 1816 1499 1858 nec
1523 1801 1579 1858 S.
1613 1801 1864 1874 Cypriani
1895 1801 2081 1859 laudes
2110 1800 2360 1876 persequi
2395 1800 2757 1859 necessarium
2785 1795 3020 1868 videtur,
3059 1811 3158 1856 nec
3190 1798 3385 1856 Baluzii
3421 1798 3571 1856 labo-

259 1907 368 1948 rem
413 1891 810 1948 commendare.
844 1893 1172 1964 Conspirans
1213 1895 1450 1949 omnium
1483 1895 1535 1950 in
1573 1893 1822 1967 Cypriani
1873 1895 2226 1952 admiratione
2245 1910 2563 1961 consensus,
2595 1894 2794 1949 favoris
2832 1893 3054 1964 aucupia
3099 1909 3204 1948 non
3251 1892 3519 1948 desiderat
3553 1910 3570 1948 :

261 1986 450 2042 editori
497 1986 818 2058 suffragatur
858 1986 1176 2043 eruditionis
1218 1987 1355 2042 fama
1375 1995 1430 2043 et
1460 1988 1688 2058 plurima
1714 1989 1766 2044 in
1792 1990 2026 2060 antiquis
2046 1990 2394 2061 scriptoribus
2414 1989 2634 2044 edendis
2655 1996 2709 2044 et
2734 1985 3084 2042 emendandis
3105 1987 3382 2042 industria.
3410 1987 3573 2042 Multa

271 2080 480 2151 quidem
510 2090 723 2136 exstant
753 2079 955 2135 Baluzii
985 2079 1226 2135 laborum
1257 2068 1625 2147 monumenta,
1656 2096 1754 2136 nec
1779 2084 2023 2153 cuiquam
2058 2081 2172 2136 fere
2208 2080 2476 2148 concedit,
2509 2080 2600 2150 qui
2632 2095 2743 2136 rem
2773 2081 3081 2135 litterariam
3113 2080 3322 2135 auctius
3361 2080 3569 2137 ditave-

258 2175 352 2240 rit;
383 2175 499 2239 scd,
531 2184 888 2246 praeterquam
917 2175 1058 2244 quod
1085 2175 1150 2229 ad
1182 2175 1285 2230 boe
1311 2185 1609 2231 extremum
1637 2191 1772 2246 opus
1802 2176 1964 2249 longo
1991 2193 2090 2232 usu
2109 2177 2431 2234 exercitatus
2452 2178 2704 2240 accessit,
2725 2193 3014 2248 numquam
3043 2177 3178 2233 alias
3203 2176 3417 2234 videtur
3439 2194 3570 2250 0pc-

264 2285 336 2324 rze
364 2280 415 2324 et
443 2270 614 2326 labori
639 2270 814 2325 minus
846 2269 1154 2340 pepercisse
1182 2270 1235 2325 in
1263 2270 1489 2325 vetustis
1511 2269 1788 2325 codicibus
1806 2271 2043 2342 undique
2069 2270 2470 2341 comportandis
2488 2279 2543 2326 et
2571 2270 2900 2327 evolvendis.
2929 2269 3117 2324 Jussus
3149 2269 3247 2326 bac
3273 2271 3405 2326 urbe
3438 2271 3564 2328 abs-

263 2365 454 2421 cedere
476 2381 616 2420 anno
640 2365 797 2433 1710,
820 2365 1105 2422 consilium
1139 2365 1331 2421 edendi
1357 2365 1612 2437 Cypriani
1637 2380 1743 2420 non
1772 2365 1991 2436 abjecit,
2023 2381 2122 2422 nec
2148 2365 2444 2422 intermisit
2469 2349 2731 2434 laborem,
2760 2381 2921 2438 quem
2953 2374 3152 2433 tamen,
3175 2366 3341 2421 redux
3373 2367 3471 2421 sub
3504 2367 3568 2420 (i-

255 2475 373 2515 nem
395 2459 521 2513 anni
548 2460 700 2527 1715,
726 2474 866 2514 novo
885 2468 1079 2515 conatu
1110 2460 1344 2530 repetiit,
1369 2473 1430 2513 ac
1453 2457 1669 2514 tandem
1701 2460 1842 2530 typis
1867 2460 2032 2529 cmpit
2060 2460 2319 2515 mandare
2345 2475 2488 2515 anno
2517 2460 2676 2516 1717.
2704 2459 2822 2514 Jam
2873 2459 3084 2530 prelum
3135 2459 3444 2515 absoiverat
3469 2475 3567 2530 ge-

257 2553 416 2607 nuina
447 2551 700 2623 Cypriani
727 2567 886 2622 opera
913 2567 977 2606 ac
1003 2553 1290 2607 maximam
1316 2561 1522 2622 partem
1556 2551 1755 2606 Baluzii
1778 2553 2205 2621 annotationum,
2248 2569 2368 2609 eum
2399 2569 2520 2609 eum
2542 2554 2747 2610 utiliter
2770 2552 3102 2609 laborantem
3124 2556 3227 2609 vita
3255 2553 3452 2610 defecit
3479 2553 3569 2610 die

254 2645 325 2702 28
349 2648 548 2703 mensis
571 2646 721 2714 Julii,
750 2662 890 2702 anno
916 2647 1090 2702 mtatis
1112 2645 1202 2711 88,
1223 2646 1420 2701 Christi
1453 2647 1606 2702 1718.
1638 2647 1851 2706 Mortuo
1879 2650 2117 2718 Baluzio,
2150 2665 2255 2706 non
2286 2649 2404 2706 sine
2436 2648 2791 2704 litteratorum
2820 2648 3058 2702 omnium
3090 2647 3378 2714 desiderio,
3411 2664 3567 2704 nova:

254 2738 410 2808 hujus
455 2738 711 2795 editionis
746 2753 880 2808 opus
906 2738 995 2792 diu
1023 2739 1375 2808 interruptum
1410 2739 1678 2808 pependit,
1704 2741 1819 2809 sed,
1852 2757 1992 2798 anno
2024 2742 2184 2810 1724,
2234 2758 2344 2798 rev.
2379 2740 2668 2797 admodum
2715 2752 2866 2812 pater
2904 2742 3137 2798 domnus
3168 2743 3453 2814 Dionysius
3498 2745 3569 2800 de

251 2831 694 2899 Sainte-Martbe,
720 2832 960 2901 superior
988 2831 1254 2902 generalis
1303 2832 1728 2902 congregationis
1761 2833 2164 2899 Sancti-Mauri,
2197 2835 2437 2904 pluribus
2467 2842 2686 2906 rogante
2715 2834 3080 2905 typograpltia:
3105 2836 3265 2905 regite
3290 2834 3566 2904 praefecto,

253 2939 362 2980 rem
392 2924 487 2979 uni
517 2939 584 2978 ex
611 2923 722 2977 suis
746 2922 1028 2987 commisit,
1053 2923 1142 2993 qui
1175 2921 1403 2977 libenter
1431 2922 1580 2976 oneri
1610 2923 1899 2989 successit,
1935 2933 1990 2978 et
2017 2924 2086 2978 ab
2106 2924 2212 2978 alio
2231 2924 2444 2993 adjutus
2477 2925 2637 2980 telam
2657 2941 2687 2979 a
2715 2925 3031 2980 doctissimo
3056 2926 3170 2979 viro
3204 2927 3439 2982 nondum
3468 2930 3563 2984 ab-

252 3018 481 3075 solutam
504 3026 783 3088 pertexere
813 3022 1032 3070 conatus
1058 3021 1162 3081 est,
1195 3028 1316 3068 cum
1345 3013 1409 3067 iis
1440 3012 1664 3068 edendis
1693 3023 1746 3068 et
1772 3013 2124 3069 emendandis
2171 3029 2290 3084 quae
2315 3013 2570 3070 Baluzius
2597 3016 2796 3070 inlaeta
2825 3015 3139 3084 reliquerat,
3173 3027 3280 3071 tum
3311 3034 3458 3084 vero,
3507 3030 3568 3076 ut

253 3113 307 3169 in
337 3113 577 3184 pluribus
597 3113 715 3168 aliis
745 3113 990 3168 Patribus
1015 3112 1394 3183 percommode
1415 3111 1612 3167 factum
1635 3120 1738 3182 est,
1757 3112 1976 3168 uberius
2000 3112 2068 3168 de
2096 3111 2258 3176 rebus
2285 3113 2452 3182 gestis
2479 3111 2734 3183 Cypriani
2762 3111 2936 3181 deque
2960 3111 3100 3166 illius
3117 3112 3361 3171 doctrina
3390 3117 3566 3172 disse-

255 3206 438 3262 rende.
468 3204 538 3262 Ut
565 3205 841 3277 promissis
868 3203 1113 3275 satisﬁat,
1145 3204 1421 3260 nonnulla:
1447 3203 1503 3260 S.
1528 3203 1778 3276 Martyris
1802 3204 2084 3261 sententiae
2107 3205 2159 3259 in
2191 3204 2292 3260 hac
2322 3203 2657 3274 praefatione,
2707 3219 2867 3276 quam
2897 3205 3001 3259 vita
3033 3205 3287 3278 Cypriani
3317 3212 3563 3280 proxime

252 3310 507 3373 sequetur
532 3341 550 3370 ,
601 3301 766 3373 requis
806 3300 1138 3372 ponderibus
1177 3301 1550 3358 examinanda:
1587 3310 1712 3358 sunt
1745 3300 1879 3359 :sed
1923 3311 2082 3358 antea
2117 3301 2282 3357 varia:
2331 3301 2474 3358 illius
2516 3316 2740 3372 operum
2786 3300 3052 3359 editiones
3093 3307 3436 3364 recensendo:
3486 3311 3566 3365 vi-

251 3391 318 3450 de
331 3402 470 3451 ntur.

323 3488 496 3545 Varia:
515 3504 739 3560 operum
753 3487 1008 3562 Cypriani
1034 3489 1299 3548 editiones
1324 3506 1445 3563 qua:
1480 3490 1533 3546 in
1558 3490 1695 3562 ipsis
1725 3489 2096 3563 typograpbiae
2137 3489 2476 3547 incunabulis
2501 3489 2793 3573 adornatae
2820 3506 2883 3549 ac
2909 3503 3093 3565 postea
3123 3496 3367 3567 pluribus
3392 3499 3442 3554 in
3477 3500 3554 3558 lo-

256 3583 337 3640 cis
365 3583 608 3654 repetittc
639 3594 785 3651 sunt,
840 3594 1036 3656 quanta
1064 3584 1263 3641 fuerint
1288 3585 1444 3655 hujus
1479 3585 1758 3656 scriptoris
1779 3584 1990 3656 legendi
2021 3584 2196 3639 studia
2225 3583 2520 3640 declarant.
2541 3583 2676 3640 Tres
2701 3586 3092 3656 antiquissinne
3136 3602 3505 3648 memorantur
3538 3613 3554 3649 :

251 3675 513 3746 Romana,
544 3693 632 3734 an.
659 3678 818 3741 1171,
848 3693 943 3748 per
961 3677 1266 3736 Conradum
1295 3679 1627 3735 Sweinbcim
1657 3687 1712 3734 et
1737 3677 2034 3734 Arnoldum
2062 3677 2345 3744 Pannartz;
2376 3677 2595 3746 Veneta,
2617 3694 2703 3734 an.
2734 3680 2866 3734 1171
2897 3721 2912 3747 ,
2941 3696 3036 3750 per
3065 3681 3403 3740 Vindelinum
3431 3686 3560 3757 Spi-

248 3786 497 3838 rensem;
528 3782 638 3828 tum
661 3788 781 3844 quae
800 3772 999 3829 dicitur
1018 3774 1355 3842 innominata,
1383 3774 1503 3844 quia
1532 3788 1632 3830 nec
1656 3773 1805 3829 ttrbis
1827 3788 1933 3829 nec
1958 3774 2271 3844 typograpbi
2299 3788 2495 3828 nomen
2519 3772 2864 3843 adscriptum.
2898 3775 3148 3832 Testatur
3198 3779 3371 3834 editor
3415 3782 3561 3840 Oxo-

248 3865 453 3921 niensis
484 3881 636 3920 usum
675 3879 736 3921 se
755 3880 876 3922 esse
901 3866 1069 3922 tribus
1091 3866 1410 3922 editionibus
1443 3884 1457 3921 :
1505 3885 1524 3918 ‹
1559 3865 1641 3920 Ad
1670 3880 1890 3920 manum
1930 3863 2113 3932 habui,
2155 3885 2174 3918 ι
2219 3865 2410 3936 inquit,
2449 3883 2468 3917 ι
2501 3865 2765 3922 editiones
2798 3867 3210 3938 vetuStissimas,
3243 3873 3554 3943 Spirensem

243 3961 373 4016 anni
406 3961 564 4028 M71;
600 3959 1003 4029 innominatam,
1021 3962 1104 4016 cui
1123 3976 1220 4017 nec
1238 3962 1405 4032 patria
1425 3968 1665 4016 neccetas
1687 3959 1939 4030 affigitur,
1956 3974 2056 4015 nec
2079 3973 2185 4020 non
2207 3959 2352 4013 illam
2379 3958 2662 4014 Remboldi
2690 3960 2815 4015 anni
2833 3961 3027 4016 1512.»
3054 3961 3159 4019 Sed
3181 3973 3356 4022 tamen
3387 3970 3554 4028 editio

239 4054 342 4114 illa
370 4069 494 4126 quaa
518 4053 780 4124 Spirensis
802 4054 957 4126 vulgo
979 4054 1190 4122 dicitur,
1221 4070 1326 4110 non
1365 4054 1554 4125 Spirre,
1585 4053 1680 4110 sed
1709 4052 1949 4110 Venetiis
1971 4068 2188 4120 excusa,
2247 4064 2306 4108 ut
2326 4051 2441 4123 jam
2469 4054 2823 4111 observarunt
2842 4057 3172 4114 eruditorum
3206 4064 3468 4132 nonnulli;
3499 4074 3556 4122 et

244 4160 437 4202 eorum
462 4149 656 4216 errori,
689 4148 780 4218 qui
806 4147 953 4204 illam
978 4148 1150 4218 Spira:
1175 4147 1499 4216 attribuunt,
1531 4147 1710 4202 locum
1740 4145 1887 4201 dedit
1912 4161 2105 4201 nomen
2143 4145 2405 4201 Vindelini
2437 4145 2729 4216 Spirensis,
2764 4165 2794 4204 a
2826 4166 2932 4220 quo
2961 4151 3195 4222 perfecta
3244 4154 3347 4211 fuit
3416 4175 3560 4217 anno

242 4239 416 4294 H71.
447 4239 578 4295 Nam
628 4239 862 4297 Joannes
890 4239 1166 4311 Spirensis
1187 4248 1429 4296 mortuus
1479 4247 1562 4294 est
1613 4237 1852 4294 Venetiis
1882 4253 2024 4293 anno
2047 4237 2208 4302 M70,
2249 4239 2475 4308 ejusque
2503 4239 2685 4295 officio
2712 4250 2768 4296 et
2799 4231 3072 4300 laboribus
3102 4245 3153 4299 in
3181 4247 3367 4304 eadem
3424 4251 3559 4308 urbe

237 4336 512 4390 successit
541 4335 704 4392 frater
733 4335 1068 4404 Vindelinus,
1101 4335 1184 4390 cui
1208 4334 1433 4406 proinde
1451 4333 1679 4390 debetur
1710 4332 1825 4388 haec
1853 4331 2035 4388 editio.
2064 4331 2121 4387 ld
2158 4342 2305 4402 patet
2329 4347 2396 4390 ex
2421 4332 2503 4389 his
2541 4334 2803 4404 versibus,
2830 4337 2924 4408 qui
2951 4334 3018 4396 ad
3048 4340 3250 4399 calcem
3302 4344 3558 4404 editionis

235 4429 510 4486 librorum
528 4429 591 4485 de
622 4429 834 4486 Civitale
861 4429 956 4500 Dei
976 4428 1045 4485 ab
1061 4427 1249 4486 eodem
1278 4426 1562 4483 Vindelino
1581 4425 1857 4481 adornata:
1881 4424 2131 4495 leguntur
2161 4441 2176 4478 :

1227 4564 1319 4624 Qui
1341 4563 1510 4613 docuit
1529 4559 1753 4612 Venetos
1777 4559 1996 4612 exscribi
2017 4571 2159 4624 posse
2182 4557 2400 4613 Joannes

1215 4649 1390 4701 Mense
1407 4647 1519 4698 fere
1551 4648 1683 4696 trino
1705 4655 1918 4698 centena
1935 4643 2185 4712 volumina
2220 4645 2370 4708 Plini,

1209 4735 1272 4786 Et
1294 4733 1500 4786 totidem
1521 4731 1686 4795 magni
1703 4731 1951 4784 Ciceronis
1965 4729 2109 4793 Spira
2131 4729 2344 4790 libellos,

1217 4819 1444 4882 Cmperat
1466 4816 1680 4878 Aurelii;
1706 4815 1868 4871 subita
1889 4813 1979 4864 sed
2002 4818 2161 4864 morte
2185 4816 2472 4878 peremptus

1211 4904 1318 4955 Non
1343 4905 1501 4967 potuit
1522 4906 1736 4965 emptum
1759 4899 1971 4951 Venetis
1985 4897 2127 4948 linire
2143 4897 2384 4949 laborem.

1209 4986 1502 5037 Vindelinus
1523 4985 1665 5035 adest
1687 4983 1916 5046 ejusdem
1939 4980 2094 5034 frater
2119 4985 2176 5032 et
2196 4989 2306 5033 arte

1215 5071 1324 5121 Non
1346 5070 1527 5133 minor;
1555 5067 1893 5130 Hadriacaque
1913 5065 2186 5116 morabitur
2209 5065 2354 5115 urbe.

2038 5210 2095 5249 Ἃ.
2121 5210 2252 5247 CCCC.
2287 5207 2406 5246 LXI.

204 5346 263 5405 Ε·
282 5361 321 5400 x
365 5341 451 5396 bis
480 5338 710 5397 maxime
732 5337 955 5396 dubium
980 5336 1191 5394 videtur
1216 5333 1359 5408 quod
1385 5334 1494 5409 ait,
1521 5338 1644 5402 post
1666 5326 1951 5385 nonnullos
1979 5326 2135 5396 alios,
2187 5325 2433 5382 eruditus
2462 5334 2648 5382 auctor
2664 5325 2944 5385 Annalium
2972 5328 3300 5406 Typograpli.
3345 5345 3473 5395 tom.
3514 5357 3554 5410 ι,

202 5433 595 5495 V’indelinum
617 5435 670 5488 in
698 5431 1039 5489 Germaniam
1089 5427 1284 5484 abiisse
1311 5435 1365 5483 et
1399 5439 1542 5481 anno
1565 5423 1700 5479 1571
1730 5419 2006 5478 Bartholdi
2035 5435 2198 5492 opera
2224 5419 2298 5476 ibi
2318 5419 2571 5476 edidisse.
2599 5420 2866 5482 Reeenset
2902 5423 3044 5482 idem
3068 5430 3299 5501 scriptor
3331 5433 3497 5493 libros
3525 5453 3559 5494 a

198 5527 532 5590 Vindelino
560 5526 798 5582 Venetiis
828 5540 954 5580 ann.
984 5523 1123 5578 1572
1155 5530 1211 5577 et
1237 5517 1374 5576 1577
1401 5517 1596 5574 editos.

293 5621 524 5680 Prodiit
554 5622 795 5689 Parisiis,
819 5610 959 5677 anno
986 5619 1145 5686 1512,
1174 5617 1277 5672 alia
1299 5617 1462 5672 editio
1494 5628 1718 5685 operum
1748 5610 2002 5683 Cypriani
2028 5626 2094 5668 ex
2119 5608 2470 5683 typugrapltia
2495 5609 2731 5669 Bertoldi
2777 5609 3046 5672 Rcmbolti
3076 5626 3130 5672 et
3157 5615 3383 5678 Joannis
3426 5622 3560 5680 Wa-

197 5721 459 5782 tcrloes.
495 5719 857 5773 Accesserunt
884 5718 938 5770 in
961 5715 1061 5769 hac
1089 5712 1326 5769 editione
1343 5709 1642 5766 Cardinalia
1665 5704 1857 5762 Christi
1892 5703 2086 5777 Opera,
2121 5703 2392 5776 Expositio
2434 5706 2490 5759 in
2528 5706 2818 5778 symbolum
2847 5708 3210 5779 Apostolorum
3264 5724 3319 5770 et
3375 5715 3565 5774 Passio

195 5818 279 5876 S.
311 5810 601 5883 Cypriani;
626 5810 766 5865 libro
797 5810 910 5864 sive
937 5806 1158 5877 epistola
1185 5805 1247 5861 de
1265 5800 1608 5870 Aleatoribus,
1638 5808 1692 5857 et
1718 5799 1840 5855 aliis
1862 5796 2136 5857 nonnullis
2163 5812 2281 5870 qua:
2307 5796 2372 5854 ad
2400 5795 2700 5860 Robertum
2730 5798 3087 5859 Fertuuatum
3113 5804 3278 5858 missa
3305 5806 3520 5866 fuerant
3551 5849 3570 5875 ,

606 5901 667 5963 S.
714 5901 1050 5966 CYPRIANI.
1092 5898 1198 5958 1V.
3070 5894 3101 5953 1
