4200 6262
577 316 645 375 11
1137 372 1140 380 λ
2011 310 2236 397 ΡΒιΕΕῚ

2224 307 2404 372 ATIO.
3052 323 3057 327 ‘
3813 314 3883 375 12

575 432 632 486 in
659 428 800 486 aliud
828 437 1037 502 tempus
1078 428 1311 502 rejectis.
1334 427 1387 486 Is
1413 428 1555 487 enim
1582 427 1849 488 Robertus
1871 427 2198 487 Fortunatus
2223 427 2557 503 provinciam
2581 430 3144 504 recegnoscendorum
3175 430 3426 505 Cypriani
3454 445 3678 506 operum
3706 446 3889 492 susce.

568 524 688 594 pit;
721 522 807 579 vel
829 523 1036 593 potius,
1067 530 1127 580 ut
1150 523 1266 594 ipse
1303 531 1529 581 testatur
1557 523 1608 582 in
1627 523 1851 595 epistola
1878 521 2354 595 nuncupatoriaad
2375 522 2653 580 Ruricium
2679 523 3021 593 Blelensem,
3055 525 3231 581 virum
3258 524 3609 593 senatorium,
3669 538 3736 581 eo
3795 535 3888 582 aut

571 614 894 671 lectionibus
912 614 1185 672 autr’ebus
1212 614 1563 672 familiaribus
1592 619 1873 689 occupati,
1900 606 2220 672 Gutllelnnts
2261 602 2489 671 Potstus
2519 621 2541 669 l
2587 622 2724 687 opus
2752 608 2962 689 insigne
2995 617 3209 688 relegit,
3231 616 3555 674 emaculavit
3585 659 3601 686 ,
3630 625 3686 673 et
3712 632 3887 674 anno-

572 631 894 671 tecuombus
912 631 1005 670 aut
1022 631 1185 672 renus
1212 631 1563 672 tamntartous
1592 631 1726 672 occu
1767 631 1873 683 ato,
1900 631 2220 672 uutnetmus
2263 631 2489 671 reterns
2519 631 2541 669 ι
2587 631 2724 687 opus
2752 631 2962 689 Insigne
2995 631 3209 688 retegit,
3231 631 3555 674 emaeutavtt
3585 659 3601 686 ,
3630 631 3686 673 et
3712 632 3886 674 anno-

567 706 863 763 tationibus
884 706 1200 778 quibusdam
1221 723 1328 765 non
1359 707 1710 780 negligendis,
1731 631 2085 778 acomniun
2107 696 2296 764 Bibiiai
2318 710 2374 764 et
2412 700 2643 763 alterum
2673 699 3040 777 citatiOnibus,
3063 709 3171 777 vel,
3206 717 3267 767 ut
3288 698 3457 778 aiunt,
3483 710 3886 782 quotationibus

570 799 640 857 ad
662 800 954 872 marginem
981 800 1303 875 perpuleltre
1327 802 1603 875 multoque
1626 816 1747 858 eum
1771 800 1956 858 labore
1974 799 2193 856 donavit
2219 818 2235 856 :
2272 819 2293 854 ι
2324 809 2447 872 post
2467 801 2748 873 epistolam
2793 805 3263 876 nuncupatoriam,
3307 805 3408 860 alia
3428 803 3496 860 ab
3523 803 3712 860 eodem
3744 803 3884 859 For-

568 902 756 952 lunato
789 895 1031 967 apposita
1062 907 1167 964 eat,
1185 912 1307 969 quas
1321 895 1390 954 de
1411 896 1641 953 utilitate
1666 895 1924 952 librorum
1943 894 2215 968 Cypriani,
2248 909 2313 952 ac
2334 894 2401 953 de
2421 895 2536 967 ejus
2552 896 2861 970 eloquentia
2890 907 3207 970 pertractat,
3229 916 3350 957 cum
3370 900 3473 957 hac
3498 900 3844 971 inscriptione
3867 914 3883 955 :

568 985 632 1043 C.
660 1003 729 1044 ea
764 987 826 1043 P.
855 987 1056 1046 Jaeono
1084 982 1443 1058 GBASOLARIO,
1475 1004 1579 1046 cm
1611 984 1853 1057 Venere,
1884 1004 2125 1044 sALureu
2146 994 2227 1044 etc

2224 984 2609 1061 :rr..Cteterum,
2641 986 2757 1044 haec
2786 986 2949 1045 editio
2970 991 3099 1046 satis
3115 994 3359 1048 aeeurata
3382 996 3482 1060 εει,
3506 998 3571 1047 ne
3596 989 3649 1045 in
3680 989 3883 1059 multis,

561 1097 635 1154 qu
655 1098 701 1138 te
730 1096 1015 1155 perperam
1053 1083 1107 1138 in
1137 1075 1484 1154 sequentibus
1512 1081 1833 1139 editionibus
1861 1090 2062 1138 mutata
2088 1080 2321 1151 fuerant,
2350 1096 2473 1138 eum
2508 1080 2785 1138 codicibus
2807 1097 2938 1139 mss.
2972 1085 3265 1141 consentit.
3296 1083 3706 1140 DicitErasmus
3726 1098 3883 1139 usum

560 1190 625 1232 se
640 1190 760 1234 esse
785 1194 805 1229 ι
829 1176 1079 1247 praesidio
1106 1179 1263 1231 trium
1282 1166 2011 1247 edilientrm,ilomante,qua
2039 1174 2171 1231 nihil
2194 1166 2364 1241 vidi»
2391 1164 2584 1247 inquit,
2627 1170 3027 1248 tdepraralius,
3045 1188 3099 1234 et
3116 1183 3292 1234 tamen
3306 1176 3423 1234 inec
3441 1178 3633 1235 alicubi
3664 1176 3879 1249 profuit;

565 1267 843 1340 cujusdam
882 1268 1125 1335 alterius,
1156 1267 1310 1340 cujus
1341 1269 1527 1325 titulus
1552 1268 1771 1336 excidit,
1803 1277 1857 1325 et
1883 1268 2149 1334 Badiante.
2180 1287 2201 1322 ι
2227 1268 2407 1325 Editio
2428 1269 2534 1339 illa,
2557 1285 2716 1341 quam
2745 1270 3002 1327 Erasmus
3023 1272 3379 1329 celeberrimo
3399 1271 3565 1328 Badio
3598 1272 3881 1343 attribuit,

560 1362 751 1419 eadem
782 1361 994 1419 videtur
1018 1376 1138 1420 esse
1159 1377 1222 1419 ac
1238 1361 1541 1431 Rembolti;
1573 1361 1825 1420 observet
1850 1361 1992 1417 enim
2020 1362 2278 1419 Erasmus
2304 1361 2500 1419 librum
2524 1362 2589 1417 de
2605 1363 2956 1421 cardinalibut
2974 1362 3176 1420 Christi
3215 1364 3452 1436 operibus
3504 1384 3526 1418 ι
3581 1364 3634 1420 in
3690 1364 3884 1421 editio-

561 1472 632 1514 ne
655 1456 888 1513 Badiana
909 1467 1213 1531 separatum
1237 1457 1421 1515 haberi
1451 1472 1481 1513 a
1502 1455 1713 1528 reliquo
1736 1455 2044 1513 volumine:
2078 1475 2097 1509 ι
2126 1456 2176 1513 id
2199 1455 2342 1529 quod
2368 1456 2552 1513 videre
2571 1467 2656 1514 est
2675 1458 2729 1514 in
2770 1455 3042 1527 Remboltj
3072 1456 3330 1526 editione,
3345 1473 3446 1529 qua
3472 1457 3584 1529 jam
3629 1456 3879 1514 absoluta

558 1546 666 1608 hoc
690 1567 824 1624 opus
838 1549 1126 1624 separatim
1150 1550 1391 1607 additum
1420 1548 1540 1606 fuit.
1566 1548 1687 1606 Alia
1715 1548 1904 1617 editio,
1939 1548 2093 1621 cujus
2123 1550 2310 1608 titulus
2339 1550 2653 1619 exciderat,
2696 1549 2835 1608 forte
2872 1550 3061 1607 eadem
3083 1551 3184 1606 fuit
3225 1566 3289 1606 ac
3341 1551 3689 1607 innominata.
3723 1552 3878 1621 Quod

568 1651 778 1713 spectat
817 1642 886 1697 ad
935 1643 1268 1710 Romanam,
1302 1651 1529 1699 testatur
1552 1641 1859 1698 Friderieus
1882 1641 2380 1700 Rheinartususum
2402 1659 2459 1701 se
2482 1659 2601 1701 esse
2628 1662 2646 1696 ι
2676 1644 2934 1700 ambabus
2963 1643 3069 1700 illis
3097 1660 3162 1701 ex
3203 1644 3417 1717 inclyta:
3438 1644 3746 1716 reipublicae
3770 1646 3880 1702 Ne-

557 1735 890 1814 ribergensis
926 1734 1259 1792 bibliotheca
1283 1734 1789 1792 benevolentissime
1815 1735 2227 1792 communicatis
2253 1751 2474 1808 operum
2501 1736 2749 1810 Cypriani
2782 1735 3125 1804 editionibus,
3150 1750 3292 1791 anno
3341 1734 3451 1807 jam
3495 1744 3606 1791 tum
3631 1751 3689 1792 tt.
3719 1751 3871 1793 cccc.

557 1839 711 1897 Lxxt,
757 1835 881 1884 ante
910 1826 1290 1900 typographica
1316 1826 1404 1884 vix
1430 1824 1611 1884 adulta
1633 1822 1832 1899 publici
1856 1820 2198 1899 juris'l'actis,
2254 1828 2520 1897 Romana,
2565 1828 2709 1886 haud
2741 1822 2906 1887 dubie
2932 1814 3150 1887 diversia
3169 1822 3237 1885 ab
3265 1822 3352 1885 illa
3381 1840 3487 1901 qua
3514 1818 3679 1886 ilenr.
3740 1830 3876 1887 Gra-

554 1919 675 1973 vius
702 1918 753 1972 in
785 1917 913 1975 edit.
936 1918 1120 1975 Colon.
1155 1933 1299 1975 anno
1327 1917 1490 1988 1541,
1513 1924 1711 1990 prteler
1738 1910 2029 1976 Badianam
2059 1914 2347 1993 quamdam
2370 1928 2424 1978 et
2447 1918 2630 1993 aliam,
2656 1936 2812 1979 usum
2834 1938 2893 1981 se
2921 1935 3042 1981 esse
3072 1966 3088 1993 ,
3135 1921 3268 1979 nihil
3314 1929 3492 1979 alitem
3522 1914 3870 1995 depravatins
3922 1914 3923 1917 “

559 2004 759 2070 vidisse
782 2010 991 2079 scribit,
1022 2020 1076 2069 et
1098 2010 1357 2084 Spirensi.
1383 2011 1739 2084 cujusartiiex
1765 2008 2081 2069 Vindelinus
2106 2013 2321 2085 quidam
2344 2004 2607 2075 laudatur.
2639 2033 2661 2071 ι
2691 2014 2944 2073 Gravium
2974 2028 3095 2074 cttm
3145 2006 3373 2071 Erasmo
3424 2013 3707 2072 confundit
3740 2016 3872 2073 Rei-

556 2113 763 2175 nartus;
792 2121 892 2163 nec
920 2104 1171 2178 cuiquam
1203 2100 1358 2162 facile
1387 2104 1951 2177 probabitRomanam
1977 2100 2272 2165 editionem
2301 2109 2429 2165 anni
2455 2108 2617 2180 M71,
2658 2124 2758 2182 qua
2782 2116 2939 2168 hsum
2970 2120 3031 2169 se
3063 2123 3186 2168 esse
3232 2102 3382 2180 dicit,
3435 2110 3706 2169 diversam
3749 2124 3870 2171 esse

552 2200 624 2257 ab
648 2214 710 2256 ea
742 2214 901 2271 quam
929 2192 1190 2255 Erasmus
1214 2204 1628 2256 commemorat.

620 2287 900 2362 Erasmus,
932 2291 1022 2365 qui
1054 2300 1132 2350 tet
1159 2300 1467 2350 sanctorum
1491 2290 1705 2349 Patrum
1734 2284 2063 2351 editionibus
2088 2290 2345 2367 prteelat‘e
2371 2295 2438 2352 de
2464 2302 2525 2352 t‘e
2550 2294 2914 2353 ecclesiastica
2939 2305 2993 2353 et
3024 2285 3286 2354 iitteraria
3313 2294 3536 2352 meritus
3567 2302 3670 2365 est,
3703 2307 3855 2352 suam

543 2390 603 2447 in
628 2386 896 2461 Cypriane
926 2402 1147 2460 operam
1174 2394 1282 2444 non
1311 2393 1503 2459 passus
1530 2394 1617 2444 est
1635 2382 1951 2444 desiderari.
1978 2384 2203 2459 Prediit,
2238 2403 2303 2446 eo
2328 2397 2637 2459 aceurante,
2665 2386 2964 2462 Cyprianus
2978 2400 3066 2447 an.
3097 2387 3259 2457 4520,
3279 2380 3522 2457 Basilete,
3548 2387 3643 2444 fol.
3668 2403 3740 2445 ex
3783 2389 3865 2445 ol-

545 2484 704 2541 ﬁeina
730 2474 1089 2550 Frobeniana,
1107 2478 1202 2538 sed
1224 2481 1395 2537 multo
1415 2486 1574 2553 quam
1601 2474 1654 2537 in
1682 2481 2051 2551 superioribus
2075 2476 2402 2539 editionibus
2432 2481 2770 2554 locupletior.
2802 2481 3013 2540 Primus
3043 2480 3187 2539 enim
3215 2483 3269 2537 in
3301 2482 3483 2538 lucem
3508 2478 3679 2539 edidit
3704 2481 3867 2540 Eras-

542 2593 667 2634 mus
685 2572 894 2634 litteras
921 2574 989 2632 de
1009 2573 1276 2632 haereticis
1303 2573 1638 2647 baptizandis
1659 2568 1729 2630 ad
1753 2572 2019 2647 Quintum,
2050 2568 2121 2630 ad
2160 2572 2476 2632 Jubaianunt
2505 2582 2560 2632 et
2583 2575 2653 2630 ad
2679 2566 3003 2648 Pompeium,
3038 2574 3136 2633 lib.
3166 2575 3381 2633 tertium
3407 2572 3828 2632 Testimoniorum
3852 2621 3868 2646 ,

545 2684 614 2726 ac
633 2671 929 2725 sententias
952 2667 1330 2739 episc0porum
1383 2664 1436 2721 in
1467 2659 1699 2723 concilio
1747 2664 2158 2739 Carthaginiensi
2203 2668 2364 2725 tertio
2396 2684 2411 2725 :
2458 2660 2698 2739 ejusdem
2736 2668 3024 2741 diligentia:
3054 2668 3325 2725 debentur
3354 2680 3462 2725 tres
3492 2678 3768 2736 tractatus,
3800 2670 3865 2725 de

544 2760 722 2818 Laude
751 2758 1012 2834 Martyrii,
1034 2759 1097 2816 de
1122 2755 1409 2831 Disciplina
1437 2768 1492 2816 et
1516 2756 1663 2814 Bono
1683 2752 1977 2828 Pudicitia,
2008 2767 2062 2816 et
2089 2758 2158 2814 ad
2184 2752 2536 2815 Novatianunt
2568 2754 3066 2832 hmreticum,'ques
3096 2770 3150 2817 et
3175 2761 3218 2816 si
3248 2760 3517 2834 Cypriane
3563 2759 3873 2832 ahjndicanl
3952 2826 3956 2829 _

541 2856 786 2928 plerique
810 2853 1009 2923 critici,
1030 2867 1192 2910 nemo
1221 2859 1405 2909 tamen
1434 2844 1838 2923 antiquissimos
1859 2858 1916 2908 et
1950 2846 2222 2925 Cypriane
2241 2850 2432 2925 dignos
2460 2852 2755 2926 negaverit.
2781 2849 2877 2910 llis
2903 2854 3170 2926 adjunctte
3195 2853 3412 2910 fuerunt
3444 2855 3566 2911 dute
3590 2858 3867 2912 orationes

547 2949 820 3023 Cypriane
843 2944 1057 3004 amotae.
1092 2942 1276 3003 Sensit
1292 2940 1571 3013 Erasmus,
1597 2940 1681 3001 vir
1708 2952 1974 3002 emunctae
1999 2943 2166 3012 uaris,
2193 2934 2310 3002 haec
2339 2952 2506 3017 opera
2551 2958 2659 3002 non
2691 2960 2813 3003 esse
2859 2945 3145 3019 Cypriani;
3176 2945 3298 3012 sed,
3334 2947 3480 3018 quod
3510 2946 3642 3003 satis
3689 2928 3873 3004 mit-ari
3920 2946 3923 2949 ⁷

550 3061 658 3102 non
687 3032 930 3115 possum,
954 3032 1099 3097 aliud
1124 3054 1280 3112 opus,
1304 3039 1457 3113 cujus
1484 3049 1674 3097 auctor
1702 3032 2019 3097 Diocletiani
2048 3044 2103 3097 et
2124 3036 2253 3096 belli
2283 3036 2542 3097 adversus
2560 3036 2766 3097 Tureas
2793 3043 3056 3109 meminit,
3091 3042 3229 3098 inter
3258 3042 3592 3099 certissimos
3617 3039 3872 3114 Cypriani

542 3129 703 3196 laetus
731 3136 979 3207 ascribit;
1003 3133 1199 3192 librum
1226 3134 1346 3190 dico
1367 3133 1430 3188 de
1456 3132 1667 3204 Duplici
1698 3128 1951 3204 Martyrio
1979 3128 2049 3187 ad
2074 3130 2419 3189 Fortunatam
2441 3149 2460 3200 ;
2484 3142 2592 3203 quo
2619 3134 2836 3189 invento
2856 3136 3005 3191 visus
3029 3142 3110 3191 est
3132 3130 3254 3201 sibi,
3279 3135 3323 3191 si
3363 3137 3410 3193 ei
3439 3135 3727 3204 credimus,
3755 3152 3872 3194 ma-

552 3247 717 3306 gnum
739 3227 1023 3301 quemdam
1046 3223 1356 3282 thesaurum
1375 3218 1677 3279 invenisse:
1708 3236 1729 3276 t
1760 3220 1914 3278 Hune
1940 3216 1994 3278 in
2020 3222 2406 3290 vetustissima,
2433 3242 2453 3278 ι
2481 3223 2668 3295 inquit,
2706 3236 2726 3276 ι
2747 3222 3073 3282 bibliotheca
3101 3228 3371 3299 repertum
3396 3226 3733 3299 adiecimus;
3769 3230 3873 3286 uti-

558 3339 684 3381 nam
716 3330 769 3379 et
797 3320 961 3377 lice'at
982 3324 1179 3374 etetera
1212 3312 1372 3388 hujus
1397 3312 1499 3370 viri
1531 3312 1800 3369 salutifera
1822 3310 2020 3386 scripta
2047 3314 2444 3388 pervestigare!
2471 3329 2492 3371 t
2527 3313 2635 3373 Sed
2678 3312 2837 3388 hujus
2866 3315 2987 3374 libri
3037 3319 3298 3377 artificem
3326 3336 3448 3379 esse
3475 3321 3778 3389 Erasmum,
3803 3330 3868 3380 ac

550 3417 749 3491 ingenii
767 3414 851 3472 sui
877 3427 1013 3486 opus
1041 3409 1310 3485 Cypriane
1335 3407 1637 3466 subdidisse
1663 3408 1972 3479 pronuntiat
1998 3407 2260 3467 Henricus
2280 3408 2530 3479 Gravius,
2557 3409 2646 3466 cui
2675 3409 2888 3467 videtur
2934 3411 3034 3468 hac
3074 3413 3126 3469 in
3170 3430 3229 3470 re
3251 3413 3522 3472 Pamclius
3580 3415 3866 3482 assentiri,

556 3506 719 3567 Certe
744 3508 1002 3565 hactenus
1030 3514 1131 3562 nec
1158 3494 1504 3572 bibliotheca,
1533 3510 1599 3559 ex
1629 3516 1733 3575 qua
1763 3493 1911 3560 hunc
1934 3494 2128 3560 librum
2155 3500 2298 3561 eruit
2322 3502 2602 3574 Erasmus,
2632 3504 2844 3578 cognita
2878 3505 3126 3579 cuiquam
3150 3506 3289 3577 fuit;
3322 3524 3422 3567 nec
3469 3509 3640 3567 codex
3665 3520 3772 3583 quo
3796 3525 3862 3567 se

557 3616 715 3662 usum
737 3614 856 3660 esse
881 3597 1100 3668 indicat,
1133 3595 1445 3669 cujusquam
1472 3597 1525 3652 in
1557 3604 1749 3652 manus
1770 3592 2037 3668 pervenit.
2068 3592 2134 3653 Et
2164 3606 2257 3667 res
2278 3605 2333 3655 et
2356 3594 2521 3656 verba
2541 3596 2741 3672 stylum
2766 3598 2975 3656 Erasmi
3002 3601 3284 3672 redolent;
3315 3613 3399 3673 et,
3418 3604 3561 3676 quod
3590 3604 3859 3678 suspicioa
3909 3614 3914 3619 ·

558 3698 681 3756 nem
707 3704 888 3769 auget,
912 3692 1169 3752 nonnulla
1198 3686 1495 3762 Scriptura:
1516 3682 1846 3758 testimonia,
1880 3696 1938 3746 ut
1965 3688 2222 3747 obsert'at
2246 3686 2544 3759 Pamelius,
2575 3690 2648 3748 ita
2673 3700 2894 3765 prorsus
2922 3694 2973 3749 in
3004 3692 3108 3751 hoc
3139 3693 3296 3765 libro,
3333 3705 3392 3752 ut
3421 3697 3474 3753 in
3503 3698 3625 3754 aliis
3656 3694 3865 3753 EraSmi

540 3791 1032 3850 ehicubrationihus
1060 3788 1380 3848 redduntur.
1406 3784 1533 3844 liae
1548 3784 1714 3843 editio
1726 3798 1870 3858 sepe
1892 3786 2116 3858 repetita
2141 3780 2304 3845 variis
2328 3784 2383 3843 in
2404 3788 2557 3857 locis,
2585 3792 2643 3844 ut
2669 3788 2892 3846 Basileat
2916 3788 3056 3861 apud
3085 3791 3333 3847 eumdem
3358 3791 3685 3849 Frobeninm
3709 3802 3854 3846 anno

546 3882 895 3955 1525,1558,
928 3885 1051 3950 fol.,
1089 3882 1238 3940 addit
1263 3878 1541 3937 Fabricius
1563 3871 1860 3950 1510,1σ1.,
1896 3886 1955 3936 ut
1979 3874 2205 3936 Colonia

2202 3892 2219 3936 ε
2247 3874 2406 3949 1325,
2436 3879 2607 3948 1511ς
2641 3891 2697 3937 ut
2720 3880 2969 3954 Lugduni
2995 3882 3155 3952 1528,
3184 3882 3343 3954 1557,
3379 3884 3539 3955 1514,
3569 3884 3729 3952 1551,
3754 3884 3861 3941 Pa-

448 3968 453 3977 ’
552 3974 699 4036 risiis
721 3976 880 4035 lilii.
907 3976 1017 4035 Sed
1042 3975 1110 4033 de
1130 3974 1215 4033 his
1240 3974 1403 4031 rebus
1422 3974 1529 4030 tam
1553 3982 1740 4046 parum
1771 3971 2022 4029 convenit
2044 3970 2186 4029 inter
2211 3986 2306 4029 eos
2334 3966 2425 4045 qui
2469 3973 2763 4046 scriptores
2786 3975 3181 4032 ecclesiasticos
3207 3988 3551 4043 recensuere,
3584 3986 3675 4032 aut
3697 3972 3867 4033 libi-o-

544 4080 666 4128 rum
691 4080 910 4127 texuere
924 4062 1221 4141 cataloges,
1239 4060 1374 4123 nihil
1400 4074 1458 4123 ut
1472 4076 1622 4124 certe
1643 4068 1880 4123 statuere
1903 4065 2095 4136 possit,
2119 4065 2226 4122 nisi
2255 4066 2343 4138 qui
2369 4064 2466 4122 has
2487 4076 2677 4123 omnes
2692 4066 2956 4125 editiones
2976 4070 3149 4126 oculis
3167 4070 3281 4127 suis
3305 4071 3529 4141 viderit,
3562 4070 3708 4144 quod
3728 4070 3865 4130 mihi

550 4164 728 4220 fateor
755 4174 852 4219 usu
877 4172 989 4217 non
1011 4159 1248 4218 venisse.
1291 4152 1436 4217 Inter
1460 4156 1559 4215 has
1586 4164 1763 4216 autem
1799 4156 2064 4217 editiones
2100 4159 2324 4232 insignis
2363 4159 2454 4217 illa
2477 4168 2561 4218 est
2587 4174 2651 4218 ac
2675 4163 2949 4235 praecipue
2985 4163 3357 4233 memoranda,
3388 4178 3549 4238 quam
3600 4163 3868 4221 Henricus

545 4253 775 4313 Gravius
797 4251 1141 4310 doctissimus
1166 4250 1548 4308 Dominieanus
1563 4258 1706 4307 anno
1732 4248 1871 4306 15M
1896 4248 2131 4307 Colonia:
2151 4250 2347 4307 dicitur
2369 4260 2689 4320 accurasse;
2720 4252 2815 4310 sed
2845 4263 3026 4311 monet
3056 4250 3304 4313 Baluzius
3348 4256 3401 4312 in
3452 4256 3599 4312 netis
3622 4253 3701 4329 (p.
3725 4248 3866 4330 281)

546 4346 686 4407 hanc
705 4346 994 4406 editionem
1011 4358 1119 4403 non
1145 4345 1213 4403 ab
1234 4345 1352 4418 ipso
1370 4336 1568 4401 Gravia
1592 4344 1906 4400 adornatam
1961 4340 2147 4409 fuisse,
2171 4343 2268 4401 Sed
2308 4343 2376 4401 ab
2405 4342 2531 4412 alio,
2563 4345 2653 4418 qui
2681 4358 2810 4402 usus
2837 4348 3164 4420 estquodam
3208 4348 3502 4421 exemplari
3529 4348 3696 4415 edite,
3722 4346 3865 4406 Cras

538 4445 609 4501 vii
637 4444 830 4516 partim
860 4441 1217 4513 conjecturas,
1251 4440 1442 4510 partim
1467 4454 1536 4494 ex
1555 4437 1740 4494 codice
1766 4452 1897 4493 mss.
1925 4438 2103 4493 varias
2125 4434 2391 4494 lectiones
2451 4435 2522 4494 ad
2572 4440 2869 4512 marginem
2903 4443 3232 4501 continente.
3281 4441 3551 4499 Rceenset
3586 4441 3864 4498 Fabricius

544 4536 806 4593 editiones
848 4533 1113 4606 Cypriani
1151 4546 1375 4602 operum
1425 4530 1664 4587 Colonias
1689 4544 1832 4586 anno
1862 4528 2028 4597 1520,
2054 4529 2197 4601 apud
2224 4530 2518 4586 llenricum
2547 4533 2861 4603 Alepeeium
2882 4551 2899 4601 ;
2924 4533 3165 4592 Venetiis
3195 4549 3340 4591 anno
3370 4534 3529 4603 1517,
3552 4535 3862 4605 Antuerpite

544 4644 688 4685 anno
715 4623 851 4683 15H
879 4642 892 4680 :
921 4623 1121 4681 addere
1147 4621 1409 4695 potuisset
1436 4620 1600 4688 i5i2,
1621 4620 1761 4691 apud
1788 4619 2056 4676 Joannem
2080 4618 2373 4677 Crinitum.
2400 4620 2623 4678 Thema:
2648 4622 2871 4681 Jamesii
2901 4624 3225 4697 Cyprianum
3256 4625 3556 4681 redivivum
3605 4624 3860 4693 Londini,

545 4721 707 4788 1600,
730 4726 977 4775 numerat
997 4714 1139 4772 idem
1165 4712 1465 4780 Fabricius,
1488 4712 1579 4784 qui
1608 4710 1663 4769 e't
1689 4712 1757 4769 de
1787 4712 1871 4768 his
1896 4713 2061 4769 rebus
2083 4720 2138 4769 et
2160 4713 2230 4769 de
2256 4713 2322 4771 iis
2347 4730 2376 4769 a
2397 4715 2593 4787 quibus
2620 4713 2929 4788 Cyprianus
2949 4719 3254 4775 vernaculis
3276 4717 3473 4791 linguis
3510 4718 3811 4774 illustratus
3842 4757 3860 4787 ,

547 4826 641 4873 aut
667 4813 922 4872 nennulla
964 4810 1111 4867 illius
1137 4825 1300 4880 opera
1327 4809 1616 4880 separatim
1633 4807 1777 4864 edita
1795 4808 2164 4875 sunt,c0ttsuli
2184 4814 2381 4880 potest.

619 4904 886 4977 Quidquid
913 4919 980 4959 ex
1005 4899 1260 4974 Cypriani
1284 4899 1538 4970 operibus
1562 4898 1742 4956 adhuc
1771 4899 1823 4955 in
1846 4896 2193 4956 bibliothecis
2218 4892 2437 4977 latebat,
2464 4902 2516 4959 id
2538 4901 2735 4960 Paulus
2756 4899 3023 4961 Manutius
3044 4914 3100 4962 et
3140 4905 3460 4963 Guilielmus
3482 4905 3737 4963 Moreiius
3754 4913 3859 4963 tam

542 5010 794 5060 accurate
822 4998 1251 5069 eollegerunt,ut
1276 4994 1408 5050 nihil
1440 5002 1561 5066 post
1578 5009 1673 5050 eos
1699 4996 1974 5064 repertum
2028 4988 2192 5050 fuerit
2221 4990 2364 5067 quod
2390 4990 2663 5069 Cypriane
2715 5005 2898 5069 posset
2934 4998 3168 5056 adscribi
3198 5018 3211 5054 :
3243 4999 3396 5055 Pauli
3433 4999 3654 5054 Manutii
3698 5014 3861 5068 opera

542 5097 716 5152 lucem
741 5093 990 5149 viderunt
1011 5089 1148 5145 liber
1176 5089 1238 5142 de
1268 5087 1591 5159 Spectaculis
1642 5095 1696 5143 et
1752 5082 2003 5158 Epistula?
2051 5079 2103 5143 in
2148 5098 2201 5144 Ol

2201 5082 2338 5146 'dine
2372 5088 2618 5155 Pamelii,
2649 5089 3860 5161 5,17,!9,2?),26,27,29,50,58,59,60,78,80,

545 5188 734 5252 82.85.
763 5184 994 5242 Adhibiti
1017 5172 1385 5238 sunt'cediees
1415 5179 1765 5236 vetustissimi
1787 5179 1856 5235 ad
1879 5178 2019 5237 llam:
2043 5179 2359 5248 editionem,
2387 5199 2505 5255 quae
2528 5183 2717 5240 Romae
2742 5185 2944 5255 prodiit
2971 5186 3111 5258 apud
3135 5186 3360 5243 Paulum
3399 5185 3693 5241 Manutium
3719 5201 3862 5243 anno

546 5282 703 5338 1565.
737 5278 1047 5348 Nuncupata
1073 5274 1230 5332 ests.
1254 5272 1448 5330 Carolo
1474 5273 1768 5330 Borromeo
1792 5274 1904 5344 qui,
1938 5285 1996 5330 ut
2018 5275 2214 5332 ibidem
2258 5263 2488 5334 tesiatur
2524 5279 2811 5348 Manutius,
2844 5289 2988 5337 totus
3032 5283 3086 5338 in
3115 5297 3236 5339 eam
3286 5296 3468 5337 curam
3498 5279 3859 5348 incubuerat,

554 5393 574 5426 ‹
609 5366 665 5427 ut
685 5370 859 5427 omnia
881 5360 1133 5442 Cypriani
1149 5366 1366 5437 scripta,
1394 5364 1602 5421 mendis
1617 5374 1771 5422 antea
1795 5356 2112 5433 deformata,
2141 5362 2194 5423 in
2214 5377 2450 5426 veterem
2479 5364 2633 5425 illam
2656 5368 3017 5442 integritatem
3039 5387 3102 5429 ae
3124 5365 3379 5445 speciem,
3407 5370 3673 5426 accersito
3694 5370 3858 5427 etiam

548 5463 763 5521 Verona
789 5461 938 5516 mira:
964 5459 1244 5516 vetustatis
1266 5451 1579 5528 exemplari,
1608 5467 1855 5514 accurata
1879 5450 2162 5516 doctorum
2185 5461 2422 5517 virorum
2453 5460 2716 5519 industria
2734 5464 3169 5522 restituerentur.
3202 5482 3221 5518 ›
3274 5462 3571 5520 Transtulit
3604 5461 3859 5520 Merelins

549 5560 603 5615 in
629 5572 778 5613 suam
810 5552 1096 5612 editionem
1119 5565 1470 5623 quaecumque
1508 5550 1705 5607 Paulus
1726 5551 1988 5609 Manutius
2005 5568 2037 5608 e
2067 5551 2304 5609 tenebris
2326 5549 2576 5620 eruerati
2599 5553 2790 5627 hisque
2816 5555 3022 5613 addidit
3050 5554 3303 5628 epistolas
3337 5552 3636 5613 Firmiliani
3656 5553 3722 5609 ad
3747 5550 3856 5625 Cy-

549 5636 1061 5722 prianum,Celerini
1094 5644 1161 5701 ad
1189 5642 1480 5701 anianum
1511 5651 1565 5700 et
1585 5643 1805 5701 Luciani
1849 5644 2280 5714 reSptmsionem,
2316 5644 2601 5716 epistolam
2628 5645 2768 5704 Celsi
2801 5646 2868 5702 ad
2900 5644 3180 5719 Vigillum,
3238 5646 3415 5704 libros
3442 5646 3506 5702 de
3534 5643 3854 5700 Alealorilms

546 5744 790 5801 adversus
812 5740 1027 5796 Jttdtcos
1045 5736 1134 5811 qui
1154 5736 1363 5792 insecuti
1400 5746 1517 5792 sunt
1547 5734 1824 5803 Christum,
1852 5736 1915 5792 de
1941 5730 2208 5793 duodecim
2250 5732 2591 5793 Abttst‘onibtts
2630 5737 2824 5807 stecttli,
2858 5736 3069 5794 Coenam
3119 5734 3390 5810 Cypriani,
3442 5745 3494 5793 et
3522 5734 3759 5792 carmina
3790 5733 3848 5790 S.

546 5833 770 5912 Martyri
798 5830 1088 5908 adscripta.
1123 5826 1326 5889 Prodiit
1346 5826 1517 5886 editio
1538 5841 1680 5887 anno
1710 5826 1845 5887 1564
1878 5844 1893 5899 ;
1926 5826 2043 5901 sed,
2075 5836 2362 5903 antequam
2394 5827 2642 5888 absoluta
2666 5836 2832 5902 esset,
2856 5828 3176 5887 immortuus
3227 5837 3311 5888 est
3334 5827 3460 5886 huic
3511 5820 3683 5891 labori
3710 5825 3846 5887 doc-
