4172 6264
134 471 146 483 ,
210 391 277 449 is
478 449 480 451 .
1694 393 2081 460 twn/srmo.
3476 394 3544 451 tt

215 511 468 565 tiSsimus
498 508 884 583 typographus,
913 509 981 567 de
1009 523 1069 565 re
1089 507 1445 566 ecclesiastica
1474 517 1528 564 et
1554 508 1812 564 litteraria
1850 509 2052 579 optime
2101 510 2342 563 meritus.
2399 509 2850 593 Nuneupatoriam
2882 508 3166 579 epistolam
3213 506 3412 564 Carolo
3451 507 3524 562 lx

215 603 497 674 inscripsit
523 604 794 659 Adrianus
823 602 1124 658 Turnebus.
1154 602 1209 657 in
1240 617 1300 656 ea
1324 616 1502 671 regem
1533 601 2038 669 cbrislianissimum
2066 610 2316 670 precatur
2335 611 2390 656 ut
2414 602 2609 655 liberos
2636 611 2689 657 et
2719 617 2942 657 uxorem
2974 601 3202 665 Morclii,
3247 615 3383 671 quos
3431 601 3525 655 ille

212 697 407 767 inopes
450 689 760 769 reliquerat,
803 697 1178 752 beneficientia
1208 712 1302 752 sua
1325 695 1496 766 jttvet,
1521 693 1826 766 aliquidque
1851 695 2142 766 elargiatur
2166 696 2230 750 ad
2258 712 2331 751 trs
2358 697 2614 764 alienum,
2657 697 2834 753 studio
2862 698 2932 752 de
2959 698 3230 766 republica
3273 697 3530 754 benemc-

214 789 369 844 rendi
400 798 760 854 contractum,
793 788 1043 844 luendum
1072 797 1232 860 atque
1264 787 1687 852 dissolvendum,
1712 803 1774 842 ac
1800 803 1974 842 annua
1998 787 2217 843 Morelio
2239 789 2306 844 ab
2335 789 2563 845 Henrico
2591 806 2717 861 rege
2747 792 3165 856 constituta,sed
3189 793 3381 863 quibus
3405 808 3531 864 per-

215 882 326 939 frui
357 896 661 954 temporum
693 883 944 954 iniquitas
962 899 1024 936 ac
1053 883 1228 938 mrarii
1255 881 1516 951 angustia:
1546 896 1650 935 non
1680 881 2057 950 permiserant,
2102 881 2392 936 liberaliter
2417 883 2623 937 restitui
2650 883 2833 951 jnheat
2856 895 3013 953 atque
3043 885 3289 954 persolvi.

293 977 628 1050 Cyprianum
675 993 780 1032 non
830 977 978 1030 auxit
1006 975 1305 1040 Pamelius,
1353 974 1447 1031 sed
1479 974 1717 1044 pluribus
1747 974 1876 1030 locis
1905 990 2007 1044 ope
2037 975 2282 1030 codicum
2317 991 2448 1035 mss.
2484 977 2815 1039 emendavit,
2864 993 3003 1032 novo
3057 978 3416 1046 Epistolarum
3469 988 3525 1034 et

220 1072 460 1126 aliorum
489 1085 713 1140 aperum
739 1068 958 1132 ordine,
991 1068 1216 1123 eruditis
1241 1067 1405 1132 notis,
1454 1069 1560 1122 vita
1607 1083 1675 1122 ex
1719 1068 1886 1137 ipsius
1937 1067 2192 1138 operibus
2239 1069 2486 1136 collecta,
2514 1068 2777 1125 indicibus
2808 1072 3038 1140 copiosis
3078 1071 3377 1128 illttStravit.
3409 1075 3519 1127 Διι-

223 1176 445 1232 thttam
485 1161 702 1215 Manutii
727 1171 782 1215 et
815 1159 1020 1214 Μοντιιί
1059 1159 1323 1214 editiones
1355 1157 1664 1228 prodirent,
1692 1158 1801 1227 jam
1836 1159 2100 1214 Pamelius
2131 1168 2394 1215 statuerat
2439 1161 2580 1216 hunc
2628 1162 2862 1218 laborem
2916 1165 3222 1234 suscipere;
3277 1166 3369 1221 sed
3415 1166 3533 1235 ejus

222 1252 516 1309 consilium
547 1252 960 1322 interpellarunt
985 1250 1164 1305 studia
1198 1249 1494 1320 theologica
1525 1265 1588 1305 ac
1617 1250 1876 1320 profectio
1907 1252 1960 1306 in
1998 1251 2218 1307 Gallias.
2248 1251 2318 1307 At
2348 1253 2436 1308 tibi
2467 1254 2598 1308 vidit
2643 1253 2775 1309 duas
2815 1256 2930 1311 illas
2961 1257 3224 1314 editiones
3246 1299 3259 1322 ,
3301 1274 3527 1329 sperans

226 1366 289 1407 se
321 1351 538 1405 illarum
566 1358 623 1404 et
646 1349 873 1404 aliarum
910 1347 1262 1403 vetustiorum
1304 1355 1358 1402 et
1385 1345 1630 1401 codicum
1660 1360 1792 1402 mss.
1819 1346 2070 1416 prtesidio
2119 1346 2320 1416 aliquid
2368 1349 2672 1403 accuratius
2699 1349 2894 1406 etsuis
2947 1352 3188 1406 numeris
3232 1351 3528 1408 absolutius

227 1445 512 1501 elaborare
541 1459 721 1514 posse,
749 1453 898 1499 tanto
924 1443 1090 1497 animi
1116 1441 1312 1497 ardore
1342 1441 1396 1495 in
1434 1455 1570 1510 opus
1602 1440 1865 1507 incubuit,
1921 1449 1976 1494 ut
2003 1441 2181 1495 omnia
2213 1442 2350 1514 typis
2382 1453 2590 1498 matura
2619 1455 2800 1500 essent
2851 1460 2994 1501 anno
3051 1446 3208 1512 1:366;
3260 1448 3357 1503 sed
3396 1448 3528 1505 Bel~

227 1537 540 1608 gieimotus
560 1551 765 1590 moram
787 1537 1100 1591 attulerunt.
1140 1533 1348 1588 Prodiit
1380 1533 1594 1589 tandem
1634 1532 1748 1588 lucc
1796 1533 1962 1588 editio
2006 1534 2314 1604 Antuerpite
2357 1551 2498 1590 anno
2545 1537 2704 1604 1568;
2737 1538 2935 1594 ibidem
2977 1543 3201 1612 repetita
3255 1551 3339 1598 est
3387 1558 3534 1598 anno

237 1630 402 1695 1589,
434 1629 672 1686 Colonia:
705 1629 864 1696 1617,
887 1628 1112 1684 Parisiis
1140 1636 1315 1682 autem
1351 1627 1510 1693 1571,
1547 1625 1707 1691 1605,
1736 1625 1893 1692 1616,
1929 1626 2087 1682 1614.
2128 1627 2291 1682 Addit
2341 1628 2661 1684 bibliotheca
2713 1630 2998 1689 Barberina
3056 1635 3224 1691 Paris.
3285 1636 3424 1692 1607
3477 1648 3533 1693 et

235 1724 401 1791 1652,
426 1723 706 1780 Fabricius
725 1723 893 1778 Paris.
929 1722 1096 1788 1655,
1127 1731 1180 1776 et
1209 1721 1400 1776 Colon.
1437 1721 1597 1786 1617,
1629 1720 1786 1785 1652;
1813 1737 1882 1778 set

1874 1721 1906 1776 d
1937 1721 2070 1786 haec,
2097 1732 2153 1776 ut
2177 1723 2285 1792 jam
2311 1723 2442 1787 dixi,
2475 1740 2579 1778 non
2600 1725 2754 1781 valde
2781 1739 2949 1783 certa.
2981 1729 3037 1785 ln
3067 1731 3308 1802 catalogo
3354 1733 3521 1788 libro-

232 1832 357 1871 rum
383 1815 726 1870 bibliotheca:
765 1811 1362 1884 Lugduni-Batavorum
1390 1821 1706 1868 recensetur
1731 1812 1894 1868 editio
1923 1812 2117 1868 Colon.
2165 1815 2347 1886 Agrip.
2400 1816 2557 1872 1575.
2611 1816 2914 1876 Anlevertit
2953 1822 3223 1879 Pamelius
3271 1824 3536 1882 Joannem

233 1907 542 1964 llarrisium
574 1908 825 1980 Anglum,
847 1906 1070 1963 Thomas
1097 1906 1246 1962 Moro
1273 1906 1543 1977 quondam
1573 1921 1601 1958 a
1624 1905 1866 1974 secretis,
1911 1907 2000 1977 qui
2025 1906 2162 1962 idem
2198 1908 2479 1963 consilium
2537 1910 2847 1968 intendebat
2898 1913 3227 1970 edendorum
3275 1914 3530 1989 Cypriani

233 2020 486 2075 operum.
533 2003 582 2059 Is
619 2004 848 2060 libenter
893 2003 1352 2074 Pameliumjuvit
1381 2003 1543 2058 variis
1581 2006 1663 2057 sui
1711 2003 2034 2073 exemplaris
2087 2005 2446 2073 lectionibus;
2501 2022 2720 2076 operam
2766 2007 2940 2063 eidem
2989 2018 3250 2064 navarttnt
3297 2010 3535 2068 Joannes

234 2099 515 2166 Clemens,
539 2098 806 2175 ntedicus,
839 2099 1000 2154 etiam
1029 2097 1252 2168 Anglus,
1281 2111 1492 2153 necnon
1538 2096 1802 2152 Antonius
1841 2104 1896 2151 et
1922 2095 2169 2152 Valerius
2196 2098 2454 2166 Cauchii,
2502 2099 2856 2170 jnreconsulti
2911 2101 3246 2172 Ultrajectini
3298 2103 3530 2171 fratres,

236 2198 657 2258 communicatis
695 2199 862 2269 patris
889 2198 974 2252 sui
999 2196 1435 2268 castigationibus
1462 2204 1519 2250 et
1541 2195 1892 2263 conjecturis.
1926 2195 2051 2250 liter.
2079 2195 2341 2252 discimus
2367 2213 2432 2252 ex
2458 2197 2700 2253 Pamelio
2749 2199 2802 2252 in
2842 2199 3070 2270 epistola
3104 2201 3491 2271 nuncupatoria
3513 2246 3528 2270 ,

237 2309 362 2364 qua:
386 2293 644 2362 inscripta
673 2300 758 2346 est
778 2290 950 2362 Viglio
975 2289 1271 2345 Zuichemo
1301 2289 1497 2353 Frisio,
1520 2288 1574 2343 S.
1609 2287 1838 2343 Bavonis
1863 2289 2002 2358 apud
2032 2288 2415 2344 Gandavenses
2439 2291 2750 2361 prtrposito.

313 2386 502 2443 Simon
532 2384 841 2442 Coulartins
869 2383 1034 2439 edidit
1059 2382 1313 2448 Genevm,
1344 2397 1486 2436 anno
1513 2381 1676 2445 1595,
1705 2396 1866 2450 opera
1893 2380 2166 2452 Cypriani,
2191 2383 2434 2438 ordinem
2485 2383 2706 2439 Pamelii
2736 2393 2789 2440 et
2814 2373 3124 2442 contextum
3167 2399 3405 2457 secutus,
3439 2388 3536 2447 sed

241 2482 314 2536 de
341 2495 446 2535 suo
474 2479 680 2535 addens
705 2478 894 2550 longas
921 2485 977 2534 et
995 2492 1251 2550 operosos
1277 2476 1342 2531 ad
1369 2476 1649 2545 legendum
1684 2475 2111 2546 observationes,
2140 2479 2334 2549 quibus
2383 2480 2675 2536 Pamelium
2704 2482 2948 2538 refellere
3000 2495 3054 2538 et
3103 2485 3160 2540 S.
3211 2485 3542 2558 Cyprianum

241 2575 586 2629 calvinistam
618 2574 795 2628 facere
823 2581 1045 2628 conatus
1068 2581 1176 2627 est.
1205 2569 1408 2625 Prodiit
1436 2569 1675 2636 Parisiis,
1703 2585 1845 2625 anno
1867 2570 2027 2632 1618,
2056 2572 2222 2627 editio
2248 2573 2482 2644 Rigaltii,
2513 2584 2666 2630 aucta
2696 2575 2834 2630 libro
2865 2577 2927 2630 de
2953 2575 3353 2648 Rebaplismatc,
3383 2597 3545 2652 quam

242 2677 438 2722 secuta
461 2677 544 2722 est
567 2667 618 2720 in
649 2666 838 2722 eadem
868 2667 1020 2728 urbe,
1050 2679 1140 2718 an.
1172 2661 1339 2728 1666,
1372 2662 1539 2717 editio
1562 2661 1752 2716 Priorii
1782 2677 1905 2717 cum
1931 2665 2076 2718 notis
2107 2664 2319 2735 Rigaltii
2349 2673 2402 2720 et
2440 2666 2690 2732 aliorum,
2719 2668 2986 2737 adiunctis
3024 2669 3292 2740 Cypriane
3333 2673 3549 2741 scriptis

243 2759 465 2816 Minucii
496 2759 711 2826 Felicis,
739 2758 999 2824 Arnobii,
1031 2757 1424 2823 Comntodiani,
1457 2771 1673 2811 necnon
1694 2756 1820 2810 Julii
1848 2755 2062 2812 Firmici
2109 2759 2174 2812 de
2217 2758 2405 2813 Errare
2445 2763 2781 2830 profanarum
2814 2759 3157 2831 Religionmu.
3192 2762 3339 2819 Nova
3385 2765 3549 2820 editio

245 2857 600 2928 epistularum
626 2853 914 2926 Cypriani,
951 2851 1336 2923 'prrctermissis
1362 2850 1483 2904 aliis
1539 2850 2089 2921 pertractationibus,
2145 2852 2346 2921 prodiit
2393 2867 2534 2906 anno
2575 2853 2736 2918 1681;
2777 2853 2932 2922 cujus
2982 2854 3170 2909 titulus
3219 2855 3295 2911 sic
3351 2855 3547 2912 habet:

254 2967 273 3004 ι
318 2950 376 3006 S.
411 2948 615 3004 Ctecilii
647 2947 926 3020 Cypriani,
949 2944 1387 3016 Carthaginensis
1416 2943 1652 3014 episcopi
1692 2958 1757 2998 ac
1781 2943 2000 2998 tandem
2026 2945 2302 3015 martyris,
2350 2959 2412 2999 ac
2439 2945 2670 2999 aliorum
2713 2947 3069 3016 quorumdam
3120 2949 3185 3001 ad
3232 2949 3405 3018 ipsum
3464 2949 3551 3004 vel

248 3041 482 3099 iusimili
509 3056 669 3098 causa
698 3041 913 3111 scripta)
951 3038 1195 3109 epistolae
1247 3049 1482 3103 LXXXHI,
1537 3036 1725 3092 ordine
1776 3035 2090 3089 Pameliano
2143 3036 2347 3103 locatre,
2401 3049 2466 3090 ex
2508 3037 2742 3092 editione
2789 3037 3133 3092 Gottlartiana
3186 3039 3239 3095 in
3281 3041 3549 3096 sectiones

249 3136 457 3202 divisaa,
485 3147 542 3192 et
569 3151 690 3191 cttm
721 3133 776 3189 S.
811 3131 1089 3203 Augustini
1123 3131 1189 3185 ad
1217 3129 1468 3202 Cypriani
1495 3138 1815 3199 argumenta
1835 3128 1904 3183 de
1925 3129 2191 3198 baptismo
2214 3127 2591 3184 haarcticorttm
2624 3131 3062 3200 responsionibus
3104 3147 3204 3188 suo
3252 3135 3372 3190 loco
3420 3136 3552 3190 sub-

246 3233 469 3304 junctis,
495 3234 662 3288 variis
687 3231 850 3286 etiam
868 3228 1110 3292 Pamelii,
1137 3225 1356 3297 Rigaltii
1389 3225 1726 3295 aliorumque
1752 3223 2073 3280 lectionibus
2099 3233 2150 3278 et
2179 3223 2524 3293 conjecturis,
2554 3232 2611 3277 ιιι
2635 3233 2689 3279 et
2713 3222 2958 3279 Gratiani
3013 3225 3064 3280 in
3118 3225 3339 3283 decreto
3386 3220 3551 3284 Lom—

250 3325 402 3382 berdi
436 3323 489 3380 in
513 3324 666 3380 libris
695 3322 1117 3388 Sententiarum,
1146 3336 1209 3376 ac
1239 3320 1461 3376 Tltomze
1485 3318 1769 3388 Aquinatis
1803 3316 1854 3370 in
1887 3317 2105 3372 Summa
2138 3315 2443 3386 theologizc,
2489 3317 2898 3388 allegationibus
2941 3320 2994 3374 in
3039 3324 3282 3394 margine
3332 3327 3551 3392 notatis,

249 3412 304 3477 et
345 3421 557 3491 aliquot
610 3418 843 3489 denique
888 3416 1110 3472 utilibus
1162 3413 1434 3468 indicibus
1483 3425 1728 3467 seorsum
1784 3407 1975 3476 editre,
2032 3409 2210 3465 studio
2257 3408 2547 3465 Friederici
2601 3410 2879 3467 Reinharti
2942 3413 3107 3469 theol.
3159 3415 3211 3469 in
3263 3417 3552 3473 universit.

251 3513 553 3572 Altdorftna
603 3513 664 3568 P.
716 3511 776 3568 Ρ.
832 3521 888 3567 et
937 3507 1188 3566 ecclesiae
1232 3507 1360 3562 ibid.
1413 3503 1668 3560 ministri.
1717 3503 1945 3560 Altdorfl
1999 3503 2139 3575 typis
2179 3511 2249 3558 et
2293 3503 2551 3574 impensis
2617 3504 2830 3560 lleurici
2895 3505 3126 3579 Meyeri,
3183 3497 3568 3568 universitatis

254 3607 598 3683 typographi.
648 3627 666 3660 ι

323 3701 582 3756 Proxime
608 3705 789 3754 secuta
815 3703 918 3764 est,
951 3709 1092 3750 anno
1117 3691 1282 3758 1689.,
1313 3689 1632 3749 Omniensis
1659 3687 1822 3745 editio
1852 3703 1883 3745 e
1909 3688 2119 3746 theatro
2142 3683 2469 3746 Seldoniano
2487 3731 2500 3756 ,
2526 3705 2646 3746 cum
2701 3692 2974 3748 codicibus
2997 3710 3126 3751 mss.
3161 3695 3372 3765 collata,
3405 3699 3550 3754 notis

255 3795 502 3861 Pamelii,
531 3791 1026 3864 Rigaltiiaeipsius
1053 3789 1216 3845 etiam
1239 3788 1462 3844 editoris
1507 3786 1796 3850 illustrata,
1846 3783 2090 3856 pluribus
2147 3793 2305 3839 aucta
2355 3786 2862 3854 pertractationibus
2914 3787 3142 3844 Arnoldi
3193 3790 3554 3847 Bome-Vallis

255 3887 486 3951 abbatis,
518 3884 774 3959 Cypriani
803 3882 1128 3940 Antioclteni
1172 3879 1543 3942 Confessione,
1575 3889 1630 3934 et
1659 3879 1880 3949 antiquo
1925 3876 2161 3948 paschali
2193 3887 2466 3946 computo.
2499 3876 2557 3933 In
2598 3879 2697 3935 hac
2723 3881 3029 3937 adornanda
3057 3885 3292 3942 editione
3321 3887 3556 3942 duorum

254 3981 674 4054 protestantiunt
717 3977 1090 4051 episcoporum
1134 3974 1327 4030 enituit
1359 3973 1654 4039 industria,
1701 3971 1922 4026 Joannis
1951 3970 2109 4039 Fclli,
2151 3969 2478 4027 Oxouiensis
2520 3973 2776 4044 episcopi,
2802 3985 2854 4030 et
2876 3975 3099 4034 Joannis
3126 3977 3556 4038 PearsoniiCes—

258 4075 499 4140 triensis;
532 4088 758 4146 qttorum
790 4072 996 4143 primus
1021 4070 1274 4126 editionis
1304 4084 1570 4122 summam
1604 4067 1654 4120 in
1687 4081 1745 4122 se
1771 4067 2048 4137 suscepit,
2100 4064 2241 4121 alter
2292 4066 2516 4122 annales
2559 4067 2926 4139 Cyprianicos,
2975 4075 3062 4144 qtti
3101 4077 3271 4131 sancti
3308 4076 3559 4150 Martyris

258 4165 515 4238 operibus
540 4164 908 4236 przefiguntur,
957 4177 1064 4217 non
1095 4161 1212 4216 sine
1238 4161 1404 4216 multa
1436 4157 1752 4215 eruditionis
1782 4157 1939 4213 laude
1987 4157 2340 4214 elucubravit.
2393 4159 2518 4215 ll:cc
2557 4161 2724 4217 editio
2774 4179 2958 4220 recusa
3016 4177 3100 4222 est
3154 4169 3362 4227 Bremae
3411 4188 3554 4227 anno

261 4257 429 4323 1690,
462 4253 852 4313 Amstelodami
875 4254 1130 4312 1699.1ta
1154 4253 1454 4319 Fabricius;
1504 4251 1597 4308 sed
1645 4251 1798 4308 aliter
1827 4252 1998 4307 visum
2025 4251 2290 4308 Casimiro
2311 4251 2547 4321 Oudins,
2585 4255 2674 4327 qui
2714 4265 2821 4314 tres
2854 4259 3118 4319 editiones
3169 4274 3560 4324 commemorat

259 4361 383 4424 post
409 4351 637 4421 primam
667 4349 1048 4405 Uxoniensem.
2748 4339 2758 4348 '

331 4443 446 4501 Nec
474 4454 554 4500 tot
575 4443 829 4517 Cypriani
860 4458 1080 4514 operum
1105 4441 1393 4507 editiones,
1418 4456 1518 4497 nec
1543 4438 1836 4496 honoriﬁca
1863 4454 1972 4495 non
2003 4454 2296 4510 paucorum
2322 4439 2598 4498 hominum
2632 4444 2697 4502 de
2727 4447 3013 4504 novissima
3038 4449 3327 4509 Oxoniensi
3342 4455 3548 4525 judicia

198 4535 209 4547 ’
263 4534 548 4594 Baluzium
575 4538 968 4607 deterruerunt,
993 4537 1280 4608 quominus
1310 4550 1503 4590 novatn
1532 4534 1847 4606 susciperet.
1879 4533 2034 4599 Nam,
2069 4550 2193 4589 cum
2224 4534 2430 4590 videret
2453 4537 2677 4608 singulis
2706 4540 3032 4599 editionibus
3060 4562 3152 4600 sua
3203 4547 3380 4604 inesse
3405 4551 3556 4617 vitia,

265 4631 392 4688 dum
416 4641 510 4687 aut
538 4633 713 4686 vitiosi
740 4633 954 4688 codices
982 4647 1112 4686 mss.
1145 4629 1484 4696 adhibentur,
1517 4638 1609 4684 aut
1632 4631 1942 4700 superiores
1967 4629 2254 4698 editiones,
2283 4631 2371 4686 ubi
2399 4647 2533 4703 opus
2558 4651 2663 4689 non
2713 4645 2848 4701 erat,
2883 4638 3257 4706 emendantur,
3299 4643 3385 4698 ttbi
3415 4659 3552 4715 opus

262 4737 403 4794 erat,
437 4726 770 4799 incastigatte
795 4725 1196 4799 relinquuntur,
1262 4741 1366 4779 non
1406 4724 1710 4795 deSperavit
1753 4723 1807 4780 S.
1834 4723 2085 4798 Martyris
2111 4734 2420 4792 contextum
2447 4728 2525 4783 sic
2549 4730 2822 4784 emendari
2852 4747 3026 4800 posse,
3067 4745 3122 4788 ut
3149 4751 3312 4805 purus
3339 4751 3390 4795 ct
3421 4741 3564 4796 iuta-

265 4810 503 4876 minatus
543 4818 756 4876 tandem
789 4817 1074 4890 aliquando
1104 4815 1364 4887 prodiret.
1395 4815 1452 4870 In
1503 4817 1604 4872 hoc
1647 4816 1985 4887 potissimum
2037 4832 2203 4887 penso
2247 4817 2627 4874 elaborandum
2659 4822 2757 4876 sibi
2801 4837 2921 4878 esse
2975 4825 3309 4897 intelligens,
3364 4841 3562 4901 pratter

267 4917 486 4973 codices
507 4929 639 4972 mss.
671 4916 762 4988 qui
787 4913 1046 4980 Pamelio,
1075 4912 1310 4985 Rigaltio
1329 4921 1384 4967 et
1404 4910 1592 4981 Anglis
1628 4911 1746 4966 usui
1789 4909 2018 4979 fuerant,
2051 4911 2186 4965 alios
2217 4911 2431 4967 circiter
2453 4913 2667 4984 triginta
2721 4915 2770 4968 itt
2809 4916 3110 4974 subsidium
3164 4923 3267 4978 sibi
3293 4923 3558 4980 adhibuit.

267 5010 473 5065 Ilorum
505 5009 756 5065 notitiam
785 5007 923 5062 infra
949 5005 1262 5078 subjiciam,
1286 5005 1498 5075 qualem
1527 5019 1592 5058 ex
1618 5001 1821 5058 Baluzii
1870 5004 2010 5057 netis
2055 5003 2310 5074 colligere
2352 5003 2536 5058 licuit:
2592 5022 2740 5072 nattt,
2791 5023 2915 5064 cum
2960 5012 3137 5068 varias
3170 5015 3427 5072 lectiones
3476 5019 3560 5073 vir

267 5093 538 5167 eruditus,
561 5099 891 5158 ecodicibus
914 5113 1043 5154 mss.
1072 5105 1372 5168 excerptas,
1418 5095 1470 5150 in
1493 5093 1890 5164 exemplaribus
1922 5094 2078 5149 editis
2116 5096 2449 5163 inseruisset,
2482 5095 2734 5154 distracta
2768 5111 2888 5155 sunt
2921 5099 3034 5157 brcc
3071 5107 3396 5174 exemplaria
3441 5125 3565 5164 cum

268 5195 391 5250 aliis
419 5191 763 5250 bibliotheca:
789 5189 1090 5248 Baluziana:
1119 5187 1292 5255 libris,
1322 5202 1495 5258 neque
1521 5201 1586 5241 ex
1620 5187 1720 5240 illis
1745 5186 1847 5240 nisi
1874 5201 2137 5257 perpauca
2169 5189 2404 5257 reperire
2431 5191 2596 5259 potui.
2642 5191 2862 5247 Addidit
2907 5197 3064 5250 ctiant
3106 5197 3348 5254 Baluzius
3377 5202 3566 5259 obser-

270 5292 518 5347 vationes
546 5297 598 5345 et
621 5298 808 5356 notas,
842 5288 895 5342 itt
925 5284 1117 5356 quibus
1145 5283 1459 5358 plerumque
1484 5282 1747 5337 rationem
1801 5296 1992 5336 eorum
2022 5281 2231 5348 reddit,
2280 5299 2398 5354 qua:
2449 5285 2498 5338 itt
2546 5295 2800 5340 contextu
2844 5288 3172 5345 immutanda
3214 5293 3562 5367 iudicaverat,

274 5384 548 5443 interdum
571 5386 755 5452 etiam,
786 5393 846 5439 ut
877 5379 1184 5437 abundabat
1208 5378 1530 5441 eruditione,
1566 5377 1616 5430 in
1650 5374 1883 5446 antiquis
1914 5375 2075 5430 rebus
2116 5375 2448 5431 illustrandis
2489 5377 2684 5448 styltnn
2713 5381 2942 5434 exacuit.
2991 5382 3274 5455 l’eriniquc
3295 5389 3566 5457 facerem,

271 5481 343 5548 si,
408 5495 528 5537 cum
556 5477 701 5535 illius
729 5477 1062 5533 elucubratlo
1091 5488 1284 5546 praeter
1313 5469 1660 5543 paucissimas
1699 5467 1918 5540 paginas
1967 5468 2084 5537 ipso
2105 5467 2279 5521 adhuc
2319 5467 2529 5523 vivente
2586 5484 2781 5524 excusa
2840 5469 3020 5540 fuerit,
3067 5490 3133 5530 ex
3189 5477 3363 5534 debita
3421 5482 3563 5538 illius

267 5574 444 5631 labori
469 5571 642 5629 laude
667 5570 866 5642 aliquid
899 5569 952 5625 itt
981 5584 1067 5624 me
1088 5565 1409 5631 derivarem;
1458 5563 1585 5636 quin
1609 5561 1771 5618 etiam
1812 5575 1932 5614 cum
1964 5559 2092 5614 ntihi
2127 5558 2270 5613 illius
2293 5567 2445 5614 notas
2477 5561 2801 5630 expendere,
2830 5572 2884 5618 et
2913 5581 3032 5620 eum
3085 5567 3201 5638 ipso
3227 5570 3281 5627 S.
3315 5573 3570 5645 Cypriani

269 5675 532 5727 contextu
558 5666 894 5724 contendere
921 5679 1016 5736 per
1033 5671 1247 5733 tempus
1266 5675 1371 5716 non
1403 5659 1633 5722 licuerit,
1665 5654 1922 5726 judicium
1946 5668 2128 5712 meum
2169 5667 2275 5707 non
2306 5653 2660 5723 interponam,
2711 5655 2807 5711 sed
2858 5657 3072 5728 publico
3122 5664 3404 5720 assentiar.
3448 5667 3568 5725 Non

273 5773 463 5822 tamen
505 5745 851 5818 dissimulare
879 5759 1076 5828 possim
1109 5771 1194 5812 tne
1230 5769 1374 5825 saepe
1399 5749 1847 5808 animadvertisse
1871 5741 2177 5803 contettttnn
2227 5744 2501 5818 Cypriani,
2540 5757 2596 5803 ιιι
2621 5747 2688 5802 ab
2730 5748 2945 5807 homine
2990 5751 3303 5814 doctissimo
3351 5760 3401 5814 in
3428 5770 3576 5818 tanta

282 5855 539 5917 'codicum
568 5869 700 5912 mss.
733 5853 884 5924 copia
910 5850 1024 5908 ﬂeri
1053 5867 1151 5925 par
1177 5859 1312 5913 erat,
1344 5843 1722 5920 percommode
1749 5839 2045 5898 emendari.

365 5952 524 6028 Quod
548 5961 754 6026 Spectat
779 5949 843 6005 ad
871 5966 921 6020 οὁ
943 5955 1035 6002 cia
1061 5945 1326 6018 Cypriano
1361 5941 1654 6012 ad:cripia,
1695 5937 1801 6006 jant
1833 5936 1970 5990 bona

1947 5947 1970 5989 a
2020 5948 2145 6005 pars
2205 5933 2342 6006 typis
2401 5935 2648 5992 nl"ltd.il'.t
2701 5937 2893 6009 fuerat,
2942 5956 3059 5998 cum
3107 5941 3378 6002 Baluzium
3437 5948 3594 6011 nobis
