  <div class='ocr_page' id='page_1' title='image "/cluster/home/n/w/nwhite01/storage/ocr_20150623/4/hvd.32044048207708/013.png"; bbox 0 0 4200 6262; ppageno 0'>
   <div class='ocr_carea' id='block_1_1' title="bbox 599 411 3898 471">
    <p class='ocr_par' dir='ltr' id='par_1_1' title="bbox 599 411 3898 471">
     <span class='ocr_line' id='line_1_1' title="bbox 599 411 3898 471; baseline 0.001 -5"><span class='ocrx_word' id='word_1_1' title='bbox 599 411 666 467; x_wconf 78' lang='grc'><strong>13</strong></span> <span class='ocrx_word' id='word_1_2' title='bbox 2103 413 2488 471; x_wconf 73' lang='grc' dir='ltr'><strong>ῘἮᾸΞΡἊΤΙΟ.</strong></span> <span class='ocrx_word' id='word_1_3' title='bbox 3829 414 3898 470; x_wconf 74' lang='grc'><strong>16</strong></span> 
     </span>
    </p>
   </div>
   <div class='ocr_carea' id='block_1_2' title="bbox 593 524 3884 600">
    <p class='ocr_par' dir='ltr' id='par_1_2' title="bbox 593 524 3884 600">
     <span class='ocr_line' id='line_1_2' title="bbox 593 524 3884 600; baseline 0.002 -22"><span class='ocrx_word' id='word_1_4' title='bbox 593 538 740 578; x_wconf 88' lang='lat' dir='ltr'><strong>mors</strong></span> <span class='ocrx_word' id='word_1_5' title='bbox 761 524 998 580; x_wconf 86' lang='lat' dir='ltr'><strong>abslulit.</strong></span> <span class='ocrx_word' id='word_1_6' title='bbox 1035 525 1235 581; x_wconf 72' lang='lat' dir='ltr'><strong>Prreter</strong></span> <span class='ocrx_word' id='word_1_7' title='bbox 1267 532 1374 581; x_wconf 87' lang='lat' dir='ltr'><strong>tres</strong></span> <span class='ocrx_word' id='word_1_8' title='bbox 1402 525 1517 582; x_wconf 87' lang='lat' dir='ltr'><strong>illas</strong></span> <span class='ocrx_word' id='word_1_9' title='bbox 1561 526 2039 597; x_wconf 83' lang='lat' dir='ltr'><strong>pertractatienes,</strong></span> <span class='ocrx_word' id='word_1_10' title='bbox 2088 529 2151 582; x_wconf 84' lang='lat' dir='ltr'><strong>de</strong></span> <span class='ocrx_word' id='word_1_11' title='bbox 2181 529 2520 599; x_wconf 86' lang='lat' dir='ltr'><strong>Spectaculis,</strong></span> <span class='ocrx_word' id='word_1_12' title='bbox 2546 529 2607 582; x_wconf 81' lang='lat' dir='ltr'><strong>de</strong></span> <span class='ocrx_word' id='word_1_13' title='bbox 2641 527 2816 582; x_wconf 79' lang='lat' dir='ltr'><strong>Laude</strong></span> <span class='ocrx_word' id='word_1_14' title='bbox 2843 525 3103 598; x_wconf 81' lang='lat' dir='ltr'><strong>Murtyrii,</strong></span> <span class='ocrx_word' id='word_1_15' title='bbox 3138 534 3191 582; x_wconf 91' lang='lat' dir='ltr'><strong>et</strong></span> <span class='ocrx_word' id='word_1_16' title='bbox 3230 527 3293 582; x_wconf 81' lang='lat' dir='ltr'><strong>de</strong></span> <span class='ocrx_word' id='word_1_17' title='bbox 3329 526 3720 598; x_wconf 81' lang='lat' dir='ltr'><strong>Rebaptismale,</strong></span> <span class='ocrx_word' id='word_1_18' title='bbox 3751 543 3884 600; x_wconf 75' lang='lat' dir='ltr'><strong>quas</strong></span> 
     </span>
    </p>
   </div>
   <div class='ocr_carea' id='block_1_3' title="bbox 600 616 3894 693">
    <p class='ocr_par' dir='ltr' id='par_1_3' title="bbox 600 616 3894 693">
     <span class='ocr_line' id='line_1_3' title="bbox 600 616 3894 693; baseline 0.001 -23"><span class='ocrx_word' id='word_1_19' title='bbox 600 617 852 672; x_wconf 78' lang='lat' dir='ltr'><strong>llaluzius</strong></span> <span class='ocrx_word' id='word_1_20' title='bbox 872 633 993 672; x_wconf 90' lang='lat' dir='ltr'><strong>cum</strong></span> <span class='ocrx_word' id='word_1_21' title='bbox 1017 616 1268 686; x_wconf 83' lang='lat' dir='ltr'><strong>genuinis</strong></span> <span class='ocrx_word' id='word_1_22' title='bbox 1294 617 1544 689; x_wconf 79' lang='lat' dir='ltr'><strong>Cypriani</strong></span> <span class='ocrx_word' id='word_1_23' title='bbox 1591 618 1845 688; x_wconf 86' lang='lat' dir='ltr'><strong>operibus</strong></span> <span class='ocrx_word' id='word_1_24' title='bbox 1878 618 2180 688; x_wconf 86' lang='lat' dir='ltr'><strong>conjunxit,</strong></span> <span class='ocrx_word' id='word_1_25' title='bbox 2213 620 2441 676; x_wconf 89' lang='lat' dir='ltr'><strong>absoluti</strong></span> <span class='ocrx_word' id='word_1_26' title='bbox 2471 627 2623 693; x_wconf 80' lang='lat' dir='ltr'><strong>erant</strong></span> <span class='ocrx_word' id='word_1_27' title='bbox 2664 618 2782 672; x_wconf 82' lang='lat' dir='ltr'><strong>libri</strong></span> <span class='ocrx_word' id='word_1_28' title='bbox 2827 619 2890 672; x_wconf 84' lang='lat' dir='ltr'><strong>de</strong></span> <span class='ocrx_word' id='word_1_29' title='bbox 2931 617 3075 672; x_wconf 87' lang='lat' dir='ltr'><strong>Bono</strong></span> <span class='ocrx_word' id='word_1_30' title='bbox 3119 617 3407 684; x_wconf 76' lang='lat' dir='ltr'><strong>Pudicitiw,</strong></span> <span class='ocrx_word' id='word_1_31' title='bbox 3461 619 3524 672; x_wconf 79' lang='lat' dir='ltr'><strong>de</strong></span> <span class='ocrx_word' id='word_1_32' title='bbox 3553 619 3894 687; x_wconf 84' lang='lat' dir='ltr'><strong>Aleatoribns,</strong></span> 
     </span>
    </p>
   </div>
   <div class='ocr_carea' id='block_1_4' title="bbox 598 707 3891 783">
    <p class='ocr_par' dir='ltr' id='par_1_4' title="bbox 598 707 3891 783">
     <span class='ocr_line' id='line_1_4' title="bbox 598 707 3891 783; baseline 0.002 -21"><span class='ocrx_word' id='word_1_33' title='bbox 598 709 667 762; x_wconf 81' lang='lat' dir='ltr'><strong>ad</strong></span> <span class='ocrx_word' id='word_1_34' title='bbox 696 707 1043 764; x_wconf 84' lang='lat' dir='ltr'><strong>Novatiannm</strong></span> <span class='ocrx_word' id='word_1_35' title='bbox 1069 709 1410 780; x_wconf 74' lang='lat' dir='ltr'><strong>Ha&#39;t&#39;cticum,</strong></span> <span class='ocrx_word' id='word_1_36' title='bbox 1455 712 1518 766; x_wconf 84' lang='lat' dir='ltr'><strong>de</strong></span> <span class='ocrx_word' id='word_1_37' title='bbox 1549 710 1808 766; x_wconf 72' lang='lat' dir='ltr'><strong>Montibus</strong></span> <span class='ocrx_word' id='word_1_38' title='bbox 1838 711 1968 766; x_wconf 86' lang='lat' dir='ltr'><strong>Sina</strong></span> <span class='ocrx_word' id='word_1_39' title='bbox 2013 720 2058 766; x_wconf 88' lang='lat' dir='ltr'><strong>et</strong></span> <span class='ocrx_word' id='word_1_40' title='bbox 2099 711 2258 778; x_wconf 88' lang='lat' dir='ltr'><strong>Sion,</strong></span> <span class='ocrx_word' id='word_1_41' title='bbox 2307 713 2424 766; x_wconf 75' lang='lat' dir='ltr'><strong>dum</strong></span> <span class='ocrx_word' id='word_1_42' title='bbox 2459 711 2728 781; x_wconf 72' lang='lat' dir='ltr'><strong>Orationes</strong></span> <span class='ocrx_word' id='word_1_43' title='bbox 2756 711 3026 783; x_wconf 82' lang='lat' dir='ltr'><strong>Cypriane</strong></span> <span class='ocrx_word' id='word_1_44' title='bbox 3069 709 3282 776; x_wconf 73' lang='lat' dir='ltr'><strong>affictm,</strong></span> <span class='ocrx_word' id='word_1_45' title='bbox 3339 719 3596 768; x_wconf 85' lang='lat' dir='ltr'><strong>tractatus</strong></span> <span class='ocrx_word' id='word_1_46' title='bbox 3645 713 3891 780; x_wconf 79' lang='lat' dir='ltr'><strong>Arueldi,</strong></span> 
     </span>
    </p>
   </div>
   <div class='ocr_carea' id='block_1_5' title="bbox 595 803 3893 879">
    <p class='ocr_par' dir='ltr' id='par_1_5' title="bbox 595 803 3893 879">
     <span class='ocr_line' id='line_1_5' title="bbox 595 803 3893 879; baseline 0.001 -21"><span class='ocrx_word' id='word_1_47' title='bbox 595 803 962 859; x_wconf 72' lang='lat' dir='ltr'><strong>Betim-Vallis</strong></span> <span class='ocrx_word' id='word_1_48' title='bbox 989 805 1214 872; x_wconf 89' lang='lat' dir='ltr'><strong>abbatis,</strong></span> <span class='ocrx_word' id='word_1_49' title='bbox 1259 805 1323 860; x_wconf 87' lang='lat' dir='ltr'><strong>de</strong></span> <span class='ocrx_word' id='word_1_50' title='bbox 1343 806 1628 861; x_wconf 81' lang='lat' dir='ltr'><strong>novissimis</strong></span> <span class='ocrx_word' id='word_1_51' title='bbox 1663 804 1837 860; x_wconf 81' lang='lat' dir='ltr'><strong>Verbis</strong></span> <span class='ocrx_word' id='word_1_52' title='bbox 1887 804 2096 860; x_wconf 81' lang='lat' dir='ltr'><strong>Domini</strong></span> <span class='ocrx_word' id='word_1_53' title='bbox 2125 806 2179 858; x_wconf 89' lang='lat' dir='ltr'><strong>in</strong></span> <span class='ocrx_word' id='word_1_54' title='bbox 2212 822 2378 874; x_wconf 84' lang='lat' dir='ltr'><strong>cruce,</strong></span> <span class='ocrx_word' id='word_1_55' title='bbox 2411 805 2653 876; x_wconf 82' lang='lat' dir='ltr'><strong>ejusdem</strong></span> <span class='ocrx_word' id='word_1_56' title='bbox 2701 806 2838 861; x_wconf 90' lang='lat' dir='ltr'><strong>liber</strong></span> <span class='ocrx_word' id='word_1_57' title='bbox 2881 807 2944 860; x_wconf 88' lang='lat' dir='ltr'><strong>de</strong></span> <span class='ocrx_word' id='word_1_58' title='bbox 2992 806 3336 860; x_wconf 85' lang='lat' dir='ltr'><strong>cardinalibus</strong></span> <span class='ocrx_word' id='word_1_59' title='bbox 3385 806 3575 862; x_wconf 83' lang='lat' dir='ltr'><strong>Clu-isti</strong></span> <span class='ocrx_word' id='word_1_60' title='bbox 3611 807 3893 879; x_wconf 83' lang='lat' dir='ltr'><strong>Operibus,</strong></span> 
     </span>
    </p>
   </div>
   <div class='ocr_carea' id='block_1_6' title="bbox 594 897 3896 972">
    <p class='ocr_par' dir='ltr' id='par_1_6' title="bbox 594 897 3896 972">
     <span class='ocr_line' id='line_1_6' title="bbox 594 897 3896 972; baseline 0.001 -20"><span class='ocrx_word' id='word_1_61' title='bbox 594 898 804 953; x_wconf 88' lang='lat' dir='ltr'><strong>duobus</strong></span> <span class='ocrx_word' id='word_1_62' title='bbox 825 908 916 955; x_wconf 88' lang='lat' dir='ltr'><strong>aut</strong></span> <span class='ocrx_word' id='word_1_63' title='bbox 948 899 1118 955; x_wconf 79' lang='lat' dir='ltr'><strong>tribus</strong></span> <span class='ocrx_word' id='word_1_64' title='bbox 1141 897 1284 955; x_wconf 87' lang='lat' dir='ltr'><strong>foliis</strong></span> <span class='ocrx_word' id='word_1_65' title='bbox 1309 899 1572 971; x_wconf 77' lang='lat' dir='ltr'><strong>exceptis.</strong></span> <span class='ocrx_word' id='word_1_66' title='bbox 1633 899 1689 954; x_wconf 84' lang='lat' dir='ltr'><strong>In</strong></span> <span class='ocrx_word' id='word_1_67' title='bbox 1742 899 1824 954; x_wconf 94' lang='lat' dir='ltr'><strong>his</strong></span> <span class='ocrx_word' id='word_1_68' title='bbox 1870 915 1989 970; x_wconf 69' lang='lat' dir='ltr'><strong>qua:</strong></span> <span class='ocrx_word' id='word_1_69' title='bbox 2013 907 2334 970; x_wconf 77' lang='lat' dir='ltr'><strong>supererant</strong></span> <span class='ocrx_word' id='word_1_70' title='bbox 2361 897 2714 954; x_wconf 86' lang='lat' dir='ltr'><strong>emendandis</strong></span> <span class='ocrx_word' id='word_1_71' title='bbox 2744 908 2796 953; x_wconf 94' lang='lat' dir='ltr'><strong>et</strong></span> <span class='ocrx_word' id='word_1_72' title='bbox 2841 897 3064 953; x_wconf 90' lang='lat' dir='ltr'><strong>edendis</strong></span> <span class='ocrx_word' id='word_1_73' title='bbox 3114 898 3498 954; x_wconf 87' lang='lat' dir='ltr'><strong>elaborandum</strong></span> <span class='ocrx_word' id='word_1_74' title='bbox 3553 900 3668 955; x_wconf 89' lang='lat' dir='ltr'><strong>fuit.</strong></span> <span class='ocrx_word' id='word_1_75' title='bbox 3724 900 3896 972; x_wconf 79' lang='lat' dir='ltr'><strong>Atque</strong></span> 
     </span>
    </p>
   </div>
   <div class='ocr_carea' id='block_1_7' title="bbox 595 992 3883 1066">
    <p class='ocr_par' dir='ltr' id='par_1_7' title="bbox 595 992 3883 1066">
     <span class='ocr_line' id='line_1_7' title="bbox 595 992 3883 1066; baseline 0.001 -19"><span class='ocrx_word' id='word_1_76' title='bbox 595 992 868 1063; x_wconf 88' lang='lat' dir='ltr'><strong>equidem,</strong></span> <span class='ocrx_word' id='word_1_77' title='bbox 893 993 938 1048; x_wconf 90' lang='lat' dir='ltr'><strong>si</strong></span> <span class='ocrx_word' id='word_1_78' title='bbox 963 1009 1155 1050; x_wconf 89' lang='lat' dir='ltr'><strong>novam</strong></span> <span class='ocrx_word' id='word_1_79' title='bbox 1185 995 1435 1066; x_wconf 82' lang='lat' dir='ltr'><strong>Cypriani</strong></span> <span class='ocrx_word' id='word_1_80' title='bbox 1476 1009 1700 1065; x_wconf 90' lang='lat' dir='ltr'><strong>operum</strong></span> <span class='ocrx_word' id='word_1_81' title='bbox 1731 993 2023 1050; x_wconf 88' lang='lat' dir='ltr'><strong>editionem</strong></span> <span class='ocrx_word' id='word_1_82' title='bbox 2066 993 2447 1064; x_wconf 74' lang='lat' dir='ltr'><strong>suscepissem,</strong></span> <span class='ocrx_word' id='word_1_83' title='bbox 2499 992 2669 1047; x_wconf 86' lang='lat' dir='ltr'><strong>fateor</strong></span> <span class='ocrx_word' id='word_1_84' title='bbox 2701 1007 2785 1046; x_wconf 89' lang='lat' dir='ltr'><strong>me</strong></span> <span class='ocrx_word' id='word_1_85' title='bbox 2833 1006 2939 1047; x_wconf 90' lang='lat' dir='ltr'><strong>non</strong></span> <span class='ocrx_word' id='word_1_86' title='bbox 2993 1006 3155 1062; x_wconf 88' lang='lat' dir='ltr'><strong>pauca</strong></span> <span class='ocrx_word' id='word_1_87' title='bbox 3207 1008 3269 1048; x_wconf 84' lang='lat' dir='ltr'><strong>ex</strong></span> <span class='ocrx_word' id='word_1_88' title='bbox 3312 1001 3419 1048; x_wconf 87' lang='lat' dir='ltr'><strong>tam</strong></span> <span class='ocrx_word' id='word_1_89' title='bbox 3468 995 3616 1064; x_wconf 86' lang='lat' dir='ltr'><strong>gravi</strong></span> <span class='ocrx_word' id='word_1_90' title='bbox 3674 994 3883 1049; x_wconf 90' lang='lat' dir='ltr'><strong>sarcina</strong></span> 
     </span>
    </p>
   </div>
   <div class='ocr_carea' id='block_1_8' title="bbox 601 1084 3892 1158">
    <p class='ocr_par' dir='ltr' id='par_1_8' title="bbox 601 1084 3892 1158">
     <span class='ocr_line' id='line_1_8' title="bbox 601 1084 3892 1158; baseline 0.001 -19"><span class='ocrx_word' id='word_1_91' title='bbox 601 1085 1018 1141; x_wconf 84' lang='lat' dir='ltr'><strong>deoneraturum</strong></span> <span class='ocrx_word' id='word_1_92' title='bbox 1060 1086 1246 1142; x_wconf 88' lang='lat' dir='ltr'><strong>fuisse.</strong></span> <span class='ocrx_word' id='word_1_93' title='bbox 1277 1087 1403 1154; x_wconf 90' lang='lat' dir='ltr'><strong>Sed,</strong></span> <span class='ocrx_word' id='word_1_94' title='bbox 1433 1103 1555 1142; x_wconf 89' lang='lat' dir='ltr'><strong>cum</strong></span> <span class='ocrx_word' id='word_1_95' title='bbox 1585 1086 1943 1158; x_wconf 84' lang='lat' dir='ltr'><strong>intelligerem</strong></span> <span class='ocrx_word' id='word_1_96' title='bbox 1974 1085 2233 1140; x_wconf 78' lang='lat' dir='ltr'><strong>vicariam</strong></span> <span class='ocrx_word' id='word_1_97' title='bbox 2263 1101 2349 1141; x_wconf 89' lang='lat' dir='ltr'><strong>me</strong></span> <span class='ocrx_word' id='word_1_98' title='bbox 2379 1100 2597 1156; x_wconf 83' lang='lat' dir='ltr'><strong>operam</strong></span> <span class='ocrx_word' id='word_1_99' title='bbox 2630 1084 2695 1138; x_wconf 90' lang='lat' dir='ltr'><strong>ad</strong></span> <span class='ocrx_word' id='word_1_100' title='bbox 2743 1085 2885 1139; x_wconf 91' lang='lat' dir='ltr'><strong>hanc</strong></span> <span class='ocrx_word' id='word_1_101' title='bbox 2914 1084 3202 1140; x_wconf 88' lang='lat' dir='ltr'><strong>editionem</strong></span> <span class='ocrx_word' id='word_1_102' title='bbox 3249 1085 3633 1141; x_wconf 73' lang='lat' dir='ltr'><strong>absolvendum</strong></span> <span class='ocrx_word' id='word_1_103' title='bbox 3676 1085 3892 1154; x_wconf 75' lang='lat' dir='ltr'><strong>afferre,</strong></span> 
     </span>
    </p>
   </div>
   <div class='ocr_carea' id='block_1_9' title="bbox 611 1176 3894 1249">
    <p class='ocr_par' dir='ltr' id='par_1_9' title="bbox 611 1176 3894 1249">
     <span class='ocr_line' id='line_1_9' title="bbox 611 1176 3894 1249; baseline 0.002 -19"><span class='ocrx_word' id='word_1_104' title='bbox 611 1176 819 1232; x_wconf 88' lang='lat' dir='ltr'><strong>cautius</strong></span> <span class='ocrx_word' id='word_1_105' title='bbox 849 1177 978 1232; x_wconf 90' lang='lat' dir='ltr'><strong>mihi</strong></span> <span class='ocrx_word' id='word_1_106' title='bbox 1018 1177 1282 1249; x_wconf 83' lang='lat' dir='ltr'><strong>agendum</strong></span> <span class='ocrx_word' id='word_1_107' title='bbox 1328 1178 1440 1234; x_wconf 88' lang='lat' dir='ltr'><strong>fuit.</strong></span> <span class='ocrx_word' id='word_1_108' title='bbox 1475 1178 1656 1248; x_wconf 85' lang='lat' dir='ltr'><strong>Itaque</strong></span> <span class='ocrx_word' id='word_1_109' title='bbox 1687 1178 1880 1233; x_wconf 90' lang='lat' dir='ltr'><strong>retinui</strong></span> <span class='ocrx_word' id='word_1_110' title='bbox 1907 1177 2162 1249; x_wconf 86' lang='lat' dir='ltr'><strong>quidquid</strong></span> <span class='ocrx_word' id='word_1_111' title='bbox 2203 1177 2388 1232; x_wconf 80' lang='lat' dir='ltr'><strong>habuit</strong></span> <span class='ocrx_word' id='word_1_112' title='bbox 2440 1177 2602 1233; x_wconf 88' lang='lat' dir='ltr'><strong>editio</strong></span> <span class='ocrx_word' id='word_1_113' title='bbox 2628 1177 2873 1242; x_wconf 90' lang='lat' dir='ltr'><strong>Pamelii,</strong></span> <span class='ocrx_word' id='word_1_114' title='bbox 2921 1177 3042 1248; x_wconf 88' lang='lat' dir='ltr'><strong>quia</strong></span> <span class='ocrx_word' id='word_1_115' title='bbox 3089 1176 3170 1232; x_wconf 91' lang='lat' dir='ltr'><strong>sic</strong></span> <span class='ocrx_word' id='word_1_116' title='bbox 3223 1178 3392 1233; x_wconf 87' lang='lat' dir='ltr'><strong>visum</strong></span> <span class='ocrx_word' id='word_1_117' title='bbox 3439 1179 3656 1235; x_wconf 84' lang='lat' dir='ltr'><strong>Baluzie</strong></span> <span class='ocrx_word' id='word_1_118' title='bbox 3702 1178 3894 1235; x_wconf 89' lang='lat' dir='ltr'><strong>fuerat.</strong></span> 
     </span>
    </p>
   </div>
   <div class='ocr_carea' id='block_1_10' title="bbox 603 1262 3890 1343">
    <p class='ocr_par' dir='ltr' id='par_1_10' title="bbox 603 1262 3890 1343">
     <span class='ocr_line' id='line_1_10' title="bbox 603 1262 3890 1343; baseline 0.001 -19"><span class='ocrx_word' id='word_1_119' title='bbox 603 1267 710 1324; x_wconf 81' lang='lat' dir='ltr'><strong>Sed</strong></span> <span class='ocrx_word' id='word_1_120' title='bbox 737 1285 804 1324; x_wconf 86' lang='lat' dir='ltr'><strong>ex</strong></span> <span class='ocrx_word' id='word_1_121' title='bbox 835 1270 898 1324; x_wconf 92' lang='lat' dir='ltr'><strong>iis</strong></span> <span class='ocrx_word' id='word_1_122' title='bbox 921 1271 1113 1340; x_wconf 90' lang='lat' dir='ltr'><strong>quibus</strong></span> <span class='ocrx_word' id='word_1_123' title='bbox 1142 1262 1296 1342; x_wconf 78' lang='lat' dir='ltr'><strong>Aiigli</strong></span> <span class='ocrx_word' id='word_1_124' title='bbox 1327 1271 1653 1343; x_wconf 81' lang='lat' dir='ltr'><strong>Cyprianum</strong></span> <span class='ocrx_word' id='word_1_125' title='bbox 1683 1280 2008 1336; x_wconf 89' lang='lat' dir='ltr'><strong>onerarunt,</strong></span> <span class='ocrx_word' id='word_1_126' title='bbox 2058 1271 2423 1326; x_wconf 81' lang='lat' dir='ltr'><strong>necessarium</strong></span> <span class='ocrx_word' id='word_1_127' title='bbox 2455 1285 2577 1325; x_wconf 87' lang='lat' dir='ltr'><strong>esse</strong></span> <span class='ocrx_word' id='word_1_128' title='bbox 2605 1269 2731 1324; x_wconf 89' lang='lat' dir='ltr'><strong>duxi</strong></span> <span class='ocrx_word' id='word_1_129' title='bbox 2779 1270 3214 1326; x_wconf 90' lang='lat' dir='ltr'><strong>elucubratienes</strong></span> <span class='ocrx_word' id='word_1_130' title='bbox 3257 1271 3480 1328; x_wconf 82' lang='lat' dir='ltr'><strong>Arnoldi</strong></span> <span class='ocrx_word' id='word_1_131' title='bbox 3533 1272 3890 1328; x_wconf 80' lang='lat' dir='ltr'><strong>Bome-Vallis</strong></span> 
     </span>
    </p>
   </div>
   <div class='ocr_carea' id='block_1_11' title="bbox 599 1362 3934 1436">
    <p class='ocr_par' dir='ltr' id='par_1_11' title="bbox 599 1362 3934 1436">
     <span class='ocr_line' id='line_1_11' title="bbox 599 1362 3934 1436; baseline 0.001 -21"><span class='ocrx_word' id='word_1_132' title='bbox 599 1363 662 1416; x_wconf 81' lang='lat' dir='ltr'><strong>dc</strong></span> <span class='ocrx_word' id='word_1_133' title='bbox 692 1362 944 1433; x_wconf 81' lang='lat' dir='ltr'><strong>Oprribus</strong></span> <span class='ocrx_word' id='word_1_134' title='bbox 971 1381 1061 1419; x_wconf 81' lang='lat' dir='ltr'><strong>sea:</strong></span> <span class='ocrx_word' id='word_1_135' title='bbox 1087 1365 1306 1428; x_wconf 81' lang='lat' dir='ltr'><strong>dierum,</strong></span> <span class='ocrx_word' id='word_1_136' title='bbox 1339 1374 1394 1420; x_wconf 91' lang='lat' dir='ltr'><strong>et</strong></span> <span class='ocrx_word' id='word_1_137' title='bbox 1421 1365 1484 1418; x_wconf 83' lang='lat' dir='ltr'><strong>de</strong></span> <span class='ocrx_word' id='word_1_138' title='bbox 1504 1363 1771 1418; x_wconf 76' lang='lat' dir='ltr'><strong>Laudibus</strong></span> <span class='ocrx_word' id='word_1_139' title='bbox 1801 1364 1959 1426; x_wconf 79' lang='lat' dir='ltr'><strong>beata:</strong></span> <span class='ocrx_word' id='word_1_140' title='bbox 1997 1362 2243 1435; x_wconf 81' lang='lat' dir='ltr'><strong>Virginis,</strong></span> <span class='ocrx_word' id='word_1_141' title='bbox 2275 1363 2624 1434; x_wconf 83' lang='lat' dir='ltr'><strong>ejusdemque</strong></span> <span class='ocrx_word' id='word_1_142' title='bbox 2657 1362 3016 1419; x_wconf 80' lang='lat' dir='ltr'><strong>Mcditationes</strong></span> <span class='ocrx_word' id='word_1_143' title='bbox 3041 1378 3371 1436; x_wconf 75' lang='lat' dir='ltr'><strong>expungere;</strong></span> <span class='ocrx_word' id='word_1_144' title='bbox 3407 1376 3516 1420; x_wconf 88' lang='lat' dir='ltr'><strong>tttm</strong></span> <span class='ocrx_word' id='word_1_145' title='bbox 3545 1382 3612 1422; x_wconf 93' lang='lat' dir='ltr'><strong>ne</strong></span> <span class='ocrx_word' id='word_1_146' title='bbox 3644 1364 3896 1420; x_wconf 75' lang='lat' dir='ltr'><strong>volumen</strong></span> <span class='ocrx_word' id='word_1_147' title='bbox 3921 1407 3934 1419; x_wconf 88' lang='lat'><strong>.</strong></span> 
     </span>
    </p>
   </div>
   <div class='ocr_carea' id='block_1_12' title="bbox 606 1458 3895 1531">
    <p class='ocr_par' dir='ltr' id='par_1_12' title="bbox 606 1458 3895 1531">
     <span class='ocr_line' id='line_1_12' title="bbox 606 1458 3895 1531; baseline 0.002 -19"><span class='ocrx_word' id='word_1_148' title='bbox 606 1458 828 1512; x_wconf 80' lang='lat' dir='ltr'><strong>nimiam</strong></span> <span class='ocrx_word' id='word_1_149' title='bbox 853 1459 904 1511; x_wconf 92' lang='lat' dir='ltr'><strong>iu</strong></span> <span class='ocrx_word' id='word_1_150' title='bbox 937 1459 1133 1515; x_wconf 90' lang='lat' dir='ltr'><strong>molem</strong></span> <span class='ocrx_word' id='word_1_151' title='bbox 1165 1469 1440 1515; x_wconf 84' lang='lat' dir='ltr'><strong>cresceret</strong></span> <span class='ocrx_word' id='word_1_152' title='bbox 1471 1461 1488 1530; x_wconf 96' lang='lat'>(</span> <span class='ocrx_word' id='word_1_153' title='bbox 1521 1470 1735 1516; x_wconf 89' lang='lat' dir='ltr'><strong>auctum</strong></span> <span class='ocrx_word' id='word_1_154' title='bbox 1761 1459 1903 1515; x_wconf 90' lang='lat' dir='ltr'><strong>enim</strong></span> <span class='ocrx_word' id='word_1_155' title='bbox 1939 1459 2127 1515; x_wconf 89' lang='lat' dir='ltr'><strong>fuisset</strong></span> <span class='ocrx_word' id='word_1_156' title='bbox 2155 1459 2342 1516; x_wconf 88' lang='lat' dir='ltr'><strong>decem</strong></span> <span class='ocrx_word' id='word_1_157' title='bbox 2373 1459 2545 1531; x_wconf 87' lang='lat' dir='ltr'><strong>foliis)</strong></span> <span class='ocrx_word' id='word_1_158' title='bbox 2566 1502 2579 1524; x_wconf 93' lang='lat'><strong>,</strong></span> <span class='ocrx_word' id='word_1_159' title='bbox 2613 1469 2722 1514; x_wconf 90' lang='lat' dir='ltr'><strong>tum</strong></span> <span class='ocrx_word' id='word_1_160' title='bbox 2763 1461 2884 1530; x_wconf 90' lang='lat' dir='ltr'><strong>quia</strong></span> <span class='ocrx_word' id='word_1_161' title='bbox 2917 1459 3022 1515; x_wconf 93' lang='lat' dir='ltr'><strong>alia</strong></span> <span class='ocrx_word' id='word_1_162' title='bbox 3053 1471 3264 1516; x_wconf 79' lang='lat' dir='ltr'><strong>exstant</strong></span> <span class='ocrx_word' id='word_1_163' title='bbox 3311 1463 3362 1518; x_wconf 92' lang='lat' dir='ltr'><strong>in</strong></span> <span class='ocrx_word' id='word_1_164' title='bbox 3409 1463 3756 1520; x_wconf 80' lang='lat' dir='ltr'><strong>bibliothecis</strong></span> <span class='ocrx_word' id='word_1_165' title='bbox 3791 1463 3895 1519; x_wconf 65' lang='lat' dir='ltr'><strong>no.</strong></span> 
     </span>
    </p>
   </div>
   <div class='ocr_carea' id='block_1_13' title="bbox 594 1549 3884 1626">
    <p class='ocr_par' dir='ltr' id='par_1_13' title="bbox 594 1549 3884 1626">
     <span class='ocr_line' id='line_1_13' title="bbox 594 1549 3884 1626; baseline 0.002 -24"><span class='ocrx_word' id='word_1_166' title='bbox 594 1549 728 1604; x_wconf 84' lang='lat' dir='ltr'><strong>stris</strong></span> <span class='ocrx_word' id='word_1_167' title='bbox 758 1549 1000 1618; x_wconf 88' lang='lat' dir='ltr'><strong>ejusdem</strong></span> <span class='ocrx_word' id='word_1_168' title='bbox 1033 1549 1254 1605; x_wconf 78' lang='lat' dir='ltr'><strong>Arnoldi</strong></span> <span class='ocrx_word' id='word_1_169' title='bbox 1287 1567 1474 1620; x_wconf 82' lang='lat' dir='ltr'><strong>opera,</strong></span> <span class='ocrx_word' id='word_1_170' title='bbox 1506 1568 1626 1622; x_wconf 84' lang='lat' dir='ltr'><strong>qua:</strong></span> <span class='ocrx_word' id='word_1_171' title='bbox 1657 1552 1771 1622; x_wconf 87' lang='lat' dir='ltr'><strong>pari</strong></span> <span class='ocrx_word' id='word_1_172' title='bbox 1793 1552 1917 1622; x_wconf 86' lang='lat' dir='ltr'><strong>jure</strong></span> <span class='ocrx_word' id='word_1_173' title='bbox 1947 1568 2009 1607; x_wconf 90' lang='lat' dir='ltr'><strong>ac</strong></span> <span class='ocrx_word' id='word_1_174' title='bbox 2042 1562 2149 1606; x_wconf 89' lang='lat' dir='ltr'><strong>tres</strong></span> <span class='ocrx_word' id='word_1_175' title='bbox 2176 1552 2282 1607; x_wconf 75' lang='lat' dir='ltr'><strong>illze</strong></span> <span class='ocrx_word' id='word_1_176' title='bbox 2307 1552 2765 1617; x_wconf 90' lang='lat' dir='ltr'><strong>elucubrationes,</strong></span> <span class='ocrx_word' id='word_1_177' title='bbox 2794 1554 2844 1606; x_wconf 92' lang='lat' dir='ltr'><strong>in</strong></span> <span class='ocrx_word' id='word_1_178' title='bbox 2875 1553 3012 1608; x_wconf 91' lang='lat' dir='ltr'><strong>hanc</strong></span> <span class='ocrx_word' id='word_1_179' title='bbox 3035 1553 3326 1610; x_wconf 89' lang='lat' dir='ltr'><strong>editionem</strong></span> <span class='ocrx_word' id='word_1_180' title='bbox 3357 1557 3522 1626; x_wconf 91' lang='lat' dir='ltr'><strong>recipi</strong></span> <span class='ocrx_word' id='word_1_181' title='bbox 3546 1556 3884 1612; x_wconf 89' lang='lat' dir='ltr'><strong>debuissent.</strong></span> 
     </span>
    </p>
   </div>
   <div class='ocr_carea' id='block_1_14' title="bbox 595 1641 3886 1721">
    <p class='ocr_par' dir='ltr' id='par_1_14' title="bbox 595 1641 3886 1721">
     <span class='ocr_line' id='line_1_14' title="bbox 595 1641 3886 1721; baseline 0.003 -27"><span class='ocrx_word' id='word_1_182' title='bbox 595 1641 804 1695; x_wconf 86' lang='lat' dir='ltr'><strong>l&#39;lacuit</strong></span> <span class='ocrx_word' id='word_1_183' title='bbox 830 1641 1056 1696; x_wconf 90' lang='lat' dir='ltr'><strong>eruditis</strong></span> <span class='ocrx_word' id='word_1_184' title='bbox 1085 1641 1236 1708; x_wconf 91' lang='lat' dir='ltr'><strong>viris,</strong></span> <span class='ocrx_word' id='word_1_185' title='bbox 1261 1658 1394 1712; x_wconf 88' lang='lat' dir='ltr'><strong>quos</strong></span> <span class='ocrx_word' id='word_1_186' title='bbox 1422 1643 1472 1696; x_wconf 92' lang='lat' dir='ltr'><strong>in</strong></span> <span class='ocrx_word' id='word_1_187' title='bbox 1501 1643 1787 1698; x_wconf 89' lang='lat' dir='ltr'><strong>consilium</strong></span> <span class='ocrx_word' id='word_1_188' title='bbox 1806 1642 2182 1709; x_wconf 84' lang='lat' dir='ltr'><strong>adhibuimus,</strong></span> <span class='ocrx_word' id='word_1_189' title='bbox 2211 1652 2269 1698; x_wconf 93' lang='lat' dir='ltr'><strong>ut</strong></span> <span class='ocrx_word' id='word_1_190' title='bbox 2294 1645 2500 1698; x_wconf 91' lang='lat' dir='ltr'><strong>neutris</strong></span> <span class='ocrx_word' id='word_1_191' title='bbox 2524 1643 2703 1699; x_wconf 86' lang='lat' dir='ltr'><strong>aditus</strong></span> <span class='ocrx_word' id='word_1_192' title='bbox 2741 1644 2982 1702; x_wconf 86' lang='lat' dir='ltr'><strong>daretur.</strong></span> <span class='ocrx_word' id='word_1_193' title='bbox 3039 1646 3360 1717; x_wconf 89' lang='lat' dir='ltr'><strong>Cemputum</strong></span> <span class='ocrx_word' id='word_1_194' title='bbox 3410 1649 3690 1720; x_wconf 76' lang='lat' dir='ltr'><strong>paschale,</strong></span> <span class='ocrx_word' id='word_1_195' title='bbox 3743 1647 3886 1721; x_wconf 90' lang='lat' dir='ltr'><strong>quod</strong></span> 
     </span>
    </p>
   </div>
   <div class='ocr_carea' id='block_1_15' title="bbox 596 1732 3902 1809">
    <p class='ocr_par' dir='ltr' id='par_1_15' title="bbox 596 1732 3902 1809">
     <span class='ocr_line' id='line_1_15' title="bbox 596 1732 3902 1809; baseline 0.003 -23"><span class='ocrx_word' id='word_1_196' title='bbox 596 1733 739 1790; x_wconf 90' lang='lat' dir='ltr'><strong>idem</strong></span> <span class='ocrx_word' id='word_1_197' title='bbox 788 1732 1258 1802; x_wconf 83' lang='lat' dir='ltr'><strong>Augliediderant,</strong></span> <span class='ocrx_word' id='word_1_198' title='bbox 1313 1734 1592 1789; x_wconf 89' lang='lat' dir='ltr'><strong>eliminare</strong></span> <span class='ocrx_word' id='word_1_199' title='bbox 1634 1743 1894 1790; x_wconf 87' lang='lat' dir='ltr'><strong>statuerat</strong></span> <span class='ocrx_word' id='word_1_200' title='bbox 1919 1734 2187 1799; x_wconf 84' lang='lat' dir='ltr'><strong>Baluzius;</strong></span> <span class='ocrx_word' id='word_1_201' title='bbox 2219 1744 2273 1790; x_wconf 90' lang='lat' dir='ltr'><strong>ct</strong></span> <span class='ocrx_word' id='word_1_202' title='bbox 2295 1751 2416 1790; x_wconf 89' lang='lat' dir='ltr'><strong>cum</strong></span> <span class='ocrx_word' id='word_1_203' title='bbox 2448 1750 2609 1805; x_wconf 88' lang='lat' dir='ltr'><strong>opera</strong></span> <span class='ocrx_word' id='word_1_204' title='bbox 2641 1734 2910 1807; x_wconf 89' lang='lat' dir='ltr'><strong>Cypriane</strong></span> <span class='ocrx_word' id='word_1_205' title='bbox 2949 1737 3217 1809; x_wconf 84' lang='lat' dir='ltr'><strong>adscripta</strong></span> <span class='ocrx_word' id='word_1_206' title='bbox 3247 1754 3312 1795; x_wconf 82' lang='lat' dir='ltr'><strong>ex</strong></span> <span class='ocrx_word' id='word_1_207' title='bbox 3345 1740 3582 1796; x_wconf 80' lang='lat' dir='ltr'><strong>editioiie</strong></span> <span class='ocrx_word' id='word_1_208' title='bbox 3605 1738 3902 1796; x_wconf 86' lang='lat' dir='ltr'><strong>Oxeniensi</strong></span> 
     </span>
    </p>
   </div>
   <div class='ocr_carea' id='block_1_16' title="bbox 597 1828 3900 1902">
    <p class='ocr_par' dir='ltr' id='par_1_16' title="bbox 597 1828 3900 1902">
     <span class='ocr_line' id='line_1_16' title="bbox 597 1828 3900 1902; baseline 0.001 -21"><span class='ocrx_word' id='word_1_209' title='bbox 597 1830 988 1898; x_wconf 88' lang='lat' dir='ltr'><strong>excerpsisset,</strong></span> <span class='ocrx_word' id='word_1_210' title='bbox 1020 1828 1163 1884; x_wconf 87' lang='lat' dir='ltr'><strong>istud</strong></span> <span class='ocrx_word' id='word_1_211' title='bbox 1204 1829 1270 1885; x_wconf 91' lang='lat' dir='ltr'><strong>de</strong></span> <span class='ocrx_word' id='word_1_212' title='bbox 1294 1829 1556 1885; x_wconf 86' lang='lat' dir='ltr'><strong>industria</strong></span> <span class='ocrx_word' id='word_1_213' title='bbox 1583 1831 1861 1886; x_wconf 89' lang='lat' dir='ltr'><strong>omiserat.</strong></span> <span class='ocrx_word' id='word_1_214' title='bbox 1897 1831 1975 1885; x_wconf 86' lang='lat' dir='ltr'><strong>Eo</strong></span> <span class='ocrx_word' id='word_1_215' title='bbox 2011 1829 2263 1885; x_wconf 87' lang='lat' dir='ltr'><strong>libentius</strong></span> <span class='ocrx_word' id='word_1_216' title='bbox 2293 1828 2435 1884; x_wconf 92' lang='lat' dir='ltr'><strong>illius</strong></span> <span class='ocrx_word' id='word_1_217' title='bbox 2482 1829 2742 1884; x_wconf 83' lang='lat' dir='ltr'><strong>voluntati</strong></span> <span class='ocrx_word' id='word_1_218' title='bbox 2790 1831 3030 1886; x_wconf 89' lang='lat' dir='ltr'><strong>obsecuti</strong></span> <span class='ocrx_word' id='word_1_219' title='bbox 3087 1845 3293 1896; x_wconf 90' lang='lat' dir='ltr'><strong>sumus,</strong></span> <span class='ocrx_word' id='word_1_220' title='bbox 3341 1829 3485 1902; x_wconf 90' lang='lat' dir='ltr'><strong>quod</strong></span> <span class='ocrx_word' id='word_1_221' title='bbox 3536 1831 3627 1886; x_wconf 89' lang='lat' dir='ltr'><strong>hic</strong></span> <span class='ocrx_word' id='word_1_222' title='bbox 3682 1829 3900 1886; x_wconf 88' lang='lat' dir='ltr'><strong>libellus</strong></span> 
     </span>
    </p>
   </div>
   <div class='ocr_carea' id='block_1_17' title="bbox 595 1920 3904 1994">
    <p class='ocr_par' dir='ltr' id='par_1_17' title="bbox 595 1920 3904 1994">
     <span class='ocr_line' id='line_1_17' title="bbox 595 1920 3904 1994; baseline 0.001 -22"><span class='ocrx_word' id='word_1_223' title='bbox 595 1935 697 1975; x_wconf 89' lang='lat' dir='ltr'><strong>nec</strong></span> <span class='ocrx_word' id='word_1_224' title='bbox 723 1920 994 1991; x_wconf 84' lang='lat' dir='ltr'><strong>Cypriane</strong></span> <span class='ocrx_word' id='word_1_225' title='bbox 1018 1920 1175 1976; x_wconf 90' lang='lat' dir='ltr'><strong>tribui</strong></span> <span class='ocrx_word' id='word_1_226' title='bbox 1205 1921 1396 1992; x_wconf 90' lang='lat' dir='ltr'><strong>possit,</strong></span> <span class='ocrx_word' id='word_1_227' title='bbox 1427 1937 1526 1978; x_wconf 92' lang='lat' dir='ltr'><strong>nec</strong></span> <span class='ocrx_word' id='word_1_228' title='bbox 1550 1923 1804 1992; x_wconf 88' lang='lat' dir='ltr'><strong>cuiquam</strong></span> <span class='ocrx_word' id='word_1_229' title='bbox 1848 1921 2002 1978; x_wconf 89' lang='lat' dir='ltr'><strong>valde</strong></span> <span class='ocrx_word' id='word_1_230' title='bbox 2043 1921 2326 1991; x_wconf 88' lang='lat' dir='ltr'><strong>prodesse,</strong></span> <span class='ocrx_word' id='word_1_231' title='bbox 2373 1935 2436 1974; x_wconf 91' lang='lat' dir='ltr'><strong>ac</strong></span> <span class='ocrx_word' id='word_1_232' title='bbox 2461 1930 2723 1992; x_wconf 76' lang='lat' dir='ltr'><strong>prteterea</strong></span> <span class='ocrx_word' id='word_1_233' title='bbox 2769 1923 3041 1977; x_wconf 84' lang='lat' dir='ltr'><strong>variarum</strong></span> <span class='ocrx_word' id='word_1_234' title='bbox 3079 1923 3370 1979; x_wconf 87' lang='lat' dir='ltr'><strong>lectionum</strong></span> <span class='ocrx_word' id='word_1_235' title='bbox 3413 1923 3560 1994; x_wconf 82' lang='lat' dir='ltr'><strong>sylva</strong></span> <span class='ocrx_word' id='word_1_236' title='bbox 3591 1933 3643 1980; x_wconf 93' lang='lat' dir='ltr'><strong>et</strong></span> <span class='ocrx_word' id='word_1_237' title='bbox 3696 1923 3904 1994; x_wconf 83' lang='lat' dir='ltr'><strong>longio-</strong></span> 
     </span>
    </p>
   </div>
   <div class='ocr_carea' id='block_1_18' title="bbox 601 2012 3898 2086">
    <p class='ocr_par' dir='ltr' id='par_1_18' title="bbox 601 2012 3898 2086">
     <span class='ocr_line' id='line_1_18' title="bbox 601 2012 3898 2086; baseline 0 -18"><span class='ocrx_word' id='word_1_238' title='bbox 601 2013 748 2069; x_wconf 86' lang='lat' dir='ltr'><strong>ribus</strong></span> <span class='ocrx_word' id='word_1_239' title='bbox 774 2016 921 2068; x_wconf 91' lang='lat' dir='ltr'><strong>netis</strong></span> <span class='ocrx_word' id='word_1_240' title='bbox 944 2013 1197 2082; x_wconf 81' lang='lat' dir='ltr'><strong>luxuriet,</strong></span> <span class='ocrx_word' id='word_1_241' title='bbox 1226 2029 1344 2084; x_wconf 71' lang='lat' dir='ltr'><strong>qua:</strong></span> <span class='ocrx_word' id='word_1_242' title='bbox 1375 2013 1440 2068; x_wconf 89' lang='lat' dir='ltr'><strong>ad</strong></span> <span class='ocrx_word' id='word_1_243' title='bbox 1470 2013 1769 2069; x_wconf 88' lang='lat' dir='ltr'><strong>institutam</strong></span> <span class='ocrx_word' id='word_1_244' title='bbox 1797 2013 1956 2083; x_wconf 91' lang='lat' dir='ltr'><strong>hujus</strong></span> <span class='ocrx_word' id='word_1_245' title='bbox 1985 2013 2238 2068; x_wconf 89' lang='lat' dir='ltr'><strong>editionis</strong></span> <span class='ocrx_word' id='word_1_246' title='bbox 2265 2013 2527 2068; x_wconf 89' lang='lat' dir='ltr'><strong>rationem</strong></span> <span class='ocrx_word' id='word_1_247' title='bbox 2555 2013 2956 2069; x_wconf 90' lang='lat' dir='ltr'><strong>accommodari</strong></span> <span class='ocrx_word' id='word_1_248' title='bbox 3006 2029 3112 2069; x_wconf 93' lang='lat' dir='ltr'><strong>non</strong></span> <span class='ocrx_word' id='word_1_249' title='bbox 3159 2023 3427 2086; x_wconf 88' lang='lat' dir='ltr'><strong>poterant.</strong></span> <span class='ocrx_word' id='word_1_250' title='bbox 3461 2013 3612 2070; x_wconf 85' lang='lat' dir='ltr'><strong>llaud</strong></span> <span class='ocrx_word' id='word_1_251' title='bbox 3645 2012 3898 2085; x_wconf 88' lang='lat' dir='ltr'><strong>equidem</strong></span> 
     </span>
    </p>
   </div>
   <div class='ocr_carea' id='block_1_19' title="bbox 594 2103 3900 2178">
    <p class='ocr_par' dir='ltr' id='par_1_19' title="bbox 594 2103 3900 2178">
     <span class='ocr_line' id='line_1_19' title="bbox 594 2103 3900 2178; baseline 0.001 -18"><span class='ocrx_word' id='word_1_252' title='bbox 594 2107 991 2161; x_wconf 89' lang='lat' dir='ltr'><strong>numeraverim</strong></span> <span class='ocrx_word' id='word_1_253' title='bbox 1021 2107 1162 2162; x_wconf 89' lang='lat' dir='ltr'><strong>inter</strong></span> <span class='ocrx_word' id='word_1_254' title='bbox 1187 2107 1416 2163; x_wconf 88' lang='lat' dir='ltr'><strong>meliora</strong></span> <span class='ocrx_word' id='word_1_255' title='bbox 1447 2107 1781 2178; x_wconf 87' lang='lat' dir='ltr'><strong>antiquitatis</strong></span> <span class='ocrx_word' id='word_1_256' title='bbox 1809 2116 2158 2160; x_wconf 87' lang='lat' dir='ltr'><strong>monumenta</strong></span> <span class='ocrx_word' id='word_1_257' title='bbox 2184 2103 2601 2161; x_wconf 88' lang='lat' dir='ltr'><strong>Confessionem</strong></span> <span class='ocrx_word' id='word_1_258' title='bbox 2632 2104 2922 2178; x_wconf 88' lang='lat' dir='ltr'><strong>Cypriani,</strong></span> <span class='ocrx_word' id='word_1_259' title='bbox 2970 2123 3128 2178; x_wconf 90' lang='lat' dir='ltr'><strong>quam</strong></span> <span class='ocrx_word' id='word_1_260' title='bbox 3155 2108 3330 2164; x_wconf 90' lang='lat' dir='ltr'><strong>editor</strong></span> <span class='ocrx_word' id='word_1_261' title='bbox 3367 2107 3700 2164; x_wconf 84' lang='lat' dir='ltr'><strong>Oxouicnsis</strong></span> <span class='ocrx_word' id='word_1_262' title='bbox 3737 2108 3900 2164; x_wconf 88' lang='lat' dir='ltr'><strong>latine</strong></span> 
     </span>
    </p>
   </div>
   <div class='ocr_carea' id='block_1_20' title="bbox 592 2199 3898 2273">
    <p class='ocr_par' dir='ltr' id='par_1_20' title="bbox 592 2199 3898 2273">
     <span class='ocr_line' id='line_1_20' title="bbox 592 2199 3898 2273; baseline 0.002 -23"><span class='ocrx_word' id='word_1_263' title='bbox 592 2200 854 2271; x_wconf 81' lang='lat' dir='ltr'><strong>vulgavit;</strong></span> <span class='ocrx_word' id='word_1_264' title='bbox 889 2201 983 2257; x_wconf 91' lang='lat' dir='ltr'><strong>sed</strong></span> <span class='ocrx_word' id='word_1_265' title='bbox 1012 2209 1212 2268; x_wconf 84' lang='lat' dir='ltr'><strong>tamen,</strong></span> <span class='ocrx_word' id='word_1_266' title='bbox 1245 2201 1372 2273; x_wconf 88' lang='lat' dir='ltr'><strong>quia</strong></span> <span class='ocrx_word' id='word_1_267' title='bbox 1403 2216 1523 2257; x_wconf 89' lang='lat' dir='ltr'><strong>eam</strong></span> <span class='ocrx_word' id='word_1_268' title='bbox 1553 2201 1798 2256; x_wconf 82' lang='lat' dir='ltr'><strong>Baluzius</strong></span> <span class='ocrx_word' id='word_1_269' title='bbox 1834 2203 2186 2260; x_wconf 89' lang='lat' dir='ltr'><strong>omittendam</strong></span> <span class='ocrx_word' id='word_1_270' title='bbox 2226 2215 2334 2257; x_wconf 92' lang='lat' dir='ltr'><strong>non</strong></span> <span class='ocrx_word' id='word_1_271' title='bbox 2371 2215 2492 2256; x_wconf 85' lang='lat' dir='ltr'><strong>esse</strong></span> <span class='ocrx_word' id='word_1_272' title='bbox 2527 2201 2816 2272; x_wconf 86' lang='lat' dir='ltr'><strong>judicavit,</strong></span> <span class='ocrx_word' id='word_1_273' title='bbox 2862 2217 2925 2258; x_wconf 86' lang='lat' dir='ltr'><strong>ac</strong></span> <span class='ocrx_word' id='word_1_274' title='bbox 2976 2210 3234 2272; x_wconf 69' lang='lat' dir='ltr'><strong>prmterca</strong></span> <span class='ocrx_word' id='word_1_275' title='bbox 3286 2202 3337 2257; x_wconf 94' lang='lat' dir='ltr'><strong>in</strong></span> <span class='ocrx_word' id='word_1_276' title='bbox 3394 2204 3568 2273; x_wconf 90' lang='lat' dir='ltr'><strong>pretio</strong></span> <span class='ocrx_word' id='word_1_277' title='bbox 3613 2203 3711 2257; x_wconf 84' lang='lat' dir='ltr'><strong>fuit</strong></span> <span class='ocrx_word' id='word_1_278' title='bbox 3759 2199 3898 2272; x_wconf 92' lang='lat' dir='ltr'><strong>apud</strong></span> 
     </span>
    </p>
   </div>
   <div class='ocr_carea' id='block_1_21' title="bbox 595 2289 3900 2368">
    <p class='ocr_par' dir='ltr' id='par_1_21' title="bbox 595 2289 3900 2368">
     <span class='ocr_line' id='line_1_21' title="bbox 595 2289 3900 2368; baseline 0.001 -20"><span class='ocrx_word' id='word_1_279' title='bbox 595 2292 916 2366; x_wconf 75' lang='lat' dir='ltr'><strong>Gregorium</strong></span> <span class='ocrx_word' id='word_1_280' title='bbox 940 2295 1360 2363; x_wconf 86' lang='lat' dir='ltr'><strong>Nazianzenum,</strong></span> <span class='ocrx_word' id='word_1_281' title='bbox 1409 2296 1706 2352; x_wconf 91' lang='lat' dir='ltr'><strong>Eudociam</strong></span> <span class='ocrx_word' id='word_1_282' title='bbox 1750 2307 1806 2354; x_wconf 92' lang='lat' dir='ltr'><strong>et</strong></span> <span class='ocrx_word' id='word_1_283' title='bbox 1857 2297 2141 2360; x_wconf 86' lang='lat' dir='ltr'><strong>Photium,</strong></span> <span class='ocrx_word' id='word_1_284' title='bbox 2196 2313 2316 2352; x_wconf 91' lang='lat' dir='ltr'><strong>non</strong></span> <span class='ocrx_word' id='word_1_285' title='bbox 2342 2289 2504 2354; x_wconf 85' lang='lat' dir='ltr'><strong>modo</strong></span> <span class='ocrx_word' id='word_1_286' title='bbox 2539 2298 2682 2352; x_wconf 90' lang='lat' dir='ltr'><strong>illam</strong></span> <span class='ocrx_word' id='word_1_287' title='bbox 2711 2297 2763 2352; x_wconf 94' lang='lat' dir='ltr'><strong>in</strong></span> <span class='ocrx_word' id='word_1_288' title='bbox 2793 2297 2894 2354; x_wconf 90' lang='lat' dir='ltr'><strong>hac</strong></span> <span class='ocrx_word' id='word_1_289' title='bbox 2922 2297 3158 2354; x_wconf 89' lang='lat' dir='ltr'><strong>editione</strong></span> <span class='ocrx_word' id='word_1_290' title='bbox 3203 2297 3497 2354; x_wconf 89' lang='lat' dir='ltr'><strong>desiderari</strong></span> <span class='ocrx_word' id='word_1_291' title='bbox 3547 2314 3651 2353; x_wconf 90' lang='lat' dir='ltr'><strong>non</strong></span> <span class='ocrx_word' id='word_1_292' title='bbox 3711 2311 3900 2368; x_wconf 83' lang='lat' dir='ltr'><strong>passus</strong></span> 
     </span>
    </p>
   </div>
   <div class='ocr_carea' id='block_1_22' title="bbox 590 2389 3899 2462">
    <p class='ocr_par' dir='ltr' id='par_1_22' title="bbox 590 2389 3899 2462">
     <span class='ocr_line' id='line_1_22' title="bbox 590 2389 3899 2462; baseline 0.001 -20"><span class='ocrx_word' id='word_1_293' title='bbox 590 2401 734 2452; x_wconf 87' lang='lat' dir='ltr'><strong>sum,</strong></span> <span class='ocrx_word' id='word_1_294' title='bbox 771 2389 867 2444; x_wconf 90' lang='lat' dir='ltr'><strong>sed</strong></span> <span class='ocrx_word' id='word_1_295' title='bbox 898 2390 1062 2444; x_wconf 90' lang='lat' dir='ltr'><strong>etiam</strong></span> <span class='ocrx_word' id='word_1_296' title='bbox 1105 2390 1156 2444; x_wconf 92' lang='lat' dir='ltr'><strong>in</strong></span> <span class='ocrx_word' id='word_1_297' title='bbox 1189 2389 1366 2446; x_wconf 91' lang='lat' dir='ltr'><strong>locum</strong></span> <span class='ocrx_word' id='word_1_298' title='bbox 1399 2389 1584 2444; x_wconf 72' lang='lat' dir='ltr'><strong>latina)</strong></span> <span class='ocrx_word' id='word_1_299' title='bbox 1613 2389 2101 2460; x_wconf 84' lang='lat' dir='ltr'><strong>interpretationis,</strong></span> <span class='ocrx_word' id='word_1_300' title='bbox 2140 2405 2306 2461; x_wconf 91' lang='lat' dir='ltr'><strong>quam</strong></span> <span class='ocrx_word' id='word_1_301' title='bbox 2343 2390 2582 2462; x_wconf 91' lang='lat' dir='ltr'><strong>pluribus</strong></span> <span class='ocrx_word' id='word_1_302' title='bbox 2624 2389 2756 2446; x_wconf 91' lang='lat' dir='ltr'><strong>locis</strong></span> <span class='ocrx_word' id='word_1_303' title='bbox 2790 2390 3044 2458; x_wconf 87' lang='lat' dir='ltr'><strong>hiulcam,</strong></span> <span class='ocrx_word' id='word_1_304' title='bbox 3091 2390 3386 2446; x_wconf 88' lang='lat' dir='ltr'><strong>innumeris</strong></span> <span class='ocrx_word' id='word_1_305' title='bbox 3425 2391 3547 2445; x_wconf 91' lang='lat' dir='ltr'><strong>aliis</strong></span> <span class='ocrx_word' id='word_1_306' title='bbox 3590 2399 3899 2460; x_wconf 86' lang='lat' dir='ltr'><strong>corruptam</strong></span> 
     </span>
    </p>
   </div>
   <div class='ocr_carea' id='block_1_23' title="bbox 593 2480 3897 2556">
    <p class='ocr_par' dir='ltr' id='par_1_23' title="bbox 593 2480 3897 2556">
     <span class='ocr_line' id='line_1_23' title="bbox 593 2480 3897 2556; baseline 0.001 -20"><span class='ocrx_word' id='word_1_307' title='bbox 593 2480 751 2551; x_wconf 80' lang='lat' dir='ltr'><strong>Angli</strong></span> <span class='ocrx_word' id='word_1_308' title='bbox 777 2481 1039 2538; x_wconf 85' lang='lat' dir='ltr'><strong>dederant</strong></span> <span class='ocrx_word' id='word_1_309' title='bbox 1060 2524 1075 2550; x_wconf 90' lang='lat'><strong>,</strong></span> <span class='ocrx_word' id='word_1_310' title='bbox 1102 2498 1336 2555; x_wconf 60' lang='lat' dir='ltr'><strong>graecum</strong></span> <span class='ocrx_word' id='word_1_311' title='bbox 1367 2483 1544 2554; x_wconf 88' lang='lat' dir='ltr'><strong>ipsum</strong></span> <span class='ocrx_word' id='word_1_312' title='bbox 1575 2491 1888 2539; x_wconf 79' lang='lat' dir='ltr'><strong>contextum</strong></span> <span class='ocrx_word' id='word_1_313' title='bbox 1919 2498 1982 2539; x_wconf 82' lang='lat' dir='ltr'><strong>ex</strong></span> <span class='ocrx_word' id='word_1_314' title='bbox 2009 2482 2341 2540; x_wconf 87' lang='lat' dir='ltr'><strong>bibliotheca</strong></span> <span class='ocrx_word' id='word_1_315' title='bbox 2375 2483 2722 2538; x_wconf 84' lang='lat' dir='ltr'><strong>illustrissimi</strong></span> <span class='ocrx_word' id='word_1_316' title='bbox 2765 2485 2978 2539; x_wconf 92' lang='lat' dir='ltr'><strong>comitis</strong></span> <span class='ocrx_word' id='word_1_317' title='bbox 3015 2484 3082 2540; x_wconf 91' lang='lat' dir='ltr'><strong>de</strong></span> <span class='ocrx_word' id='word_1_318' title='bbox 3110 2484 3395 2556; x_wconf 83' lang='lat' dir='ltr'><strong>Seignelay</strong></span> <span class='ocrx_word' id='word_1_319' title='bbox 3429 2484 3725 2540; x_wconf 87' lang='lat' dir='ltr'><strong>liberaliter</strong></span> <span class='ocrx_word' id='word_1_320' title='bbox 3765 2497 3897 2554; x_wconf 85' lang='lat' dir='ltr'><strong>sup-</strong></span> 
     </span>
    </p>
   </div>
   <div class='ocr_carea' id='block_1_24' title="bbox 592 2571 3898 2648">
    <p class='ocr_par' dir='ltr' id='par_1_24' title="bbox 592 2571 3898 2648">
     <span class='ocr_line' id='line_1_24' title="bbox 592 2571 3898 2648; baseline 0.001 -21"><span class='ocrx_word' id='word_1_321' title='bbox 592 2571 925 2641; x_wconf 90' lang='lat' dir='ltr'><strong>peditatum,</strong></span> <span class='ocrx_word' id='word_1_322' title='bbox 955 2589 1022 2630; x_wconf 89' lang='lat' dir='ltr'><strong>ac</strong></span> <span class='ocrx_word' id='word_1_323' title='bbox 1046 2590 1244 2630; x_wconf 88' lang='lat' dir='ltr'><strong>novam</strong></span> <span class='ocrx_word' id='word_1_324' title='bbox 1274 2575 1784 2646; x_wconf 86' lang='lat' dir='ltr'><strong>interpretationem</strong></span> <span class='ocrx_word' id='word_1_325' title='bbox 1815 2575 2143 2631; x_wconf 90' lang='lat' dir='ltr'><strong>substituere</strong></span> <span class='ocrx_word' id='word_1_326' title='bbox 2183 2591 2288 2632; x_wconf 90' lang='lat' dir='ltr'><strong>non</strong></span> <span class='ocrx_word' id='word_1_327' title='bbox 2333 2575 2592 2631; x_wconf 88' lang='lat' dir='ltr'><strong>dubitavi.</strong></span> <span class='ocrx_word' id='word_1_328' title='bbox 2637 2576 2836 2648; x_wconf 90' lang='lat' dir='ltr'><strong>Spuria</strong></span> <span class='ocrx_word' id='word_1_329' title='bbox 2867 2593 3029 2647; x_wconf 89' lang='lat' dir='ltr'><strong>opera</strong></span> <span class='ocrx_word' id='word_1_330' title='bbox 3071 2578 3148 2632; x_wconf 91' lang='lat' dir='ltr'><strong>sic</strong></span> <span class='ocrx_word' id='word_1_331' title='bbox 3187 2577 3348 2632; x_wconf 88' lang='lat' dir='ltr'><strong>edere</strong></span> <span class='ocrx_word' id='word_1_332' title='bbox 3389 2577 3697 2632; x_wconf 89' lang='lat' dir='ltr'><strong>instituerat</strong></span> <span class='ocrx_word' id='word_1_333' title='bbox 3735 2576 3898 2632; x_wconf 88' lang='lat' dir='ltr'><strong>Balu-</strong></span> 
     </span>
    </p>
   </div>
   <div class='ocr_carea' id='block_1_25' title="bbox 590 2666 3895 2742">
    <p class='ocr_par' dir='ltr' id='par_1_25' title="bbox 590 2666 3895 2742">
     <span class='ocr_line' id='line_1_25' title="bbox 590 2666 3895 2742; baseline 0.001 -22"><span class='ocrx_word' id='word_1_334' title='bbox 590 2666 738 2733; x_wconf 81' lang='lat' dir='ltr'><strong>zius,</strong></span> <span class='ocrx_word' id='word_1_335' title='bbox 798 2679 855 2722; x_wconf 90' lang='lat' dir='ltr'><strong>ut</strong></span> <span class='ocrx_word' id='word_1_336' title='bbox 895 2667 1163 2724; x_wconf 84' lang='lat' dir='ltr'><strong>habentur</strong></span> <span class='ocrx_word' id='word_1_337' title='bbox 1203 2671 1256 2723; x_wconf 93' lang='lat' dir='ltr'><strong>in</strong></span> <span class='ocrx_word' id='word_1_338' title='bbox 1299 2666 1590 2723; x_wconf 84' lang='lat' dir='ltr'><strong>Oxeuiensi</strong></span> <span class='ocrx_word' id='word_1_339' title='bbox 1642 2667 1915 2724; x_wconf 90' lang='lat' dir='ltr'><strong>editione:</strong></span> <span class='ocrx_word' id='word_1_340' title='bbox 1967 2667 2018 2722; x_wconf 93' lang='lat' dir='ltr'><strong>id</strong></span> <span class='ocrx_word' id='word_1_341' title='bbox 2066 2667 2210 2739; x_wconf 91' lang='lat' dir='ltr'><strong>quod</strong></span> <span class='ocrx_word' id='word_1_342' title='bbox 2263 2668 2493 2738; x_wconf 89' lang='lat' dir='ltr'><strong>perspici</strong></span> <span class='ocrx_word' id='word_1_343' title='bbox 2538 2677 2716 2738; x_wconf 91' lang='lat' dir='ltr'><strong>potest</strong></span> <span class='ocrx_word' id='word_1_344' title='bbox 2759 2685 2824 2724; x_wconf 90' lang='lat' dir='ltr'><strong>ex</strong></span> <span class='ocrx_word' id='word_1_345' title='bbox 2871 2669 2954 2724; x_wconf 92' lang='lat' dir='ltr'><strong>his</strong></span> <span class='ocrx_word' id='word_1_346' title='bbox 2995 2685 3114 2739; x_wconf 74' lang='lat' dir='ltr'><strong>qua:</strong></span> <span class='ocrx_word' id='word_1_347' title='bbox 3145 2671 3318 2742; x_wconf 88' lang='lat' dir='ltr'><strong>typis,</strong></span> <span class='ocrx_word' id='word_1_348' title='bbox 3351 2683 3418 2725; x_wconf 91' lang='lat' dir='ltr'><strong>eo</strong></span> <span class='ocrx_word' id='word_1_349' title='bbox 3447 2668 3622 2724; x_wconf 88' lang='lat' dir='ltr'><strong>adlute</strong></span> <span class='ocrx_word' id='word_1_350' title='bbox 3648 2669 3895 2737; x_wconf 85' lang='lat' dir='ltr'><strong>vivente,</strong></span> 
     </span>
    </p>
   </div>
   <div class='ocr_carea' id='block_1_26' title="bbox 592 2759 3896 2834">
    <p class='ocr_par' dir='ltr' id='par_1_26' title="bbox 592 2759 3896 2834">
     <span class='ocr_line' id='line_1_26' title="bbox 592 2759 3896 2834; baseline 0.001 -21"><span class='ocrx_word' id='word_1_351' title='bbox 592 2759 848 2815; x_wconf 89' lang='lat' dir='ltr'><strong>mandata</strong></span> <span class='ocrx_word' id='word_1_352' title='bbox 871 2759 1128 2817; x_wconf 86' lang='lat' dir='ltr'><strong>diximus.</strong></span> <span class='ocrx_word' id='word_1_353' title='bbox 1155 2759 1296 2830; x_wconf 90' lang='lat' dir='ltr'><strong>Sed,</strong></span> <span class='ocrx_word' id='word_1_354' title='bbox 1340 2775 1460 2816; x_wconf 91' lang='lat' dir='ltr'><strong>cum</strong></span> <span class='ocrx_word' id='word_1_355' title='bbox 1487 2760 1728 2817; x_wconf 88' lang='lat' dir='ltr'><strong>viderem</strong></span> <span class='ocrx_word' id='word_1_356' title='bbox 1772 2776 1835 2816; x_wconf 83' lang='lat' dir='ltr'><strong>ex</strong></span> <span class='ocrx_word' id='word_1_357' title='bbox 1865 2760 1949 2816; x_wconf 91' lang='lat' dir='ltr'><strong>his</strong></span> <span class='ocrx_word' id='word_1_358' title='bbox 1979 2761 2348 2816; x_wconf 84' lang='lat' dir='ltr'><strong>monumentis</strong></span> <span class='ocrx_word' id='word_1_359' title='bbox 2374 2761 2626 2816; x_wconf 90' lang='lat' dir='ltr'><strong>nonnulla</strong></span> <span class='ocrx_word' id='word_1_360' title='bbox 2656 2776 2780 2818; x_wconf 91' lang='lat' dir='ltr'><strong>esse</strong></span> <span class='ocrx_word' id='word_1_361' title='bbox 2805 2762 2983 2832; x_wconf 86' lang='lat' dir='ltr'><strong>magni</strong></span> <span class='ocrx_word' id='word_1_362' title='bbox 3016 2763 3196 2834; x_wconf 89' lang='lat' dir='ltr'><strong>pretii,</strong></span> <span class='ocrx_word' id='word_1_363' title='bbox 3227 2778 3398 2834; x_wconf 86' lang='lat' dir='ltr'><strong>eaque</strong></span> <span class='ocrx_word' id='word_1_364' title='bbox 3429 2777 3536 2834; x_wconf 91' lang='lat' dir='ltr'><strong>quo</strong></span> <span class='ocrx_word' id='word_1_365' title='bbox 3557 2763 3752 2834; x_wconf 67' lang='lat' dir='ltr'><strong>saapius</strong></span> <span class='ocrx_word' id='word_1_366' title='bbox 3775 2777 3896 2818; x_wconf 92' lang='lat' dir='ltr'><strong>cum</strong></span> 
     </span>
    </p>
   </div>
   <div class='ocr_carea' id='block_1_27' title="bbox 590 2853 3895 2927">
    <p class='ocr_par' dir='ltr' id='par_1_27' title="bbox 590 2853 3895 2927">
     <span class='ocr_line' id='line_1_27' title="bbox 590 2853 3895 2927; baseline -0 -17"><span class='ocrx_word' id='word_1_367' title='bbox 590 2853 867 2926; x_wconf 85' lang='lat' dir='ltr'><strong>Cypriane</strong></span> <span class='ocrx_word' id='word_1_368' title='bbox 888 2854 1028 2910; x_wconf 90' lang='lat' dir='ltr'><strong>edita</strong></span> <span class='ocrx_word' id='word_1_369' title='bbox 1053 2853 1298 2922; x_wconf 82' lang='lat' dir='ltr'><strong>fuerant,</strong></span> <span class='ocrx_word' id='word_1_370' title='bbox 1337 2869 1404 2910; x_wconf 91' lang='lat' dir='ltr'><strong>eo</strong></span> <span class='ocrx_word' id='word_1_371' title='bbox 1433 2854 1616 2925; x_wconf 89' lang='lat' dir='ltr'><strong>plures</strong></span> <span class='ocrx_word' id='word_1_372' title='bbox 1642 2868 1826 2911; x_wconf 62' lang='lat' dir='ltr'><strong>naevos</strong></span> <span class='ocrx_word' id='word_1_373' title='bbox 1857 2854 2116 2921; x_wconf 79' lang='lat' dir='ltr'><strong>traxisse,</strong></span> <span class='ocrx_word' id='word_1_374' title='bbox 2153 2861 2396 2910; x_wconf 90' lang='lat' dir='ltr'><strong>vetustas</strong></span> <span class='ocrx_word' id='word_1_375' title='bbox 2433 2854 2704 2910; x_wconf 84' lang='lat' dir='ltr'><strong>editiones</strong></span> <span class='ocrx_word' id='word_1_376' title='bbox 2744 2863 2801 2910; x_wconf 92' lang='lat' dir='ltr'><strong>et</strong></span> <span class='ocrx_word' id='word_1_377' title='bbox 2841 2857 3091 2926; x_wconf 89' lang='lat' dir='ltr'><strong>antiquos</strong></span> <span class='ocrx_word' id='word_1_378' title='bbox 3136 2855 3351 2912; x_wconf 87' lang='lat' dir='ltr'><strong>codices</strong></span> <span class='ocrx_word' id='word_1_379' title='bbox 3393 2871 3522 2911; x_wconf 87' lang='lat' dir='ltr'><strong>mss.</strong></span> <span class='ocrx_word' id='word_1_380' title='bbox 3556 2863 3818 2927; x_wconf 90' lang='lat' dir='ltr'><strong>quotquot</strong></span> <span class='ocrx_word' id='word_1_381' title='bbox 3845 2855 3895 2910; x_wconf 92' lang='lat' dir='ltr'><strong>in</strong></span> 
     </span>
    </p>
   </div>
   <div class='ocr_carea' id='block_1_28' title="bbox 586 2944 3900 3019">
    <p class='ocr_par' dir='ltr' id='par_1_28' title="bbox 586 2944 3900 3019">
     <span class='ocr_line' id='line_1_28' title="bbox 586 2944 3900 3019; baseline 0.002 -21"><span class='ocrx_word' id='word_1_382' title='bbox 586 2945 690 3001; x_wconf 91' lang='lat' dir='ltr'><strong>hac</strong></span> <span class='ocrx_word' id='word_1_383' title='bbox 717 2945 852 3001; x_wconf 89' lang='lat' dir='ltr'><strong>urbe</strong></span> <span class='ocrx_word' id='word_1_384' title='bbox 873 2945 1108 3016; x_wconf 90' lang='lat' dir='ltr'><strong>reperiri</strong></span> <span class='ocrx_word' id='word_1_385' title='bbox 1136 2952 1428 3014; x_wconf 89' lang='lat' dir='ltr'><strong>potuerunt</strong></span> <span class='ocrx_word' id='word_1_386' title='bbox 1447 2987 1464 3012; x_wconf 95' lang='lat'><strong>,</strong></span> <span class='ocrx_word' id='word_1_387' title='bbox 1513 2945 1564 3001; x_wconf 91' lang='lat' dir='ltr'><strong>in</strong></span> <span class='ocrx_word' id='word_1_388' title='bbox 1607 2945 1904 3001; x_wconf 89' lang='lat' dir='ltr'><strong>subsidium</strong></span> <span class='ocrx_word' id='word_1_389' title='bbox 1950 2944 2136 3000; x_wconf 86' lang='lat' dir='ltr'><strong>vocavi</strong></span> <span class='ocrx_word' id='word_1_390' title='bbox 2157 2987 2172 3011; x_wconf 94' lang='lat'><strong>,</strong></span> <span class='ocrx_word' id='word_1_391' title='bbox 2203 2961 2499 3017; x_wconf 89' lang='lat' dir='ltr'><strong>eorumque</strong></span> <span class='ocrx_word' id='word_1_392' title='bbox 2525 2962 2629 3018; x_wconf 91' lang='lat' dir='ltr'><strong>ope</strong></span> <span class='ocrx_word' id='word_1_393' title='bbox 2679 2956 2736 3003; x_wconf 80' lang='lat' dir='ltr'><strong>et</strong></span> <span class='ocrx_word' id='word_1_394' title='bbox 2757 2947 3012 3018; x_wconf 66' lang='lat' dir='ltr'><strong>prsesidio</strong></span> <span class='ocrx_word' id='word_1_395' title='bbox 3044 2949 3269 3019; x_wconf 89' lang='lat' dir='ltr'><strong>plurima</strong></span> <span class='ocrx_word' id='word_1_396' title='bbox 3310 2947 3570 3019; x_wconf 73' lang='lat' dir='ltr'><strong>majorem</strong></span> <span class='ocrx_word' id='word_1_397' title='bbox 3599 2949 3652 3004; x_wconf 93' lang='lat' dir='ltr'><strong>in</strong></span> <span class='ocrx_word' id='word_1_398' title='bbox 3681 2948 3900 3004; x_wconf 91' lang='lat' dir='ltr'><strong>modum</strong></span> 
     </span>
    </p>
   </div>
   <div class='ocr_carea' id='block_1_29' title="bbox 588 3037 3900 3113">
    <p class='ocr_par' dir='ltr' id='par_1_29' title="bbox 588 3037 3900 3113">
     <span class='ocr_line' id='line_1_29' title="bbox 588 3037 3900 3113; baseline 0.001 -21"><span class='ocrx_word' id='word_1_399' title='bbox 588 3037 882 3095; x_wconf 85' lang='lat' dir='ltr'><strong>deformata</strong></span> <span class='ocrx_word' id='word_1_400' title='bbox 907 3079 922 3103; x_wconf 94' lang='lat'><strong>,</strong></span> <span class='ocrx_word' id='word_1_401' title='bbox 951 3040 1251 3109; x_wconf 70' lang='lat' dir='ltr'><strong>prazscrtim</strong></span> <span class='ocrx_word' id='word_1_402' title='bbox 1280 3041 1333 3094; x_wconf 90' lang='lat' dir='ltr'><strong>in</strong></span> <span class='ocrx_word' id='word_1_403' title='bbox 1361 3040 1498 3094; x_wconf 91' lang='lat' dir='ltr'><strong>libro</strong></span> <span class='ocrx_word' id='word_1_404' title='bbox 1526 3039 1590 3093; x_wconf 84' lang='lat' dir='ltr'><strong>de</strong></span> <span class='ocrx_word' id='word_1_405' title='bbox 1615 3039 1995 3110; x_wconf 86' lang='lat' dir='ltr'><strong>Singularitate</strong></span> <span class='ocrx_word' id='word_1_406' title='bbox 2021 3039 2358 3104; x_wconf 83' lang='lat' dir='ltr'><strong>clericorum,</strong></span> <span class='ocrx_word' id='word_1_407' title='bbox 2391 3037 2729 3109; x_wconf 76' lang='lat' dir='ltr'><strong>Expositione</strong></span> <span class='ocrx_word' id='word_1_408' title='bbox 2756 3039 3007 3110; x_wconf 82' lang='lat' dir='ltr'><strong>symboli,</strong></span> <span class='ocrx_word' id='word_1_409' title='bbox 3038 3053 3086 3098; x_wconf 91' lang='lat' dir='ltr'><strong>et</strong></span> <span class='ocrx_word' id='word_1_410' title='bbox 3121 3041 3357 3113; x_wconf 88' lang='lat' dir='ltr'><strong>Epistola</strong></span> <span class='ocrx_word' id='word_1_411' title='bbox 3385 3041 3528 3096; x_wconf 89' lang='lat' dir='ltr'><strong>Celsi</strong></span> <span class='ocrx_word' id='word_1_412' title='bbox 3548 3042 3616 3095; x_wconf 81' lang='lat' dir='ltr'><strong>ad</strong></span> <span class='ocrx_word' id='word_1_413' title='bbox 3651 3039 3900 3112; x_wconf 80' lang='lat' dir='ltr'><strong>Vigilium</strong></span> 
     </span>
    </p>
   </div>
   <div class='ocr_carea' id='block_1_30' title="bbox 586 3118 3899 3202">
    <p class='ocr_par' dir='ltr' id='par_1_30' title="bbox 586 3118 3899 3202">
     <span class='ocr_line' id='line_1_30' title="bbox 586 3118 3899 3202; baseline 0.002 -20"><span class='ocrx_word' id='word_1_414' title='bbox 586 3128 642 3182; x_wconf 91' lang='lat' dir='ltr'><strong>in</strong></span> <span class='ocrx_word' id='word_1_415' title='bbox 667 3129 946 3196; x_wconf 90' lang='lat' dir='ltr'><strong>pristinum</strong></span> <span class='ocrx_word' id='word_1_416' title='bbox 970 3131 1198 3186; x_wconf 91' lang='lat' dir='ltr'><strong>nitorem</strong></span> <span class='ocrx_word' id='word_1_417' title='bbox 1235 3131 1466 3186; x_wconf 82' lang='lat' dir='ltr'><strong>restitui.</strong></span> <span class='ocrx_word' id='word_1_418' title='bbox 1499 3128 1559 3185; x_wconf 84' lang='lat' dir='ltr'><strong>In</strong></span> <span class='ocrx_word' id='word_1_419' title='bbox 1603 3130 1707 3187; x_wconf 90' lang='lat' dir='ltr'><strong>bec</strong></span> <span class='ocrx_word' id='word_1_420' title='bbox 1729 3131 1892 3186; x_wconf 89' lang='lat' dir='ltr'><strong>etiam</strong></span> <span class='ocrx_word' id='word_1_421' title='bbox 1939 3129 2141 3185; x_wconf 86' lang='lat' dir='ltr'><strong>Baluzii</strong></span> <span class='ocrx_word' id='word_1_422' title='bbox 2177 3131 2400 3201; x_wconf 87' lang='lat' dir='ltr'><strong>vestigia</strong></span> <span class='ocrx_word' id='word_1_423' title='bbox 2441 3146 2688 3202; x_wconf 85' lang='lat' dir='ltr'><strong>premere</strong></span> <span class='ocrx_word' id='word_1_424' title='bbox 2734 3147 2841 3186; x_wconf 90' lang='lat' dir='ltr'><strong>neu</strong></span> <span class='ocrx_word' id='word_1_425' title='bbox 2892 3133 3071 3202; x_wconf 90' lang='lat' dir='ltr'><strong>potui,</strong></span> <span class='ocrx_word' id='word_1_426' title='bbox 3112 3133 3254 3202; x_wconf 89' lang='lat' dir='ltr'><strong>quod</strong></span> <span class='ocrx_word' id='word_1_427' title='bbox 3291 3148 3412 3188; x_wconf 89' lang='lat' dir='ltr'><strong>cum</strong></span> <span class='ocrx_word' id='word_1_428' title='bbox 3451 3149 3576 3189; x_wconf 90' lang='lat' dir='ltr'><strong>suas</strong></span> <span class='ocrx_word' id='word_1_429' title='bbox 3617 3133 3705 3188; x_wconf 92' lang='lat' dir='ltr'><strong>ille</strong></span> <span class='ocrx_word' id='word_1_430' title='bbox 3745 3118 3899 3188; x_wconf 77' lang='lat' dir='ltr'><strong>notas</strong></span> 
     </span>
    </p>
   </div>
   <div class='ocr_carea' id='block_1_31' title="bbox 589 3222 3899 3294">
    <p class='ocr_par' dir='ltr' id='par_1_31' title="bbox 589 3222 3899 3294">
     <span class='ocr_line' id='line_1_31' title="bbox 589 3222 3899 3294; baseline 0.002 -20"><span class='ocrx_word' id='word_1_431' title='bbox 589 3231 714 3289; x_wconf 84' lang='lat' dir='ltr'><strong>post</strong></span> <span class='ocrx_word' id='word_1_432' title='bbox 737 3231 1046 3277; x_wconf 90' lang='lat' dir='ltr'><strong>contextum</strong></span> <span class='ocrx_word' id='word_1_433' title='bbox 1076 3223 1381 3292; x_wconf 88' lang='lat' dir='ltr'><strong>rejeclsset,</strong></span> <span class='ocrx_word' id='word_1_434' title='bbox 1409 3239 1510 3294; x_wconf 87' lang='lat' dir='ltr'><strong>ego</strong></span> <span class='ocrx_word' id='word_1_435' title='bbox 1533 3223 1709 3278; x_wconf 88' lang='lat' dir='ltr'><strong>varias</strong></span> <span class='ocrx_word' id='word_1_436' title='bbox 1739 3223 2002 3278; x_wconf 89' lang='lat' dir='ltr'><strong>lectiones</strong></span> <span class='ocrx_word' id='word_1_437' title='bbox 2045 3222 2270 3294; x_wconf 78' lang='lat' dir='ltr'><strong>margini</strong></span> <span class='ocrx_word' id='word_1_438' title='bbox 2310 3223 2672 3292; x_wconf 90' lang='lat' dir='ltr'><strong>appesuerim.</strong></span> <span class='ocrx_word' id='word_1_439' title='bbox 2719 3223 2826 3279; x_wconf 90' lang='lat' dir='ltr'><strong>Sed</strong></span> <span class='ocrx_word' id='word_1_440' title='bbox 2867 3240 2967 3281; x_wconf 91' lang='lat' dir='ltr'><strong>nec</strong></span> <span class='ocrx_word' id='word_1_441' title='bbox 3008 3224 3230 3281; x_wconf 87' lang='lat' dir='ltr'><strong>Baluzie</strong></span> <span class='ocrx_word' id='word_1_442' title='bbox 3268 3226 3409 3280; x_wconf 91' lang='lat' dir='ltr'><strong>netis</strong></span> <span class='ocrx_word' id='word_1_443' title='bbox 3454 3225 3718 3282; x_wconf 90' lang='lat' dir='ltr'><strong>interdum</strong></span> <span class='ocrx_word' id='word_1_444' title='bbox 3763 3227 3899 3281; x_wconf 82' lang='lat' dir='ltr'><strong>ube-</strong></span> 
     </span>
    </p>
   </div>
   <div class='ocr_carea' id='block_1_32' title="bbox 590 3314 3898 3396">
    <p class='ocr_par' dir='ltr' id='par_1_32' title="bbox 590 3314 3898 3396">
     <span class='ocr_line' id='line_1_32' title="bbox 590 3314 3898 3396; baseline 0.002 -27"><span class='ocrx_word' id='word_1_445' title='bbox 590 3314 829 3370; x_wconf 87' lang='lat' dir='ltr'><strong>rierihus</strong></span> <span class='ocrx_word' id='word_1_446' title='bbox 859 3315 1188 3386; x_wconf 87' lang='lat' dir='ltr'><strong>indulgenti,</strong></span> <span class='ocrx_word' id='word_1_447' title='bbox 1223 3331 1322 3373; x_wconf 89' lang='lat' dir='ltr'><strong>nec</strong></span> <span class='ocrx_word' id='word_1_448' title='bbox 1349 3317 1482 3371; x_wconf 90' lang='lat' dir='ltr'><strong>mihi</strong></span> <span class='ocrx_word' id='word_1_449' title='bbox 1516 3317 1570 3372; x_wconf 89' lang='lat' dir='ltr'><strong>in</strong></span> <span class='ocrx_word' id='word_1_450' title='bbox 1605 3317 1721 3373; x_wconf 89' lang='lat' dir='ltr'><strong>sola</strong></span> <span class='ocrx_word' id='word_1_451' title='bbox 1753 3327 2042 3396; x_wconf 78' lang='lat' dir='ltr'><strong>contextus</strong></span> <span class='ocrx_word' id='word_1_452' title='bbox 2065 3315 2450 3372; x_wconf 88' lang='lat' dir='ltr'><strong>emendatione</strong></span> <span class='ocrx_word' id='word_1_453' title='bbox 2480 3317 2785 3371; x_wconf 91' lang='lat' dir='ltr'><strong>immoranti</strong></span> <span class='ocrx_word' id='word_1_454' title='bbox 2811 3317 2970 3373; x_wconf 89' lang='lat' dir='ltr'><strong>aliter</strong></span> <span class='ocrx_word' id='word_1_455' title='bbox 2997 3318 3176 3374; x_wconf 86' lang='lat' dir='ltr'><strong>facere</strong></span> <span class='ocrx_word' id='word_1_456' title='bbox 3207 3319 3471 3389; x_wconf 86' lang='lat' dir='ltr'><strong>integrum</strong></span> <span class='ocrx_word' id='word_1_457' title='bbox 3496 3317 3614 3374; x_wconf 87' lang='lat' dir='ltr'><strong>fttit.</strong></span> <span class='ocrx_word' id='word_1_458' title='bbox 3649 3318 3728 3374; x_wconf 85' lang='lat' dir='ltr'><strong>Ad</strong></span> <span class='ocrx_word' id='word_1_459' title='bbox 3763 3318 3898 3375; x_wconf 91' lang='lat' dir='ltr'><strong>hanc</strong></span> 
     </span>
    </p>
   </div>
   <div class='ocr_carea' id='block_1_33' title="bbox 584 3409 3898 3486">
    <p class='ocr_par' dir='ltr' id='par_1_33' title="bbox 584 3409 3898 3486">
     <span class='ocr_line' id='line_1_33' title="bbox 584 3409 3898 3486; baseline 0 -18"><span class='ocrx_word' id='word_1_460' title='bbox 584 3411 907 3468; x_wconf 86' lang='lat' dir='ltr'><strong>emendandi</strong></span> <span class='ocrx_word' id='word_1_461' title='bbox 936 3420 1224 3468; x_wconf 88' lang='lat' dir='ltr'><strong>contextus</strong></span> <span class='ocrx_word' id='word_1_462' title='bbox 1262 3427 1484 3483; x_wconf 89' lang='lat' dir='ltr'><strong>operam</strong></span> <span class='ocrx_word' id='word_1_463' title='bbox 1523 3411 1628 3468; x_wconf 91' lang='lat' dir='ltr'><strong>alia</strong></span> <span class='ocrx_word' id='word_1_464' title='bbox 1665 3413 1929 3478; x_wconf 89' lang='lat' dir='ltr'><strong>accessit,</strong></span> <span class='ocrx_word' id='word_1_465' title='bbox 1960 3427 2121 3483; x_wconf 89' lang='lat' dir='ltr'><strong>quam</strong></span> <span class='ocrx_word' id='word_1_466' title='bbox 2148 3426 2247 3482; x_wconf 92' lang='lat' dir='ltr'><strong>pro</strong></span> <span class='ocrx_word' id='word_1_467' title='bbox 2287 3409 2558 3466; x_wconf 77' lang='lat' dir='ltr'><strong>facultatis</strong></span> <span class='ocrx_word' id='word_1_468' title='bbox 2602 3409 3013 3481; x_wconf 87' lang='lat' dir='ltr'><strong>mediocritate,</strong></span> <span class='ocrx_word' id='word_1_469' title='bbox 3056 3411 3109 3467; x_wconf 91' lang='lat' dir='ltr'><strong>in</strong></span> <span class='ocrx_word' id='word_1_470' title='bbox 3149 3411 3489 3482; x_wconf 83' lang='lat' dir='ltr'><strong>explananda</strong></span> <span class='ocrx_word' id='word_1_471' title='bbox 3534 3414 3591 3470; x_wconf 89' lang='lat' dir='ltr'><strong>S.</strong></span> <span class='ocrx_word' id='word_1_472' title='bbox 3643 3411 3898 3486; x_wconf 88' lang='lat' dir='ltr'><strong>Cypriani</strong></span> 
     </span>
    </p>
   </div>
   <div class='ocr_carea' id='block_1_34' title="bbox 586 3496 3496 3578">
    <p class='ocr_par' dir='ltr' id='par_1_34' title="bbox 586 3496 3496 3578">
     <span class='ocr_line' id='line_1_34' title="bbox 586 3496 3496 3578; baseline -0.002 -18"><span class='ocrx_word' id='word_1_473' title='bbox 586 3505 856 3575; x_wconf 84' lang='lat' dir='ltr'><strong>doctrina,</strong></span> <span class='ocrx_word' id='word_1_474' title='bbox 884 3505 936 3561; x_wconf 92' lang='lat' dir='ltr'><strong>iu</strong></span> <span class='ocrx_word' id='word_1_475' title='bbox 961 3505 1123 3562; x_wconf 89' lang='lat' dir='ltr'><strong>rebus</strong></span> <span class='ocrx_word' id='word_1_476' title='bbox 1142 3504 1286 3561; x_wconf 90' lang='lat' dir='ltr'><strong>illius</strong></span> <span class='ocrx_word' id='word_1_477' title='bbox 1307 3505 1472 3578; x_wconf 78' lang='lat' dir='ltr'><strong>gestis</strong></span> <span class='ocrx_word' id='word_1_478' title='bbox 1497 3505 1566 3562; x_wconf 91' lang='lat' dir='ltr'><strong>ad</strong></span> <span class='ocrx_word' id='word_1_479' title='bbox 1591 3504 1791 3562; x_wconf 76' lang='lat' dir='ltr'><strong>criticae</strong></span> <span class='ocrx_word' id='word_1_480' title='bbox 1821 3519 2064 3561; x_wconf 87' lang='lat' dir='ltr'><strong>normam</strong></span> <span class='ocrx_word' id='word_1_481' title='bbox 2094 3501 2482 3574; x_wconf 85' lang='lat' dir='ltr'><strong>expcndendis,</strong></span> <span class='ocrx_word' id='word_1_482' title='bbox 2513 3501 2846 3558; x_wconf 87' lang='lat' dir='ltr'><strong>uavavimus.</strong></span> <span class='ocrx_word' id='word_1_483' title='bbox 3397 3563 3404 3568; x_wconf 37' lang='grc' dir='ltr'>η</span> <span class='ocrx_word' id='word_1_484' title='bbox 3491 3496 3496 3501; x_wconf 81' lang='grc'><strong>’</strong></span> 
     </span>
    </p>
   </div>
   <div class='ocr_carea' id='block_1_35' title="bbox 1302 3665 2961 3724">
    <p class='ocr_par' dir='ltr' id='par_1_35' title="bbox 1302 3665 2937 3723">
     <span class='ocr_line' id='line_1_35' title="bbox 1302 3665 2937 3723; baseline -0.001 -2"><span class='ocrx_word' id='word_1_485' title='bbox 1302 3665 1342 3721; x_wconf 76' lang='grc' dir='ltr'><strong>Ι.</strong></span> <span class='ocrx_word' id='word_1_486' title='bbox 1370 3697 1442 3709; x_wconf 89' lang='grc'><strong>··-·</strong></span> <span class='ocrx_word' id='word_1_487' title='bbox 1459 3679 1698 3722; x_wconf 71' lang='grc' dir='ltr'><strong>(ιγιίιιΔΝι</strong></span> <span class='ocrx_word' id='word_1_488' title='bbox 1721 3679 2018 3723; x_wconf 70' lang='lat' dir='ltr'><strong>SENTENTIA</strong></span> <span class='ocrx_word' id='word_1_489' title='bbox 2037 3680 2106 3722; x_wconf 84' lang='lat' dir='ltr'><strong>DE</strong></span> <span class='ocrx_word' id='word_1_490' title='bbox 2137 3678 2365 3722; x_wconf 72' lang='lat' dir='ltr'><strong>UNITATE</strong></span> <span class='ocrx_word' id='word_1_491' title='bbox 2387 3678 2455 3720; x_wconf 86' lang='lat' dir='ltr'><strong>ET</strong></span> <span class='ocrx_word' id='word_1_492' title='bbox 2477 3673 2937 3720; x_wconf 70' lang='lat' dir='ltr'><strong>lNFALLIBlLlTATl-I</strong></span> 
     </span>
    </p>
   </div>
   <div class='ocr_carea' id='block_1_36' title="bbox 1597 3665 3256 3724">
    <p class='ocr_par' dir='ltr' id='par_1_36' title="bbox 1597 3673 3256 3724">
     <span class='ocr_line' id='line_1_36' title="bbox 1597 3673 3256 3724; baseline 0 -2"><span class='ocrx_word' id='word_1_493' title='bbox 1597 3681 1698 3722; x_wconf 71' lang='lat' dir='ltr'><strong>IAN!</strong></span> <span class='ocrx_word' id='word_1_494' title='bbox 1721 3679 2018 3723; x_wconf 71' lang='lat' dir='ltr'><strong>SENTENTIA</strong></span> <span class='ocrx_word' id='word_1_495' title='bbox 2037 3680 2106 3722; x_wconf 84' lang='lat' dir='ltr'><strong>DE</strong></span> <span class='ocrx_word' id='word_1_496' title='bbox 2137 3678 2365 3722; x_wconf 71' lang='grc' dir='ltr'><strong>υΝΙΤΔΤΕ</strong></span> <span class='ocrx_word' id='word_1_497' title='bbox 2387 3678 2455 3720; x_wconf 86' lang='lat' dir='ltr'><strong>ET</strong></span> <span class='ocrx_word' id='word_1_498' title='bbox 2477 3673 2937 3720; x_wconf 70' lang='lat' dir='ltr'><strong>lNFALLIBlLlTATI-Z</strong></span> <span class='ocrx_word' id='word_1_499' title='bbox 2965 3679 3256 3724; x_wconf 60' lang='lat' dir='ltr'><strong>ECCLESIE.</strong></span> 
     </span>
    </p>
   </div>
   <div class='ocr_carea' id='block_1_37' title="bbox 588 3839 3891 3918">
    <p class='ocr_par' dir='ltr' id='par_1_37' title="bbox 588 3839 3891 3918">
     <span class='ocr_line' id='line_1_37' title="bbox 588 3839 3891 3918; baseline 0.001 -18"><span class='ocrx_word' id='word_1_500' title='bbox 588 3839 598 3866; x_wconf 84' lang='lat'><strong><em>’</em></strong></span> <span class='ocrx_word' id='word_1_501' title='bbox 662 3842 794 3912; x_wconf 61' lang='lat' dir='ltr'><strong>Quae</strong></span> <span class='ocrx_word' id='word_1_502' title='bbox 829 3859 896 3901; x_wconf 80' lang='lat' dir='ltr'><strong>ex</strong></span> <span class='ocrx_word' id='word_1_503' title='bbox 921 3842 1170 3916; x_wconf 84' lang='lat' dir='ltr'><strong>Cypriani</strong></span> <span class='ocrx_word' id='word_1_504' title='bbox 1200 3845 1414 3917; x_wconf 90' lang='lat' dir='ltr'><strong>scriptis</strong></span> <span class='ocrx_word' id='word_1_505' title='bbox 1453 3845 1519 3901; x_wconf 91' lang='lat' dir='ltr'><strong>ad</strong></span> <span class='ocrx_word' id='word_1_506' title='bbox 1552 3845 1793 3904; x_wconf 86' lang='lat' dir='ltr'><strong>veritatis</strong></span> <span class='ocrx_word' id='word_1_507' title='bbox 1842 3844 2207 3902; x_wconf 80' lang='lat' dir='ltr'><strong>deienSionem</strong></span> <span class='ocrx_word' id='word_1_508' title='bbox 2249 3859 2441 3902; x_wconf 89' lang='lat' dir='ltr'><strong>eruere</strong></span> <span class='ocrx_word' id='word_1_509' title='bbox 2480 3844 2852 3917; x_wconf 82' lang='lat' dir='ltr'><strong>aggredimur,</strong></span> <span class='ocrx_word' id='word_1_510' title='bbox 2891 3861 2955 3902; x_wconf 88' lang='lat' dir='ltr'><strong>ea</strong></span> <span class='ocrx_word' id='word_1_511' title='bbox 2991 3862 3096 3917; x_wconf 90' lang='lat' dir='ltr'><strong>quo</strong></span> <span class='ocrx_word' id='word_1_512' title='bbox 3140 3845 3312 3918; x_wconf 87' lang='lat' dir='ltr'><strong>magis</strong></span> <span class='ocrx_word' id='word_1_513' title='bbox 3351 3844 3631 3918; x_wconf 88' lang='lat' dir='ltr'><strong>perspicua</strong></span> <span class='ocrx_word' id='word_1_514' title='bbox 3672 3855 3797 3904; x_wconf 92' lang='lat' dir='ltr'><strong>sunt</strong></span> <span class='ocrx_word' id='word_1_515' title='bbox 3835 3853 3891 3903; x_wconf 89' lang='lat' dir='ltr'><strong>et</strong></span> 
     </span>
    </p>
   </div>
   <div class='ocr_carea' id='block_1_38' title="bbox 590 3941 3894 4016">
    <p class='ocr_par' dir='ltr' id='par_1_38' title="bbox 590 3941 3894 4016">
     <span class='ocr_line' id='line_1_38' title="bbox 590 3941 3894 4016; baseline 0.001 -19"><span class='ocrx_word' id='word_1_516' title='bbox 590 3944 656 3999; x_wconf 91' lang='lat' dir='ltr'><strong>ad</strong></span> <span class='ocrx_word' id='word_1_517' title='bbox 688 3944 926 4000; x_wconf 89' lang='lat' dir='ltr'><strong>omnium</strong></span> <span class='ocrx_word' id='word_1_518' title='bbox 956 3953 1172 4016; x_wconf 89' lang='lat' dir='ltr'><strong>captum</strong></span> <span class='ocrx_word' id='word_1_519' title='bbox 1205 3943 1631 4011; x_wconf 87' lang='lat' dir='ltr'><strong>accommodata,</strong></span> <span class='ocrx_word' id='word_1_520' title='bbox 1664 3958 1730 4000; x_wconf 91' lang='lat' dir='ltr'><strong>eo</strong></span> <span class='ocrx_word' id='word_1_521' title='bbox 1756 3943 1933 4000; x_wconf 89' lang='lat' dir='ltr'><strong>minus</strong></span> <span class='ocrx_word' id='word_1_522' title='bbox 1962 3943 2268 4000; x_wconf 89' lang='lat' dir='ltr'><strong>cavillando</strong></span> <span class='ocrx_word' id='word_1_523' title='bbox 2309 3941 2453 3997; x_wconf 90' lang='lat' dir='ltr'><strong>eludi</strong></span> <span class='ocrx_word' id='word_1_524' title='bbox 2493 3951 2747 4012; x_wconf 91' lang='lat' dir='ltr'><strong>possunt;</strong></span> <span class='ocrx_word' id='word_1_525' title='bbox 2787 3952 2838 3998; x_wconf 89' lang='lat' dir='ltr'><strong>et</strong></span> <span class='ocrx_word' id='word_1_526' title='bbox 2865 3958 2972 4014; x_wconf 91' lang='lat' dir='ltr'><strong>quo</strong></span> <span class='ocrx_word' id='word_1_527' title='bbox 2995 3942 3251 4014; x_wconf 88' lang='lat' dir='ltr'><strong>majorem</strong></span> <span class='ocrx_word' id='word_1_528' title='bbox 3285 3944 3442 3998; x_wconf 91' lang='lat' dir='ltr'><strong>tertio</strong></span> <span class='ocrx_word' id='word_1_529' title='bbox 3483 3942 3740 3999; x_wconf 76' lang='lat' dir='ltr'><strong>Ecclesia:</strong></span> <span class='ocrx_word' id='word_1_530' title='bbox 3790 3958 3894 3999; x_wconf 77' lang='lat' dir='ltr'><strong>sa:-</strong></span> 
     </span>
    </p>
   </div>
   <div class='ocr_carea' id='block_1_39' title="bbox 589 4036 3898 4109">
    <p class='ocr_par' dir='ltr' id='par_1_39' title="bbox 589 4036 3898 4109">
     <span class='ocr_line' id='line_1_39' title="bbox 589 4036 3898 4109; baseline 0 -17"><span class='ocrx_word' id='word_1_531' title='bbox 589 4037 712 4093; x_wconf 93' lang='lat' dir='ltr'><strong>cule</strong></span> <span class='ocrx_word' id='word_1_532' title='bbox 740 4037 1147 4093; x_wconf 84' lang='lat' dir='ltr'><strong>admirationem</strong></span> <span class='ocrx_word' id='word_1_533' title='bbox 1197 4037 1538 4105; x_wconf 91' lang='lat' dir='ltr'><strong>habuerunt,</strong></span> <span class='ocrx_word' id='word_1_534' title='bbox 1589 4052 1654 4094; x_wconf 90' lang='lat' dir='ltr'><strong>eo</strong></span> <span class='ocrx_word' id='word_1_535' title='bbox 1684 4038 1889 4109; x_wconf 90' lang='lat' dir='ltr'><strong>aptiora</strong></span> <span class='ocrx_word' id='word_1_536' title='bbox 1912 4037 2163 4094; x_wconf 89' lang='lat' dir='ltr'><strong>videntur</strong></span> <span class='ocrx_word' id='word_1_537' title='bbox 2209 4037 2274 4092; x_wconf 93' lang='lat' dir='ltr'><strong>ad</strong></span> <span class='ocrx_word' id='word_1_538' title='bbox 2315 4051 2410 4093; x_wconf 89' lang='lat' dir='ltr'><strong>eos</strong></span> <span class='ocrx_word' id='word_1_539' title='bbox 2471 4036 2866 4107; x_wconf 74' lang='lat' dir='ltr'><strong>permovendos</strong></span> <span class='ocrx_word' id='word_1_540' title='bbox 2913 4037 3002 4107; x_wconf 90' lang='lat' dir='ltr'><strong>qui</strong></span> <span class='ocrx_word' id='word_1_541' title='bbox 3049 4037 3148 4092; x_wconf 90' lang='lat' dir='ltr'><strong>tria</strong></span> <span class='ocrx_word' id='word_1_542' title='bbox 3189 4036 3447 4092; x_wconf 71' lang='lat' dir='ltr'><strong>Ecclesia:</strong></span> <span class='ocrx_word' id='word_1_543' title='bbox 3481 4038 3658 4108; x_wconf 90' lang='lat' dir='ltr'><strong>priora</strong></span> <span class='ocrx_word' id='word_1_544' title='bbox 3703 4038 3898 4094; x_wconf 67' lang='lat' dir='ltr'><strong>saecula</strong></span> 
     </span>
    </p>
   </div>
   <div class='ocr_carea' id='block_1_40' title="bbox 591 4130 3898 4203">
    <p class='ocr_par' dir='ltr' id='par_1_40' title="bbox 591 4130 3898 4203">
     <span class='ocr_line' id='line_1_40' title="bbox 591 4130 3898 4203; baseline 0 -17"><span class='ocrx_word' id='word_1_545' title='bbox 591 4131 822 4202; x_wconf 82' lang='lat' dir='ltr'><strong>rejicere</strong></span> <span class='ocrx_word' id='word_1_546' title='bbox 850 4148 955 4190; x_wconf 92' lang='lat' dir='ltr'><strong>non</strong></span> <span class='ocrx_word' id='word_1_547' title='bbox 1002 4133 1222 4189; x_wconf 89' lang='lat' dir='ltr'><strong>audent.</strong></span> <span class='ocrx_word' id='word_1_548' title='bbox 1269 4131 1550 4189; x_wconf 90' lang='lat' dir='ltr'><strong>Scribebat</strong></span> <span class='ocrx_word' id='word_1_549' title='bbox 1573 4131 1874 4203; x_wconf 90' lang='lat' dir='ltr'><strong>Cyprianus</strong></span> <span class='ocrx_word' id='word_1_550' title='bbox 1897 4131 2073 4187; x_wconf 91' lang='lat' dir='ltr'><strong>doctis</strong></span> <span class='ocrx_word' id='word_1_551' title='bbox 2101 4131 2306 4200; x_wconf 90' lang='lat' dir='ltr'><strong>pariter</strong></span> <span class='ocrx_word' id='word_1_552' title='bbox 2333 4139 2388 4186; x_wconf 92' lang='lat' dir='ltr'><strong>et</strong></span> <span class='ocrx_word' id='word_1_553' title='bbox 2415 4130 2670 4198; x_wconf 90' lang='lat' dir='ltr'><strong>indoctis,</strong></span> <span class='ocrx_word' id='word_1_554' title='bbox 2703 4130 2925 4201; x_wconf 89' lang='lat' dir='ltr'><strong>ejusque</strong></span> <span class='ocrx_word' id='word_1_555' title='bbox 2955 4130 3201 4186; x_wconf 86' lang='lat' dir='ltr'><strong>doctrina</strong></span> <span class='ocrx_word' id='word_1_556' title='bbox 3243 4145 3349 4186; x_wconf 92' lang='lat' dir='ltr'><strong>non</strong></span> <span class='ocrx_word' id='word_1_557' title='bbox 3380 4139 3583 4185; x_wconf 91' lang='lat' dir='ltr'><strong>tantum</strong></span> <span class='ocrx_word' id='word_1_558' title='bbox 3617 4131 3668 4185; x_wconf 91' lang='lat' dir='ltr'><strong>in</strong></span> <span class='ocrx_word' id='word_1_559' title='bbox 3700 4130 3898 4188; x_wconf 78' lang='lat' dir='ltr'><strong>Africa:</strong></span> 
     </span>
    </p>
   </div>
   <div class='ocr_carea' id='block_1_41' title="bbox 594 4222 3896 4296">
    <p class='ocr_par' dir='ltr' id='par_1_41' title="bbox 594 4222 3896 4296">
     <span class='ocr_line' id='line_1_41' title="bbox 594 4222 3896 4296; baseline 0 -18"><span class='ocrx_word' id='word_1_560' title='bbox 594 4227 715 4281; x_wconf 92' lang='lat' dir='ltr'><strong>luce</strong></span> <span class='ocrx_word' id='word_1_561' title='bbox 745 4226 1083 4294; x_wconf 84' lang='lat' dir='ltr'><strong>versabatur,</strong></span> <span class='ocrx_word' id='word_1_562' title='bbox 1113 4225 1207 4282; x_wconf 90' lang='lat' dir='ltr'><strong>sed</strong></span> <span class='ocrx_word' id='word_1_563' title='bbox 1240 4226 1292 4280; x_wconf 92' lang='lat' dir='ltr'><strong>in</strong></span> <span class='ocrx_word' id='word_1_564' title='bbox 1323 4225 1529 4280; x_wconf 87' lang='lat' dir='ltr'><strong>Italiam</strong></span> <span class='ocrx_word' id='word_1_565' title='bbox 1553 4225 1840 4296; x_wconf 86' lang='lat' dir='ltr'><strong>navigabat</strong></span> <span class='ocrx_word' id='word_1_566' title='bbox 1868 4233 1923 4280; x_wconf 93' lang='lat' dir='ltr'><strong>et</strong></span> <span class='ocrx_word' id='word_1_567' title='bbox 1949 4223 2017 4278; x_wconf 89' lang='lat' dir='ltr'><strong>ad</strong></span> <span class='ocrx_word' id='word_1_568' title='bbox 2045 4224 2440 4284; x_wconf 80' lang='lat' dir='ltr'><strong>remotissimas</strong></span> <span class='ocrx_word' id='word_1_569' title='bbox 2477 4222 2786 4284; x_wconf 88' lang='lat' dir='ltr'><strong>Occidentis</strong></span> <span class='ocrx_word' id='word_1_570' title='bbox 2815 4224 3156 4295; x_wconf 85' lang='lat' dir='ltr'><strong>Orientisque</strong></span> <span class='ocrx_word' id='word_1_571' title='bbox 3197 4223 3456 4280; x_wconf 88' lang='lat' dir='ltr'><strong>ecclesias</strong></span> <span class='ocrx_word' id='word_1_572' title='bbox 3498 4224 3896 4294; x_wconf 84' lang='lat' dir='ltr'><strong>perferebatur.</strong></span> 
     </span>
    </p>
   </div>
   <div class='ocr_carea' id='block_1_42' title="bbox 590 4316 3897 4394">
    <p class='ocr_par' dir='ltr' id='par_1_42' title="bbox 590 4316 3897 4394">
     <span class='ocr_line' id='line_1_42' title="bbox 590 4316 3897 4394; baseline -0.002 -18"><span class='ocrx_word' id='word_1_573' title='bbox 590 4321 775 4394; x_wconf 83' lang='lat' dir='ltr'><strong>Itaque</strong></span> <span class='ocrx_word' id='word_1_574' title='bbox 803 4322 944 4377; x_wconf 93' lang='lat' dir='ltr'><strong>illius</strong></span> <span class='ocrx_word' id='word_1_575' title='bbox 973 4323 1042 4380; x_wconf 92' lang='lat' dir='ltr'><strong>de</strong></span> <span class='ocrx_word' id='word_1_576' title='bbox 1068 4320 1305 4379; x_wconf 80' lang='lat' dir='ltr'><strong>Ecclesia</strong></span> <span class='ocrx_word' id='word_1_577' title='bbox 1331 4363 1344 4387; x_wconf 90' lang='lat'><strong>,</strong></span> <span class='ocrx_word' id='word_1_578' title='bbox 1368 4320 1437 4378; x_wconf 90' lang='lat' dir='ltr'><strong>de</strong></span> <span class='ocrx_word' id='word_1_579' title='bbox 1471 4320 1855 4387; x_wconf 89' lang='lat' dir='ltr'><strong>sacramentis,</strong></span> <span class='ocrx_word' id='word_1_580' title='bbox 1895 4328 2116 4390; x_wconf 88' lang='lat' dir='ltr'><strong>excepta</strong></span> <span class='ocrx_word' id='word_1_581' title='bbox 2143 4319 2211 4374; x_wconf 89' lang='lat' dir='ltr'><strong>de</strong></span> <span class='ocrx_word' id='word_1_582' title='bbox 2259 4319 2525 4390; x_wconf 85' lang='lat' dir='ltr'><strong>baptismo</strong></span> <span class='ocrx_word' id='word_1_583' title='bbox 2561 4317 2939 4373; x_wconf 79' lang='lat' dir='ltr'><strong>haereticorum</strong></span> <span class='ocrx_word' id='word_1_584' title='bbox 2976 4317 3306 4389; x_wconf 59' lang='lat' dir='ltr'><strong>quaistione,</strong></span> <span class='ocrx_word' id='word_1_585' title='bbox 3359 4316 3426 4372; x_wconf 90' lang='lat' dir='ltr'><strong>de</strong></span> <span class='ocrx_word' id='word_1_586' title='bbox 3463 4317 3662 4372; x_wconf 87' lang='lat' dir='ltr'><strong>Christi</strong></span> <span class='ocrx_word' id='word_1_587' title='bbox 3697 4317 3897 4373; x_wconf 81' lang='lat' dir='ltr'><strong>divini-</strong></span> 
     </span>
    </p>
   </div>
   <div class='ocr_carea' id='block_1_43' title="bbox 593 4401 3899 4490">
    <p class='ocr_par' dir='ltr' id='par_1_43' title="bbox 593 4401 3899 4490">
     <span class='ocr_line' id='line_1_43' title="bbox 593 4401 3899 4490; baseline -0.001 -19"><span class='ocrx_word' id='word_1_588' title='bbox 593 4427 704 4474; x_wconf 90' lang='lat' dir='ltr'><strong>tate</strong></span> <span class='ocrx_word' id='word_1_589' title='bbox 731 4418 954 4490; x_wconf 90' lang='lat' dir='ltr'><strong>ejusque</strong></span> <span class='ocrx_word' id='word_1_590' title='bbox 984 4420 1151 4490; x_wconf 87' lang='lat' dir='ltr'><strong>gratia</strong></span> <span class='ocrx_word' id='word_1_591' title='bbox 1176 4417 1504 4480; x_wconf 87' lang='lat' dir='ltr'><strong>testimonia,</strong></span> <span class='ocrx_word' id='word_1_592' title='bbox 1538 4431 1643 4470; x_wconf 85' lang='lat' dir='ltr'><strong>non</strong></span> <span class='ocrx_word' id='word_1_593' title='bbox 1672 4414 2094 4485; x_wconf 85' lang='lat' dir='ltr'><strong>uuiusepiscopi</strong></span> <span class='ocrx_word' id='word_1_594' title='bbox 2123 4456 2136 4479; x_wconf 94' lang='lat'><strong>,</strong></span> <span class='ocrx_word' id='word_1_595' title='bbox 2176 4429 2275 4470; x_wconf 89' lang='lat' dir='ltr'><strong>nec</strong></span> <span class='ocrx_word' id='word_1_596' title='bbox 2315 4412 2560 4468; x_wconf 74' lang='lat' dir='ltr'><strong>ecclesia:</strong></span> <span class='ocrx_word' id='word_1_597' title='bbox 2604 4412 2762 4468; x_wconf 90' lang='lat' dir='ltr'><strong>unius</strong></span> <span class='ocrx_word' id='word_1_598' title='bbox 2789 4454 2804 4479; x_wconf 95' lang='lat'><strong>,</strong></span> <span class='ocrx_word' id='word_1_599' title='bbox 2829 4411 2924 4467; x_wconf 89' lang='lat' dir='ltr'><strong>sed</strong></span> <span class='ocrx_word' id='word_1_600' title='bbox 2968 4401 3208 4466; x_wconf 89' lang='lat' dir='ltr'><strong>omnium</strong></span> <span class='ocrx_word' id='word_1_601' title='bbox 3259 4411 3402 4466; x_wconf 91' lang='lat' dir='ltr'><strong>illius</strong></span> <span class='ocrx_word' id='word_1_602' title='bbox 3449 4413 3629 4467; x_wconf 66' lang='lat' dir='ltr'><strong>aetatis</strong></span> <span class='ocrx_word' id='word_1_603' title='bbox 3661 4410 3899 4468; x_wconf 85' lang='lat' dir='ltr'><strong>Catholi-</strong></span> 
     </span>
    </p>
   </div>
   <div class='ocr_carea' id='block_1_44' title="bbox 592 4504 3898 4578">
    <p class='ocr_par' dir='ltr' id='par_1_44' title="bbox 592 4504 3898 4578">
     <span class='ocr_line' id='line_1_44' title="bbox 592 4504 3898 4578; baseline -0.001 -13"><span class='ocrx_word' id='word_1_604' title='bbox 592 4526 780 4567; x_wconf 82' lang='lat' dir='ltr'><strong>eorum</strong></span> <span class='ocrx_word' id='word_1_605' title='bbox 811 4512 1113 4568; x_wconf 88' lang='lat' dir='ltr'><strong>testimonia</strong></span> <span class='ocrx_word' id='word_1_606' title='bbox 1137 4510 1433 4566; x_wconf 89' lang='lat' dir='ltr'><strong>existimari</strong></span> <span class='ocrx_word' id='word_1_607' title='bbox 1464 4509 1682 4565; x_wconf 89' lang='lat' dir='ltr'><strong>debent.</strong></span> <span class='ocrx_word' id='word_1_608' title='bbox 1723 4509 2192 4578; x_wconf 87' lang='lat' dir='ltr'><strong>Quemadmodum</strong></span> <span class='ocrx_word' id='word_1_609' title='bbox 2229 4517 2406 4564; x_wconf 88' lang='lat' dir='ltr'><strong>autem</strong></span> <span class='ocrx_word' id='word_1_610' title='bbox 2440 4508 2662 4564; x_wconf 90' lang='lat' dir='ltr'><strong>unitatis</strong></span> <span class='ocrx_word' id='word_1_611' title='bbox 2683 4522 2836 4563; x_wconf 90' lang='lat' dir='ltr'><strong>amor</strong></span> <span class='ocrx_word' id='word_1_612' title='bbox 2879 4508 3021 4562; x_wconf 90' lang='lat' dir='ltr'><strong>inter</strong></span> <span class='ocrx_word' id='word_1_613' title='bbox 3060 4507 3286 4562; x_wconf 91' lang='lat' dir='ltr'><strong>virtutes</strong></span> <span class='ocrx_word' id='word_1_614' title='bbox 3325 4504 3579 4578; x_wconf 87' lang='lat' dir='ltr'><strong>Cypriani</strong></span> <span class='ocrx_word' id='word_1_615' title='bbox 3629 4508 3898 4578; x_wconf 62' lang='lat' dir='ltr'><strong>praecipue</strong></span> 
     </span>
    </p>
   </div>
   <div class='ocr_carea' id='block_1_45' title="bbox 595 4599 3898 4679">
    <p class='ocr_par' dir='ltr' id='par_1_45' title="bbox 595 4599 3898 4679">
     <span class='ocr_line' id='line_1_45' title="bbox 595 4599 3898 4679; baseline -0.002 -19"><span class='ocrx_word' id='word_1_616' title='bbox 595 4607 808 4674; x_wconf 87' lang='lat' dir='ltr'><strong>enituit,</strong></span> <span class='ocrx_word' id='word_1_617' title='bbox 839 4608 917 4663; x_wconf 90' lang='lat' dir='ltr'><strong>sic</strong></span> <span class='ocrx_word' id='word_1_618' title='bbox 957 4608 1007 4662; x_wconf 89' lang='lat' dir='ltr'><strong>in</strong></span> <span class='ocrx_word' id='word_1_619' title='bbox 1049 4606 1165 4679; x_wconf 89' lang='lat' dir='ltr'><strong>ejus</strong></span> <span class='ocrx_word' id='word_1_620' title='bbox 1193 4606 1413 4676; x_wconf 87' lang='lat' dir='ltr'><strong>scriptis</strong></span> <span class='ocrx_word' id='word_1_621' title='bbox 1451 4605 1579 4660; x_wconf 92' lang='lat' dir='ltr'><strong>nihil</strong></span> <span class='ocrx_word' id='word_1_622' title='bbox 1616 4603 1988 4660; x_wconf 84' lang='lat' dir='ltr'><strong>vehementius</strong></span> <span class='ocrx_word' id='word_1_623' title='bbox 2034 4603 2478 4671; x_wconf 89' lang='lat' dir='ltr'><strong>commendatur,</strong></span> <span class='ocrx_word' id='word_1_624' title='bbox 2539 4602 2670 4658; x_wconf 90' lang='lat' dir='ltr'><strong>nihil</strong></span> <span class='ocrx_word' id='word_1_625' title='bbox 2726 4602 3041 4666; x_wconf 85' lang='lat' dir='ltr'><strong>accuratius</strong></span> <span class='ocrx_word' id='word_1_626' title='bbox 3103 4599 3413 4656; x_wconf 82' lang='lat' dir='ltr'><strong>defenditur</strong></span> <span class='ocrx_word' id='word_1_627' title='bbox 3442 4642 3456 4666; x_wconf 92' lang='lat'><strong>,</strong></span> <span class='ocrx_word' id='word_1_628' title='bbox 3506 4615 3665 4672; x_wconf 91' lang='lat' dir='ltr'><strong>quam</strong></span> <span class='ocrx_word' id='word_1_629' title='bbox 3720 4600 3898 4655; x_wconf 89' lang='lat' dir='ltr'><strong>unitas</strong></span> 
     </span>
    </p>
   </div>
   <div class='ocr_carea' id='block_1_46' title="bbox 593 4693 3896 4772">
    <p class='ocr_par' dir='ltr' id='par_1_46' title="bbox 593 4693 3896 4772">
     <span class='ocr_line' id='line_1_46' title="bbox 593 4693 3896 4772; baseline -0.002 -17"><span class='ocrx_word' id='word_1_630' title='bbox 593 4700 874 4758; x_wconf 69' lang='lat' dir='ltr'><strong>Ecclesiai.</strong></span> <span class='ocrx_word' id='word_1_631' title='bbox 903 4701 1083 4758; x_wconf 87' lang='lat' dir='ltr'><strong>Facile</strong></span> <span class='ocrx_word' id='word_1_632' title='bbox 1111 4701 1352 4772; x_wconf 89' lang='lat' dir='ltr'><strong>profecto</strong></span> <span class='ocrx_word' id='word_1_633' title='bbox 1380 4716 1442 4756; x_wconf 82' lang='lat' dir='ltr'><strong>ex</strong></span> <span class='ocrx_word' id='word_1_634' title='bbox 1467 4699 1583 4770; x_wconf 89' lang='lat' dir='ltr'><strong>ejus</strong></span> <span class='ocrx_word' id='word_1_635' title='bbox 1606 4699 1768 4754; x_wconf 90' lang='lat' dir='ltr'><strong>dictis</strong></span> <span class='ocrx_word' id='word_1_636' title='bbox 1795 4700 1894 4753; x_wconf 91' lang='lat' dir='ltr'><strong>tria</strong></span> <span class='ocrx_word' id='word_1_637' title='bbox 1937 4699 2279 4769; x_wconf 88' lang='lat' dir='ltr'><strong>potissimum</strong></span> <span class='ocrx_word' id='word_1_638' title='bbox 2318 4697 2606 4768; x_wconf 89' lang='lat' dir='ltr'><strong>perspiciet</strong></span> <span class='ocrx_word' id='word_1_639' title='bbox 2659 4695 2899 4768; x_wconf 90' lang='lat' dir='ltr'><strong>quisquis</strong></span> <span class='ocrx_word' id='word_1_640' title='bbox 2939 4709 3044 4750; x_wconf 94' lang='lat' dir='ltr'><strong>non</strong></span> <span class='ocrx_word' id='word_1_641' title='bbox 3103 4709 3317 4750; x_wconf 88' lang='lat' dir='ltr'><strong>onmem</strong></span> <span class='ocrx_word' id='word_1_642' title='bbox 3369 4709 3609 4750; x_wconf 91' lang='lat' dir='ltr'><strong>amorem</strong></span> <span class='ocrx_word' id='word_1_643' title='bbox 3655 4693 3896 4750; x_wconf 88' lang='lat' dir='ltr'><strong>veritatis</strong></span> 
     </span>
    </p>
   </div>
   <div class='ocr_carea' id='block_1_47' title="bbox 597 4789 3893 4865">
    <p class='ocr_par' dir='ltr' id='par_1_47' title="bbox 597 4789 3893 4865">
     <span class='ocr_line' id='line_1_47' title="bbox 597 4789 3893 4865; baseline -0.001 -17"><span class='ocrx_word' id='word_1_644' title='bbox 597 4796 781 4851; x_wconf 91' lang='lat' dir='ltr'><strong>animo</strong></span> <span class='ocrx_word' id='word_1_645' title='bbox 802 4796 999 4865; x_wconf 88' lang='lat' dir='ltr'><strong>ejecit:</strong></span> <span class='ocrx_word' id='word_1_646' title='bbox 1029 4796 1082 4849; x_wconf 77' lang='lat'><strong>1°</strong></span> <span class='ocrx_word' id='word_1_647' title='bbox 1107 4795 1403 4850; x_wconf 89' lang='lat' dir='ltr'><strong>Ecclesiam</strong></span> <span class='ocrx_word' id='word_1_648' title='bbox 1433 4811 1552 4865; x_wconf 77' lang='lat' dir='ltr'><strong>quae</strong></span> <span class='ocrx_word' id='word_1_649' title='bbox 1588 4811 1616 4847; x_wconf 86' lang='lat' dir='ltr'><strong>a</strong></span> <span class='ocrx_word' id='word_1_650' title='bbox 1644 4793 1860 4850; x_wconf 91' lang='lat' dir='ltr'><strong>Christo</strong></span> <span class='ocrx_word' id='word_1_651' title='bbox 1883 4807 1978 4863; x_wconf 89' lang='lat' dir='ltr'><strong>per</strong></span> <span class='ocrx_word' id='word_1_652' title='bbox 1999 4792 2290 4863; x_wconf 85' lang='lat' dir='ltr'><strong>Apesteles</strong></span> <span class='ocrx_word' id='word_1_653' title='bbox 2320 4790 2538 4848; x_wconf 88' lang='lat' dir='ltr'><strong>fundata</strong></span> <span class='ocrx_word' id='word_1_654' title='bbox 2572 4801 2675 4857; x_wconf 85' lang='lat' dir='ltr'><strong>est,</strong></span> <span class='ocrx_word' id='word_1_655' title='bbox 2703 4790 2956 4846; x_wconf 90' lang='lat' dir='ltr'><strong>omnibus</strong></span> <span class='ocrx_word' id='word_1_656' title='bbox 2984 4790 3327 4860; x_wconf 88' lang='lat' dir='ltr'><strong>conspicuam</strong></span> <span class='ocrx_word' id='word_1_657' title='bbox 3361 4805 3424 4845; x_wconf 90' lang='lat' dir='ltr'><strong>ac</strong></span> <span class='ocrx_word' id='word_1_658' title='bbox 3447 4789 3709 4846; x_wconf 89' lang='lat' dir='ltr'><strong>visibilem</strong></span> <span class='ocrx_word' id='word_1_659' title='bbox 3739 4803 3893 4857; x_wconf 90' lang='lat' dir='ltr'><strong>esse;</strong></span> 
     </span>
    </p>
   </div>
   <div class='ocr_carea' id='block_1_48' title="bbox 593 4882 3896 4957">
    <p class='ocr_par' dir='ltr' id='par_1_48' title="bbox 593 4882 3896 4957">
     <span class='ocr_line' id='line_1_48' title="bbox 593 4882 3896 4957; baseline 0 -17"><span class='ocrx_word' id='word_1_660' title='bbox 593 4888 653 4940; x_wconf 59' lang='lat' dir='ltr'><strong>i°</strong></span> <span class='ocrx_word' id='word_1_661' title='bbox 681 4903 779 4944; x_wconf 92' lang='lat' dir='ltr'><strong>nec</strong></span> <span class='ocrx_word' id='word_1_662' title='bbox 803 4888 996 4957; x_wconf 88' lang='lat' dir='ltr'><strong>perire,</strong></span> <span class='ocrx_word' id='word_1_663' title='bbox 1023 4903 1120 4943; x_wconf 88' lang='lat' dir='ltr'><strong>nec</strong></span> <span class='ocrx_word' id='word_1_664' title='bbox 1145 4888 1256 4943; x_wconf 92' lang='lat' dir='ltr'><strong>ulle</strong></span> <span class='ocrx_word' id='word_1_665' title='bbox 1276 4903 1462 4944; x_wconf 89' lang='lat' dir='ltr'><strong>errore</strong></span> <span class='ocrx_word' id='word_1_666' title='bbox 1488 4895 1579 4942; x_wconf 91' lang='lat' dir='ltr'><strong>aut</strong></span> <span class='ocrx_word' id='word_1_667' title='bbox 1609 4887 1899 4942; x_wconf 89' lang='lat' dir='ltr'><strong>schismate</strong></span> <span class='ocrx_word' id='word_1_668' title='bbox 1942 4884 2212 4954; x_wconf 90' lang='lat' dir='ltr'><strong>corrumpi</strong></span> <span class='ocrx_word' id='word_1_669' title='bbox 2242 4900 2438 4954; x_wconf 91' lang='lat' dir='ltr'><strong>posse;</strong></span> <span class='ocrx_word' id='word_1_670' title='bbox 2496 4882 2552 4941; x_wconf 77' lang='lat'><strong>5°</strong></span> <span class='ocrx_word' id='word_1_671' title='bbox 2601 4885 2673 4940; x_wconf 87' lang='lat' dir='ltr'><strong>ita</strong></span> <span class='ocrx_word' id='word_1_672' title='bbox 2707 4899 2868 4940; x_wconf 86' lang='lat' dir='ltr'><strong>unam</strong></span> <span class='ocrx_word' id='word_1_673' title='bbox 2897 4898 3019 4941; x_wconf 90' lang='lat' dir='ltr'><strong>csse</strong></span> <span class='ocrx_word' id='word_1_674' title='bbox 3039 4926 3052 4952; x_wconf 92' lang='lat'><strong>,</strong></span> <span class='ocrx_word' id='word_1_675' title='bbox 3079 4893 3138 4939; x_wconf 89' lang='lat' dir='ltr'><strong>ut</strong></span> <span class='ocrx_word' id='word_1_676' title='bbox 3164 4899 3518 4956; x_wconf 63' lang='lat' dir='ltr'><strong>quaecumque</strong></span> <span class='ocrx_word' id='word_1_677' title='bbox 3554 4883 3620 4940; x_wconf 92' lang='lat' dir='ltr'><strong>ab</strong></span> <span class='ocrx_word' id='word_1_678' title='bbox 3641 4898 3703 4940; x_wconf 88' lang='lat' dir='ltr'><strong>ea</strong></span> <span class='ocrx_word' id='word_1_679' title='bbox 3734 4892 3896 4940; x_wconf 77' lang='lat' dir='ltr'><strong>secta:</strong></span> 
     </span>
    </p>
   </div>
   <div class='ocr_carea' id='block_1_49' title="bbox 595 4975 2558 5045">
    <p class='ocr_par' dir='ltr' id='par_1_49' title="bbox 595 4975 2558 5045">
     <span class='ocr_line' id='line_1_49' title="bbox 595 4975 2558 5045; baseline -0.001 -13"><span class='ocrx_word' id='word_1_680' title='bbox 595 4976 991 5044; x_wconf 85' lang='lat' dir='ltr'><strong>discesserunt,</strong></span> <span class='ocrx_word' id='word_1_681' title='bbox 1022 4988 1132 5033; x_wconf 90' lang='lat' dir='ltr'><strong>uta</strong></span> <span class='ocrx_word' id='word_1_682' title='bbox 1166 4994 1289 5034; x_wconf 89' lang='lat' dir='ltr'><strong>vera</strong></span> <span class='ocrx_word' id='word_1_683' title='bbox 1324 4977 1560 5034; x_wconf 85' lang='lat' dir='ltr'><strong>Ecclesia</strong></span> <span class='ocrx_word' id='word_1_684' title='bbox 1582 5019 1596 5045; x_wconf 91' lang='lat'><strong>,</strong></span> <span class='ocrx_word' id='word_1_685' title='bbox 1621 4978 1689 5032; x_wconf 91' lang='lat' dir='ltr'><strong>ita</strong></span> <span class='ocrx_word' id='word_1_686' title='bbox 1721 4977 2007 5032; x_wconf 77' lang='lat' dir='ltr'><strong>aba:terua</strong></span> <span class='ocrx_word' id='word_1_687' title='bbox 2033 4978 2206 5032; x_wconf 90' lang='lat' dir='ltr'><strong>salute</strong></span> <span class='ocrx_word' id='word_1_688' title='bbox 2226 4975 2414 5032; x_wconf 78' lang='lat' dir='ltr'><strong>aliena:</strong></span> <span class='ocrx_word' id='word_1_689' title='bbox 2432 4976 2558 5032; x_wconf 91' lang='lat' dir='ltr'><strong>sint.</strong></span> 
     </span>
    </p>
   </div>
   <div class='ocr_carea' id='block_1_50' title="bbox 666 5068 3896 5143">
    <p class='ocr_par' dir='ltr' id='par_1_50' title="bbox 666 5068 3896 5143">
     <span class='ocr_line' id='line_1_50' title="bbox 666 5068 3896 5143; baseline -0.001 -16"><span class='ocrx_word' id='word_1_690' title='bbox 666 5070 800 5127; x_wconf 81' lang='lat' dir='ltr'><strong>Nota</strong></span> <span class='ocrx_word' id='word_1_691' title='bbox 829 5086 934 5126; x_wconf 92' lang='lat' dir='ltr'><strong>non</strong></span> <span class='ocrx_word' id='word_1_692' title='bbox 965 5081 1117 5127; x_wconf 86' lang='lat' dir='ltr'><strong>erant</strong></span> <span class='ocrx_word' id='word_1_693' title='bbox 1148 5081 1335 5130; x_wconf 88' lang='lat' dir='ltr'><strong>sancto</strong></span> <span class='ocrx_word' id='word_1_694' title='bbox 1383 5071 1596 5142; x_wconf 80' lang='lat' dir='ltr'><strong>Martyri</strong></span> <span class='ocrx_word' id='word_1_695' title='bbox 1629 5071 1906 5125; x_wconf 85' lang='lat' dir='ltr'><strong>invisibilis</strong></span> <span class='ocrx_word' id='word_1_696' title='bbox 1937 5069 2180 5126; x_wconf 73' lang='lat' dir='ltr'><strong>ecclesia:</strong></span> <span class='ocrx_word' id='word_1_697' title='bbox 2215 5080 2516 5126; x_wconf 88' lang='lat' dir='ltr'><strong>commenta</strong></span> <span class='ocrx_word' id='word_1_698' title='bbox 2537 5110 2554 5139; x_wconf 93' lang='lat'><strong>,</strong></span> <span class='ocrx_word' id='word_1_699' title='bbox 2593 5087 2711 5143; x_wconf 79' lang='lat' dir='ltr'><strong>qua:</strong></span> <span class='ocrx_word' id='word_1_700' title='bbox 2738 5070 2894 5143; x_wconf 85' lang='lat' dir='ltr'><strong>longe</strong></span> <span class='ocrx_word' id='word_1_701' title='bbox 2923 5069 3227 5127; x_wconf 89' lang='lat' dir='ltr'><strong>recentiore</strong></span> <span class='ocrx_word' id='word_1_702' title='bbox 3273 5069 3531 5126; x_wconf 89' lang='lat' dir='ltr'><strong>memoria</strong></span> <span class='ocrx_word' id='word_1_703' title='bbox 3584 5068 3896 5139; x_wconf 87' lang='lat' dir='ltr'><strong>excogitata</strong></span> 
     </span>
    </p>
   </div>
   <div class='ocr_carea' id='block_1_51' title="bbox 593 5165 3898 5237">
    <p class='ocr_par' dir='ltr' id='par_1_51' title="bbox 593 5165 3898 5237">
     <span class='ocr_line' id='line_1_51' title="bbox 593 5165 3898 5237; baseline -0.001 -15"><span class='ocrx_word' id='word_1_704' title='bbox 593 5176 748 5233; x_wconf 90' lang='lat' dir='ltr'><strong>sunt;</strong></span> <span class='ocrx_word' id='word_1_705' title='bbox 779 5166 872 5222; x_wconf 91' lang='lat' dir='ltr'><strong>sed</strong></span> <span class='ocrx_word' id='word_1_706' title='bbox 901 5183 1020 5222; x_wconf 89' lang='lat' dir='ltr'><strong>eam</strong></span> <span class='ocrx_word' id='word_1_707' title='bbox 1054 5167 1348 5223; x_wconf 84' lang='lat' dir='ltr'><strong>Ecclesiam</strong></span> <span class='ocrx_word' id='word_1_708' title='bbox 1373 5165 1616 5237; x_wconf 83' lang='lat' dir='ltr'><strong>intelligit</strong></span> <span class='ocrx_word' id='word_1_709' title='bbox 1647 5166 1698 5219; x_wconf 92' lang='lat' dir='ltr'><strong>iu</strong></span> <span class='ocrx_word' id='word_1_710' title='bbox 1733 5181 1836 5236; x_wconf 90' lang='lat' dir='ltr'><strong>qua</strong></span> <span class='ocrx_word' id='word_1_711' title='bbox 1874 5165 2073 5220; x_wconf 87' lang='lat' dir='ltr'><strong>zizauia</strong></span> <span class='ocrx_word' id='word_1_712' title='bbox 2098 5181 2216 5220; x_wconf 90' lang='lat' dir='ltr'><strong>cum</strong></span> <span class='ocrx_word' id='word_1_713' title='bbox 2257 5165 2559 5234; x_wconf 90' lang='lat' dir='ltr'><strong>frumento,</strong></span> <span class='ocrx_word' id='word_1_714' title='bbox 2611 5181 2737 5221; x_wconf 88' lang='lat' dir='ltr'><strong>vasa</strong></span> <span class='ocrx_word' id='word_1_715' title='bbox 2768 5165 2947 5223; x_wconf 87' lang='lat' dir='ltr'><strong>ﬁctilia</strong></span> <span class='ocrx_word' id='word_1_716' title='bbox 2987 5179 3108 5221; x_wconf 92' lang='lat' dir='ltr'><strong>cum</strong></span> <span class='ocrx_word' id='word_1_717' title='bbox 3147 5166 3322 5221; x_wconf 88' lang='lat' dir='ltr'><strong>aureis</strong></span> <span class='ocrx_word' id='word_1_718' title='bbox 3349 5173 3404 5220; x_wconf 89' lang='lat' dir='ltr'><strong>et</strong></span> <span class='ocrx_word' id='word_1_719' title='bbox 3431 5165 3699 5235; x_wconf 82' lang='lat' dir='ltr'><strong>argenteis</strong></span> <span class='ocrx_word' id='word_1_720' title='bbox 3731 5180 3898 5236; x_wconf 90' lang='lat' dir='ltr'><strong>usque</strong></span> 
     </span>
    </p>
   </div>
   <div class='ocr_carea' id='block_1_52' title="bbox 595 5256 3896 5330">
    <p class='ocr_par' dir='ltr' id='par_1_52' title="bbox 595 5256 3896 5330">
     <span class='ocr_line' id='line_1_52' title="bbox 595 5256 3896 5330; baseline 0 -18"><span class='ocrx_word' id='word_1_721' title='bbox 595 5261 660 5315; x_wconf 89' lang='lat' dir='ltr'><strong>ad</strong></span> <span class='ocrx_word' id='word_1_722' title='bbox 681 5261 823 5316; x_wconf 90' lang='lat' dir='ltr'><strong>diem</strong></span> <span class='ocrx_word' id='word_1_723' title='bbox 848 5259 1034 5330; x_wconf 87' lang='lat' dir='ltr'><strong>judieii</strong></span> <span class='ocrx_word' id='word_1_724' title='bbox 1065 5261 1317 5330; x_wconf 81' lang='lat' dir='ltr'><strong>perniista</strong></span> <span class='ocrx_word' id='word_1_725' title='bbox 1345 5269 1634 5315; x_wconf 87' lang='lat' dir='ltr'><strong>cernentur</strong></span> <span class='ocrx_word' id='word_1_726' title='bbox 1660 5259 1774 5330; x_wconf 79' lang='lat' dir='ltr'><strong>(pp.</strong></span> <span class='ocrx_word' id='word_1_727' title='bbox 1815 5257 1884 5314; x_wconf 79' lang='lat'><strong>05</strong></span> <span class='ocrx_word' id='word_1_728' title='bbox 1911 5269 1954 5312; x_wconf 84' lang='lat' dir='ltr'><strong>ct</strong></span> <span class='ocrx_word' id='word_1_729' title='bbox 1983 5258 2104 5326; x_wconf 73' lang='grc'><strong>74),</strong></span> <span class='ocrx_word' id='word_1_730' title='bbox 2158 5273 2278 5328; x_wconf 81' lang='lat' dir='ltr'><strong>qua:</strong></span> <span class='ocrx_word' id='word_1_731' title='bbox 2301 5274 2462 5329; x_wconf 89' lang='lat' dir='ltr'><strong>super</strong></span> <span class='ocrx_word' id='word_1_732' title='bbox 2517 5259 2736 5314; x_wconf 88' lang='lat' dir='ltr'><strong>Petrum</strong></span> <span class='ocrx_word' id='word_1_733' title='bbox 2788 5259 2999 5313; x_wconf 85' lang='lat' dir='ltr'><strong>Domini</strong></span> <span class='ocrx_word' id='word_1_734' title='bbox 3051 5274 3183 5314; x_wconf 88' lang='lat' dir='ltr'><strong>voce</strong></span> <span class='ocrx_word' id='word_1_735' title='bbox 3210 5256 3427 5312; x_wconf 89' lang='lat' dir='ltr'><strong>fundata</strong></span> <span class='ocrx_word' id='word_1_736' title='bbox 3455 5275 3473 5307; x_wconf 75' lang='grc' dir='ltr'>ι</span> <span class='ocrx_word' id='word_1_737' title='bbox 3512 5272 3614 5311; x_wconf 90' lang='lat' dir='ltr'><strong>una</strong></span> <span class='ocrx_word' id='word_1_738' title='bbox 3647 5266 3730 5312; x_wconf 91' lang='lat' dir='ltr'><strong>est</strong></span> <span class='ocrx_word' id='word_1_739' title='bbox 3757 5266 3812 5314; x_wconf 92' lang='lat' dir='ltr'><strong>et</strong></span> <span class='ocrx_word' id='word_1_740' title='bbox 3843 5258 3896 5312; x_wconf 92' lang='lat' dir='ltr'><strong>in</strong></span> 
     </span>
    </p>
   </div>
   <div class='ocr_carea' id='block_1_53' title="bbox 596 5347 3952 5428">
    <p class='ocr_par' dir='ltr' id='par_1_53' title="bbox 596 5347 3952 5428">
     <span class='ocr_line' id='line_1_53' title="bbox 596 5347 3952 5428; baseline -0.001 -20"><span class='ocrx_word' id='word_1_741' title='bbox 596 5352 989 5408; x_wconf 90' lang='lat' dir='ltr'><strong>multitudinem</strong></span> <span class='ocrx_word' id='word_1_742' title='bbox 1020 5352 1178 5408; x_wconf 91' lang='lat' dir='ltr'><strong>latius</strong></span> <span class='ocrx_word' id='word_1_743' title='bbox 1206 5354 1539 5408; x_wconf 81' lang='lat' dir='ltr'><strong>incremento</strong></span> <span class='ocrx_word' id='word_1_744' title='bbox 1574 5350 1915 5406; x_wconf 88' lang='lat' dir='ltr'><strong>fecunditatis</strong></span> <span class='ocrx_word' id='word_1_745' title='bbox 1942 5349 2267 5417; x_wconf 78' lang='lat' dir='ltr'><strong>extenditur,</strong></span> <span class='ocrx_word' id='word_1_746' title='bbox 2293 5365 2356 5404; x_wconf 90' lang='lat' dir='ltr'><strong>ac</strong></span> <span class='ocrx_word' id='word_1_747' title='bbox 2387 5351 2594 5406; x_wconf 92' lang='lat' dir='ltr'><strong>Domini</strong></span> <span class='ocrx_word' id='word_1_748' title='bbox 2625 5351 2740 5406; x_wconf 90' lang='lat' dir='ltr'><strong>luce</strong></span> <span class='ocrx_word' id='word_1_749' title='bbox 2761 5349 2993 5421; x_wconf 83' lang='lat' dir='ltr'><strong>perfusa,</strong></span> <span class='ocrx_word' id='word_1_750' title='bbox 3017 5366 3112 5421; x_wconf 90' lang='lat' dir='ltr'><strong>per</strong></span> <span class='ocrx_word' id='word_1_751' title='bbox 3139 5350 3322 5406; x_wconf 85' lang='lat' dir='ltr'><strong>orbem</strong></span> <span class='ocrx_word' id='word_1_752' title='bbox 3354 5358 3522 5406; x_wconf 92' lang='lat' dir='ltr'><strong>totum</strong></span> <span class='ocrx_word' id='word_1_753' title='bbox 3553 5349 3731 5405; x_wconf 88' lang='lat' dir='ltr'><strong>radios</strong></span> <span class='ocrx_word' id='word_1_754' title='bbox 3761 5367 3889 5408; x_wconf 91' lang='lat' dir='ltr'><strong>suos</strong></span> <span class='ocrx_word' id='word_1_755' title='bbox 3911 5347 3918 5352; x_wconf 86' lang='grc'><em>’</em></span> <span class='ocrx_word' id='word_1_756' title='bbox 3943 5418 3952 5428; x_wconf 84' lang='lat'><strong>_</strong></span> 
     </span>
    </p>
   </div>
   <div class='ocr_carea' id='block_1_54' title="bbox 593 5444 3892 5519">
    <p class='ocr_par' dir='ltr' id='par_1_54' title="bbox 593 5444 3892 5519">
     <span class='ocr_line' id='line_1_54' title="bbox 593 5444 3892 5519; baseline -0.001 -16"><span class='ocrx_word' id='word_1_757' title='bbox 593 5447 850 5519; x_wconf 83' lang='lat' dir='ltr'><strong>porrigit;</strong></span> <span class='ocrx_word' id='word_1_758' title='bbox 880 5447 931 5501; x_wconf 94' lang='lat' dir='ltr'><strong>in</strong></span> <span class='ocrx_word' id='word_1_759' title='bbox 955 5462 1058 5518; x_wconf 90' lang='lat' dir='ltr'><strong>qua</strong></span> <span class='ocrx_word' id='word_1_760' title='bbox 1085 5447 1423 5517; x_wconf 89' lang='lat' dir='ltr'><strong>episcepatus</strong></span> <span class='ocrx_word' id='word_1_761' title='bbox 1454 5461 1590 5501; x_wconf 91' lang='lat' dir='ltr'><strong>unus</strong></span> <span class='ocrx_word' id='word_1_762' title='bbox 1615 5454 1726 5511; x_wconf 88' lang='lat' dir='ltr'><strong>est,</strong></span> <span class='ocrx_word' id='word_1_763' title='bbox 1768 5446 1920 5516; x_wconf 89' lang='lat' dir='ltr'><strong>cujus</strong></span> <span class='ocrx_word' id='word_1_764' title='bbox 1962 5463 1992 5500; x_wconf 90' lang='lat' dir='ltr'><strong>a</strong></span> <span class='ocrx_word' id='word_1_765' title='bbox 2031 5444 2256 5516; x_wconf 81' lang='lat' dir='ltr'><strong>singulis</strong></span> <span class='ocrx_word' id='word_1_766' title='bbox 2287 5446 2337 5499; x_wconf 89' lang='lat' dir='ltr'><strong>in</strong></span> <span class='ocrx_word' id='word_1_767' title='bbox 2381 5446 2610 5502; x_wconf 90' lang='lat' dir='ltr'><strong>solidum</strong></span> <span class='ocrx_word' id='word_1_768' title='bbox 2644 5461 2767 5517; x_wconf 84' lang='lat' dir='ltr'><strong>pars</strong></span> <span class='ocrx_word' id='word_1_769' title='bbox 2797 5455 3010 5502; x_wconf 90' lang='lat' dir='ltr'><strong>tenetur</strong></span> <span class='ocrx_word' id='word_1_770' title='bbox 3043 5446 3126 5518; x_wconf 84' lang='lat' dir='ltr'><strong>(de</strong></span> <span class='ocrx_word' id='word_1_771' title='bbox 3155 5445 3298 5500; x_wconf 86' lang='lat' dir='ltr'><strong>Unit.</strong></span> <span class='ocrx_word' id='word_1_772' title='bbox 3335 5445 3559 5512; x_wconf 81' lang='lat' dir='ltr'><strong>Eccles.,</strong></span> <span class='ocrx_word' id='word_1_773' title='bbox 3587 5464 3706 5519; x_wconf 85' lang='lat' dir='ltr'><strong>pag.</strong></span> <span class='ocrx_word' id='word_1_774' title='bbox 3739 5445 3892 5516; x_wconf 69' lang='lat' dir='ltr'><strong>lilii),</strong></span> 
     </span>
    </p>
   </div>
   <div class='ocr_carea' id='block_1_55' title="bbox 593 5537 3895 5610">
    <p class='ocr_par' dir='ltr' id='par_1_55' title="bbox 593 5537 3895 5610">
     <span class='ocr_line' id='line_1_55' title="bbox 593 5537 3895 5610; baseline 0 -16"><span class='ocrx_word' id='word_1_775' title='bbox 593 5541 648 5594; x_wconf 89' lang='lat' dir='ltr'><strong>in</strong></span> <span class='ocrx_word' id='word_1_776' title='bbox 676 5555 781 5610; x_wconf 89' lang='lat' dir='ltr'><strong>qua</strong></span> <span class='ocrx_word' id='word_1_777' title='bbox 811 5554 905 5610; x_wconf 92' lang='lat' dir='ltr'><strong>per</strong></span> <span class='ocrx_word' id='word_1_778' title='bbox 923 5547 1222 5610; x_wconf 91' lang='lat' dir='ltr'><strong>temporum</strong></span> <span class='ocrx_word' id='word_1_779' title='bbox 1254 5547 1308 5595; x_wconf 90' lang='lat' dir='ltr'><strong>et</strong></span> <span class='ocrx_word' id='word_1_780' title='bbox 1333 5539 1735 5596; x_wconf 89' lang='lat' dir='ltr'><strong>successionum</strong></span> <span class='ocrx_word' id='word_1_781' title='bbox 1769 5539 1910 5595; x_wconf 78' lang='lat' dir='ltr'><strong>vices</strong></span> <span class='ocrx_word' id='word_1_782' title='bbox 1935 5540 2310 5609; x_wconf 86' lang='lat' dir='ltr'><strong>episcoporum</strong></span> <span class='ocrx_word' id='word_1_783' title='bbox 2341 5538 2611 5594; x_wconf 89' lang='lat' dir='ltr'><strong>ordinatio</strong></span> <span class='ocrx_word' id='word_1_784' title='bbox 2636 5548 2690 5594; x_wconf 91' lang='lat' dir='ltr'><strong>et</strong></span> <span class='ocrx_word' id='word_1_785' title='bbox 2711 5537 2971 5594; x_wconf 73' lang='lat' dir='ltr'><strong>Ecclesia:</strong></span> <span class='ocrx_word' id='word_1_786' title='bbox 3001 5539 3140 5609; x_wconf 84' lang='lat' dir='ltr'><strong>ratio</strong></span> <span class='ocrx_word' id='word_1_787' title='bbox 3164 5537 3423 5605; x_wconf 89' lang='lat' dir='ltr'><strong>decurrit,</strong></span> <span class='ocrx_word' id='word_1_788' title='bbox 3453 5549 3510 5594; x_wconf 93' lang='lat' dir='ltr'><strong>ut</strong></span> <span class='ocrx_word' id='word_1_789' title='bbox 3536 5539 3778 5596; x_wconf 88' lang='lat' dir='ltr'><strong>Ecclesia</strong></span> <span class='ocrx_word' id='word_1_790' title='bbox 3803 5557 3895 5596; x_wconf 85' lang='lat' dir='ltr'><strong>su-</strong></span> 
     </span>
    </p>
   </div>
   <div class='ocr_carea' id='block_1_56' title="bbox 593 5630 3894 5705">
    <p class='ocr_par' dir='ltr' id='par_1_56' title="bbox 593 5630 3894 5705">
     <span class='ocr_line' id='line_1_56' title="bbox 593 5630 3894 5705; baseline 0 -16"><span class='ocrx_word' id='word_1_791' title='bbox 593 5648 692 5704; x_wconf 82' lang='lat' dir='ltr'><strong>per</strong></span> <span class='ocrx_word' id='word_1_792' title='bbox 717 5634 994 5704; x_wconf 85' lang='lat' dir='ltr'><strong>episcopos</strong></span> <span class='ocrx_word' id='word_1_793' title='bbox 1018 5634 1379 5690; x_wconf 89' lang='lat' dir='ltr'><strong>constituatur</strong></span> <span class='ocrx_word' id='word_1_794' title='bbox 1399 5674 1414 5698; x_wconf 96' lang='lat'><strong>,</strong></span> <span class='ocrx_word' id='word_1_795' title='bbox 1451 5643 1505 5688; x_wconf 92' lang='lat' dir='ltr'><strong>et</strong></span> <span class='ocrx_word' id='word_1_796' title='bbox 1547 5634 1723 5689; x_wconf 91' lang='lat' dir='ltr'><strong>omnis</strong></span> <span class='ocrx_word' id='word_1_797' title='bbox 1753 5642 1905 5688; x_wconf 90' lang='lat' dir='ltr'><strong>actus</strong></span> <span class='ocrx_word' id='word_1_798' title='bbox 1935 5630 2192 5688; x_wconf 77' lang='lat' dir='ltr'><strong>Ecclesia:</strong></span> <span class='ocrx_word' id='word_1_799' title='bbox 2237 5647 2332 5702; x_wconf 90' lang='lat' dir='ltr'><strong>per</strong></span> <span class='ocrx_word' id='word_1_800' title='bbox 2369 5631 2588 5688; x_wconf 89' lang='lat' dir='ltr'><strong>eosdem</strong></span> <span class='ocrx_word' id='word_1_801' title='bbox 2619 5632 2936 5703; x_wconf 74' lang='lat' dir='ltr'><strong>praepositos</strong></span> <span class='ocrx_word' id='word_1_802' title='bbox 2968 5631 3294 5704; x_wconf 76' lang='lat' dir='ltr'><strong>gubernetur</strong></span> <span class='ocrx_word' id='word_1_803' title='bbox 3331 5632 3527 5704; x_wconf 87' lang='lat' dir='ltr'><strong>(Epist.</strong></span> <span class='ocrx_word' id='word_1_804' title='bbox 3564 5631 3754 5705; x_wconf 81' lang='lat' dir='ltr'><strong>xxvn).</strong></span> <span class='ocrx_word' id='word_1_805' title='bbox 3783 5652 3802 5686; x_wconf 73' lang='grc' dir='ltr'><strong><em>ι</em></strong></span> <span class='ocrx_word' id='word_1_806' title='bbox 3837 5633 3894 5690; x_wconf 91' lang='lat' dir='ltr'><strong>ln</strong></span> 
     </span>
    </p>
   </div>
   <div class='ocr_carea' id='block_1_57' title="bbox 595 5726 3895 5805">
    <p class='ocr_par' dir='ltr' id='par_1_57' title="bbox 595 5726 3895 5805">
     <span class='ocr_line' id='line_1_57' title="bbox 595 5726 3895 5805; baseline -0.001 -20"><span class='ocrx_word' id='word_1_807' title='bbox 595 5731 680 5786; x_wconf 92' lang='lat' dir='ltr'><strong>his</strong></span> <span class='ocrx_word' id='word_1_808' title='bbox 708 5741 760 5785; x_wconf 94' lang='lat' dir='ltr'><strong>et</strong></span> <span class='ocrx_word' id='word_1_809' title='bbox 788 5730 909 5785; x_wconf 87' lang='lat' dir='ltr'><strong>aliis</strong></span> <span class='ocrx_word' id='word_1_810' title='bbox 945 5730 1212 5805; x_wconf 86' lang='lat' dir='ltr'><strong>ejusmodi</strong></span> <span class='ocrx_word' id='word_1_811' title='bbox 1245 5729 1376 5785; x_wconf 90' lang='lat' dir='ltr'><strong>locis</strong></span> <span class='ocrx_word' id='word_1_812' title='bbox 1402 5729 1546 5783; x_wconf 89' lang='lat' dir='ltr'><strong>nulla</strong></span> <span class='ocrx_word' id='word_1_813' title='bbox 1575 5729 1776 5784; x_wconf 89' lang='lat' dir='ltr'><strong>residet</strong></span> <span class='ocrx_word' id='word_1_814' title='bbox 1803 5729 2039 5800; x_wconf 90' lang='lat' dir='ltr'><strong>suspicio</strong></span> <span class='ocrx_word' id='word_1_815' title='bbox 2074 5727 2316 5784; x_wconf 75' lang='lat' dir='ltr'><strong>ecclesia:</strong></span> <span class='ocrx_word' id='word_1_816' title='bbox 2342 5727 2645 5793; x_wconf 89' lang='lat' dir='ltr'><strong>invisibilis;</strong></span> <span class='ocrx_word' id='word_1_817' title='bbox 2675 5743 2847 5800; x_wconf 91' lang='lat' dir='ltr'><strong>neque</strong></span> <span class='ocrx_word' id='word_1_818' title='bbox 2872 5729 3013 5784; x_wconf 90' lang='lat' dir='ltr'><strong>enim</strong></span> <span class='ocrx_word' id='word_1_819' title='bbox 3045 5728 3223 5800; x_wconf 89' lang='lat' dir='ltr'><strong>lapses</strong></span> <span class='ocrx_word' id='word_1_820' title='bbox 3250 5726 3554 5783; x_wconf 87' lang='lat' dir='ltr'><strong>hortaretur</strong></span> <span class='ocrx_word' id='word_1_821' title='bbox 3585 5727 3895 5799; x_wconf 84' lang='lat' dir='ltr'><strong>Cyprianus</strong></span> 
     </span>
    </p>
   </div>
   <div class='ocr_carea' id='block_1_58' title="bbox 591 5820 3897 5896">
    <p class='ocr_par' dir='ltr' id='par_1_58' title="bbox 591 5820 3897 5896">
     <span class='ocr_line' id='line_1_58' title="bbox 591 5820 3897 5896; baseline 0.001 -18"><span class='ocrx_word' id='word_1_822' title='bbox 591 5833 654 5878; x_wconf 88' lang='lat' dir='ltr'><strong>ut</strong></span> <span class='ocrx_word' id='word_1_823' title='bbox 677 5822 932 5879; x_wconf 80' lang='lat' dir='ltr'><strong>Ecclesia:</strong></span> <span class='ocrx_word' id='word_1_824' title='bbox 957 5821 1238 5879; x_wconf 85' lang='lat' dir='ltr'><strong>invisibilis</strong></span> <span class='ocrx_word' id='word_1_825' title='bbox 1262 5821 1495 5878; x_wconf 88' lang='lat' dir='ltr'><strong>decretis</strong></span> <span class='ocrx_word' id='word_1_826' title='bbox 1521 5821 1915 5893; x_wconf 88' lang='lat' dir='ltr'><strong>obsequantur,</strong></span> <span class='ocrx_word' id='word_1_827' title='bbox 1948 5831 2040 5877; x_wconf 87' lang='lat' dir='ltr'><strong>aut</strong></span> <span class='ocrx_word' id='word_1_828' title='bbox 2067 5820 2409 5878; x_wconf 87' lang='lat' dir='ltr'><strong>cenfesseres</strong></span> <span class='ocrx_word' id='word_1_829' title='bbox 2439 5831 2495 5877; x_wconf 93' lang='lat' dir='ltr'><strong>ut</strong></span> <span class='ocrx_word' id='word_1_830' title='bbox 2514 5821 2583 5877; x_wconf 86' lang='lat' dir='ltr'><strong>ad</strong></span> <span class='ocrx_word' id='word_1_831' title='bbox 2609 5821 2907 5880; x_wconf 89' lang='lat' dir='ltr'><strong>Eeclesiam</strong></span> <span class='ocrx_word' id='word_1_832' title='bbox 2933 5822 3255 5880; x_wconf 89' lang='lat' dir='ltr'><strong>invisibilem</strong></span> <span class='ocrx_word' id='word_1_833' title='bbox 3276 5820 3538 5893; x_wconf 86' lang='lat' dir='ltr'><strong>redeant;</strong></span> <span class='ocrx_word' id='word_1_834' title='bbox 3569 5835 3671 5880; x_wconf 88' lang='lat' dir='ltr'><strong>nec</strong></span> <span class='ocrx_word' id='word_1_835' title='bbox 3692 5823 3897 5896; x_wconf 82' lang='lat' dir='ltr'><strong>episce-</strong></span> 
     </span>
    </p>
   </div>
   <div class='ocr_carea' id='block_1_59' title="bbox 589 5911 3242 5987">
    <p class='ocr_par' dir='ltr' id='par_1_59' title="bbox 589 5911 3242 5987">
     <span class='ocr_line' id='line_1_59' title="bbox 589 5911 3242 5987; baseline -0.002 -13"><span class='ocrx_word' id='word_1_836' title='bbox 589 5926 782 5975; x_wconf 86' lang='lat' dir='ltr'><strong>lorum</strong></span> <span class='ocrx_word' id='word_1_837' title='bbox 808 5915 1202 5976; x_wconf 87' lang='lat' dir='ltr'><strong>successionem</strong></span> <span class='ocrx_word' id='word_1_838' title='bbox 1234 5913 1393 5974; x_wconf 83' lang='lat' dir='ltr'><strong>habet</strong></span> <span class='ocrx_word' id='word_1_839' title='bbox 1413 5913 1638 5972; x_wconf 85' lang='lat' dir='ltr'><strong>ecclesia</strong></span> <span class='ocrx_word' id='word_1_840' title='bbox 1655 5912 1956 5984; x_wconf 88' lang='lat' dir='ltr'><strong>invisibilis,</strong></span> <span class='ocrx_word' id='word_1_841' title='bbox 1980 5929 2079 5972; x_wconf 88' lang='lat' dir='ltr'><strong>nec</strong></span> <span class='ocrx_word' id='word_1_842' title='bbox 2107 5928 2202 5987; x_wconf 89' lang='lat' dir='ltr'><strong>per</strong></span> <span class='ocrx_word' id='word_1_843' title='bbox 2221 5920 2390 5971; x_wconf 89' lang='lat' dir='ltr'><strong>totum</strong></span> <span class='ocrx_word' id='word_1_844' title='bbox 2413 5911 2598 5974; x_wconf 86' lang='lat' dir='ltr'><strong>orbem</strong></span> <span class='ocrx_word' id='word_1_845' title='bbox 2621 5915 2798 5974; x_wconf 79' lang='lat' dir='ltr'><strong>radios</strong></span> <span class='ocrx_word' id='word_1_846' title='bbox 2825 5928 2950 5972; x_wconf 89' lang='lat' dir='ltr'><strong>suos</strong></span> <span class='ocrx_word' id='word_1_847' title='bbox 2977 5911 3242 5972; x_wconf 75' lang='lat' dir='ltr'><strong>diffundit.</strong></span> 
     </span>
    </p>
   </div>
  </div>
