4172 6264
322 333 396 389 Π
464 372 477 378 -
723 384 739 400 ,
1758 330 2145 391 ΡΒΛΕΡΑΤΙΟ.
3574 339 3645 394 18

404 449 535 517 Sed,
569 465 638 509 ne
663 450 784 520 quis
801 449 946 508 dicat
971 449 1274 511 Ecclesium
1315 450 1504 526 primis
1538 451 1750 509 staenlis
1787 452 1888 509 hos
1916 453 2101 511 titulos
2122 452 2405 524 meruisse,
2429 461 2484 511 at
2507 463 2693 529 postea
2723 468 2909 514 rerum
2937 455 3131 515 faciem
3154 455 3322 514 fuisse
3342 461 3622 521 mutatam.

320 544 562 601 occurrit
597 542 681 600 his
705 543 990 599 calumniis
1011 542 1343 616 Cyprianus,
1385 559 1449 601 ac
1474 544 1741 601 visibilem
1780 545 1925 600 illam
1963 546 2258 603 Ecclesium
2291 547 2453 603 nullis
2494 540 2771 605 hominum
2800 549 3004 606 viribus
3029 552 3222 617 everti,
3252 549 3403 605 nullo
3429 549 3619 606 errore

322 637 594 710 superari,
624 637 776 694 nullo
803 636 1096 694 schismate
1125 637 1289 693 dividi
1319 651 1479 709 posse
1503 638 1797 695 contendit.
1824 638 1962 708 Quid
1983 638 2052 695 de
2076 640 2540 710 persecutionibus
2581 642 2963 713 imperatorum
2990 644 3239 708 senserit,
3273 644 3502 714 perspici
3525 656 3630 714 po-

325 740 433 789 test
462 746 531 788 ex
560 730 702 788 libro
722 729 785 784 de
810 728 1017 802 Lapsis,
1042 730 1129 787 ubi
1153 730 1475 787 horrendam
1499 731 1643 786 illam
1669 732 2122 803 persecutionem,
2151 748 2312 805 quam
2344 735 2538 791 Decius
2563 735 2832 804 accendit,
2858 736 3041 793 divino
3069 737 3296 795 consilio
3324 739 3638 810 permissam

322 825 499 885 fuisse
518 826 698 892 docet,
726 834 789 881 ut
813 827 1028 897 pietatis
1056 826 1315 892 studium,
1348 826 1503 899 longa
1534 841 1663 897 pace
1686 825 2079 899 refrigeratum,
2127 830 2582 897 cxsuscitaretur;
2628 832 2707 887 sic
2734 833 2895 888 etiam
2940 833 3368 904 persecutionem
3410 834 3547 891 Galli
3584 849 3639 893 et

323 921 607 978 Volusiani
639 920 824 976 Romae
854 920 1166 993 prorupisse
1196 921 1470 988 observat,
1506 940 1524 974 ‹
1563 929 1621 976 ut
1658 921 1726 976 ad
1770 921 2178 979 confundendos
2213 924 2497 980 hmreticos
2536 933 2592 981 ct
2616 924 2983 982 retundendos
3019 926 3333 983 ostenderet
3377 928 3639 986 Dominus

322 1030 447 1088 qua:
474 1025 623 1071 esset
650 1012 990 1079 Ecclesia...,
1019 1013 1111 1086 qui
1139 1023 1475 1086 essentquos
1499 1014 1747 1071 inimicus
1772 1015 2083 1085 lacesseret,
2116 1018 2207 1088 qui
2233 1025 2422 1073 contra
2446 1006 2641 1089 quibus
2668 1016 2919 1074 diabolus
2947 1028 3006 1074 ut
3025 1019 3139 1075 suis
3162 1029 3410 1092 parceret
3437 1020 3635 1096 (Epist.

326 1109 542 1184 t.v1n).r
569 1110 658 1167 Sic
682 1109 751 1167 de
769 1109 1128 1181 perpetuitate
1153 1109 1407 1166 Ecclesia:
1432 1110 1753 1166 sentientem
1781 1126 1881 1167 nec
1910 1110 2147 1168 haereses
2174 1127 2272 1168 nec
2291 1113 2579 1168 schismata
2611 1111 2889 1169 terrebant
2913 1130 2927 1167 :
2963 1114 3218 1185 praedicta
3246 1115 3363 1172 huic
3387 1116 3588 1173 sciebat
3608 1135 3638 1173 a

323 1198 549 1257 Christo
577 1209 631 1256 et
656 1199 946 1270 Apostolis,
969 1213 1068 1255 nec
1094 1200 1418 1269 quemquam
1443 1200 1624 1255 mirari
1651 1200 1850 1258 debere
1878 1216 1999 1258 cum
2029 1203 2293 1258 eveniunt
2325 1203 2521 1275 (Epist.
2554 1204 2663 1276 LV).
2733 1205 2890 1261 Nullo
2914 1213 3095 1261 autem
3124 1221 3310 1262 errore
3339 1207 3637 1265 Ecclesium

326 1294 514 1359 inﬁci,
542 1293 691 1349 nullo
716 1293 1010 1349 schismate
1029 1293 1305 1363 corrumpi
1336 1306 1497 1363 posse
1529 1284 1769 1364 pluribus
1811 1295 1942 1352 locis
1965 1295 2223 1364 declarat,
2248 1296 2508 1367 imprimis
2539 1298 2590 1352 in
2620 1298 2758 1354 libro
2788 1300 2851 1353 de
2879 1299 3085 1356 Unitate
3111 1299 3384 1368 Ecclesiw,
3425 1302 3515 1359 ubi
3559 1305 3639 1359 sie

325 1387 567 1461 loquitur
593 1388 736 1461 (pag.
767 1387 895 1459 195)
920 1403 935 1441 :
965 1404 985 1440 ι
1008 1385 1311 1442 Adulteruri
1334 1401 1441 1442 non
1472 1395 1643 1457 potest
1675 1402 1871 1459 sponsa
1893 1387 2114 1458 Christi;
2138 1392 2443 1461 incorrupta
2460 1393 2817 1464 cstetpudicu
2837 1411 2851 1459 ;
2872 1409 3029 1449 unum
3058 1394 3276 1450 domum
3295 1375 3639 1461 novit,uuius

326 1480 565 1538 cubiculi
595 1478 933 1537 sanctitatem
958 1490 1109 1535 casto
1129 1479 1332 1551 pudore
1347 1480 1672 1549 custodit...;
1704 1481 1830 1538 dicit
1862 1481 2117 1539 Dominus
2148 1501 2162 1538 :
2195 1482 2306 1556 Ego
2350 1495 2398 1541 et
2438 1484 2593 1540 Pater
2618 1503 2775 1542 unum
2806 1504 2983 1543 sumus
3027 1504 3047 1543 :
3086 1498 3140 1545 et
3168 1489 3361 1545 iterum
3391 1490 3458 1546 dc
3478 1490 3639 1547 Patre

326 1587 387 1633 et
411 1576 551 1633 Filio
574 1586 628 1632 et
651 1573 854 1646 Spiritu
882 1581 1070 1629 sancto
1112 1573 1371 1644 scriptum
1396 1583 1480 1630 est
1509 1592 1521 1627 :
1555 1572 1621 1628 Et
1652 1575 1705 1628 In'
1727 1585 1826 1631 tres
1846 1591 2007 1630 unua:
2031 1584 2167 1631 sunt.
2200 1577 2265 1631 Et
2284 1577 2571 1649 quisquam
2597 1578 2936 1635 credirhanc
2959 1581 3215 1638 unitatem
3244 1581 3313 1639 de
3338 1582 3516 1638 divina
3545 1583 3641 1640 ﬁr-

323 1674 517 1730 mitate
543 1672 867 1736 venientem,
901 1670 1248 1727 sacramentis
1269 1669 1580 1727 coelestibus
1607 1671 1993 1739 cohaerentem,
2013 1659 2186 1728 'scindi
2219 1672 2272 1727 in
2304 1672 2545 1729 Ecclesia
2582 1688 2741 1743 posse
2761 1716 2777 1741 ,
2818 1684 2872 1730 et
2905 1675 3235 1732 voluntatum
3266 1675 3634 1734 collidentium

330 1766 571 1822 divortio
598 1762 871 1835 separari!
899 1781 919 1815 ι
954 1761 1022 1818 Ει
1052 1762 1213 1834 paulo
1242 1772 1403 1833 post:
1442 1780 1461 1816 ι
1499 1764 1637 1831 Quia
1661 1763 1859 1820 Christi
1890 1764 2115 1836 populus
2143 1780 2248 1822 non
2289 1775 2467 1838 potest
2496 1767 2697 1834 scindi,
2732 1769 2910 1824 tunica
2951 1769 3069 1841 ejus
3102 1785 3199 1840 per
3240 1780 3410 1827 totum
3439 1772 3638 1828 textilis

323 1868 393 1916 et
406 1857 686 1916 cohaerens
711 1856 881 1914 divisa
898 1870 927 1911 a
958 1855 1355 1927 possidentibus
1380 1871 1486 1912 non
1513 1864 1625 1913 est:
1657 1855 1955 1924 individua,
1977 1858 2247 1928 copulata,
2275 1874 2540 1925 connexa,
2565 1859 2800 1916 ostendit
2825 1861 3004 1932 populi
3020 1863 3213 1931 nostri,
3240 1864 3332 1933 qui
3362 1862 3634 1920 Christum

325 1952 625 2022 induimus,
656 1949 998 2008 concordiam
1028 1947 1429 2018 cohzcrentem;
1462 1959 1801 2006 sacramento
1831 1948 1996 2008 vestis
2023 1959 2078 2006 et
2104 1952 2258 2021 signo
2285 1950 2580 2008 declaravit
2609 1950 2868 2010 Ecclesia:
2912 1955 3193 2013 unitatem.
3229 1956 3361 2026 Quis
3400 1973 3530 2029 ergo
3559 1959 3638 2014 sic

320 2050 630 2107 sceleratus
650 2058 704 2105 et
730 2047 987 2120 perﬁdus,
1021 2047 1140 2118 quis
1159 2046 1238 2103 sic
1261 2045 1546 2103 discordiae
1570 2044 1753 2101 furore
1775 2059 2037 2112 vesanus,
2068 2054 2126 2099 ut
2162 2054 2253 2100 aut
2282 2045 2464 2102 credat
2494 2046 2664 2103 scindi
2690 2061 2872 2117 posse,
2901 2055 2995 2103 aut
3018 2048 3215 2104 audeat
3236 2039 3482 2106 scindere
3510 2050 3633 2106 uni-

321 2153 494 2202 tatem
527 2143 646 2213 Dei,
676 2151 877 2200 vestem
910 2142 1142 2208 Domini,
1172 2140 1470 2198 Ecclesium
1500 2139 1742 2197 Christi?
1776 2160 1796 2193 ι
1843 2139 1970 2195 Erat
1998 2153 2127 2211 ergo
2156 2148 2498 2210 perspectum
2524 2138 2581 2196 S.
2615 2138 2833 2211 Martyri
2852 2181 2868 2207 ,
2899 2141 3144 2212 quamvis
3182 2140 3423 2199 haereses
3450 2144 3638 2202 Eccle-

319 2237 466 2292 sium
494 2243 822 2308 oppugnent,
847 2233 1093 2307 quamvis
1136 2232 1427 2299 schismata
1468 2233 1754 2289 nonnullas
1805 2232 1957 2289 illius
1986 2241 2173 2301 partes
2218 2231 2475 2297 avellant,
2510 2230 2813 2287 Ecclesium
2851 2240 3028 2287 tamen
3068 2247 3168 2290 suo
3197 2248 3413 2306 semper
3439 2238 3632 2295 robore

326 2340 503 2397 stare,
530 2343 630 2386 nec
659 2329 959 2394 veritatem,
988 2340 1149 2399 quam
1183 2325 1429 2383 Christus
1459 2325 1531 2381 illi
1560 2325 1853 2389 commisit,
1896 2326 2003 2382 ulla
2040 2325 2232 2382 hmresi
2278 2324 2555 2390 infuseari,
2606 2334 2700 2381 aut
2743 2325 3000 2383 unitatem
3042 2328 3334 2385 schismate
3360 2334 3636 2404 corrumpi

318 2439 506 2496 posse.
544 2423 680 2479 lline
715 2424 855 2479 inter
908 2432 1083 2479 sectus
1123 2437 1241 2494 qua:
1263 2420 1329 2478 ab
1351 2420 1590 2478 Ecclesia
1621 2420 1926 2488 discedunt,
1957 2432 2010 2478 et
2035 2422 2329 2478 Ecclesium
2377 2423 2545 2494 ipsum
2576 2432 2779 2479 tantum
2815 2423 2964 2494 ponit
2990 2422 3344 2490 discriminis,
3375 2436 3632 2495 quantum

319 2520 469 2575 inter
495 2518 769 2574 hominum
801 2525 858 2574 et
885 2516 975 2573 Dei
1007 2531 1167 2588 opus:
1195 2531 1258 2572 ac
1293 2515 1653 2572 Novatianum
1683 2516 1925 2572 stultitia:
1949 2519 2143 2589 arguit,
2183 2537 2201 2570 ι
2237 2516 2381 2588 quod
2406 2532 2526 2573 cum
2553 2516 2622 2572 sit
2647 2532 2678 2573 a
2705 2516 2917 2574 Christo
2946 2533 3049 2574 una
3082 2518 3321 2574 Ecclesia
3345 2534 3439 2589 per
3460 2528 3630 2576 totum

318 2610 584 2667 mundum
609 2611 662 2666 in
693 2611 857 2667 multa
887 2611 1125 2667 membra
1155 2609 1348 2678 divisa,
1381 2611 1507 2667 item
1528 2610 1867 2681 episcopatus
1892 2628 2032 2668 unus
2048 2610 2337 2668 multorum
2365 2611 2737 2683 episcoporum
2777 2612 3033 2669 concordi
3063 2614 3446 2670 numerositate
3471 2613 3627 2671 ditiu-

319 2718 439 2774 sus,
482 2705 571 2760 ille
597 2713 716 2776 post
745 2703 836 2759 Dei
868 2703 1228 2772 traditionem,
1263 2713 1381 2774 post
1406 2717 1705 2760 connexum
1737 2712 1791 2760 et
1819 2703 2016 2776 ubique
2039 2704 2377 2778 conjunctam
2405 2704 2682 2764 catholica:
2729 2705 2987 2763 Ecclesia:
3026 2706 3305 2773 unitatem,
3336 2703 3622 2765 humanam

320 2807 552 2854 conetur
574 2795 747 2854 facere
775 2796 1069 2865 Ecclesium
1105 2797 1303 2871 (Epist.
1334 2797 1447 2871 ιη).
1482 2818 1502 2852 ι

393 2890 549 2961 Quod
580 2906 645 2947 ex
673 2889 757 2954 his
783 2890 1058 2962 principiis
1088 2891 1393 2946 necessario
1420 2892 1683 2963 sequitur,
1716 2907 2011 2964 numquam
2049 2894 2292 2952 accidere
2331 2911 2489 2966 posse
2511 2904 2566 2950 ut
2590 2894 2732 2967 justa
2781 2895 2852 2951 sit
2887 2909 3046 2952 causa
3075 2894 3143 2951 ab
3175 2892 3418 2951 Ecclesia
3440 2892 3622 2948 disce-

316 2983 503 3046 dendi,
534 2983 585 3038 id
616 2983 775 3038 etiam
808 2996 952 3054 smpe
980 2998 1009 3036 a
1040 2981 1307 3055 Cypriane
1331 2980 1552 3039 docetur
1580 3000 1592 3037 :
1635 3000 2000 3057 quoscmnque
2027 2988 2169 3041 enim
2202 2988 2413 3043 videbat
2442 2989 2509 3044 ah
2531 2989 2772 3045 Ecclesia
2801 2989 3103 3055 discedere,
3137 3003 3231 3043 eos
3256 2989 3469 3058 propria
3499 3002 3624 3045 scn—
3678 2992 3683 3001 '

321 3076 489 3132 tentia
519 3075 801 3131 damnatos
828 3073 1059 3142 diccbat,
1091 3075 1160 3130 ita
1189 3085 1245 3130 ut
1276 3090 1500 3132 necesse
1533 3092 1637 3131 non
1684 3086 1833 3133 esset
1862 3076 2004 3133 aliud
2035 3078 2103 3135 de
2125 3079 2230 3135 illis
2251 3080 2509 3149 judicium
2556 3082 2778 3138 institui.
2799 3081 2889 3139 Sic
2926 3083 3000 3137 ait
3046 3081 3241 3155 (Epist.
3273 3080 3423 3153 xux)
3448 3079 3625 3136 Nova-

320 3180 456 3235 tum,
484 3188 500 3221 ι
528 3168 615 3239 qni
646 3168 765 3239 ejici
782 3166 850 3223 de
875 3167 1110 3224 Ecclesia
1133 3176 1186 3224 et
1205 3169 1412 3225 excludi
1429 3169 1677 3237 habebat,
1701 3171 1955 3243 judicium
1976 3173 2315 3230 sacerdotum
2344 3176 2640 3232 voluntaria
2656 3176 2987 3234 discessione
3006 3197 3026 3232 ι
3048 3177 3408 3249 prmcessisse,
3434 3195 3454 3230 α
3474 3176 3628 3248 quasi
3700 3199 3710 3203 ·

318 3262 560 3320 evasisse
585 3262 656 3317 sit
677 3278 910 3332 pcenznu,
943 3262 1272 3333 praevenissc
1297 3267 1616 3321 sententiam
1649 3284 1662 3321 :
1699 3285 1717 3322 ›
1751 3275 1804 3321 et
1833 3266 1886 3321 in
1913 3265 2052 3322 libro
2082 3268 2146 3323 de
2179 3268 2320 3325 Unit.
2353 3268 2573 3334 Eccles.,
2604 3287 2658 3341 p.
2689 3270 2814 3327 200.
2854 3288 2873 3323 ι
2909 3268 3249 3326 Aversandus
3298 3277 3385 3326 est
3428 3269 3570 3335 talis,
3607 3287 3626 3321 ι

318 3355 516 3426 inquit,
544 3373 564 3408 ι
598 3363 757 3426 atque
784 3354 1065 3427 fugiendus
1095 3356 1336 3427 quisquis
1362 3355 1519 3414 fuerit
1544 3358 1612 3413 ab
1635 3359 1874 3415 Ecclesia
1902 3369 2199 3429 separatus.
2229 3361 2520 3417 Pcrvcrsus
2546 3372 2623 3417 est
2658 3360 2982 3434 lmjusmodi.
3004 3371 3057 3417 ct
3084 3370 3269 3432 peccat
3294 3370 3453 3417 etest
3477 3376 3507 3416 a
3529 3376 3622 3417 se-

318 3448 554 3519 metipso
593 3446 879 3502 danmatns
918 3445 1064 3517 (Vid.
1100 3447 1270 3519 Epist.
1303 3449 1418 3517 χι).
1457 3468 1492 3502 ι’
1515 3449 1594 3505 Ex
1626 3449 1709 3506 his
1740 3448 1895 3506 facile
1932 3452 2251 3521 perspicitur
2273 3467 2428 3507 unum
2471 3468 2689 3524 prorsus
2718 3463 2771 3510 et
2799 3453 3124 3508 individuam
3154 3466 3275 3508 esse
3299 3450 3495 3508 Christi
3519 3450 3621 3507 Ec-

316 3541 564 3612 clesium,
594 3542 837 3613 quamvis
859 3542 1039 3613 plures
1066 3551 1229 3598 sectae
1258 3545 1438 3598 verum
1463 3559 1524 3601 se
1551 3543 1849 3601 Ecclesium
1871 3546 2071 3602 Christi
2102 3561 2222 3602 esse
2253 3546 2549 3603 intendant.
2583 3546 2717 3602 Nam
2751 3547 2869 3616 plus
2894 3562 2995 3602 una
3018 3561 3137 3602 esse
3162 3560 3269 3601 non
3294 3552 3472 3617 potest
3499 3561 3619 3613 quae

315 3650 509 3693 errore
527 3644 585 3690 et
603 3634 894 3690 schismate
922 3650 1028 3690 non
1055 3635 1221 3704 possit
1248 3638 1438 3705 everti,
1462 3646 1515 3695 et
1538 3656 1568 3694 a
1596 3655 1699 3711 qua
1736 3641 1854 3697 sine
1888 3642 2092 3697 scelere
2117 3640 2318 3697 discedi
2359 3656 2464 3696 non
2507 3643 2694 3712 possit.
2737 3640 2793 3698 Id
2842 3649 3020 3697 autem
3048 3640 3274 3696 miriﬁce
3297 3638 3624 3695 conﬁrmant

315 3744 508 3787 omnes
528 3728 780 3801 Cypriani
806 3729 1108 3784 sententiae.
1133 3727 1429 3785 Ecclesium
1465 3749 1484 3783 ι
1514 3748 1635 3803 quae
1665 3742 1720 3791 et
1752 3734 1880 3789 vivit
1902 3735 1956 3790 in
1985 3744 2249 3791 mternum
2275 3743 2329 3793 et
2358 3734 2588 3791 vivificat
2620 3736 2708 3791 Dei
2737 3736 2993 3806 populum
3022 3734 3099 3807 (p.
3126 3730 3273 3805 127),
3313 3751 3333 3785 ι
3359 3733 3431 3789 ita
3458 3747 3616 3789 unam

314 3836 440 3878 esse
467 3818 764 3885 contendit,
796 3828 875 3884 ut,
904 3820 947 3875 si
979 3820 1118 3890 apud
1135 3820 1487 3879 Novatiauum
1519 3823 1636 3893 fuit,
1663 3825 1802 3896 apud
1831 3825 2140 3882 Cornelium
2192 3843 2294 3883 non
2326 3827 2488 3885 fuisse
2516 3820 2752 3885 declaret
2791 3826 2868 3901 (p.
2897 3826 3047 3895 152).
3080 3826 3214 3881 llinc
3241 3824 3399 3882 toties
3429 3824 3621 3882 Eccle-

315 3915 396 3970 sia
427 3915 614 3969 hortus
640 3912 948 3979 conclusus,
982 3914 1098 3969 fons
1129 3913 1364 3987 signatus
1395 3917 1611 3984 dicitur,
1660 3930 1717 3973 ut
1763 3919 1816 3973 in
1847 3918 2033 3975 eadem
2064 3921 2284 3991 pagina;
2320 3935 2515 3990 sponsu
2546 3919 2762 3985 Christi,
2787 3934 2905 3990 quae
2936 3917 3049 3973 sola
3081 3916 3220 3973 ﬁlios
3240 3931 3499 3988 generare
3530 3931 3625 3986 po-

312 4018 437 4074 test,
461 4023 838 4089 quchuecum
873 4008 1089 4065 Christo
1118 4009 1403 4066 individuis
1431 4010 1653 4068 nexibus
1679 4012 1915 4069 cohaeret
1934 4012 2048 4086 (pp.
2080 4014 2168 4077 6'5,
2193 4013 2315 4079 108,
2359 4014 2481 4079 MO,
2517 4014 2636 4081 117,
2669 4010 2815 4084 195).
2849 4030 2868 4063 ‹
2894 4009 3041 4067 Hanc
3071 4009 3325 4066 Ecclesiae
3347 4008 3626 4066 catholicic

314 4103 575 4158 unitatem
602 4099 671 4157 dc
687 4099 886 4156 divina:
906 4100 1275 4173 dispositionis
1302 4103 1608 4175 dignatione
1627 4107 1928 4163 venientem
1953 4108 2029 4177 (p.
2055 4106 2205 4180 128),
2238 4127 2257 4160 ι
2290 4122 2604 4176 comparare
2654 4122 2759 4162 non
2785 4104 2994 4162 dubitat
3034 4104 3330 4178 Cyprianus
3357 4120 3479 4163 cum
3503 4105 3627 4160 uni«

318 4205 430 4255 tate
456 4195 659 4252 Christi
684 4193 763 4268 (p.
787 4194 938 4268 152),
970 4212 1091 4252 cum
1122 4199 1322 4255 unitate
1341 4197 1434 4253 Dei
1467 4199 1544 4272 (p.
1567 4198 1718 4272 202),
1745 4215 1867 4256 cum
1890 4202 2091 4256 unitate
2107 4200 2382 4257 Trinitatis
2411 4199 2487 4275 (p.
2520 4198 2669 4272 196).

392 4294 566 4361 Atque
592 4289 681 4346 hic
705 4289 804 4345 fuit
828 4290 993 4347 cardo
1014 4292 1256 4347 omnium
1291 4295 1780 4350 controversiarum
1827 4309 1947 4364 qua:
1979 4302 2165 4349 sancto
2188 4294 2459 4367 Cypriano
2501 4301 2950 4364 supervenerunt.
2983 4293 3117 4350 Cum
3159 4292 3525 4349 Felicissimus
3569 4302 3625 4348 et

316 4382 553 4453 quinque
581 4380 880 4453 presbyteri
907 4382 1195 4438 nonnullos
1221 4396 1287 4438 cx
1313 4382 1480 4452 lapsis
1503 4399 1532 4438 a
1562 4384 1812 4457 Cypriani
1843 4385 2227 4442 communione
2252 4386 2658 4453 abstraxissent,
2683 4401 2746 4443 ac
2766 4386 3026 4457 speciosis
3050 4386 3226 4442 causis
3256 4386 3435 4444 scelus
3461 4399 3619 4440 suum

314 4484 700 4548 praetexerent,
728 4484 964 4545 quantus
986 4474 1142 4533 dolor
1175 4475 1381 4533 exstitit
1403 4474 1658 4548 Cypriani
1683 4478 1737 4532 in
1767 4476 1867 4534 hac
1895 4479 2196 4534 animarum
2219 4478 2321 4533 sibi
2347 4477 2672 4534 creditarum
2701 4477 2968 4549 pernicie!
2995 4486 3197 4549 quanto
3216 4477 3491 4533 eharitatis
3511 4485 3624 4530 stu-

317 4569 413 4627 dio
433 4570 678 4645 hortatur
697 4580 753 4627 ut
775 4572 946 4627 vitent
972 4570 1127 4643 lupos
1147 4572 1238 4643 qui
1266 4571 1491 4628 salutent
1514 4573 1852 4643 promittunt,
1880 4592 1898 4625 ‹
1926 4588 1993 4629 ne
2012 4574 2100 4645 qui
2124 4572 2348 4644 deliquit
2370 4572 2551 4627 veniat
2573 4570 2642 4627 ad
2668 4571 2896 4628 salutem
2923 4588 2938 4637 ;
2967 4591 2987 4625 ι
3013 4572 3102 4641 qui
3133 4569 3428 4626 Ecclesium
3454 4582 3617 4639 spon-

312 4661 466 4730 dent,
494 4663 621 4719 dum
651 4664 704 4718 id
734 4673 915 4737 agunt,
940 4672 996 4719 ut
1020 4665 1108 4736 qui
1140 4664 1246 4720 illis
1264 4664 1435 4720 credit
1468 4682 1488 4719 ‹
1524 4666 1574 4719 in
1606 4672 1774 4721 totum
1800 4665 1869 4721 ab
1900 4666 2141 4722 Ecclesia
2170 4674 2356 4736 pereat
2394 4663 2563 4737 (Epp.
2593 4680 2800 4721 xxxvnt
2830 4673 2884 4720 et
2915 4662 3031 4735 XL).
3071 4683 3090 4716 ι
3133 4662 3274 4719 Nihil
3316 4669 3494 4719 autem
3524 4676 3623 4731 ap-

316 4758 425 4813 tius
454 4756 738 4814 videbatur
764 4756 1034 4829 Cypriano
1067 4756 1133 4813 ad
1162 4771 1255 4812 eos
1279 4757 1369 4828 qui
1416 4756 1628 4827 decepti
1667 4756 1878 4814 fuerunt
1904 4757 2278 4820 deterrendos.
2301 4771 2463 4830 quam
2489 4766 2547 4812 ut
2580 4769 2675 4812 eos
2688 4755 3100 4811 demonstraret
3126 4753 3178 4809 itt
3214 4753 3454 4812 Ecclesia
3490 4769 3615 4810 cum

315 4852 585 4923 episcopis
613 4859 669 4907 ct
692 4852 848 4922 plebe
872 4850 1069 4908 Christi
1093 4850 1496 4907 communicare
1522 4865 1626 4907 non
1657 4865 1837 4923 posse,
1857 4853 1903 4907 si
1929 4850 2237 4907 schismatis
2273 4851 2438 4907 duces
2467 4856 2774 4920 sequantur.
2803 4846 3011 4902 Revera
3038 4846 3116 4903 sic
3136 4846 3396 4917 impressa
3417 4856 3536 4904 erat
3565 4855 3623 4902 ct

319 4945 593 5016 insculpta
616 4945 781 5001 etiam
814 4944 1104 5014 plebecula:
1129 4943 1324 4999 animis
1351 4945 1465 5002 haec
1492 4944 1759 5012 doctrina,
1781 4960 1940 5000 unum
1973 4960 2192 5016 prorsus
2237 4958 2359 5000 esse
2403 4942 2722 5006 Ecclesium,
2751 4954 2851 4997 nec
2880 4939 2948 4996 ab
2976 4953 3040 4996 ea
3079 4939 3387 4998 discedendi
3424 4940 3621 5011 justum

317 5050 538 5093 causam
569 5035 811 5092 incidere
841 5050 1022 5107 posse,
1054 5044 1113 5090 ut
1139 5035 1448 5092 schismatis
1475 5036 1713 5108 signiferi
1743 5051 1840 5108 spe
1866 5034 2126 5093 redeundi
2145 5036 2197 5091 in
2229 5033 2527 5091 Ecclesium
2570 5032 2833 5090 ducerent
2858 5039 2915 5087 et
2942 5031 3207 5089 iactarent
3228 5044 3365 5102 quos
3390 5030 3621 5101 decepco

319 5140 474 5194 runt;
504 5128 598 5185 sed
624 5127 866 5186 fraudem
896 5122 1117 5187 nudavit
1143 5129 1412 5187 ordinatio
1440 5130 1717 5187 Fortunati
1739 5145 1898 5202 quem
1922 5129 2445 5201 pseudoepiscopum
2464 5125 2947 5198 Carthaginensem
2966 5126 3383 5183 consuluerunt.
3411 5142 3430 5178 ε
3463 5122 3629 5180 Nam-

316 5236 421 5294 que
448 5220 482 5275 ii
509 5222 702 5293 quibus
728 5222 779 5277 in
801 5222 1150 5291 praeteritum,
1191 5242 1210 5276 ι
1247 5222 1423 5293 inquit
1453 5222 1755 5296 Cyprianus
1803 5222 1924 5295 (Ep.
1952 5238 2038 5291 LV,
2068 5239 2119 5294 ρ.
2152 5222 2268 5295 87),
2299 5238 2318 5272 ι
2355 5219 2622 5291 prazstigia
2643 5217 3073 5276 obtendebantur
3088 5228 3142 5274 et
3170 5216 3437 5272 dabantur
3463 5216 3626 5272 verba

317 5312 549 5383 fallacia,
579 5313 723 5385 quod
752 5315 912 5370 simul
955 5314 1020 5369 ad
1055 5314 1342 5372 Ecclesium
1383 5317 1680 5387 regressuri
1702 5314 2028 5379 dicerentur,
2055 5324 2399 5385 posteaquam
2452 5311 2701 5368 viderunt
2729 5312 2837 5369 illic
2866 5310 3377 5384 pseudoepiscopum
3406 5309 3626 5376 factum,

315 5406 602 5465 frustratos
624 5418 679 5465 et
707 5408 965 5480 deceptos
985 5421 1180 5466 seesse
1206 5408 1527 5478 didicerunt,
1559 5418 1616 5466 et
1641 5417 1883 5466 remeant
1919 5408 2164 5480 quotidie
2189 5417 2351 5478 atque
2379 5404 2447 5461 ad
2483 5405 2777 5462 Ecclesium
2806 5404 3037 5475 pulsant.
3076 5422 3096 5456 ι
3125 5401 3408 5461 Novutiani
3437 5401 3619 5471 factio,

318 5510 381 5557 ut
401 5501 618 5573 pietatis
644 5502 788 5573 pelle
824 5501 1045 5558 nitidior
1073 5512 1190 5558 erat
1233 5519 1391 5575 quam
1423 5503 1763 5572 Felicissimi,
1797 5504 1868 5559 ita
1898 5501 2158 5573 majorem
2211 5501 2506 5573 perniciem
2530 5499 2690 5556 traxit
2721 5517 2735 5556 :
2787 5500 3022 5570 ipsorum
3055 5498 3216 5555 etiam
3258 5498 3626 5558 confessorum

318 5595 508 5653 oculos
531 5597 844 5669 perstrinxit
866 5596 1076 5654 fucatus
1101 5596 1287 5665 color;
1314 5597 1556 5669 gravavit
1585 5597 1907 5670 Cyprianum
1932 5604 1988 5651 ct
2012 5594 2367 5658 contristavit,
2399 5604 2451 5648 ut
2482 5592 2600 5664 ejus
2627 5592 2807 5648 verbis
2832 5600 2950 5648 utar
3000 5591 3128 5666 (Ep.
3160 5592 3340 5665 xuv),
3392 5602 3449 5650 et
3489 5592 3629 5648 into-

319 5687 563 5745 lerabilis
590 5688 820 5763 perculsi
845 5704 982 5760 pene
1010 5689 1264 5760 prostrati
1291 5688 1526 5761 pectoris
1554 5689 1809 5746 mmstitia
1839 5685 2187 5758 perstrinxit,
2219 5683 2359 5756 quod
2386 5683 2662 5754 semetipsi
2682 5697 2714 5737 a
2740 5681 2937 5739 Christi
2963 5698 3126 5756 grege
3157 5692 3213 5740 et
3248 5684 3318 5740 ab
3345 5683 3463 5755 ejus
3495 5698 3630 5755 pace

319 5790 377 5840 et
400 5782 688 5842 concordia
715 5790 1083 5853 separasscut;
1113 5782 1257 5854 quod
1286 5796 1381 5838 eos
1408 5783 1474 5839 de
1497 5795 1717 5840 carcere
1764 5781 2087 5853 prodeuntes
2121 5778 2495 5837 schismaticus
2518 5787 2574 5835 et
2600 5778 2882 5835 haereticus
2901 5792 3055 5836 error
3077 5777 3384 5851 excepisset
3426 5776 3628 5852 (Epist.

333 5875 434 5948 LI).
481 5876 601 5935 Non
626 5891 817 5951 parum
839 5875 1035 5948 profuit
1064 5874 1149 5933 his
1174 5875 1575 5938 confessoribus
1593 5875 1847 5948 Cypriani
1878 5874 2203 5942 adhortatio,
2232 5882 2289 5931 ut
2314 5871 2517 5934 illatum
2548 5872 2738 5934 unitati
2762 5872 3014 5936 damnum
3042 5874 3179 5933 felici
3207 5874 3381 5934 reditu
3415 5890 3641 5947 repara-
