4172 6264
541 319 567 375 1
582 315 616 374 9
2029 310 2412 371 PR/EFKTIO.
3790 317 3827 373 9.
3848 323 3866 370 ι

549 440 709 491 rent:
733 446 858 491 nam
884 451 906 497 ς
936 431 1257 505 cognitosuo
1270 443 1478 505 errore,
1503 449 1524 485 ι
1554 437 1614 489 ιιι
1636 429 1945 488 aitsaoctus
1976 425 2262 485 Cornelius
2281 426 2478 503 (Epist.
2511 425 2682 503 nvi),
2719 446 2739 484 ι
2770 426 2840 487 ad
2861 428 3160 487 Eeclesiam
3181 427 3323 488 unde
3343 428 3604 502 exierant,
3632 432 3867 506 simplici

555 524 831 584 voluntate
851 532 1133 588 venerunt.
1160 543 1180 578 ι
1196 521 1441 581 Confessi
1461 530 1589 579 sunt
1611 535 1850 579 errorem
1876 534 2061 577 coram
2083 518 2339 575 Cornelio
2361 527 2417 575 et
2453 519 2688 591 quinque
2719 520 2839 578 aliis
2864 521 3166 594 episcopis,
3193 533 3250 579 et
3270 522 3517 582 Romano
3544 526 3865 601 presbytero

558 629 615 676 et
635 619 748 691 ipsa
779 618 952 689 plebe,
977 618 1133 689 cujus
1157 632 1384 688 magnus
1410 629 1706 676 concursus
1734 610 1907 671 factus
1936 611 2141 679 fuerat,
2167 610 2517 669 declararunt
2551 613 2820 669 sinceram
2851 628 3006 670 suam
3036 625 3271 672 mentem
3299 630 3514 689 semper
3534 617 3588 674 in
3617 616 3865 678 Ecclesia

483 750 489 756 ι
557 710 756 777 fuisse;
784 725 957 782 neque
984 711 1128 771 enim
1159 725 1220 767 se
1248 711 1496 782 ignorare
1530 726 1549 760 ι
1578 720 1746 763 unum
1773 705 1945 763 Deum
1973 717 2116 771 esse.
2147 711 2204 760 et
2226 718 2394 761 unum
2419 702 2697 760 Christum
2724 718 2846 761 esse
2866 704 3184 771 Dominum,
3223 722 3387 764 unum
3424 707 3681 779 Spiritum
3706 725 3866 768 sanc-

563 815 699 873 tum,
728 819 888 859 unum
919 805 1229 877 episcopum
1261 807 1314 861 in
1335 803 1573 875 Ecclesia
1605 801 1869 861 catholica
1914 815 2035 856 esse
2072 799 2289 857 debere.
2326 818 2347 859 ρ
2391 801 2446 857 Si
2472 817 2576 871 qua
2607 811 2783 859 tamen
2825 811 2970 860 secta
2994 804 3299 862 schismatis
3325 816 3506 865 notam
3523 808 3781 882 etfugere,
3811 819 3870 868 et

559 915 703 956 vera:
733 897 987 956 Ecclesia:
1016 914 1139 970 pars
1170 896 1341 957 videri
1368 906 1568 968 posset,
1604 895 1657 951 id
1682 894 1783 951 sibi
1819 895 1872 952 in
1900 893 2089 964 primis
2115 892 2396 955 Novatiani
2424 905 2570 952 secta
2602 894 2904 952 vindicaret
2925 937 2941 964 ,
2968 907 3029 952 ut
3052 892 3174 969 quae
3200 913 3301 955 nec
3319 899 3579 957 Ecclesiae
3616 902 3870 974 dogmata

561 993 752 1048 saltem
781 992 835 1047 in
859 992 1184 1063 primordiis,
1216 1006 1316 1048 nec
1338 992 1657 1053 exteriorem
1684 989 1959 1058 religionis
1981 986 2208 1045 formam
2242 987 2487 1043 violaret.
2531 987 2638 1044 Sed
2666 988 2972 1061 Cyprianus
3001 992 3279 1048 contendit
3319 994 3472 1063 parvi
3504 993 3710 1051 referre
3739 996 3870 1068 quid

558 1085 884 1143 Novatianus
904 1086 1115 1153 doceat,
1153 1104 1173 1138 ι
1207 1094 1328 1142 cum
1356 1083 1486 1143 foris
1529 1084 1736 1141 doceat.
1763 1081 2018 1151 Quisquis
2043 1079 2131 1137 ille
2159 1088 2295 1145 est.)
2324 1080 2495 1151 inquit
2526 1080 2722 1155 (Epist.
2768 1098 2862 1149 ut,
2898 1101 2952 1154 p.
2975 1085 3093 1163 71"»),
3118 1102 3139 1138 ι
3158 1086 3562 1158 qualiscumque
3584 1097 3689 1154 est,
3711 1089 3872 1147 Chri-

556 1181 763 1240 stianus
795 1188 1004 1236 nonest
1028 1179 1117 1251 qui
1144 1178 1196 1236 in
1223 1178 1466 1241 Ecclesia
1489 1174 1688 1233 Christi
1714 1190 1822 1234 non
1851 1186 1953 1230 est.
1995 1193 2015 1229 ι
2042 1171 2188 1231 Idem
2218 1171 2377 1233 docet
2397 1174 2638 1245 pluribus
2662 1176 2780 1232 aliis
2820 1177 2876 1233 in
2905 1176 3036 1233 locis
3055 1219 3069 1245 ,
3099 1178 3396 1249 praesertim
3428 1179 3514 1248 in,
3537 1182 3767 1252 cpistola
3801 1185 3873 1240 ad

564 1273 837 1346 Magnmn,
871 1273 958 1330 ubi
984 1274 1062 1330 sic
1084 1273 1318 1344 loquitur
1344 1273 1603 1346 (p.151);
1644 1292 1663 1326 ‹
1690 1272 1876 1344 Neque
1901 1273 2047 1329 enim
2080 1268 2339 1329 Dominus
2379 1280 2562 1328 noster
2589 1271 2746 1328 Jesus
2773 1271 3020 1328 Christus
3041 1314 3056 1338 ,
3092 1289 3115 1324 ι
3146 1272 3346 1345 inquit,
3384 1291 3405 1326 ‹
3439 1288 3561 1331 cum
3591 1278 3644 1331 in
3673 1276 3860 1335 Evan-

566 1368 709 1439 gelio
735 1382 833 1422 suo
856 1376 1143 1424 testaretur
1167 1365 1502 1423 adversarios
1529 1381 1660 1423 suos
1687 1381 1812 1424 esse
1840 1382 1935 1425 eos
1960 1367 2051 1438 qui
2072 1382 2254 1423 secum
2303 1384 2408 1423 non
2446 1376 2648 1435 essent,
2680 1366 2910 1436 aliquam
2951 1364 3190 1436 speciem
3235 1367 3508 1426 litcreseos
3540 1369 3872 1443 designavit,

574 1462 673 1517 sed
699 1476 884 1518 omnes
899 1463 1122 1517 omnino
1150 1462 1240 1532 qui
1266 1476 1447 1519 secum
1476 1478 1581 1519 non
1606 1471 1808 1528 essent,
1829 1470 1886 1517 et
1909 1477 2098 1518 secum
2124 1477 2230 1519 non
2246 1463 2562 1534 colligentes
2590 1476 2808 1535 gregem
2824 1477 2980 1518 suum
3008 1471 3345 1532 spargerent,
3378 1464 3719 1524 adversarios
3740 1483 3873 1527 suos

567 1569 690 1611 esse
739 1553 1007 1623 ostendit,
1051 1556 1235 1617 dicens
1265 1575 1279 1615 :
1312 1558 1412 1626 Qui
1442 1571 1546 1610 non
1580 1565 1653 1611 est
1695 1571 1911 1625 mecum,
1935 1557 2203 1612 adversum
2228 1574 2310 1613 me
2327 1569 2423 1625 est;
2451 1566 2498 1612 et
2520 1559 2606 1630 qui
2634 1575 2830 1613 mecum
2854 1575 2957 1614 non
2993 1558 3205 1630 colligit,
3230 1560 3495 1632 dispergit.
3527 1561 3659 1617 Item
3684 1562 3876 1622 beatus

573 1646 808 1704 Joannes
852 1649 1146 1721 apostolus,
1162 1664 1261 1705 nec
1290 1650 1404 1722 ipse
1421 1649 1582 1707 ullam
1610 1648 1860 1706 hmresim
1882 1658 1976 1705 aut
1991 1650 2227 1706 schisma
2246 1650 2520 1718 discrevit,
2540 1650 2850 1721 autaliquos
2873 1651 3150 1721 speciatim
3175 1666 3394 1721 separes
3411 1654 3608 1722 posuit,
3638 1654 3733 1711 sed
3761 1658 3879 1712 uni-

579 1758 769 1800 versos
789 1744 877 1815 qui
896 1743 963 1800 de
984 1742 1221 1799 Ecclesia
1239 1743 1514 1811 exiissem,
1538 1743 1737 1814 quique
1757 1751 1947 1799 contra
1963 1742 2263 1799 Ecclesiam
2293 1743 2566 1813 facerent,
2599 1743 2943 1800 antichristus
2976 1743 3283 1814 appellavit,
3309 1755 3415 1802 etc.
3457 1765 3477 1800 ι
3511 1743 3875 1816 Qua‘mobrem

581 1839 823 1896 declarat
838 1838 1100 1909 S.Martyr
1116 1853 1183 1897 ne
1206 1838 1522 1910 martyrium
1540 1836 1758 1908 quidem
1773 1846 1926 1892 extra
1941 1836 2236 1895 Ecclesium
2258 1854 2289 1895 a
2312 1839 2656 1896 damnatione
2675 1837 2955 1894 Ιίὺθηιω.‹
2978 1837 3218 1895 Ardeam
3235 1839 3357 1895 licet
3377 1839 3630 1908 ﬂammis,
3656 1862 3676 1895 ι
3704 1842 3879 1915 inquit

571 1934 631 1988 in
670 1931 812 1987 libro
841 1931 904 1986 de
936 1929 1081 1988 Um't.
1112 1928 1313 1987 Eccles.
1341 1929 1541 2000 p.199,
1572 1947 1592 1983 ι
1626 1937 1681 1986 et
1707 1928 1918 2000 ignibus
1948 1928 2125 1985 traditi
2158 1930 2243 1987 vel
2262 1929 2460 2002 objecti
2488 1930 2676 1987 beStiis
2720 1931 2940 1987 animas
2957 1944 3086 1987 suas
3115 1940 3337 2002 ponant,
3368 1946 3474 1989 non
3498 1934 3607 1990 erit
3636 1934 3723 1990 illa
3751 1936 3879 1994 fidei

571 2040 794 2089 corona,
822 2022 914 2079 sed
946 2038 1103 2096 poena
1134 2022 1373 2095 perﬁdiae
1392 2065 1407 2089 ,
1434 2037 1534 2078 nec
1576 2022 1839 2092 religiosa:
1877 2021 2088 2078 virtutis
2112 2022 2288 2079 exitus
2322 2017 2589 2096 gloriosus
2609 2066 2625 2093 ,
2668 2022 2765 2081 sed
2791 2023 3186 2095 desperationis
3225 2024 3496 2083 interitus.
3525 2025 3713 2084 Occidi
3740 2030 3867 2088 talis

567 2123 770 2197 potest,
796 2114 1043 2177 coronari
1080 2129 1187 2171 non
1208 2123 1407 2186 potest.
1457 2133 1476 2171 υ
1505 2112 1708 2173 Eadem
1729 2114 1995 2173 sententia
2018 2120 2164 2187 Saepe
2185 2117 2318 2176 alias
2347 2116 2601 2188 occurrit,
2632 2116 2770 2174 utin
2796 2116 2990 2175 eodem
3010 2116 3151 2175 libro
3187 2118 3251 2175 de
3284 2118 3452 2188 Unit.,
3492 2138 3546 2194 ρ.
3580 2121 3705 2194 198,
3728 2133 3784 2181 et
3822 2124 3881 2185 in

573 2211 745 2290 Epist.
778 2225 870 2279 ur,
899 2228 953 2285 ρ.
985 2208 1074 2278 71,
1097 2210 1222 2267 etin
1251 2224 1377 2277 Lvtt,
1405 2227 1459 2281 ρ.
1482 2208 1574 2269 95.
1806 2221 1815 2231 '

642 2352 700 2409 Si
725 2352 844 2424 quis
868 2359 1045 2409 autem
1071 2351 1371 2423 suspicetur
1389 2351 1714 2423 Cyprianum
1744 2367 1929 2410 amore
1957 2352 2173 2411 unitatis
2197 2352 2417 2427 longius
2447 2370 2605 2426 quam
2634 2371 2730 2426 par
2758 2364 2843 2413 est
2863 2353 3064 2425 eiierri,
3086 2355 3131 2412 is
3156 2355 3530 2415 admonendus
3552 2367 3636 2421 est
3655 2369 3882 2421 steteras

571 2461 763 2505 omnes
791 2446 1046 2502 ecclesias
1088 2460 1210 2501 cum
1241 2446 1505 2518 Cypriane
1529 2445 1599 2502 de
1630 2445 1713 2501 his
1744 2446 2018 2518 principiis
2043 2450 2410 2515 consensisse,
2435 2449 2680 2523 quamvis
2705 2466 2812 2507 non
2835 2448 3053 2506 easdem
3077 2466 3141 2506 ac
3166 2452 3257 2508 ille
3275 2453 3686 2514 consecutioncs
3704 2455 3879 2517 dedu-

571 2551 777 2608 cerent,
808 2555 908 2597 nec
926 2541 1188 2610 baptisma
1219 2539 1507 2611 rejiceren‘t
1528 2539 2051 2597 hatrcticorum.lioc
2074 2542 2220 2597 enim
2243 2552 2560 2614 argumento
2586 2541 2925 2600 adversarios
2949 2558 3082 2599 suos
3095 2542 3706 2617 refellebatCyprianus,
3732 2550 3882 2620 quod

568 2637 830 2708 Spiritum
858 2646 1102 2693 sanctum
1148 2645 1298 2691 extra
1335 2635 1633 2691 Ecclesiam
1656 2650 1756 2692 nec
1786 2636 1973 2692 haberi
2011 2651 2109 2690 nec
2136 2637 2250 2692 dari
2269 2652 2423 2709 posse
2440 2636 2741 2694 faterentur
2773 2655 2786 2692 :
2822 2656 2841 2690 ι
2868 2636 2968 2707 Qui
2998 2653 3318 2708 quamquam
3341 2639 3643 2711 pertinaces
3669 2642 3803 2700 alias
3827 2653 3883 2703 et

572 2729 855 2797 indociles,
893 2748 912 2782 ι
941 2730 1112 2800 inquit
1165 2728 1357 2802 (Epist.
1412 2744 1591 2794 Lxxvt,
1638 2745 1690 2798 p.
1748 2728 1897 2798 155),
1937 2748 1955 2781 ι
1986 2728 2196 2784 velhoc
2224 2737 2402 2785 tamen
2429 2730 2777 2798 confitentur,
2815 2729 2959 2802 quod
2981 2730 3216 2786 universi
3245 2730 3360 2789 sive
3388 2730 3717 2797 sehismatici
3765 2736 3882 2794 sive
3952 2744 3956 2747 ⁷

570 2824 849 2893 haeretici,
907 2840 1014 2879 non
1042 2820 1547 2894 haheantSpiritum
1584 2830 1827 2878 sanctum
1854 2838 1868 2888 ;
1900 2831 1954 2877 et
1978 2821 2101 2879 ideo
2127 2823 2396 2895 baptizare
2425 2823 2640 2895 quidem
2667 2830 2927 2895 possunt,
2974 2821 3104 2879 dare
3129 2818 3310 2890 autem
3335 2823 3594 2896 Spiritum
3634 2838 3880 2887 sanctum

490 2988 499 2997 θ
570 2925 946 2987 nonpossent,
984 2918 1036 2971 in
1065 2914 1168 2971 hoc
1196 2915 1313 2986 ipso
1352 2930 1380 2968 a
1412 2913 1565 2969 nobis
1598 2922 1847 2969 tenentur
1890 2923 1947 2969 ut
1975 2914 2321 2972 ostendamus
2372 2930 2472 2972 nec
2510 2915 2785 2986 baptizare
2813 2930 2907 2973 eos
2949 2916 3173 2974 omnino
3202 2931 3361 2988 posse
3386 2919 3476 2991 qui
3507 2935 3617 2977 non
3644 2920 3883 2983 habeant

570 3010 832 3084 Spiritum
875 3019 1141 3067 sanctum.
1179 3030 1198 3064 ι
1232 3010 1436 3067 Eodem
1467 3017 1782 3081 argumento
1805 3022 1924 3064 cum
1956 3009 2069 3085 ipse
2094 3009 2392 3083 Cyprianus
2435 3011 2638 3082 passim
2666 3009 2864 3079 utitur,
2897 3019 3009 3066 tum
3037 3011 3200 3069 etiam
3245 3010 3591 3073 Firmilianus
3617 3014 3694 3086 (p.
3727 3014 3877 3090 147).

570 3104 923 3175 Perspicuum
959 3120 1088 3176 ergo
1116 3113 1200 3161 est
1234 3113 1289 3159 et
1328 3103 1577 3176 Cypriani
1610 3102 1919 3159 testimonio
1946 3114 2000 3159 et
2027 3104 2270 3159 omnium
2300 3106 2394 3176 qui
2434 3116 2560 3162 tunc
2585 3117 2737 3163 erant
2765 3106 3193 3164 Christianorum
3223 3122 3515 3178 consensu,
3540 3109 3678 3169 inter
3703 3112 3881 3168 varias

472 3264 478 3270 ,
576 3203 868 3258 societates
896 3217 1015 3273 qua:
1043 3201 1144 3257 sibi
1168 3200 1474 3256 christiana:
1510 3200 1784 3271 religionis
1815 3196 2205 3270 professionem
2230 3208 2514 3271 arrogant,
2545 3216 2701 3257 unam
2730 3200 2964 3273 aliquam
2990 3215 3113 3269 esse
3146 3194 3303 3259 citra
3324 3217 3481 3274 quam
3513 3202 3659 3260 salus
3680 3213 3880 3260 aeterna

582 3296 882 3366 comparari
912 3310 1018 3351 non
1054 3303 1249 3364 potest,
1282 3293 1395 3348 sive
1423 3293 1613 3348 leviter
1628 3303 1837 3347 erretnr
1857 3334 1873 3358 ,
1901 3294 2017 3347 sive
2063 3294 2226 3349 etiam
2247 3293 2523 3349 schismati
2550 3293 2724 3360 nullus
2746 3308 2900 3350 error
2923 3292 3172 3363 addatur;
3205 3294 3400 3351 nedum
3428 3295 3540 3368 ipsa
3565 3310 3689 3353 cum
3715 3296 3880 3357 sectis

576 3388 647 3444 ab
672 3404 736 3444 ea
759 3388 959 3443 avulsis
989 3388 1041 3442 in
1070 3387 1226 3442 unius
1255 3385 1558 3441 communis
1582 3385 1837 3440 Ecclesia:
1884 3387 2330 3457 compositionem
2357 3387 2541 3443 venire
2571 3388 2760 3459 possit.
2806 3388 2862 3444 Si
2907 3404 3027 3460 qua:
3055 3389 3199 3445 enim
3233 3402 3397 3446 sectae
3422 3390 3489 3446 ab
3519 3389 3752 3453 Ecclesia
3778 3391 3876 3447 ab-

577 3484 761 3538 scissa:
792 3490 944 3538 notas
972 3489 1026 3537 et
1050 3481 1170 3553 jura
1193 3496 1335 3535 vera:
1359 3478 1618 3534 Ecclesim
1645 3479 1942 3543 retineant;
1976 3477 2175 3535 frustra
2202 3480 2470 3539 veteribus
2495 3481 2657 3539 sectis
2696 3481 2905 3553 objecta
2945 3481 3042 3536 fuit
3084 3482 3460 3554 episcoporum
3497 3484 3766 3543 successio
3785 3525 3801 3550 ,
3824 3491 3879 3539 et

579 3577 923 3646 episcopatus
947 3589 1042 3645 per
1070 3580 1237 3627 totum
1265 3572 1450 3626 orbem
1475 3570 1680 3636 unitas;
1703 3556 1899 3625 frustra
1938 3580 2087 3626 vetus
2117 3572 2357 3629 Ecclesia
2392 3572 2601 3627 unicam
2632 3586 2691 3628 se
2712 3587 2832 3630 esse
2861 3587 3135 3643 sponsam,
3164 3590 3453 3647 numquam
3480 3591 3664 3639 errare
3697 3590 3877 3647 posse,

581 3683 871 3738 numquam
890 3683 919 3721 a
947 3682 1006 3721 se
1023 3662 1333 3720 discedendi
1354 3677 1566 3719 causam
1588 3663 1875 3733 legitimam
1902 3663 2138 3721 incidere
2166 3682 2344 3738 posse,
2369 3681 2432 3721 ac
2461 3680 2530 3721 ne
2558 3667 2872 3740 martyrium
2894 3667 3108 3739 quidem
3135 3667 3532 3731 discedentibus
3553 3669 3621 3731 ad
3648 3670 3876 3728 salutem

580 3760 840 3832 prodesse
860 3757 1156 3814 contendit.
1180 3754 1530 3828 Aliiugcndus
1547 3770 1676 3825 ergo
1703 3757 1899 3826 impius
1922 3767 1975 3812 et
2002 3758 2240 3816 crudelis
2269 3774 2420 3816 error
2447 3759 2544 3817 toti
2575 3760 2807 3831 antiquae
2833 3761 3089 3817 Ecclesix:
3107 3803 3124 3833 ,
3160 3763 3249 3820 vel
3295 3764 3470 3834 potius
3509 3766 3780 3835 Apostolis
3803 3809 3818 3833 ,
3846 3782 3877 3823 a

577 3857 771 3927 quibus
800 3855 927 3909 solis
971 3851 1193 3910 conflari
1240 3851 1410 3924 potuit
1452 3849 1715 3907 mirilicus
1744 3850 1832 3908 ille
1856 3865 2173 3924 consensus,
2199 3869 2361 3928 quem
2401 3855 2471 3911 de
2496 3869 2638 3931 vera:
2665 3852 2920 3919 Ecclesia:
2952 3853 3098 3913 notis
3143 3854 3284 3913 inter
3321 3869 3509 3922 omnes
3544 3855 3877 3919 Christianos

576 3962 916 4019 COilSpll‘aSSO
941 3959 1232 4002 cernimus.
2236 4014 2239 4015 ν
2864 3966 2873 3973 -

598 4146 602 4150 Α
652 4087 781 4145 Mira
812 4093 940 4142 sunt
989 4100 1108 4156 quae
1146 4081 1421 4140 Dodvvello
1449 4082 1507 4141 S.
1543 4081 1795 4156 Cypriani
1867 4082 1936 4139 de
1981 4086 2184 4141 unitate
2230 4083 2550 4140 sententiam
2588 4082 2912 4139 examinanti
2946 4083 3278 4156 placuerunt.
3319 4082 3512 4140 Statuit
3546 4082 3689 4139 enim
3716 4083 3771 4138 in
3794 4082 3877 4139 bis
3970 4116 3983 4123 -

580 4185 640 4240 S.
663 4182 903 4254 Martyris
935 4178 1381 4250 disputationibus
1412 4198 1431 4230 ‹
1462 4194 1566 4233 non
1594 4179 1679 4249 agi
1708 4177 1776 4235 de
1801 4177 1941 4234 illius
1973 4177 2226 4235 Ecclesia:
2257 4178 2460 4234 unitate
2491 4192 2649 4249 quam
2671 4179 2993 4234 catholicam
3023 4177 3184 4235 hodie
3208 4178 3454 4243 dicimus,
3478 4191 3596 4245 qum
3623 4175 3874 4232 nimirum

576 4291 767 4335 omnes
793 4275 993 4333 ambitu
1028 4289 1128 4329 suo
1167 4287 1261 4342 per
1303 4282 1564 4327 terrarum
1590 4271 1776 4327 orbem
1805 4270 2059 4327 ecclesias
2090 4271 2439 4341 particulares
2483 4273 2888 4341 complectitur,
2918 4271 3012 4327 sed
3044 4271 3113 4327 de
3149 4270 3278 4342 ipsis
3317 4269 3598 4324 dumtaxat
3631 4267 3876 4323 ecclesiis

579 4367 996 4444 particularibus
1020 4362 1262 4437 (οἰκίη.
1294 4360 1475 4435 Cypr.,
1512 4362 1588 4436 7).
1622 4382 1641 4417 ι
1680 4362 2026 4421 Verissimum
2055 4365 2270 4436 quidem
2294 4364 2425 4420 illud
2464 4375 2546 4421 est
2573 4365 2715 4435 quod
2742 4364 2932 4435 probat
2969 4363 3275 4419 Dodwellus
3302 4375 3734 4431 unumquemque
3765 4363 3879 4433 epi-

575 4479 799 4536 scopum
824 4462 877 4521 in
896 4473 992 4515 sua
1017 4456 1244 4516 ecclesia
1279 4456 1601 4528 principium
1624 4471 1746 4515 esse
1766 4457 2004 4525 unitatis,
2038 4456 2197 4529 eique
2237 4456 2307 4513 ah
2352 4455 2602 4512 omnibus
2637 4454 3000 4527 obtemperari
3029 4460 3301 4524 oportere,
3355 4450 3452 4507 sed
3479 4451 3550 4507 ita
3577 4460 3756 4509 tamen
3779 4496 3794 4522 ,
3827 4454 3873 4513 si

573 4581 698 4622 eum
724 4564 844 4621 aliis
871 4562 1136 4637 episcopis
1163 4560 1556 4627 communicet;
1598 4573 1756 4615 secus
1786 4572 1913 4614 vero
1941 4558 1987 4614 si
2030 4557 2098 4613 ab
2122 4556 2373 4613 universa
2402 4554 2646 4611 Ecclesia
2669 4551 2909 4610 discedat
2945 4568 2959 4605 :
2988 4559 3114 4609 tunc
3157 4550 3301 4606 enim
3339 4547 3655 4619 principium
3698 4550 3874 4620 potius

578 4658 862 4715 discordiae
891 4666 945 4714 et
969 4656 1273 4712 schismatis
1300 4654 1439 4710 foret
1464 4667 1625 4725 quam
1650 4651 1889 4708 unitatis.
1917 4652 2110 4721 Atque,
2144 4659 2200 4705 ut
2226 4649 2280 4704 in
2319 4648 2590 4720 Cypriane
2622 4646 3005 4713 immoremur,
3038 4641 3194 4701 facile
3233 4641 3639 4698 demonstratur
3668 4643 3745 4699 sic
3766 4643 3872 4699 Ec~

576 4751 758 4807 clesim
778 4743 1036 4806 unitatem
1057 4750 1111 4804 in
1131 4747 1214 4803 his
1242 4746 1691 4818 disputationibus
1720 4761 1750 4800 a
1775 4744 1832 4800 S.
1866 4745 2099 4818 Martyre
2114 4742 2349 4809 defendi,
2390 4754 2448 4799 ut
2467 4742 2721 4799 Ecclesiae
2760 4739 3081 4797 universalis
3106 4738 3254 4794 notio
3285 4737 3428 4793 illius
3455 4738 3638 4793 animo
3659 4753 3874 4810 semper

578 4845 919 4900 obversetur.
945 4841 1002 4898 ιιι
1036 4842 1353 4914 perspicitur
1383 4856 1451 4896 ex
1490 4841 1607 4913 ipso
1648 4839 1954 4896 testimonio
1979 4838 2119 4909 quod
2153 4837 2460 4894 Dodvvellus
2485 4836 2552 4892 ad
2580 4852 2755 4892 causa:
2780 4850 2892 4890 sum
2922 4834 3290 4889 defensionem
3319 4849 3384 4889 ex
3408 4833 3547 4889 libro
3575 4834 3637 4888 de
3665 4832 3875 4890 Unitate

575 4938 823 4995 Ecclesia:
877 4910 1177 5006 excerpsit;
1209 4955 1227 4988 ι
1260 4910 1541 5003 Quomodo
1579 4931 1710 4988 solis
1741 4931 1894 4987 multi
1940 4930 2104 4997 radii,
2144 4930 2238 4987 sed
2276 4930 2455 4986 lumen
2488 4943 2651 4984 unum
2683 4946 2703 4982 ι
2750 4927 2942 4997 inquit,
2987 4941 3104 4997 pag.
3161 4925 3284 4990 £95,
3332 4944 3353 4978 ι
3397 4935 3452 4982 et
3502 4927 3636 4981 rami
3664 4910 3895 4981 arboris,

574 5032 752 5098 multi,
780 5030 874 5087 sed
900 5028 1063 5086 robur
1091 5043 1256 5083 unum
1288 5027 1459 5083 tenaci
1484 5025 1663 5082 radice
1685 5023 1979 5090 fundatum,
2012 5033 2210 5080 etcum
2242 5022 2310 5079 de
2352 5022 2501 5078 fonte
2524 5034 2632 5078 uno
2668 5019 2766 5075 rivi
2798 5018 3010 5089 plurimi
3052 5017 3296 5074 deiluunt
3323 5060 3339 5087 ,
3371 5019 3729 5075 numerositas
3751 5019 3874 5075 licet

574 5123 768 5180 diil‘usa
793 5122 1042 5178 videatur
1066 5119 1386 5176 exundantis
1410 5119 1581 5189 copias
1605 5116 1870 5188 largitate,
1903 5117 2079 5172 unitas
2109 5125 2284 5171 tamen
2307 5124 2553 5172 servatur
2581 5113 2635 5168 in
2655 5098 2882 5183 origine.
2910 5110 3095 5166 Avelle
3123 5111 3334 5169 radium
3373 5111 3505 5167 solis
3530 5126 3561 5166 a
3603 5125 3870 5181 corpore,

572 5218 891 5274 divisionem
917 5214 1051 5271 lucis
1078 5215 1255 5270 unitas
1287 5229 1394 5270 non
1419 5214 1584 5284 capit.
1622 5211 1705 5267 Ah
1732 5210 1925 5267 arbore
1959 5213 2139 5281 frange
2167 5225 2397 5278 ramum,
2421 5208 2622 5265 fractus
2639 5206 2942 5279 germinare
2978 5222 3084 5263 non
3116 5208 3332 5277 poterit.
3368 5209 3410 5262 A
3451 5206 3604 5263 fonte
3633 5208 3873 5279 praecide

572 5315 771 5378 rivum,
796 5311 1049 5381 praecisus
1072 5308 1289 5364 arescit.
1318 5306 1410 5363 Sic
1437 5316 1492 5362 et
1519 5305 1756 5362 Ecclesia
1791 5305 2000 5361 Domini
2026 5306 2143 5361 lucc
2178 5304 2390 5374 perfusa
2421 5318 2517 5373 per
2534 5303 2720 5360 orbem
2743 5309 2915 5357 totmn
2942 5301 3122 5357 radios
3152 5316 3280 5358 suos
3313 5301 3553 5373 porrigit.
3584 5300 3764 5357 Unum
3788 5312 3871 5357 ta-

571 5422 698 5465 men
726 5406 902 5460 lumen
929 5413 1030 5471 est,
1066 5402 1209 5475 quod
1239 5401 1436 5472 ubique
1459 5400 1794 5467 diffunditur,
1823 5413 1922 5455 nec
1949 5400 2123 5454 unitas
2147 5400 2388 5469 corporis
2411 5407 2709 5467 separatur.
2737 5395 2939 5451 Ramos
2964 5411 3092 5452 suos
3120 5396 3175 5451 in
3207 5397 3514 5451 universam
3547 5403 3746 5453 terram
3783 5413 3873 5452 co-

571 5501 662 5572 pia
693 5495 952 5553 ubertatis
975 5493 1236 5561 extendit,
1267 5493 1598 5565 proflucntes
1626 5493 1844 5564 largiter
1879 5490 2021 5546 rivos
2053 5490 2209 5547 latius
2235 5490 2509 5562 expandit.
2543 5488 2719 5547 Unum
2750 5498 2928 5544 tamen
2950 5497 3111 5560 caput
3131 5498 3234 5555 est,
3261 5497 3316 5545 et
3343 5489 3495 5561 origo
3521 5505 3626 5546 una
3647 5530 3663 5557 ,
3684 5501 3744 5547 et
3768 5507 3870 5547 una

568 5602 747 5649 strator
776 5587 1118 5645 fecunditatis
1140 5586 1477 5643 successibus
1506 5586 1749 5655 copiosa.
1787 5604 1806 5638 ι
1836 5583 1929 5640 llis
1950 5582 2157 5649 verbis,
2207 5602 2227 5638 ι
2262 5582 2498 5638 Ecclesia
2529 5580 2741 5638 Domini
2770 5582 2889 5638 luce
2918 5582 3131 5653 perfusa
3155 5598 3251 5653 per
3277 5583 3463 5639 urbem
3492 5591 3663 5640 totum
3688 5585 3871 5641 radios

570 5698 702 5741 suos
725 5681 963 5753 porrigit,
996 5693 1179 5735 ramos
1201 5693 1328 5743 suos
1349 5678 1400 5732 in
1422 5678 1724 5734 universam
1756 5687 1952 5734 terram
1974 5675 2128 5748 copia
2159 5675 2418 5733 ubertatis
2445 5673 2709 5742 extendit,
2746 5693 2767 5728 ι
2800 5689 2909 5731 non
2934 5675 3181 5732 ecclesia:
3214 5674 3584 5746 partlcnlaris,
3616 5675 3712 5731 sed
3755 5675 3872 5730 uni.

573 5774 817 5841 t'ersalis,
849 5770 1291 5836 sive‘eatholicte,
1322 5770 1499 5827 unitas
1528 5768 1863 5826 describitur.
1909 5768 2053 5826 Idem
2083 5770 2401 5825 conﬁrmant
2427 5782 2550 5838 quin
2579 5765 2913 5838 prmcedunt,
2936 5781 3161 5839 qumque
3186 5774 3503 5836 sequuntur.
3538 5769 3680 5822 Ante
3708 5766 3869 5823 allata

596 5868 761 5929 verba
778 5866 858 5928 sic
883 5864 1199 5938 loquebatur
1223 5864 1550 5938 Cyprianus;
1581 5881 1602 5920 ι
1636 5862 1809 5933 Quam
1838 5862 2095 5925 unitatem
2120 5860 2344 5926 (tradier
2370 5868 2556 5927 tenere
2578 5868 2636 5922 et
2651 5858 2929 5926 vindicare
2952 5859 3231 5930 debemus,
3254 5859 3489 5924 maxime
3507 5856 3745 5933 episcopi
3772 5857 3867 5929 qui
