4200 6262
376 207 438 267 2i
1950 203 2035 260 ΡΠ

2044 201 2341 263 EFATIO.
3113 182 3121 194 ’
3622 219 3696 274 es

383 329 436 385 in
459 325 706 384 Ecclesia
738 323 1088 396 prmsidemus
1112 366 1124 390 ,
1155 330 1212 378 ut
1233 323 1595 393 episcopatum
1628 337 1843 393 quoque
1872 322 2044 392 ipsum
2073 339 2237 378 unum
2266 332 2424 393 atque
2448 324 2730 382 indivisum
2763 327 3068 398 probemus.
3093 329 3261 386 Nemo
3289 331 3676 388 fraternitatem

375 422 652 479 mendacio
683 419 854 484 fallat,
903 433 1061 472 nemo
1105 416 1225 472 fidei
1258 417 1536 470 veritatem
1577 415 1779 487 perfida
1823 415 2260 485 praevaricatione
2291 428 2619 488 corrumpat.
2645 421 3000 490 Episcopatus
3033 438 3168 478 unus
3195 433 3296 491 est,
3325 424 3478 495 cujus
3508 439 3538 480 a
3569 425 3682 480 sin-

374 518 510 588 gulis
540 517 590 571 in
613 513 844 570 solidum
877 527 1001 582 pars
1031 521 1260 566 tenetur.
1298 510 1543 566 Ecclesia
1573 525 1787 582 quoque
1810 526 1910 567 una
1953 520 2055 577 est,
2083 528 2204 583 quae
2247 514 2299 568 in
2345 513 2740 570 multitudinem
2777 515 2932 570 latius
2981 516 3316 572 incremento
3344 517 3688 574 fecunditatis

373 604 697 664 extenditur.
729 600 906 659 iPost
935 601 1298 660 testimonium
1346 615 1377 656 a
1430 599 1702 656 Dodwello
1741 601 2028 673 prolatum,
2071 603 2219 658 addit
2257 604 2557 676 Cyprianus
2586 623 2601 660 :
2637 625 2656 660 ι
2688 605 2836 663 illius
2889 606 3024 663 fmtu
3050 609 3342 678 nascimur,
3374 611 3514 667 illius
3541 611 3680 666 lacte

380 700 671 765 nutriatur,
721 695 912 768 spiritu
939 694 1054 766 ejus
1091 694 1411 749 animamur.
1439 693 1746 750 Adulterari
1777 711 1884 752 non
1926 704 2099 766 potest
2124 711 2320 768 sponsa
2350 696 2577 765 Christi;
2609 699 2916 767 incorrupta
2944 710 3103 756 estet
3127 700 3386 771 pudica...
3422 702 3676 771 Quisquis

373 795 444 852 ab
481 791 723 850 Ecclesia
746 795 1054 861 segregatus
1069 787 1328 843 adulterae
1353 787 1612 858 jungitur,
1639 803 1670 842 a
1701 787 1979 860 promissis
2009 789 2259 846 Ecclesia:
2289 800 2567 863 separatur
2600 809 2614 846 :
2642 807 2739 848 nec
2781 792 3059 862 perveniet
3099 793 3165 847 ad
3217 792 3423 850 Christi
3469 795 3686 864 pra-mia

383 887 480 959 qui
507 885 760 956 relinquit
783 882 1078 938 Ecclesiam
1107 880 1327 937 Christi.
1361 881 1583 938 Alienus
1611 890 1711 945 est,
1739 882 1994 952 profanus
2019 891 2121 950 est,
2151 883 2320 939 hostis
2343 893 2444 940 est.
2467 884 2675 940 Habere
2694 885 2804 955 jam
2833 902 2940 944 non
2967 895 3144 957 potest
3164 887 3328 941 Deum
3359 899 3564 956 patrem
3592 891 3686 960 qui

376 979 675 1037 Ecclesiam
707 989 813 1032 non
843 975 1006 1031 habet
1035 982 1284 1028 matrem.
1311 971 1369 1028 Si
1400 972 1570 1044 potuit
1589 972 1822 1028 evadere
1860 974 2142 1046 quisquam
2183 975 2272 1044 qni
2299 985 2452 1030 extra
2480 989 2657 1030 arcam
2700 973 2813 1030 Noe
2841 975 2971 1042 fuit,
3004 987 3059 1031 et
3085 976 3171 1046 qui
3203 985 3355 1031 extra
3383 976 3682 1033 Ecclesiam

375 1071 509 1128 foris
533 1067 689 1124 fuerit
709 1065 907 1123 evadit.
945 1083 964 1118 ι
999 1063 1235 1135 Lepidus
1255 1077 1385 1133 ergo
1410 1063 1659 1136 Cypriani
1706 1065 1971 1135 interpres
2007 1063 2347 1132 Dodwellus,
2379 1065 2472 1136 qui
2527 1065 2627 1121 sibi
2673 1066 3046 1135 particularem
3073 1067 3353 1124 ecclesiam
3383 1068 3554 1138 lingit,
3589 1069 3679 1125 ubi

371 1163 434 1221 ὃ.
463 1163 664 1234 Martyr
693 1175 856 1215 unum
883 1167 996 1214 toto
1035 1156 1168 1212 orbe
1217 1156 1585 1228 episcopatum
1611 1156 1969 1214 commendat.
2005 1157 2161 1226 Quid,
2195 1175 2314 1213 cum
2345 1159 2510 1229 lapsis
2537 1159 2772 1214 declarat
2799 1160 2850 1214 in
2881 1161 3053 1229 Epist.
3091 1176 3178 1226 xc,
3209 1161 3252 1214 si
3280 1161 3398 1230 quis
3426 1176 3548 1216 cum
3581 1161 3688 1217 Fe-

375 1257 634 1314 licissimo
662 1269 724 1310 se
744 1252 1084 1324 conjunxerit
1103 1293 1117 1316 ,
1150 1266 1275 1308 eum
1301 1268 1320 1303 ι
1351 1260 1536 1320 postea
1563 1250 1630 1306 ad
1659 1251 1954 1314 Ecclesiam
1977 1251 2154 1306 redire
2178 1294 2191 1318 ,
2229 1261 2284 1307 et
2325 1267 2448 1307 cum
2495 1253 2760 1323 episcopis
2786 1262 2840 1308 et
2864 1253 3021 1325 plebe
3055 1253 3251 1308 Christi
3279 1255 3678 1312 communicare

370 1367 478 1423 non
512 1363 705 1422 posse;
739 1368 756 1402 ι
813 1361 936 1402 cum
980 1345 1318 1402 confessores
1347 1343 1596 1400 hortatur
1635 1344 1688 1399 in
1723 1345 1892 1415 Epist.
1929 1360 2071 1414 xuv,
2099 1355 2155 1399 ut
2181 1345 2247 1400 ad
2277 1345 2572 1401 Ecclesiam
2601 1345 2862 1411 redeant;
2886 1346 3070 1416 eisque
3102 1353 3222 1415 post
3249 1346 3478 1402 reditum
3507 1356 3688 1417 gratu-

335 1474 342 1482 ο
371 1444 510 1499 latur
538 1441 592 1497 in
621 1439 796 1510 Epist.
829 1454 878 1494 ιι
913 1454 927 1491 :
964 1456 984 1490 ι
1017 1436 1170 1506 Quod
1200 1435 1452 1491 Ecclesia}
1470 1436 1667 1490 veritas
1687 1445 1744 1492 et
1766 1437 2060 1508 evangelici
2090 1437 2414 1492 sacramenti
2443 1437 2636 1503 unitas,
2677 1453 2794 1508 qua:
2817 1453 2848 1492 a
2888 1437 3043 1493 nobis
3067 1438 3349 1494 tenebatur
3369 1479 3384 1503 ,
3431 1459 3450 1496 ι
3489 1441 3682 1510 inquit,

370 1551 554 1594 eorum
603 1554 624 1588 ι
657 1537 821 1592 etiam
851 1547 1116 1589 consensu
1145 1547 1208 1587 ac
1235 1531 1451 1587 vinculo
1478 1539 1812 1599 necteretur;
1849 1551 1868 1584 ι
1902 1547 2028 1586 num
2058 1531 2126 1589 de
2152 1531 2394 1588 ecclesiis
2423 1531 2832 1603 particularibus
2858 1573 2870 1597 ,
2900 1531 3047 1588 tmlla
3079 1530 3254 1588 habita
3295 1533 3513 1590 unitatis
3544 1534 3684 1598 inter

367 1647 564 1689 omnes
591 1629 851 1688 ecclesias
878 1628 1186 1684 constituta
1213 1626 1444 1690 ratione,
1477 1625 1692 1680 videtur
1717 1625 2082 1682 disseruisse?

441 1723 584 1780 Nihil
611 1721 781 1792 magis
811 1717 1180 1775 adversarium
1208 1716 1506 1784 Dodwello,
1539 1731 1699 1788 quam
1727 1715 1980 1787 Cypriani
2022 1717 2090 1773 do
2124 1717 2365 1789 episcopi
2411 1717 2774 1790 siugularitate
2813 1717 3154 1788 principium,
3184 1717 3326 1788 quod
3361 1727 3536 1778 tamen
3569 1721 3674 1778 sibi

366 1816 606 1876 maxime
643 1814 852 1881 favere,
889 1803 1178 1868 existimat.
1210 1811 1687 1882 Nutnquamenim
1718 1810 1994 1867 catholica:
2015 1813 2271 1868 Ecclesiae
2294 1814 2549 1876 unitatem
2573 1814 2872 1872 accuratius
2902 1813 3140 1870 defendit
3168 1814 3484 1886 Cyprianus,
3517 1830 3677 1886 quam

364 1930 490 1972 cum
520 1927 684 1969 unum
711 1913 764 1967 in
792 1907 1014 1982 singulis
1035 1908 1280 1965 ecclesiis
1308 1908 1618 1980 episcopum
1647 1923 1766 1965 esse
1794 1909 1997 1966 debere
2041 1911 2336 1968 contendit.
2381 1912 2514 1967 Cum
2562 1911 2888 1968 Novatianus
2917 1912 3103 1967 Romae
3131 1912 3496 1984 episcopatum
3528 1913 3674 1969 iuva-

364 2007 546 2072 sisset,
575 2019 639 2061 ac
668 2019 762 2075 per
788 2001 1094 2058 emissarios
1115 2015 1242 2059 suos
1272 1999 1411 2057 idem
1439 2000 1645 2056 facinus
1671 2003 1724 2057 in
1751 2002 1871 2058 aliis
1896 2003 2199 2058 civitatibus
2225 2013 2510 2070 tentasset,
2543 2003 2646 2060 hoc
2665 2014 2986 2074 argumento
3013 2005 3158 2060 illius
3196 1991 3434 2062 fautores
3465 2007 3672 2067 refellit

361 2102 690 2174 Cyprianus,
719 2099 862 2172 quod
886 2114 1014 2156 cum
1044 2098 1090 2153 is
1119 2097 1265 2153 solus
1293 2097 1576 2168 episcopus
1605 2098 1694 2163 sit,
1726 2097 1879 2166 cujus
1907 2099 2256 2168 episcopatus
2292 2098 2360 2153 ab
2389 2097 2508 2154 aliis
2532 2099 2750 2168 collegis
2787 2097 3136 2154 confirmatur
3173 2107 3228 2155 et
3257 2100 3595 2171 agnoscitur,
3624 2101 3672 2155 si

363 2198 488 2268 quis
523 2196 576 2251 in
602 2195 720 2266 ejus
745 2194 924 2258 locum
955 2193 1164 2248 irruere
1187 2190 1416 2259 audeat,
1443 2191 1642 2250 nullam
1667 2205 1790 2246 cum
1826 2192 2094 2263 episcopis
2136 2191 2395 2247 Ecclesia:
2432 2190 2712 2248 catholicae
2751 2191 3188 2248 communionem
3229 2191 3429 2248 habere
3466 2194 3672 2264 possit,

363 2306 429 2346 ae
467 2288 692 2360 proinde
738 2287 873 2343 foris
908 2285 1125 2342 relictus
1154 2291 1356 2357 pereat.
1396 2302 1416 2336 ι
1449 2283 1644 2340 Factus
1681 2293 1764 2340 est
1801 2295 1981 2341 autem
2028 2284 2310 2341 Cornelius
2332 2326 2347 2350 ,
2393 2302 2412 2338 ι
2449 2284 2622 2355 inquit
2650 2284 2701 2338 in
2749 2283 2917 2353 Epist.
2949 2299 3039 2351 LII,
3060 2298 3178 2354 pag.
3213 2282 3303 2350 68,
3340 2301 3359 2336 ι
3393 2285 3678 2356 episcopus

363 2380 434 2436 de
456 2381 550 2436 Dei
576 2390 630 2438 et
652 2379 850 2436 Christi
877 2379 994 2449 ejus
1010 2377 1229 2449 judicio,
1257 2377 1324 2434 de
1349 2377 1670 2434 clericorum
1702 2393 1840 2448 pene
1866 2379 2104 2434 omnium
2129 2379 2436 2435 testimonio
2456 2419 2471 2444 ,
2502 2378 2570 2434 de
2606 2377 2776 2448 plebis
2816 2393 2939 2448 qua:
2979 2387 3103 2432 tunc
3144 2376 3293 2432 aifuit
3317 2377 3586 2448 sull'ragin,
3616 2391 3674 2436 et

363 2474 433 2530 de
453 2463 793 2530 sacerdotum
808 2473 1149 2544 antiquorum
1172 2481 1225 2527 et
1241 2472 1507 2528 bonorum
1522 2473 1755 2528 virorum
1773 2471 2016 2543 collegio,
2036 2487 2159 2528 cum
2177 2487 2334 2528 nemo
2351 2479 2474 2527 ante
2492 2486 2551 2528 se
2578 2470 2750 2527 factus
2775 2481 3065 2535 esset,cum
3086 2471 3309 2528 Fabiani
3322 2473 3548 2541 locus,id
3565 2485 3669 2542 est,

361 2583 487 2624 cum
510 2567 662 2624 locus
685 2567 830 2622 Petri
856 2577 911 2622 et
939 2566 1136 2637 gradus
1161 2565 1431 2622 cathedrae
1458 2565 1807 2622 sacerdotalis
1853 2579 2101 2634 vacaret;
2133 2584 2241 2638 quo
2283 2575 2543 2638 occupato
2567 2567 2635 2624 de
2664 2565 2758 2621 Del
2788 2568 3090 2636 voluntate,
3125 2580 3286 2641 atque
3311 2570 3552 2625 omnium
3581 2586 3678 2626 uo-

362 2672 533 2719 strum
570 2661 926 2718 consensione
956 2659 1187 2726 firmato,
1215 2660 1456 2731 quisquis
1487 2659 1597 2730 jam
1625 2660 1910 2732 episcopus
1937 2660 2050 2716 fieri
2075 2660 2323 2729 voluerit,
2354 2660 2484 2716 foris
2512 2662 2602 2718 fiat
2631 2677 2855 2718 necesse
2886 2671 2998 2728 est,
3034 2678 3132 2717 nec
3169 2662 3364 2719 habeat
3395 2663 3680 2720 ecclesias-

364 2756 524 2811 ticam
544 2753 931 2810 ordinationem
955 2754 1045 2831 qui
1069 2753 1326 2810 Ecclesiae
1355 2769 1460 2808 non
1485 2760 1630 2809 tenet
1655 2755 1966 2809 unitateth
1999 2748 2201 2808 Eodem
2234 2753 2394 2809 modo
2423 2753 2758 2810 demonstrat
2785 2755 3066 2824 episcopos
3093 2771 3122 2809 a
3146 2754 3441 2811 Novatiauo
3468 2757 3520 2810 in
3551 2757 3672 2811 aliis

333 2849 670 2908 civitatibus
723 2850 1058 2916 constitutos,
1124 2864 1231 2904 non
1255 2847 1454 2904 Christi
1478 2847 1730 2904 Ecclesia:
1758 2848 2039 2918 episcopos
2078 2862 2220 2911 esse,
2251 2846 2344 2902 sed
2376 2847 2623 2902 humanae
2656 2846 2949 2902 Ecciesim:
2985 2867 3005 2900 ι
3045 2847 3153 2902 Nisi
3185 2849 3229 2902 si
3266 2849 3547 2918 cpiscopus
3580 2849 3676 2905 tibi

366 2945 601 3010 videtur,
642 2963 663 2998 ›
697 2945 866 3016 inquit
892 2944 941 2999 in
962 2943 1150 3000 eadem
1175 2941 1420 3012 epistola,
1452 2957 1503 3012 p.
1538 2941 1625 3006 73,
1652 2960 1669 2993 ‹
1691 2941 1778 3011 qui
1812 2940 2063 3010 episcopo
2089 2940 2143 2994 in
2172 2938 2409 2995 Ecclesia
2437 2955 2466 2993 a
2485 2939 2717 2994 sedecim
2744 2929 3077 3008 coepiscopis
3092 2938 3252 3006 facto,
3277 2940 3484 2994 adulter
3507 2949 3670 3011 atque

362 3047 654 3094 extraneas
681 3037 962 3108 episcopus
983 3034 1096 3090 fieri
1116 3049 1145 3088 a
1172 3033 1535 3089 desertoribus
1564 3047 1662 3103 per
1689 3029 1946 3086 ambitum
1979 3029 2187 3094 nititur,
2210 3037 2408 3083 etcum
2432 3029 2500 3082 sit
2526 3043 2554 3082 a
2574 3026 2790 3084 Christo
2808 3041 2912 3082 una
2930 3026 3166 3084 Ecclesia
3189 3042 3283 3097 per
3309 3036 3478 3084 totum
3508 3045 3670 3086 utun-

362 3130 491 3187 dum
520 3130 572 3185 in
601 3131 766 3185 amita
795 3129 1037 3188 membra
1062 3127 1253 3193 divisa,
1288 3124 1414 3182 item
1443 3125 1785 3196 epis00patus
1814 3138 1952 3178 unus
1975 3124 2352 3193 episcoporqu
2385 3121 2673 3176 multorqu
2705 3118 2961 3177 concordi
2994 3121 3382 3177 numerositate
3409 3121 3657 3189 diffusus,

363 3227 455 3281 ille
480 3234 598 3297 post
628 3225 726 3281 Dei
753 3225 1116 3291 traditionem,
1139 3232 1260 3294 post
1283 3236 1582 3276 connexam
1610 3229 1664 3276 et
1692 3219 1886 3290 ubique
1914 3217 2257 3287 conjunctam
2288 3215 2572 3272 catholica:
2595 3214 2852 3270 Ecclesia:
2879 3215 3136 3270 unitatem
3169 3214 3458 3270 humanam
3487 3231 3662 3272 cone-

363 3327 450 3375 tur
503 3318 796 3375 Ecclesium
838 3317 1038 3381 facere,
1075 3325 1130 3372 et
1159 3330 1255 3387 per
1304 3314 1562 3384 plurimas
1590 3312 1832 3367 civitates
1878 3324 2047 3366 novos
2075 3308 2348 3379 apostolos
2371 3323 2497 3362 suos
2518 3308 2713 3375 mittat,
2734 3308 3656 3378 utquatdamrecentiainstitutiouis

363 3431 476 3472 sua:
493 3413 839 3470 fundamenta
865 3411 1188 3476 constituat;
1219 3423 1448 3478 cumque
1476 3405 1798 3476 jampridem
1844 3419 1940 3474 per
1974 3417 2164 3458 omnes
2209 3401 2512 3473 provincias
2551 3410 2605 3456 et
2639 3415 2736 3470 per
2776 3400 2937 3456 urbes
2988 3401 3229 3472 singulas
3269 3399 3500 3458 ordinati
3550 3399 3658 3456 sint

364 3508 603 3579 episcopi
625 3509 677 3563 in
709 3516 867 3562 actate
887 3505 1112 3576 antiqui,
1147 3505 1199 3560 in
1232 3503 1336 3559 fide
1368 3502 1576 3572 integri,
1621 3503 1673 3556 in
1705 3515 1952 3570 pressura
1973 3499 2203 3570 probati,
2233 3500 2287 3555 in
2318 3502 2690 3570 persecutione
2708 3499 3016 3571 proscripti,
3035 3499 3122 3555 ille
3146 3515 3314 3570 super
3342 3516 3438 3557 eos
3465 3516 3660 3556 creare

363 3604 499 3658 alios
524 3601 1015 3675 pseudoepiscopos
1041 3598 1254 3654 audeat.
1295 3616 1315 3649 ι
1348 3597 1481 3652 Ilinc
1505 3593 1801 3661 contendit,
1851 3592 2061 3649 etiamsi
2111 3592 2347 3665 legitime
2387 3592 2618 3649 fuissent
2639 3593 2894 3658 ordinati,
2925 3607 3021 3648 eos
3046 3602 3226 3649 tamen
3260 3609 3358 3664 pro
3403 3594 3656 3664 legitimis

364 3697 633 3768 cpiscOpis
681 3696 898 3767 agnosci
934 3708 1042 3750 non
1093 3707 1268 3764 posse,
1311 3692 1435 3763 quia
1481 3689 1547 3745 ah
1591 3688 1829 3745 Ecclesia
1880 3687 2148 3744 catholica
2199 3687 2610 3743 discesserunt:
2657 3704 2675 3740 ι
2722 3685 3105 3757 Episcopatum
3157 3697 3360 3752 autem,
3403 3705 3422 3738 ι
3457 3687 3649 3756 inquit,

367 3809 388 3844 ι
425 3801 610 3848 tenere
648 3807 755 3847 non
795 3799 1005 3862 posset,
1064 3787 1273 3844 etiamsi
1324 3785 1607 3857 episcopus
1657 3783 1801 3854 prius
1841 3781 2011 3840 factus
2056 3797 2085 3837 a
2137 3781 2577 3853 coepiscoporum
2619 3793 2840 3836 suorum
2885 3793 3113 3851 corpore
3167 3788 3224 3837 et
3273 3778 3341 3836 ab
3390 3778 3643 3842 Ecclesia;

363 3887 570 3943 unitate
595 3884 944 3941 descisceret.
979 3902 998 3936 ο

614 3977 678 4033 Π.
693 4008 764 4018 —
781 3991 1166 4035 REFELLUNTUR
1189 3989 1276 4040 QUI
1305 3987 1582 4032 EPISCOPOS
1621 3987 1758 4028 APUD
1785 3985 2084 4029 CYPRIANUII
2106 3985 2236 4029 IUBB
2255 3986 2273 4027 ι

1785 3985 2084 4029 CYPRIANUII
2106 3985 2236 4029 ιυη
2255 3983 2432 4028 »ινικο
2456 3985 2488 4026 Δ
2515 3983 2871 4028 PRESBYTERIB
2899 3983 3164 4029 DISTINGUI
3195 3985 3428 4030 NBGANT.

436 4095 696 4166 Quamvis
729 4094 1071 4164 episc0patus
1095 4091 1214 4161 jura
1244 4105 1350 4145 non
1393 4088 1598 4161 possint
1634 4087 1938 4144 accuratius
1964 4085 2210 4154 defendi,
2266 4101 2426 4157 quam
2465 4101 2496 4140 a
2530 4086 2799 4160 Cypriane
2828 4086 3208 4154 defenduntur,
3243 4102 3352 4144 non
3374 4086 3660 4143 defuerunt

367 4198 547 4245 tamen
579 4189 668 4260 qui
698 4204 765 4243 ex
789 4186 1059 4242 nonnullis
1087 4185 1205 4255 ejus
1233 4182 1411 4239 verbis
1440 4197 1629 4237 ansam
1653 4183 1954 4252 arriperent
1980 4181 2360 4237 calumniandi.
2391 4180 2544 4260 Quod
2575 4181 2718 4236 enim
2756 4180 2811 4238 S.
2847 4181 3049 4255 Martyr
3074 4182 3276 4238 clerum
3306 4183 3569 4240 interdum
3605 4183 3657 4238 in

367 4284 503 4339 duos
525 4283 740 4339 ordines
761 4281 1006 4338 dividere
1038 4279 1267 4343 videtur,
1298 4293 1492 4346 nempe
1518 4277 1571 4332 in
1594 4276 1902 4332 sacerdotes
1930 4285 1985 4331 et
2007 4276 2300 4343 ministros,
2327 4289 2390 4330 ac
2415 4259 2691 4330 sacerdotis
2727 4289 2791 4330 ac
2828 4277 3084 4347 praepositi
3119 4278 3334 4333 nomina
3362 4293 3488 4332 cum
3529 4277 3663 4347 ipsis

365 4379 691 4451 presbyteris
732 4375 1109 4440 communicat,
1152 4373 1297 4428 velut
1345 4373 1397 4426 in
1442 4371 1613 4441 Epist.
1669 4384 1797 4435 va,
1835 4385 2037 4451 ωςνιιι,
2085 4385 2228 4426 uxu
2279 4377 2332 4424 et
2359 4367 2412 4424 in
2438 4367 2575 4423 libro
2601 4368 2663 4422 de
2691 4367 2896 4440 Lapsis,
2929 4369 3052 4426 inde
3095 4369 3390 4427 Salmasius
3419 4369 3662 4425 ctDlon-

364 4472 542 4526 delius
566 4469 887 4524 concludunt
912 4467 1255 4538 presbyteros
1275 4464 1340 4520 ub
1367 4462 1634 4534 cpiscOpis
1663 4462 1910 4532 nonjure
1935 4462 2136 4529 divino,
2171 4475 2276 4516 non
2311 4459 2526 4515 diverso
2555 4459 2842 4516 sacerdotii
2883 4461 3052 4531 gradtt
3091 4476 3214 4516 esse
3257 4461 3560 4516 distinctos.
3610 4462 3669 4518 Si

360 4563 630 4636 ejusmodi
671 4562 967 4617 ratiuncula
1017 4559 1254 4624 valeret,
1287 4555 1542 4628 parijure
1574 4553 1820 4610 concludi
1874 4562 2057 4625 posset
2088 4569 2157 4608 ne
2203 4551 2459 4607 diaconos
2511 4550 2727 4622 quidem
2782 4559 2839 4607 et
2882 4551 3018 4606 alios
3075 4551 3312 4606 minores
3355 4552 3582 4608 clericos
3629 4569 3662 4609 ιι

361 4655 696 4726 presbyteris
726 4662 779 4709 ct
806 4651 1074 4723 episcopis
1099 4651 1222 4721 jure
1260 4648 1444 4704 divino
1489 4648 1773 4718 distingui;
1829 4661 1973 4717 saepe
2015 4646 2157 4700 enim
2211 4643 2444 4700 Ecclesia
2487 4643 2745 4699 dividitur
2791 4643 2846 4697 in
2880 4644 3080 4698 clerum
3133 4654 3186 4700 et
3240 4644 3468 4715 plebem.
3507 4649 3661 4714 Quod

360 4749 408 4804 si
484 4746 697 4802 diaconi
759 4754 814 4800 et
886 4745 1123 4798 minores
1186 4739 1367 4797 clerici
1441 4755 1565 4795 cum
1643 4738 1971 4810 presbyteris
2033 4747 2088 4794 et
2148 4736 2414 4807 episc0pis
2461 4735 2606 4790 clero
2653 4732 3212 4804 comprehenduntur,
3282 4736 3409 4808 quid
3456 4739 3650 4792 mirum

359 4845 407 4898 si
438 4839 788 4912 presbyteris,
825 4838 914 4908 qui
942 4834 1339 4893 Eucharistiam
1374 4843 1764 4890 consecrautet
1793 4841 2108 4902 potestatem
2157 4829 2355 4884 habent
2388 4828 2584 4899 ligandi
2619 4837 2674 4883 et
2717 4825 2992 4894 solvendi,
3026 4829 3301 4884 sacerdotis
3329 4841 3383 4886 et
3405 4833 3665 4904 pt'wposifi

362 4937 584 4993 nomina
611 4951 733 4990 cum
763 4931 1032 5003 episc0pis
1056 4929 1364 4986 communia
1399 4928 1564 4982 sunt?
1593 4926 1934 4998 Prcshytcris
1961 4926 2179 4997 quidem
2209 4922 2510 4995 Cyprianus
2541 4921 2828 4993 plurimum
2863 4937 3077 4992 semper
3101 4922 3285 4979 habuit
3325 4925 3564 4993 honoris,
3607 4938 3663 4983 et

360 5048 484 5087 cum
516 5029 647 5084 nihil
672 5041 834 5097 agere
862 5025 1062 5082 solerct
1092 5023 1209 5078 sine
1238 5021 1462 5076 consilio
1506 5020 1632 5074 cieri
1657 5062 1671 5084 ,
1722 5031 1774 5073 ut
1818 5019 1932 5088 ipse
1969 5027 2192 5074 testatur
2220 5019 2275 5074 in
2317 5018 2489 5088 Epist.
2521 5031 2611 5083 vr,
2643 5029 2748 5071 non
2787 5013 3007 5070 dubium
3038 5015 3165 5087 quin
3195 5019 3542 5090 presbyteris,
3573 5029 3658 5075 ut-

362 5137 489 5198 pote
517 5140 638 5181 cum
660 5123 778 5193 ipso
808 5119 1141 5183 sedentibus,
1164 5133 1418 5188 magnam
1445 5115 1827 5172 auctoritatem
1860 5116 2182 5172 nttribuerit.
2213 5117 2283 5170 At
2318 5114 2605 5171 sacerdotii
2643 5115 2940 5187 gradum-tt
2989 5117 3316 5190 presbyteris
3352 5118 3666 5175 distinctum

358 5222 464 5278 sibi
493 5221 748 5276 vindicat.
790 5218 1045 5286 Queritur
1065 5217 1116 5273 in
1143 5217 1314 5289 Epist.
1346 5231 1420 5283 χι,
1469 5214 1612 5287 quod
1640 5213 1858 5286 quidam
1888 5213 1958 5270 de
1989 5211 2346 5285 presbyteris,
2390 5227 2490 5269 nec
2531 5213 2806 5284 Evangelii
2852 5228 3150 5283 memores,
3191 5233 3210 5268 ι
3254 5229 3356 5271 nec
3399 5215 3654 5285 episcopo

357 5318 621 5373 honorem
644 5313 936 5372 sacerdotii
959 5313 1040 5370 sui
1067 5322 1122 5368 et
1147 5310 1418 5368 cathedra:
1439 5318 1799 5379 reservantes,
1835 5327 1856 5364 ι
1905 5309 2016 5380 jam
2049 5323 2172 5363 cum
2201 5307 2366 5378 lapsis
2385 5306 2785 5366 communicare
2803 5307 3116 5378 erupissent.
3138 5306 3290 5367 Alius
3314 5323 3442 5380 ergo
3470 5311 3520 5365 in
3551 5308 3666 5380 epi-

357 5410 538 5480 scopis
567 5423 632 5465 ac
662 5407 714 5465 in
745 5405 1072 5480 presbyteris
1103 5403 1390 5462 sacerdotii
1417 5402 1638 5474 gradus,
1669 5417 1732 5459 ac
1745 5403 1975 5476 proinde
1997 5399 2282 5472 episcopia
2309 5399 2640 5472 presbyteris
2666 5397 3066 5471 distinguuntur
3095 5416 3203 5459 non
3231 5400 3404 5460 solum
3429 5401 3665 5458 auctori-

357 5510 470 5558 tate
488 5511 542 5557 et
566 5500 843 5565 cathedra,
866 5498 962 5554 sed
985 5497 1150 5556 etiam
1181 5497 1371 5556 ordine
1393 5507 1448 5552 et
1467 5495 1798 5554 charactere.
1831 5494 1980 5552 lianc
2005 5500 2184 5549 autem
2209 5491 2497 5550 sacerdotii
2529 5491 2935 5552 distinctionem
2953 5492 3021 5550 ab
3046 5492 3164 5566 ipso
3185 5495 3406 5553 Christo
3444 5495 3662 5552 institu-

356 5603 468 5650 tam
495 5591 662 5650 fuisse
685 5608 752 5648 ex
800 5591 1042 5664 pluribus
1070 5588 1322 5663 Cypriani
1372 5588 1504 5646 locis
1547 5589 1867 5660 perspicitur
1898 5605 1910 5642 :
1944 5607 1963 5641 ι
1991 5586 2252 5644 Dominus
2278 5593 2482 5656 noster,
2515 5603 2535 5640 δ
2559 5583 2729 5658 inquit
2769 5584 2824 5642 iu
2856 5585 3030 5657 Epist.
3058 5602 3206 5645 xxvtt
3227 5629 3242 5653 ,
3265 5603 3320 5659 p.
3344 5589 3435 5656 37,
3470 5606 3488 5642 σ
3518 5588 3678 5657 Cujus

357 5697 630 5760 prmcepla
655 5696 710 5744 et
737 5687 940 5744 monita
965 5685 1263 5744 observare
1289 5683 1578 5753 debemus,
1619 5684 1857 5755 episcOpi
1887 5683 2146 5740 honorem
2167 5689 2220 5747 et
2246 5677 2503 5758 Ecclesia:
2531 5693 2643 5736 sua:
2673 5679 2934 5740 rationem
2966 5680 3260 5752 disponens
3291 5681 3343 5737 in
3377 5680 3686 5748 Evangelia

352 5782 600 5854 loquitur
624 5790 681 5845 et
703 5781 834 5844 dicit
857 5781 1018 5843 Petro
1045 5799 1058 5838 :
1087 5779 1197 5854 Ego
1227 5780 1342 5840 dico
1363 5778 1472 5851 tibi,
1495 5777 1614 5850 quia
1639 5787 1691 5837 tu
1719 5793 1772 5838 es
1803 5775 2020 5852 Petrus,
2069 5784 2119 5840 et
2156 5790 2308 5850 super
2349 5774 2498 5834 istam
2548 5784 2750 5846 petram
2780 5772 3041 5845 adificabo
3076 5773 3365 5849 Ecclesium
3401 5786 3601 5853 uicina.
3644 5783 3708 5834 et
