4172 6264
576 297 606 351 9,
616 296 651 351 5
2046 280 2440 344 PREFATIO.
3813 286 3851 341 2
3865 287 3886 340 i

582 421 746 485 porta:
771 414 1051 490 inferorum
1066 428 1165 469 non
1189 410 1385 467 vincent
1400 423 1545 466 eam:
1571 415 1620 465 et
1645 408 1734 465 tibi
1754 407 1886 464 dabo
1910 406 2075 463 claues
2098 405 2257 479 “regni
2284 402 2562 469 striarum;
2592 410 2639 463 et
2681 415 2797 473 quae
2822 399 3055 473 ligaveris
3079 414 3234 473 super
3262 407 3449 455 terram
3479 405 3623 456 erant
3648 399 3809 473 ligata
3840 412 3887 458 ει

576 509 638 565 in
666 510 827 577 caelis,
851 517 900 564 et
937 521 1263 580 quantumque
1298 503 1508 560 solveris
1532 519 1685 576 super
1710 514 1896 558 terram
1923 508 2069 557 erum
2106 499 2273 556 soluta
2311 507 2360 554 et
2398 499 2471 563 in,
2493 497 2652 553 caelis.
2682 494 2809 552 Inde
2836 509 2930 565 per
2962 501 3267 564 temporum
3293 502 3347 549 et
3379 493 3781 550 successionum
3808 496 3888 552 vi-

580 618 675 660 ces
693 605 1065 675 episcoporum
1091 598 1356 655 ordinatio
1383 606 1440 654 et
1460 596 1716 654 Ecclesia:
1741 596 1878 651 ratio
1906 595 2163 660 decurrit,
2193 603 2250 647 ut
2276 591 2517 647 Ecclesia
2549 604 2711 661 super
2733 588 3018 660 episcopos
3054 586 3417 642 constituatur
3443 593 3500 644 et
3523 587 3701 644 omnis
3732 598 3884 671 actus

584 695 839 753 Ecclesiae
865 708 961 765 per
981 693 1198 749 eosdem
1231 691 1550 763 praepositos
1571 690 1918 762 gubernetur.
1946 688 2081 745 Cum
2120 686 2223 743 ltoe
2252 686 2431 756 itaque
2457 684 2636 741 divina
2665 683 2782 754 lege
2809 681 3089 738 fundatum
3115 681 3207 749 sit,
3241 699 3260 735 ι
3293 690 3400 739 etc.

652 787 817 844 Multa
844 786 930 840 hic
955 783 1288 841 observanda
1319 781 1595 854 exquibus
1616 780 1674 838 S.
1705 779 1951 853 Martyris
1971 777 2239 836 sententia
2264 776 2488 832 mirilice
2514 775 2800 831 enitescit:
2850 771 2903 829 1⁰
2947 772 3187 830 declarat
3226 774 3514 846 episcopos
3558 779 3886 836 successisse

579 878 873 952 Apostolis.
902 876 993 933 Sic
1021 877 1180 932 etiam
1204 876 1256 931 in
1287 874 1459 947 Epist.
1510 888 1646 940 xui,
1685 889 1704 924 ι
1741 870 1998 927 unitatem
2027 884 2058 925 a
2090 866 2318 923 Domino
2346 866 2403 921 'et
2442 880 2536 936 per
2563 860 3064 939 Apos'tolosnohis,
3085 881 3121 952 γι
3155 861 3361 933 inquit,
3410 881 3430 915 ‹
3480 865 3886 931 successoribus

583 951 831 1029 traditam
860 991 880 1025 ι
929 970 1106 1027 docet.
1160 968 1282 1025 Vid.
1313 969 1484 1039 Epist.
1516 981 1665 1023 utx.
1697 964 1840 1021 Idem
1879 964 2037 1020 docet
2084 961 2431 1019 Firmilianus
2482 961 2535 1016 iu
2582 958 2749 1030 Epist.
2788 957 2855 1012 ad
2896 951 3245 1031 Cyprianum,
3275 973 3397 1031 pag.
3430 959 3557 1024 “8,
3601 961 3885 1032 episcopos

583 1063 862 1135 Apostolis
888 1081 908 1116 ι
946 1063 1143 1119 vicaria
1173 1060 1512 1118 ordinatione
1553 1079 1573 1112 ι
1609 1059 1957 1115 successisse.
2006 1057 2097 1113 Sic
2147 1055 2311 1112 etiam
2360 1056 2412 1110 in
2454 1054 2684 1111 concilio
2721 1052 3161 1125 Carthaginiensi,
3188 1053 3272 1107 cui
3297 1063 3529 1123 praeerat
3556 1053 3882 1127 Cyprianus,

578 1156 772 1212 Clarus
800 1172 829 1210 a
856 1154 1111 1222 Mascnla,
1147 1173 1166 1205 ι
1189 1153 1481 1224 Apostolis,
1521 1171 1542 1206 ι
1574 1152 1742 1223 inquit
1767 1150 1913 1225 (pag.
1942 1151 2092 1220 557),
2127 1167 2146 1200 ι
2178 1163 2279 1204 nos
2315 1148 2674 1204 successimus
2693 1146 2881 1203 eadem
2908 1155 3177 1218 potestate
3201 1146 3492 1203 Ecclesiam
3539 1147 3749 1205 Domini
3794 1167 3888 1222 gu-

579 1249 874 1304 bernantes
902 1259 953 1302 et
979 1246 1316 1303 credentium
1346 1244 1507 1301 fidem
1526 1243 1878 1315 baptizantes.
1920 1261 1940 1295 ι
1983 1242 2041 1296 2°
2062 1240 2469 1298 Ordinationem
2492 1239 2853 1311 episcopalem
2875 1235 3141 1294 aChristo
3164 1237 3460 1293 institutam
3483 1247 3538 1294 et
3563 1238 3744 1294 divina
3767 1239 3885 1312 lege

578 1341 851 1397 fundatam
885 1340 1192 1410 pronuntiat
1226 1339 1542 1411 Cyprianus.
1583 1337 1838 1406 Quamvis
1883 1337 2029 1392 enim
2057 1335 2335 1391 ordinatus
2378 1332 2657 1405 presbyter
2704 1333 2756 1388 in
2785 1331 2888 1387 hoc
2932 1331 3103 1402 gradu
3144 1330 3473 1402 aliquamdiu
3499 1333 3881 1401 ministrasset,

577 1439 747 1509 probe
779 1447 955 1493 tamen
984 1436 1190 1491 sciebat
1217 1435 1316 1490 sibi
1339 1434 1408 1489 ad
1429 1433 1788 1505 episeOpalem
1836 1432 2061 1504 gradum
2094 1439 2287 1487 vocato
2316 1429 2477 1484 aliam
2507 1428 2905 1484 ordinationem
2937 1441 3074 1498 opus
3105 1426 3291 1482 fuisse.
3316 1426 3487 1487 Nemo
3516 1427 3600 1484 his
3622 1431 3885 1500 tempori.

576 1530 681 1586 bus
712 1529 1028 1585 meminerat
1057 1527 1197 1597 quod
1222 1525 1516 1583 Salmasius
1542 1534 1596 1580 et
1614 1523 1925 1580 Blondellus
1956 1523 2143 1595 primis
2169 1521 2382 1578 saeculis
2410 1528 2719 1590 usurpatum
2744 1519 2905 1574 ruisse
2933 1517 3219 1585 finxerunt,
3253 1525 3330 1585 ut,
3358 1528 3571 1575 mortuo
3599 1520 3883 1590 episcopo;

577 1625 697 1682 sine
726 1638 863 1678 nova
892 1620 1231 1677 ordinatione
1259 1617 1575 1676 succederet
1600 1618 1873 1690 antiquior
1888 1618 2191 1689 presbyter,
2216 1615 2301 1672 vel
2324 1614 2463 1672 forte
2491 1615 2581 1685 qui
2608 1613 2824 1685 dignior
2852 1612 3157 1679 videbatur,
3183 1625 3241 1667 ut
3269 1611 3454 1682 placet
3473 1612 3774 1670 Blondello.
3806 1613 3886 1671 Ne

578 1716 684 1788 ipsi
710 1715 922 1787 quidem
955 1711 1305 1778 sehismatiei,
1330 1711 1432 1767 etsi
1456 1710 1523 1766 ad
1544 1725 1705 1766 omne
1730 1709 1937 1765 facinus
1960 1707 2305 1780 paratissimi,
2332 1706 2679 1778 presbyteros
2710 1705 2776 1761 ad
2815 1705 3185 1776 episcopatum
3227 1704 3343 1760 sine
3386 1704 3725 1761 ordinatione
3768 1710 3886 1764 ausi

580 1817 709 1866 sunt
733 1823 1072 1880 promovere.
1114 1806 1291 1862 Probe
1329 1805 1535 1860 sciebat
1562 1802 1889 1858 Novatianus
1915 1803 2201 1873 presbyter
2227 1816 2297 1857 ne
2337 1799 2685 1855 simulacrum
2715 1797 2930 1870 quidem
2971 1797 3315 1869 epiSc0patus
3345 1797 3463 1854 sine
3501 1813 3639 1854 nova
3669 1800 3887 1855 ordina-

582 1902 732 1958 tione
763 1900 1013 1971 oecupari
1039 1913 1218 1970 posse,
1245 1913 1368 1953 cum
1404 1906 1512 1953 tres
1547 1896 1833 1967 episcopos
1869 1909 2005 1966 quos
2050 1910 2114 1950 ex
2160 1893 2420 1950 vilissima
2447 1891 2709 1949 Ecclesia:
2741 1900 2890 1962 parte
2938 1906 3035 1962 per
3083 1890 3270 1948 dolum
3323 1891 3613 1958 acciverat,
3644 1892 3886 1951 inclusos

583 1992 722 2049 hora
746 1990 978 2057 decima,
1010 1990 1335 2046 temulentos
1366 1997 1420 2044 et
1448 1987 1667 2059 crapula
1690 2001 1982 2060 oppressos
2003 2029 2019 2055 ,
2046 1985 2360 2043 adumbrata
2383 1985 2613 2057 quadam
2642 1994 2699 2042 et
2742 1984 2888 2041 inani
2924 1994 3193 2040 manuum
3226 1983 3568 2056 impositione
3606 1986 3887 2059 epismpa-

582 2096 696 2141 tum
719 2085 820 2142 sibi
854 2084 1064 2141 tradere
1093 2099 1188 2156 per
1222 2083 1330 2139 vim
1364 2092 1583 2155 cogeret
1611 2081 1861 2157 (Euseb,
1895 2079 2059 2147 Ηίειη
2086 2081 2179 2136 lib.
2204 2097 2280 2151 vi,
2307 2097 2358 2137 c.
2386 2082 2501 2152 45).
2538 2081 2594 2137 5ο
2629 2079 2710 2135 Ex
2749 2079 2832 2134 his
2870 2078 3033 2135 etiam
3062 2079 3389 2151 perspicitur
3406 2082 3692 2152 episcopos
3714 2098 3742 2135 a
3768 2085 3887 2140 solo

580 2177 795 2234 Christo
819 2184 1140 2249 potestatem
1167 2176 1425 2233 Ecclesiae
1453 2174 1819 2247 gubernanda:
1845 2162 2141 2245 accepisse.
2182 2172 2319 2231 Hinc
2369 2175 2528 2230 toties
2554 2171 2696 2244 apud
2743 2175 3072 2246 Cyprianum
3104 2191 3123 2227 ‹
3159 2173 3419 2231 Dominus
3454 2174 3765 2233 sacerdotes
3783 2178 3886 2235 sibi

578 2269 637 2326 in
668 2270 904 2327 Ecclesia
929 2284 1022 2324 sua
1045 2268 1245 2339 eligere
1281 2279 1336 2324 et
1364 2268 1695 2324 constituere
1725 2284 1745 2319 ι
1777 2265 1992 2335 dicitur,
2023 2282 2076 2337 p.
2108 2264 2211 2322 59:
2242 2264 2341 2321 hac
2381 2265 2589 2322 ratione
2615 2266 2913 2338 Cyprianus
2943 2262 3178 2323 Cornelii
3219 2266 3590 2338 episcopatum
3624 2286 3644 2320 ι
3677 2268 3745 2325 de
3768 2269 3882 2341 Dei,

576 2363 671 2434 qui
716 2362 1025 2419 sacerdotes
1061 2361 1218 2431 facit,
1270 2364 1543 2418 voluntate
1563 2368 1875 2430 susceptum
1908 2379 1928 2411 ι
1961 2356 2197 2415 defendit
2241 2358 2437 2431 (Epist.
2473 2374 2577 2424 ut,
2621 2375 2675 2431 p.
2733 2359 2802 2415 68
2827 2369 2884 2415 et
2904 2358 3018 2433 69).
3067 2359 3184 2415 Vid.
3220 2360 3320 2432 Ep.
3352 2377 3441 2431 LV,
3468 2378 3521 2432 p.
3569 2362 3658 2431 82,
3699 2374 3754 2419 et
3782 2364 3885 2436 Ep.

578 2472 707 2525 uv,
736 2472 789 2527 p.
823 2456 949 2523 115,
980 2456 1079 2525 Ep.
1106 2470 1251 2522 uix,
1282 2471 1334 2526 p.
1361 2454 1482 2509 121.
1542 2453 1620 2509 Ex
1669 2452 1772 2507 hac
1816 2450 2156 2521 episcopatus
2185 2450 2404 2505 notione
2432 2449 2706 2506 oriebatur
2730 2465 2937 2506 summa
2972 2450 3225 2522 Cypriani
3263 2454 3563 2508 constantia
3595 2454 3647 2509 in
3683 2454 3881 2526 guber-

576 2550 759 2607 nanda
786 2560 840 2606 et
860 2548 1197 2606 defendenda
1227 2547 1453 2604 ecclesia
1483 2562 1610 2613 sua,
1640 2547 1724 2601 cui
1749 2559 1956 2601 cumse
1978 2543 2218 2616 judieem
2251 2543 2319 2599 ad
2352 2551 2565 2617 tempus
2587 2560 2617 2599 a
2646 2544 2758 2601 Deo
2778 2543 2962 2600 datum
2982 2558 3105 2601 esse
3127 2544 3293 2603 sciret
3319 2544 3464 2618 (pag.
3491 2545 3647 2615 122),
3681 2566 3702 2601 ι
3734 2562 3886 2605 eont-

578 2647 744 2700 missa
770 2642 1023 2700 divinitus
1048 2652 1223 2699 castra
1251 2641 1393 2697 fideli
1423 2642 1619 2697 virtute
1653 2659 1673 2693 ι
1697 2641 1948 2697 servabat
1990 2640 2067 2714 (p.
2113 2639 2271 2714 ul).
2307 2638 2573 2710 lmpressa
2604 2648 2721 2695 erat
2756 2639 2988 2695 aliorum
3024 2638 3220 2694 Africa:
3271 2638 3651 2710 episcoporum
3682 2643 3880 2700 animis

580 2738 702 2794 haec
727 2720 994 2795 sententia
1020 2756 1032 2792 :
1071 2757 1088 2791 ι
1118 2737 1172 2795 Si
1195 2737 1417 2794 maritus
1441 2750 1665 2808 peregre
1693 2734 2041 2807 proficiscens
2058 2776 2074 2804 ,
2106 2754 2126 2788 ι
2174 2728 2344 2808 inquit
2364 2733 2659 2791 Venantius
2683 2747 2714 2787 a
2737 2732 2937 2787 Timisa
2955 2773 2971 2799 ,
3000 2731 3057 2805 in
3076 2731 3305 2788 concilio
3330 2729 3585 2804 Carthag.
3611 2774 3629 2800 ,
3663 2750 3717 2804 p.
3748 2736 3875 2800 555,

581 2852 603 2887 ι
632 2834 807 2890 amico
820 2848 917 2889 suo
933 2832 1364 2889 commendasset
1383 2847 1604 2890 uxorem
1627 2845 1778 2889 suam
1801 2828 2226 2896 custodiendam,
2250 2828 2681 2885 commendatam
2699 2828 2801 2884 sibi
2834 2828 2924 2884 ille
2941 2836 3140 2900 quanta
3167 2838 3347 2901 posset
3367 2828 3643 2901 diligentia
3659 2845 3880 2889 conser-

572 2936 744 2998 varet,
770 2942 836 2982 ne
861 2929 928 2981 ab
950 2926 1130 2998 aliquo
1155 2927 1372 2984 castitas
1401 2927 1517 2999 ejus
1539 2936 1593 2982 et
1627 2925 1887 2982 sanctitas
1925 2922 2339 2981 adulteraretur.
2367 2920 2613 2979 Christus
2647 2922 2905 2979 Dominus
2930 2931 2987 2980 et
3015 2922 3157 2981 Deus
3187 2932 3373 2981 noster
3401 2923 3469 2981 ad
3493 2923 3712 2984 Patrem
3751 2941 3878 2997 pro-

571 3021 822 3078 ficiscens
849 3035 1101 3092 sponsam
1129 3036 1278 3077 suam
1310 3021 1465 3077 nobis
1485 3017 1899 3077 commendavit.
1939 3036 1959 3070 ι
2658 3014 2661 3017 ’

645 3117 839 3175 Nescio
860 3116 1003 3189 quad
1031 3118 1389 3174 sacerdotium
1418 3116 1682 3188 Rigaltius
1708 3123 1764 3172 et
1792 3113 2043 3171 Baluzius
2072 3113 2317 3170 diaconis
2347 3112 2611 3184 afﬁngunt
2644 3114 2696 3169 in
2727 3113 2838 3169 suis
2871 3112 3338 3171 observationibus
3361 3113 3429 3170 ad
3465 3113 3580 3171 hate
3616 3113 3872 3187 Cypriani

571 3212 740 3268 verba
771 3229 785 3268 :
822 3230 841 3265 ι
883 3212 1013 3267 Item
1042 3211 1375 3283 presbyteris
1418 3219 1473 3266 et
1503 3209 1819 3267 diaconibus
1855 3222 1962 3264 non
2000 3207 2171 3265 defuit
2201 3206 2486 3264 sacerdotii
2524 3208 2674 3279 vigor
2715 3208 2908 3281 (Epist.
2939 3206 3054 3280 xv).
3095 3227 3114 3261 ι
3163 3207 3462 3281 Cyprianus
3492 3208 3594 3266 hoc
3643 3209 3764 3267 loco
3787 3226 3877 3267 sa-

576 3307 802 3363 cerdotii
828 3306 1069 3376 vigorem
1098 3319 1431 3375 nequaquam
1463 3302 1793 3374 presbyteris
1824 3302 1930 3357 illis
1957 3312 2013 3357 et
2034 3301 2352 3358 diaconibus
2377 3301 2645 3367 attribuit,
2680 3300 2774 3356 sed
2819 3300 2996 3371 potius
3015 3316 3044 3355 a
3071 3316 3132 3357 se
3186 3302 3240 3357 in
3274 3302 3382 3357 illis
3409 3301 3754 3374 objurgandis
3781 3304 3875 3358 ad-

572 3395 804 3452 hibitum
831 3395 1200 3460 demonstrat;
1228 3394 1388 3465 idque
1415 3408 1480 3447 ex
1513 3392 1596 3447 his
1621 3408 1741 3463 qua:
1761 3401 2059 3463 sequuntur
2078 3402 2239 3464 atque
2266 3409 2331 3448 ex
2357 3393 2519 3448 totius
2575 3391 2816 3463 epistola:
2837 3393 2977 3449 serie
3025 3393 3367 3465 perspicitur.
3399 3393 3583 3467 Neque
3619 3395 3746 3451 huic
3778 3396 3876 3453 lli-

572 3487 720 3558 galtii
760 3494 811 3542 ct
840 3486 1035 3542 Balnzii
1065 3484 1303 3557 opinioni
1326 3483 1464 3540 favet
1490 3483 1632 3554 quod
1671 3484 1972 3555 Cyprianus
2009 3484 2273 3541 absensin
2299 3485 2469 3556 Epist.
2503 3500 2600 3539 xm
2642 3484 2904 3550 decernit,
2954 3503 2973 3538 ‹
3011 3494 3070 3541 ιιι
3107 3486 3199 3558 qui
3249 3487 3460 3544 libellos
3485 3503 3515 3542 a
3550 3489 3875 3562 martyribus

574 3589 925 3651 acceperunt,
952 3588 1007 3635 et
1035 3578 1387 3649 praerogativa
1419 3591 1605 3633 eorum
1636 3577 1775 3648 apud
1796 3577 1963 3634 Deum
1988 3578 2231 3650 adjuvari
2258 3588 2503 3649 possunt,
2537 3579 2581 3633 si
2611 3579 2969 3637 incommodo
2984 3581 3162 3652 aliquo
3191 3590 3247 3638 et
3278 3581 3606 3639 inﬁrmitatis
3634 3585 3872 3655 periculo

568 3674 815 3745 occupati
846 3672 1059 3737 fuerint,
1092 3687 1199 3727 non
1228 3668 1534 3742 exspectata
1555 3670 1838 3743 praesentia
1876 3655 2291 3745 nostra,inquit,
2321 3673 2461 3743 apud
2494 3674 2864 3746 presbyterum
2920 3689 3312 3748 quemcumque
3336 3686 3679 3749 prmsentem,
3717 3678 3807 3735 vel
3827 3680 3872 3735 si

569 3766 855 3839 presbyter
872 3773 1117 3837 repertus
1140 3778 1244 3821 non
1270 3764 1450 3832 fuerit,
1485 3772 1541 3820 et
1564 3778 1757 3835 urgere
1776 3764 1956 3820 exitus
1984 3766 2232 3836 coeperit,
2262 3765 2404 3835 apud
2430 3766 2714 3822 diaconum
2732 3781 2944 3838 quoque
2961 3768 3361 3840 exomologesin
3385 3768 3568 3826 delicti
3585 3770 3669 3825 sui
3695 3769 3873 3828 facere

566 3858 810 3929 possint;
840 3868 918 3926 ut,
952 3873 1113 3913 manu
1137 3858 1216 3913 eis
1270 3857 1322 3912 in
1356 3856 1725 3926 paenitentiam
1783 3856 2055 3926 imposita,
2082 3857 2299 3914 veniant
2320 3857 2385 3913 ad
2411 3858 2696 3915 Dominum
2718 3876 2840 3915 eum
2872 3840 3004 3932 pace
3036 3876 3197 3933 quam
3220 3861 3336 3918 dari
3377 3871 3644 3936 martyres
3679 3863 3873 3921 litteris

565 3950 633 4003 ad
662 3964 759 4005 nos
793 3950 948 4005 factis
974 3948 1432 4006 desideraverunt.
1462 3966 1481 4000 ι
1509 3947 1625 4003 Νοιι
1656 3947 1985 4004 immorabor
2014 3949 2068 4003 in
2098 3948 2199 4004 hac
2219 3949 2534 4021 explicanda
2556 3950 2887 4017 difficultate,
2919 3969 3039 4025 qua:
3067 3954 3290 4010 nimium
3316 3964 3464 4012 arcte
3489 3971 3611 4012 cum
3636 3972 3869 4029 sequen-

564 4044 712 4100 tibus
742 4045 951 4099 smculis
979 4030 1263 4114 conjuncta
1288 4053 1393 4111 est,
1420 4057 1580 4113 quam
1636 4052 1695 4098 ut
1750 4045 1853 4099 hoc
1877 4042 1997 4099 loco
2022 4045 2316 4101 examinari
2348 4046 2537 4117 possit.
2569 4046 2677 4103 Sed
2701 4056 2758 4103 ιιι
2782 4062 2813 4103 a
2842 4049 3111 4121 Cypriane
3139 4065 3245 4106 non
3275 4050 3568 4119 discedam,
3599 4069 3761 4109 unum
3786 4064 3872 4111 est

563 4138 709 4211 quod
735 4138 1079 4194 observatum
1103 4137 1283 4205 velim,
1309 4152 1646 4209 nequaquam
1676 4136 1744 4193 ab
1769 4136 1861 4192 illo
1888 4137 2025 4192 hanc
2046 4139 2645 4209 provinciamodiaconis
2672 4142 2955 4210 committi,
2995 4151 3053 4197 ut
3078 4152 3419 4213 peccatorum
3468 4145 3866 4202 confessionem

563 4233 836 4304 excipiant
855 4245 907 4289 et
936 4233 1305 4305 paenitentiam
1335 4231 1629 4303 imponant.
1663 4230 1787 4287 llaec
1815 4231 1958 4287 enim
1986 4230 2087 4287 fuit
2125 4232 2231 4289 illis
2255 4235 2586 4304 temporibus
2618 4234 2923 4305 disciplina,
2951 4243 3009 4290 ut
3050 4242 3207 4291 nemo
3244 4236 3309 4291 ad
3339 4251 3526 4307 pacem
3555 4236 3868 4297 admittere-

560 4338 651 4385 tur
676 4343 745 4385 ne
776 4327 833 4384 in
859 4336 1103 4382 extremo
1140 4323 1356 4397 quidem
1386 4324 1719 4392 discrimine,
1747 4325 1849 4380 nisi
1883 4326 2117 4397 quiante
2138 4328 2385 4384 morbum
2416 4338 2630 4398 peccata
2656 4330 2931 4386 confessus
2950 4329 3154 4399 fuisset,
3193 4346 3256 4387 ac
3286 4333 3655 4401 pa‘nitentiam
3681 4344 3869 4405 postu-

560 4421 749 4486 lasset,
782 4431 840 4475 ut
868 4427 1091 4474 testatur
1128 4418 1429 4491 Cyprianus
1452 4418 1507 4472 in
1549 4416 1724 4487 Epist.
1779 4434 1868 4474 ut.
1920 4417 2279 4486 Quamobrem
2318 4423 2629 4493 praescripta
2657 4423 2797 4493 apud
2826 4421 3106 4478 diaconum
3144 4423 3538 4494 exomologesis
3581 4425 3636 4481 in
3677 4429 3866 4485 mortis

564 4510 810 4571 articulo.
842 4525 951 4564 non
979 4517 1095 4565 erat
1116 4520 1463 4579 peccatorum
1492 4507 1782 4575 confessio,
1805 4524 1925 4579 qua:
1951 4511 2090 4581 apud
2115 4512 2421 4569 sacerdotes
2447 4498 2608 4569 antea
2637 4515 2748 4571 fieri
2783 4513 3059 4580 debuerat,
3094 4530 3196 4571 nec
3223 4516 3445 4586 proinde
3466 4532 3588 4574 cum
3618 4519 3861 4576 diaconis

561 4604 1016 4661 communicatum
1038 4601 1136 4658 fuit
1174 4601 1501 4674 pmnitcnlite
1523 4601 1859 4673 imponendae
1884 4618 2097 4660 munus.
2120 4605 2273 4674 Quod
2298 4615 2478 4663 autem
2500 4607 2567 4662 ah
2592 4606 2816 4664 eruditis
2837 4608 2963 4664 viris
2993 4608 3306 4681 jamdudum
3350 4612 3692 4668 observatum
3741 4625 3820 4671 est
3844 4658 3858 4679 ,

559 4697 825 4769 duplicem
850 4712 970 4754 esse
996 4696 1421 4767 exomologesin,
1464 4694 1518 4752 id
1547 4693 1897 4752 confirmatur
1924 4712 1989 4753 ex
2037 4698 2294 4770 Cypriani
2314 4700 2557 4771 epistolis
2609 4701 2659 4756 in
2689 4701 2962 4773 lapsorum
3010 4718 3172 4759 causa
3201 4706 3451 4778 scriptis;
3477 4707 3529 4763 iu
3556 4707 3748 4777 primis
3788 4725 3854 4766 ex

558 4792 663 4863 Ep.
690 4809 783 4855 xu,
818 4791 906 4849 ubi
949 4791 1446 4863 aitexomologesin
1473 4790 1628 4849 fierit
1666 4792 1905 4864 inspecta
1933 4794 2041 4848 vita
2091 4793 2213 4865 ejus
2232 4794 2323 4865 qui
2348 4794 2459 4865 agit
2499 4795 2891 4864 paenitentiam.
2929 4816 2947 4850 ι
2984 4797 3062 4854 Ex
3107 4814 3213 4870 quo
3244 4809 3389 4871 patet
3436 4805 3855 4879 exomologesin,

559 4901 721 4958 quam
751 4884 1016 4942 absolutio
1043 4887 1287 4956 proxime
1313 4886 1639 4958 sequebatur
1658 4886 1769 4959 jam
1796 4887 2022 4960 probata
2053 4896 2107 4944 et
2144 4887 2276 4944 satis
2308 4896 2547 4959 spectata
2574 4888 2710 4962 lapsi
2759 4892 3093 4964 pteuitentia,
3141 4893 3396 4970 distingui
3433 4897 3632 4959 debere
3658 4917 3686 4956 a
3724 4916 3854 4959 con-

577 4977 789 5039 essionc
815 4986 1155 5053 peccatorum
1184 4978 1553 5053 pmnitentiam
1582 4980 1750 5054 ipsam
1782 4981 2145 5054 praecedente.

1238 5184 1326 5245 ill.
1345 5202 1694 5248 -PttllA'l'US
1715 5202 1980 5250 sccsssw
2010 5202 2240 5249 nouam
2270 5207 2303 5248 Α
2340 5204 2386 5248 s.
2420 5206 2680 5251 CYPRIANO
2701 5206 2910 5251 εειιιδειι
2935 5204 3182 5252 scurras.

618 5393 711 5451 Sic
734 5392 1106 5466 episcoporum
1121 5393 1242 5465 jura
1263 5392 1504 5452 defendit
1527 5392 1852 5468 Cyprianus,
1910 5403 1969 5451 ιιι
1994 5394 2289 5467 legitimum
2316 5397 2576 5454 Romamn
2602 5397 2759 5456 Sedis
2800 5398 3090 5470 primatum
3127 5408 3409 5474 agnoscat.
3435 5399 3495 5457 ιιι
3522 5400 3859 5464 dissensione

549 5506 712 5566 quam
741 5489 928 5546 habuit
946 5505 1068 5547 cum
1094 5491 1391 5563 Stephano.
1422 5506 1569 5563 saepe
1591 5502 1812 5564 questus
1837 5491 2087 5563 estquod
2114 5493 2421 5565 Stephanus
2450 5495 2681 5566 primatu
2722 5508 2822 5550 suo
2849 5495 3072 5551 nimium
3092 5496 3413 5566 confideret,
3443 5498 3539 5554 sed
3589 5498 3658 5556 de
3688 5500 3855 5570 ipsius

544 5585 866 5643 auctoritate
882 5583 1031 5640 litem
1052 5599 1158 5641 non
1172 5586 1358 5645 movit.
1382 5583 1472 5642 Sic
1485 5585 1627 5641 enim
1654 5585 1817 5641 tacito
1843 5586 2060 5643 nomine
2096 5584 2428 5656 Stephanum
2472 5586 2786 5658 perstringit
2803 5588 2858 5643 in
2875 5588 3043 5660 Epist.
3064 5606 3190 5647 Lm
3211 5609 3225 5646 :
3253 5610 3272 5644 ι
3303 5590 3411 5647 Sed
3426 5606 3525 5647 nec
3544 5591 3759 5657 Petrus.
3777 5594 3859 5650 in-

548 5681 685 5749 quit,
703 5695 864 5752 quem
885 5679 1118 5752 primum
1144 5679 1401 5736 Dominus
1414 5680 1573 5752 elegit
1588 5688 1644 5736 et
1658 5693 1823 5751 super
1837 5693 1994 5751 quem
2013 5678 2247 5735 fundavit
2274 5679 2569 5736 Eeclesiam
2589 5695 2760 5746 suam,
2789 5696 2912 5738 cum
2935 5698 3117 5740 secum
3141 5684 3340 5741 Paulus
3358 5684 3427 5743 de
3443 5686 3855 5743 circumcisione

547 5778 890 5846 postmodum
916 5779 1269 5849 disceptaret,
1297 5777 1588 5835 vindicavit
1616 5777 1715 5834 sibi
1745 5777 1945 5851 aliquid
1966 5776 2258 5835 insolenter
2305 5785 2398 5833 aut
2424 5785 2739 5850 arroganter
2779 5780 3090 5851 assumpsit,
3136 5791 3195 5835 ut
3222 5781 3431 5838 diceret
3456 5796 3515 5837 se
3554 5783 3847 5852 primatum

545 5881 732 5929 tenere
756 5877 813 5927 et
837 5869 1200 5941 obtemperari
1226 5884 1257 5925 a
1287 5868 1516 5928 novellis
1545 5877 1600 5927 et
1625 5871 1856 5942 posteris
1894 5870 1998 5928 sibi
2027 5871 2205 5943 potius
2233 5878 2523 5944 Oportere:
2564 5890 2582 5924 ι
2615 5872 2696 5931 sic
2741 5872 2905 5933 etiam
2932 5874 3277 5935 Fit-milianus
3298 5876 3443 5949 juste
3485 5874 3758 5947 indignari
3790 5893 3853 5937 se
