4200 6262
349 264 423 319 ει
1773 253 2162 314 ΡΒιΕΕᾺΤΙΟ.
3592 249 3662 307 96

348 377 478 435 dicit
508 377 560 434 in
591 377 928 448 Stephanum
982 377 1126 451 (pag.
1174 375 1301 443 148)
1330 373 1470 445 quini
1505 374 1592 445 qui
1627 391 1645 425 ι
1683 373 1759 428 sic
1789 372 1856 428 de
1881 373 2218 443 episcopatus
2247 370 2327 426 sui
2364 369 2485 426 loco
2519 368 2796 440 gloriatur,
2819 375 2871 425 et
2890 381 2949 425 se
2973 367 3368 426 successionem
3409 367 3551 427 Petri
3577 379 3656 426 to-

353 488 479 528 ncre
505 470 805 538 contendit,
837 485 1001 543 super
1025 485 1182 541 quem
1214 468 1555 523 fundamenta
1577 465 1834 522 Ecclesiae
1855 464 2113 521 collocata
2137 473 2280 530 sunt,
2314 463 2509 519 nmltas
2552 463 2682 518 alias
2710 471 2886 532 petras
2918 461 3151 525 inducat.
3195 471 3250 517 et
3295 461 3644 520 ecclesiarum

354 567 641 622 multarum
682 579 822 619 nova
848 563 1073 620 mdilicia
1099 562 1404 629 constituat,
1431 560 1556 616 dum
1587 575 1708 616 esse
1760 559 1868 615 illic
1912 559 2182 632 Baptisma
2214 574 2307 614 sua
2336 558 2654 614 auctoritate
2671 556 2923 613 defendit.
2962 575 2981 609 ›
3009 557 3076 612 Ει
3107 556 3264 627 paulo
3285 566 3404 627 post
3433 573 3447 612 :
3485 573 3507 610 ι
3537 557 3658 614 Βίου

354 659 583 730 phanns,
622 657 711 728 qui
742 673 838 728 per
874 655 1270 712 successionem
1300 653 1609 710 cathedram
1635 653 1779 709 Petri
1800 652 2000 710 habere
2013 668 2080 724 (se
2104 652 2381 726 prmdicat,
2413 651 2558 707 nullo
2580 650 2836 707 adversus
2859 651 3140 707 hmrcticos
3167 651 3284 707 zelo
3310 653 3592 708 excitatur.
3627 671 3647 706 ι

352 754 620 824 Agnoscit
642 767 769 824 ergo
799 752 1145 807 Firmilianus
1174 752 1228 806 in
1259 750 1530 820 Stephano
1559 749 1802 805 altiorem
1821 748 2103 819 quemdam
2135 747 2406 818 dignitatis
2441 745 2690 816 gradum,
2722 753 2775 801 et
2800 744 2924 800 dum
2966 745 3108 801 ineo
3137 759 3436 816 congruens
3469 744 3646 816 digni-

353 848 450 902 tati
480 847 717 902 studium
747 846 866 902 lidei
887 846 1179 908 desiderat.
1208 845 1352 900 Petri
1383 844 1668 916 primatum
1712 842 1906 899 fatetur
1928 843 2268 898 successione
2298 840 2363 896 ad
2397 833 2543 896 illum
2570 841 2894 912 pervenisse.
2927 839 3070 895 Petri
3116 840 3338 911 ejusque
3373 854 3652 896 successo-

349 957 475 998 rum
507 943 792 1012 primatum
817 957 961 1013 smpe
985 940 1118 995 alias
1139 937 1858 1009 commendavitCyprianus
1887 953 1900 991 :
1933 957 1950 990 ι
1990 937 2182 992 Petrus
2213 945 2408 1002 tamen,
2448 952 2466 988 ι
2511 935 2680 1006 inquit
2713 949 2830 1006 pag.
2858 933 2980 1003 ηδ,
3015 951 3034 986 ι
3073 948 3237 1006 super
3285 951 3445 1005 quem
3476 935 3645 991 sedili-

345 1044 466 1091 cata
494 1035 562 1088 ah
583 1035 769 1089 eodem
793 1033 1021 1088 Domino
1054 1032 1228 1088 fuerat
1259 1031 1523 1096 Ecclesia,
1554 1045 1690 1086 unus
1732 1045 1828 1101 pro
1855 1030 2105 1086 omnibus
2129 1029 2353 1100 lojuens
2375 1038 2428 1084 et
2458 1028 2712 1084 Ecclesiae
2744 1042 2875 1084 voce
2903 1027 3234 1098 respondens
3262 1028 3338 1082 ait
3364 1045 3380 1082 ε
3407 1027 3646 1095 Domine,

343 1130 415 1182 ad
439 1145 584 1196 quem
615 1128 836 1184 ibimus?
864 1148 883 1180 ι
924 1127 1041 1184 Vid.
1074 1143 1193 1201 pag.
1216 1129 1343 1183 123.
1394 1144 1414 1180 ‹
1451 1124 1566 1182 Una
1597 1124 1834 1182 Ecclesia
1859 1139 1888 1179 a
1923 1122 2558 1194 DomiuosuperPetrum
2596 1120 2802 1193 origine
2827 1121 3043 1176 unitatis
3060 1129 3113 1176 et
3135 1120 3342 1177 ratione
3359 1119 3596 1189 fundata,
3623 1141 3642 1176 ι

344 1236 400 1291 p.
436 1220 559 1276 125.
593 1239 612 1274 ι
647 1221 780 1276 Nam
803 1223 964 1278 Petro
986 1237 1150 1294 super
1166 1236 1322 1292 quem
1355 1219 1635 1275 :edilicavit
1660 1218 1975 1285 Ecclesiam,
2007 1226 2062 1274 et
2086 1217 2226 1273 unde
2254 1218 2472 1273 unitatis
2497 1217 2756 1287 originem
2797 1216 3022 1271 instituit
3053 1223 3107 1271 et
3132 1215 3384 1283 ostendit,
3415 1225 3649 1287 potesta-

343 1323 452 1368 tem
475 1316 632 1370 istam
656 1315 804 1371 dedit
834 1326 891 1371 ut
919 1316 970 1371 id
1000 1315 1368 1373 solvereturin
1399 1313 1550 1370 cmlis
1578 1312 1719 1384 quod
1751 1313 1843 1369 ille
1872 1314 2120 1369 solvisset
2145 1313 2195 1367 in
2227 1313 2400 1368 terris.
2448 1312 2517 1367 Et
2542 1321 2660 1383 post
2687 1312 3140 1368 resurrectionem
3167 1327 3382 1384 quoque
3405 1311 3471 1366 ad
3497 1315 3647 1383 Apo-

340 1406 509 1462 stolus
526 1407 779 1479 loquitur,
807 1408 1022 1464 dicens:
1046 1407 1192 1463 Sicut
1215 1409 1348 1462 misit
1362 1425 1439 1463 me
1459 1407 1634 1473 Pater,
1660 1416 1704 1462 et
1723 1423 1812 1479 ego
1837 1407 1981 1460 mitto
2005 1421 2109 1472 vos,
2127 1426 2145 1458 ι
2170 1416 2272 1460 etc.
2303 1405 2494 1476 (Epist.
2530 1420 2720 1472 Lxxut,
2755 1420 2873 1475 pag.
2900 1405 2994 1460 151
3011 1423 3023 1461 :
3041 1403 3146 1460 vid.
3171 1420 3287 1476 pag.
3308 1406 3410 1461 “8
3426 1415 3480 1462 et
3493 1405 3644 1476 250).

343 1499 446 1554 Sed
469 1502 735 1570 praecipue
760 1501 1180 1558 considerandus
1201 1501 1353 1558 nobis
1369 1510 1452 1558 est
1481 1503 1706 1573 insignis
1731 1501 1885 1557 locus
1911 1516 1978 1556 ex
2004 1500 2140 1556 libro
2166 1501 2228 1556 de
2245 1499 2449 1555 Uuitate
2464 1499 2727 1566 Ecclesia’,
2753 1515 2869 1571 pag.
2903 1499 3007 1555 195
3035 1516 3046 1557 :
3075 1517 3094 1551 ι
3114 1497 3375 1571 Loquitur
3392 1499 3646 1555 Dominus

343 1597 407 1652 ad
439 1597 655 1653 Petrum
693 1617 706 1653 :
743 1597 854 1670 Ego
891 1600 980 1654 tibi
1006 1600 1138 1668 dico,
1166 1599 1358 1670 inquit,
1383 1600 1504 1669 quia
1534 1610 1588 1654 tu
1614 1615 1669 1653 es
1700 1597 1904 1662 Petrus,
1933 1606 1978 1652 et
2003 1613 2155 1667 super
2183 1597 2314 1650 hanc
2343 1606 2538 1669 petram
2561 1595 2828 1666 azdi/icabo
2857 1595 3140 1650 Ecclesiam
3187 1612 3372 1663 meam,
3403 1605 3451 1651 et
3483 1608 3644 1667 porta:

341 1691 625 1760 inferorum
651 1709 752 1748 non
780 1695 976 1749 vincent
1002 1711 1113 1749 eam
1133 1711 1152 1758 ;
1181 1703 1228 1748 et
1249 1694 1338 1748 tibi
1357 1694 1488 1748 dabo
1515 1694 1679 1748 claves
1705 1692 1849 1764 regni
1875 1691 2148 1759 cwlorum;
2180 1701 2226 1744 et
2254 1707 2367 1762 qua:
2407 1691 2641 1762 ligaveris
2685 1707 2836 1760 super
2884 1698 3092 1757 terram,
3137 1698 3284 1744 erunt
3327 1690 3482 1762 ligata
3503 1700 3549 1745 et
3589 1692 3642 1747 in

339 1785 500 1849 cwlis,
530 1795 576 1840 et
603 1801 934 1858 quacumque
957 1786 1164 1841 solveris
1185 1803 1336 1858 super
1363 1795 1572 1851 terram,
1605 1795 1751 1840 erunt
1780 1784 1949 1839 soluta
1975 1792 2020 1838 et
2049 1784 2100 1838 in
2157 1783 2316 1838 caelis.
2345 1781 2414 1837 Et
2437 1783 2626 1838 iterum
2653 1782 2828 1839 eidem
2860 1789 2981 1853 post
3025 1781 3473 1839 resurrectionem
3491 1797 3640 1839 suam

333 1876 464 1932 dicit
488 1895 500 1931 :
534 1876 694 1934 Pasce
719 1896 834 1934 oves
863 1895 1036 1943 meas;
1078 1894 1241 1950 super
1279 1879 1428 1934 illum
1454 1893 1619 1934 unum
1643 1875 2181 1933 aediﬁcatEcclesiam
2206 1890 2381 1941 suam,
2412 1883 2467 1931 et
2488 1875 2563 1930 illi
2594 1874 2892 1946 pascendas
2913 1874 3131 1931 mandat
3146 1889 3275 1930 oves
3295 1889 3442 1945 suas,
3462 1891 3643 1947 quam-

333 1972 415 2025 vis
444 1971 716 2041 Apostolis
732 1982 854 2042 post
882 1974 1335 2029 resurrectionem
1365 1987 1517 2028 suam
1550 1986 1734 2044 parem
1768 1977 2089 2042 potestatem
2111 1967 2307 2023 tribuat
2332 1977 2386 2023 et
2411 1967 2590 2023 dicat:
2626 1967 2776 2022 Sicut
2803 1968 2936 2022 misit
2963 1984 3042 2022 me
3075 1966 3250 2034 Pater,
3291 1977 3339 2021 et
3386 1984 3477 2040 ego
3499 1970 3640 2024 mitto
3697 1997 3699 2000 ‹

331 2079 419 2119 nos
438 2082 454 2130 ;
472 2066 682 2135 accipite
706 2065 957 2136 Spiritum
971 2075 1234 2131 sanctum;
1258 2068 1301 2121 si
1326 2069 1472 2138 cujus
1499 2065 1790 2121 remiseritis
1818 2075 2044 2134 peccatu,
2065 2062 2381 2117 remittemur
2405 2062 2506 2129 illi;
2533 2063 2574 2117 si
2601 2065 2749 2134 cujus
2768 2063 3044 2129 tenueritis,
3068 2061 3402 2120 tenebuntur:
3429 2071 3630 2133 tamen,

335 2166 395 2212 ut
417 2159 675 2214 unitatem
706 2160 1096 2226 mauiiestaret,
1126 2160 1347 2215 unitatis
1376 2158 1616 2230 ejusdem
1649 2158 1910 2230 originem
1947 2157 2016 2213 ab
2041 2171 2150 2212 uno
2180 2156 2522 2228 incipientem
2559 2171 2654 2212 sua
2683 2157 3000 2214 auctoritate
3029 2156 3309 2228 disposuit.
3345 2156 3459 2213 Hoc
3485 2168 3640 2215 erant

337 2251 523 2322 utique
547 2261 600 2308 ct
625 2253 807 2309 caueri
832 2254 1072 2324 Apostoli
1112 2255 1254 2325 quod
1279 2253 1378 2309 fuit
1407 2254 1618 2322 Petrus,
1644 2254 1754 2325 pari
1784 2253 2057 2310 consortio
2085 2252 2292 2324 przediti
2323 2263 2376 2310 et
2401 2253 2621 2310 honoris
2647 2264 2701 2311 et
2741 2254 3050 2325 potestatis;
3093 2254 3190 2312 sed
3237 2255 3516 2313 exordium
3558 2258 3627 2313 ab

341 2339 546 2404 unitate
572 2349 948 2420 proficiscitur,
979 2359 1040 2407 ut
1068 2351 1312 2422 Ecclesia
1337 2349 1537 2407 Christi
1565 2367 1669 2406 una
1696 2361 2048 2407 monstretur.
2089 2372 2106 2405 ι

406 2445 516 2500 llot:
541 2446 906 2501 testimonium
960 2447 1030 2501 ita
1066 2446 1258 2516 protuli
1287 2454 1342 2502 ιιι
1390 2446 1620 2502 habetur
1671 2446 1724 2501 in
1764 2447 1865 2502 hac
1911 2445 2114 2502 Baluzii
2163 2446 2422 2515 editione,
2479 2447 2574 2504 sed
2622 2447 2876 2522 Cypriani
2907 2448 3068 2505 verba
3119 2447 3275 2504 aliter
3299 2448 3556 2520 leguntur
3581 2449 3634 2504 in

343 2537 666 2595 editionibus
696 2539 915 2594 Manntii
938 2554 1002 2594 ac
1023 2539 1265 2607 Pamelii,
1288 2540 1339 2594 in
1363 2539 1560 2610 quibus
1582 2547 1704 2610 post
1727 2537 1842 2594 lucc
1864 2539 2045 2604 verba,
2081 2558 2100 2592 ι
2139 2549 2196 2594 ιιι
2225 2541 2480 2595 unitatem
2514 2541 2899 2606 manifestarct,
2937 2560 2955 2593 ι
2983 2538 3219 2607 additur,
3256 2558 3275 2592 ι
3317 2554 3476 2594 unam
3529 2555 3622 2595 ca-

335 2632 574 2688 thedram
603 2635 876 2690 constituit
909 2654 920 2688 :
952 2653 971 2687 ι
1000 2634 1080 2690 sic
1104 2635 1264 2689 etiam
1293 2642 1413 2705 post
1441 2632 1557 2689 [nec
1583 2632 1766 2698 verba,
1802 2652 1820 2686 ‹
1856 2618 2133 2688 exordium
2153 2633 2221 2688 ab
2252 2635 2456 2690 unitate
2472 2634 2828 2705 proficiscitur
2854 2651 2869 2700 ;
2909 2653 2927 2686 ι
2958 2632 3159 2688 habent
3196 2631 3459 2688 editiones
3497 2632 3625 2702 illze,

341 2745 359 2775 ι
402 2727 472 2780 Ει
509 2729 772 2797 primatus
798 2729 958 2783 Petro
986 2728 1163 2793 datur,
1191 2735 1247 2782 ut
1267 2742 1371 2782 una
1401 2725 1602 2783 Christi
1633 2726 1871 2783 Ecclesia
1895 2735 1949 2782 et
1976 2726 2231 2783 cathedra
2256 2743 2356 2781 una
2391 2737 2738 2785 monstretur.
2789 2727 2855 2784 Et
2886 2735 3130 2798 pastores
3183 2736 3304 2782 sunt
3342 2741 3533 2783 omnes
3577 2736 3634 2784 et

329 2830 467 2887 grex
494 2833 631 2872 unus
659 2819 960 2878 ostenditur
983 2819 1073 2890 qui
1097 2819 1166 2874 ab
1197 2818 1468 2890 Apostolis
1495 2818 1746 2874 omnibus
1775 2816 2011 2873 unanimi
2032 2821 2388 2878 consensione
2415 2831 2680 2893 pascatur,
2716 2833 2773 2876 ut
2803 2822 3046 2878 Ecclesia
3072 2821 3279 2877 Christi
3317 2837 3420 2876 una
3461 2837 3621 2876 mon-

329 2921 606 2969 stretur...
639 2916 757 2985 :qui
775 2915 1078 2971 cathedram
1102 2916 1267 2982 Petri,
1296 2930 1459 2987 super
1481 2931 1638 2985 quem
1671 2914 1884 2970 fundata
1911 2923 1996 2971 est
2023 2915 2285 2980 Ecclesia,
2305 2916 2524 2980 deserit,
2547 2918 2596 2970 in
2626 2916 2859 2970 Ecclesia
2887 2931 2946 2970 se
2967 2930 3089 2971 esse
3108 2913 3347 2970 confidit!
3378 2934 3397 2967 ι
3433 2913 3554 2970 llzec
3575 2915 3626 2970 in

329 3016 645 3061 contextum
675 3007 956 3078 irrepsisse
985 3008 1234 3064 Baluzius
1261 3009 1614 3076 exisumavit,
1634 3008 1787 3079 cujus
1817 3008 1884 3064 de
1904 3009 2170 3064 sententia
2223 3023 2286 3064 ac
2335 3007 2634 3064 rationilms
2673 3007 3006 3062 eruditorum
3048 3008 3152 3064 erit
3194 3006 3488 3077 judicium;
3532 3007 3628 3064 sed

331 3102 671 3156 observatum
703 3103 882 3170 velim,
907 3105 950 3158 si
981 3118 1042 3158 ea
1070 3104 1404 3158 retineantur
1463 3117 1581 3174 qua:
1608 3101 1931 3159 Oxoniensis
1977 3102 2152 3158 editor
2171 3110 2225 3158 et
2277 3101 2523 3164 Baluzius
2569 3110 2962 3172 expunxerunt,
3015 3100 3145 3155 nihil
3175 3098 3460 3155 all‘uturum
3485 3098 3627 3170 quod

330 3209 435 3248 nou
461 3211 582 3250 cum
600 3196 853 3268 Cypriani
906 3196 1149 3252 doctrina
1181 3197 1384 3268 optime
1414 3196 1670 3268 quadret;
1716 3197 1797 3251 sin
1828 3207 2009 3252 autem
2034 3196 2364 3262 recidantur,
2394 3195 2626 3266 reliquas
2658 3195 2950 3251 testimonii
2982 3194 3140 3266 hujus
3161 3203 3340 3265 partes
3369 3193 3500 3250 satis
3529 3209 3627 3266 per

329 3303 386 3342 se
417 3287 689 3344 habituras
713 3292 968 3347 momenti
993 3291 1058 3346 ad
1104 3291 1388 3361 primatum
1419 3290 1673 3346 Ecclesia:
1696 3291 1974 3345 Romanae.
1998 3289 2207 3360 Hospes
2238 3304 2367 3345 sane
2391 3297 2446 3344 ct
2477 3288 2788 3360 peregrinus
2814 3289 2883 3343 sit
2916 3289 2967 3342 in
2994 3287 3243 3359 Cypriani
3275 3286 3542 3353 doctrina,
3580 3287 3626 3342 si

326 3379 445 3449 quis
473 3382 698 3436 miretur
733 3382 890 3438 Petro
913 3384 1199 3455 primatum
1226 3383 1292 3437 ab
1322 3398 1386 3437 eo
1413 3383 1652 3448 attribui,
1684 3391 1738 3437 et
1789 3398 1952 3438 unum
2005 3397 2222 3453 gregem
2251 3398 2314 3438 ac
2341 3398 2503 3436 unam
2547 3381 2854 3437 cathedram
2905 3379 3134 3446 adstrui,
3185 3395 3308 3437 cum
3367 3390 3445 3436 tot
3490 3381 3626 3436 locis

329 3473 574 3530 eumdem
604 3477 888 3546 primatum
919 3476 1191 3544 defendat,
1219 3492 1284 3532 ac
1310 3493 1473 3532 unum
1494 3491 1732 3548 gregem,
1771 3491 1936 3531 unum
1963 3476 2326 3547 episcopatum
2358 3484 2433 3542 et,
2466 3474 2778 3530 nominatim
2827 3475 2880 3529 in
2908 3472 3083 3544 Epist.
3108 3489 3196 3542 xc,
3237 3488 3398 3528 unam
3440 3473 3626 3528 cathe-

326 3566 474 3622 dram
502 3569 866 3626 commendet.
898 3570 1013 3626 Non
1043 3571 1214 3642 magis
1244 3570 1546 3627 mirandum
1574 3569 1714 3642 quod
1739 3572 1794 3626 in
1817 3569 2058 3626 Ecclesia
2083 3585 2188 3625 non
2217 3584 2339 3627 esse
2363 3569 2675 3641 pronuntiet
2698 3567 2930 3624 nefarios
2958 3567 3077 3622 illos
3098 3566 3491 3632 scltismaticos,
3534 3568 3625 3638 qui

328 3657 429 3712 hoc
445 3675 551 3716 uno
578 3660 894 3732 episcopatu
911 3663 1364 3729 conculcato,hac
1389 3679 1492 3718 una
1530 3661 1956 3733 cathedra,.qua2
1987 3677 2151 3732 super
2177 3662 2393 3717 Petrum
2425 3660 2638 3716 fundata
2678 3669 2780 3722 est,
2814 3660 3047 3725 deserta,
3088 3659 3372 3715 humanam
3405 3669 3648 3729 prorsus‘

330 3752 613 3808 ecclesiam
640 3755 916 3811 instituere
939 3756 1235 3811 tentabant.
1265 3755 1381 3812 Non
1415 3766 1674 3828 eratergo
1701 3771 1798 3812 cur
1824 3755 2074 3828 Cypriani
2106 3755 2472 3810 testimonium
2502 3754 2568 3809 ab
2595 3755 2677 3808 his
2704 3752 2880 3809 verbis
2901 3751 3075 3807 editor
3103 3751 3444 3815 Oxoniensis,
3478 3753 3625 3808 velut

333 3858 361 3896 a
393 3843 648 3924 quodam,
675 3857 732 3900 ut
759 3847 874 3917 ipse
898 3847 1150 3919 appellat,
1198 3863 1407 3903 veneno
1435 3863 1690 3918 purgasse
1711 3848 1810 3904 sibi
1840 3847 2131 3903 videretur.
2163 3846 2486 3922 Quinetiam,
2511 3861 2629 3915 qua:
2655 3843 2835 3899 abillo
2868 3842 3074 3898 editore
3100 3842 3151 3898 in
3183 3842 3286 3898 hoc
3317 3844 3622 3900 testimonio

321 3948 374 3992 et
400 3937 466 3992 ab
483 3937 732 3993 omnibus
761 3938 1137 4006 admittuntur,
1167 3941 1296 3995 satis
1321 3957 1420 4012 per
1446 3955 1504 3997 se
1527 3941 1707 3995 valent
1733 3941 1800 3996 ad
1837 3941 2124 4012 primatum
2173 3939 2673 3996 demonstrandum.
2708 3935 2843 3994 illud
2875 3937 2926 3991 l°
2960 3939 3351 4008 perSpiciturin
3377 3938 3480 3995 hoc
3506 3939 3619 4011 Cy-

323 4029 491 4096 priani
520 4030 639 4085 loco
666 4039 720 4086 et
752 4031 802 4084 in
835 4031 1078 4102 pluribus
1104 4032 1243 4096 aliis.
1271 4033 1590 4104 principium
1615 4033 1831 4089 unitatis
1853 4033 1968 4088 sine
1996 4034 2225 4104 primatu
2253 4048 2376 4090 esse
2405 4047 2510 4088 nou
2534 4049 2710 4104 posse.
2735 4033 2864 4102 Quis
2894 4034 3034 4090 enim
3057 4033 3107 4089 ei
3137 4033 3422 4103 primatum
3448 4033 3621 4090 dene-

319 4128 428 4189 get,
457 4137 485 4175 a
510 4138 618 4192 quo
645 4123 829 4194 incipit
855 4124 1050 4190 unitas,
1077 4136 1129 4180 et
1158 4139 1252 4195 per
1272 4140 1429 4195 quem
1461 4125 1699 4182 Ecclesia
1732 4142 1833 4182 una
1883 4128 2257 4183 monstratur?
2302 4126 2362 4180 2°
2402 4126 2866 4195 Quemadmodum
2917 4135 3037 4196 post
3075 4126 3292 4183 Petrum
3330 4141 3434 4182 non
3466 4128 3624 4183 desiit

321 4215 516 4281 unitas,
544 4215 614 4269 ita
651 4229 751 4269 nec
784 4216 1043 4285 primatus
1071 4227 1126 4272 et
1155 4217 1471 4288 principium
1515 4218 1750 4285 unitatis,
1785 4217 1928 4290 quod
1979 4217 2229 4274 Christus
2275 4211 2596 4275 auctoritate
2626 4233 2720 4274 sua
2764 4219 3048 4288 diSposnit,
3098 4217 3240 4290 quod
3285 4235 3350 4276 eo
3395 4221 3622 4276 consilio

318 4307 565 4374 instituit,
609 4317 665 4362 ut
693 4308 932 4364 Ecclesia
961 4325 1065 4365 una
1087 4319 1433 4368 monstretur.
1466 4311 1698 4367 Necesse
1732 4321 1814 4367 est
1841 4312 2000 4383 igitur
2039 4321 2099 4367 ut
2127 4313 2406 4377 unitatem,
2439 4313 2510 4368 ita
2546 4313 2866 4384 principiqu
2889 4321 2942 4368 et
2972 4313 3258 4370 .vinculum
3306 4312 3523 4367 unitatis
3568 4313 3618 4368 in

318 4398 558 4455 Ecclesia
587 4416 932 4471 perseverare
963 4419 976 4468 ;
1012 4404 1152 4459 unde
1177 4404 1477 4460 existimari
1508 4415 1685 4475 potest
1715 4407 1897 4476 quanti
1929 4405 2114 4461 fecerit
2141 4406 2438 4464 Ecclesiam
2465 4409 2762 4464 Romanam
2784 4407 3116 4481 Cyprianus,
3139 4423 3296 4478 quam
3337 4418 3485 4464 arcte
3531 4405 3620 4462 af-

317 4490 456 4547 fixus
481 4492 638 4549 fuerit
666 4495 926 4567 principio
955 4497 1192 4562 unitatis,
1219 4498 1305 4569 qui
1364 4507 1509 4554 tanto
1539 4499 1758 4556 unitatis
1797 4514 1982 4555 amore
2023 4515 2282 4556 accensus
2327 4511 2461 4559 erat.
2497 4502 2635 4558 llinc
2661 4502 3116 4575 illiusindignalio
3142 4503 3284 4572 (pag.
3337 4500 3426 4575 86)
3476 4501 3619 4574 quod

312 4587 639 4646 Schismatici
669 4595 779 4648 ausi
797 4592 1022 4650 fuissent
1051 4613 1068 4646 ‹
1105 4595 1169 4650 ad
1216 4596 1354 4652 Petri
1378 4597 1689 4654 cathedram
1715 4607 1876 4668 atque
1905 4597 1972 4652 ad
1994 4597 2288 4654 Ecclesiam
2316 4599 2687 4670 principalem,
2713 4599 2855 4655 unde
2880 4601 3052 4654 unitas
3069 4596 3416 4653 sacerdotalis
3433 4609 3618 4655 exorta

312 4689 415 4740 est,
449 4683 720 4754 navigare.
760 4706 779 4738 ι
806 4686 1058 4742 Dictitant
1102 4687 1393 4744 adversarii
1423 4688 1591 4744 nostri
1633 4688 1916 4758 primatum
1945 4689 2200 4745 Ecclesia:
2249 4689 2503 4745 Romana:
2540 4689 2754 4744 defendi
2787 4704 2816 4742 a
2869 4689 3158 4760 Cypriano,
3191 4702 3294 4743 non
3315 4689 3454 4757 quod
3483 4689 3618 4760 juris

311 4773 604 4842 quidquam
645 4777 696 4830 in
721 4778 854 4834 alias
883 4780 1140 4836 ecclesias
1163 4779 1404 4847 haberet,
1438 4779 1531 4836 sed
1555 4780 1676 4852 quia
1697 4779 1854 4836 sedes
1883 4790 1999 4836 erat
2020 4789 2074 4836 et
2102 4780 2428 4836 domicilium
2450 4781 2680 4851 imperii.
2713 4779 2818 4836 Sed
2850 4780 2980 4835 nihil
3003 4779 3285 4836 absurdius
3327 4781 3427 4837 hoc
3459 4797 3610 4836 com-

313 4877 520 4933 mento,
553 4885 654 4924 nec
682 4871 963 4943 quisquam
993 4873 1094 4928 sibi
1123 4872 1465 4945 persuadebit
1489 4874 1836 4947 Cyprianum,
1868 4874 2022 4944 cujus
2051 4873 2103 4928 in
2153 4873 2405 4928 omnibus
2434 4872 2648 4943 scriptis
2676 4882 2730 4927 et
2764 4871 2920 4928 factis
2963 4873 3132 4946 Spirat
3179 4874 3397 4928 unitatis
3437 4889 3612 4938 amor,

310 4969 398 5014 aut
421 4961 705 5029 primatum
732 4965 805 5020 illi
823 4965 1066 5022 ecclesia:
1093 4967 1410 5039 denegasse,
1442 4983 1508 5022 ex
1539 4981 1643 5038 qua
1672 4964 2060 5023 sacerdotalem
2085 4966 2344 5022 unitatem
2369 4976 2542 5022 ortam
2570 4965 2854 5033 fatebatur,
2875 4977 2966 5021 aut
2990 4974 3215 5037 prapter
3244 4966 3392 5022 urbis
3423 4974 3615 5036 poten-

309 5060 437 5113 tiam
473 5068 522 5113 et
550 5059 970 5130 magnitudinem
994 5060 1267 5126 detulisse,
1298 5075 1404 5115 non
1427 5069 1644 5131 propter
1663 5060 1882 5116 unitatis
1919 5060 2262 5130 principium.
2295 5059 2447 5115 llunc
2475 5060 2761 5131 primatum
2789 5059 2892 5115 sibi
2916 5059 3155 5117 Ecclesia
3179 5059 3436 5122 Romana,
3459 5075 3618 5131 repu-

306 5161 502 5222 gnante
529 5155 763 5222 nemine,
795 5154 1098 5210 vindicabat
1125 5173 1139 5212 :
1171 5153 1414 5226 quamvis
1435 5153 1621 5212 Clerus
1644 5153 1941 5221 Romanus,
1977 5153 2120 5210 Sede
2149 5163 2398 5221 vacante,
2425 5169 2530 5209 non
2560 5168 2776 5209 omnem
2819 5152 2921 5210 διιιί
2951 5153 3324 5209 auctoritatem
3355 5162 3613 5220 sumeret,

307 5247 403 5302 sed
428 5247 723 5304 difficiliora
754 5263 1002 5320 quaeque,
1022 5248 1076 5303 in
1106 5248 1189 5304 his
1214 5250 1486 5322 lapsorum
1513 5263 1752 5316 causam,
1775 5247 1840 5304 ad
1863 5247 2183 5305 electionem
2207 5248 2444 5318 episcopi
2476 5242 2682 5320 integra
2705 5256 2971 5312 servaret,
3027 5263 3137 5303 non
3184 5257 3361 5303 tamen
3418 5248 3616 5304 idcirco

307 5340 648 5398 intermissus
670 5351 786 5398 erat
815 5342 1096 5414 primatus.
1138 5363 1156 5396 ι
1186 5341 1431 5399 Salutant
1465 5357 1560 5396 vos
1588 5340 1779 5398 fratres
1819 5361 1864 5408 ι,
1905 5339 2190 5413 inquitille
2210 5340 2390 5396 clerus
2424 5342 2442 5410 (
2473 5340 2642 5410 Epist.
2709 5357 2787 5406 ιιι,
2846 5341 2988 5396 inter
3032 5338 3430 5413 Cyprianieas),
3466 5359 3484 5394 ι
3522 5341 3615 5413 qui

315 5445 441 5489 sunt
469 5436 521 5490 in
538 5435 786 5502 vinculis,
815 5447 869 5493 et
895 5435 1198 5508 presbyteri
1229 5448 1286 5492 et
1315 5445 1422 5491 tota
1447 5435 1714 5499 Ecclesia,
1747 5449 1867 5504 qua:
1896 5443 1950 5488 et
1979 5433 2094 5504 ipsa
2121 5447 2242 5487 cum
2287 5447 2496 5487 summa
2520 5431 2884 5488 sollicitudine
2927 5433 3158 5488 excubat
3199 5449 3298 5504 pro
3351 5434 3608 5490 omnibus

304 5530 395 5599 qui
428 5529 679 5584 invocant
702 5545 894 5585 nomen
930 5529 1158 5584 Domini.
1204 5551 1221 5582 ι
1258 5530 1391 5584 llinc
1421 5528 1612 5584 litterae
1630 5525 1869 5599 ejusdem
1897 5524 2045 5591 cleri,
2077 5541 2194 5595 qua:
2227 5524 2295 5580 de
2318 5523 2481 5595 lapsis
2505 5524 2754 5596 agebant,
2800 5525 2853 5580 in
2887 5533 3061 5581 totum
3101 5523 3290 5581 orhem
3329 5534 3608 5581 terrarum

303 5621 482 5676 missa:
511 5623 743 5690 fuerunt,
774 5632 829 5678 ut
855 5632 1083 5679 testatur
1101 5620 1400 5695 Cyprianus
1426 5620 1529 5694 Ep.
1561 5636 1649 5675 LII.

374 5715 484 5772 Sed
512 5717 563 5772 in
593 5717 694 5773 hoc
713 5715 962 5790 Cypriani
992 5717 1112 5774 loco
1141 5715 1322 5773 Fellus
1344 5725 1398 5771 et
1423 5715 1606 5770 Simon
1633 5712 1938 5769 Goulartitts
1963 5712 2402 5783 contenduntpar
2429 5713 2762 5772 consortium
2793 5711 3012 5768 honoris
3036 5720 3090 5767 et
3135 5710 3425 5778 potestatis
3454 5712 3595 5764 inter

302 5809 592 5884 Apostolos
619 5823 912 5885 eorumque
941 5824 1280 5872 successores
1309 5808 1519 5882 penitus
1572 5821 1808 5879 pugnare
1847 5819 1968 5864 cum
2015 5808 2275 5879 primatu;
2329 5805 2572 5866 observat
2618 5807 2807 5872 Fellus
2831 5805 2886 5863 in
2917 5799 3145 5865 uot.'ad
3172 5803 3474 5880 Ep't‘smhm
3518 5815 3633 5870 ιτ,
