4200 6262
546 296 617 359 ει
1408 255 1417 260 ’
2006 292 2399 355 ΡΗᾸΞΕΑΤΙΟ.
2693 246 2701 251 ’
3784 284 3858 349 ss

532 414 709 474 beato
729 396 824 475 illo
847 425 1081 493 martyre
1097 414 1280 488 judice
1312 431 1406 488 pro
1428 413 1726 488 desperatis
1755 424 1809 470 et
1833 412 2052 485 perditis
2073 412 2345 469 habendos
2370 426 2491 468 csse
2515 410 2705 483 quibus
2735 408 2909 468 minor
2930 406 3145 475 videtur
3168 402 3846 479 auctoritasepiscoporutn

549 511 604 568 in
632 511 832 582 Africa,
864 527 1022 585 quam
1051 511 1132 567 vel
1165 511 1399 567 Cornelii
1428 511 1596 582 ipsius
1617 509 1668 564 in
1693 508 1837 565 Petri
1854 507 2109 563 cathedra
2132 506 2315 560 Roma:
2340 504 2597 563 sedentis.
2630 524 2649 558 ι

620 604 799 675 Siqua
830 604 983 661 tieret
1013 604 1479 675 prmjudicatarum
1501 602 1813 673 opinionum
1850 599 2196 665 intermissio,
2230 599 2360 654 nihil
2393 598 2599 655 facilius
2627 598 2783 668 foret,
2808 615 2970 672 quam
2999 598 3252 670 Cypriani
3280 611 3499 653 sensum
3546 594 3746 651 callere
3790 601 3855 651 et

551 699 840 771 primatum
869 713 989 755 cum
1013 699 1125 769 pari
1150 698 1423 755 consortio
1452 696 1672 752 honoris
1690 703 1746 751 et
1776 693 2053 766 potestatis
2079 691 2385 761 conciliare.
2419 691 2588 748 Nemo
2609 691 2779 749 nescit
2803 690 3135 765 Cyprianum
3170 689 3369 747 Africae
3421 697 3478 745 et
3493 686 3756 749 Numidia:
3791 699 3855 750 ac

557 793 887 851 Mauritania:
931 792 1255 866 praefuisse:
1292 807 1476 864 parem
1525 801 1700 847 tamen
1738 798 2057 861 potestatem
2102 789 2341 861 eplscolai
2381 788 2592 844 illarum
2615 789 3067 860 provinciarum-ti
3096 788 3316 845 Christo
3374 792 3710 858 acceperant,
3755 785 3859 843 hoc

556 895 709 946 erant
738 888 925 959 utique
951 886 1094 959 quod
1121 885 1442 960 Cyprianus,
1471 886 1590 958 pari
1616 884 1891 940 consortio
1916 882 2129 956 przediti
2154 893 2211 938 ct
2233 883 2453 939 honoris
2491 893 2545 939 et
2573 884 2892 954 potestatis;
2916 883 3011 939 sed
3034 882 3120 938 his
3150 890 3386 955 praeerat
3413 879 3859 952 Carthagincnsis

552 982 858 1054 episcopus.
890 979 1046 1049 Quod
1070 979 1115 1036 si
1133 978 1450 1052 Cyprianus,
1481 978 1607 1033 dum
1633 993 1727 1048 par
1751 976 2082 1034 consortium
2106 976 2327 1031 honoris
2359 986 2412 1032 et
2441 976 2873 1047 potestatisiuter
2894 977 3178 1048 episcopos
3217 976 3480 1047 agnoscit,
3516 988 3623 1031 non
3646 974 3845 1033 idcirco

549 1074 782 1131 delatam
806 1072 908 1128 sibi
924 1072 1046 1143 jure
1068 1071 1437 1128 ecclesiastico
1458 1071 1832 1126 auctoritatem
1856 1069 2054 1140 abjeoit
2071 1111 2084 1135 ,
2110 1083 2208 1125 cur
2231 1069 2449 1127 Petrum
2474 1069 2697 1141 ejusque
2721 1084 3069 1126 successores
3086 1070 3404 1126 auctoritate
3423 1068 3493 1124 ab
3512 1069 3629 1140 ipso
3645 1068 3862 1125 Christo

550 1166 748 1223 tradita
777 1165 1043 1237 spoliasse
1062 1164 1510 1222 videaturiLuce
1529 1163 1726 1220 clarior
1743 1171 1827 1218 est
1869 1167 1987 1233 ejus
2013 1163 2311 1230 sententia;
2350 1163 2685 1219 demonstrat
2725 1164 2985 1219 imitatcm
3018 1166 3153 1221 tanti
3183 1165 3354 1220 visam
3383 1178 3505 1221 esse
3537 1160 3777 1231 Christo,
3805 1173 3865 1221 ut

535 1258 797 1331 quamvis
828 1257 1100 1329 Apostolis
1120 1271 1305 1329 parem
1327 1265 1648 1328 potestatem
1670 1255 2008 1323 attribueret,
2042 1271 2205 1311 unum
2242 1265 2419 1312 tamen
2445 1256 2564 1312 aliis
2593 1272 2827 1327 praeesse
2854 1257 3015 1313 vellet
3048 1275 3061 1312 :
3096 1258 3277 1331 itaque
3298 1251 3397 1314 hoc
3428 1266 3585 1313 erant
3613 1259 3858 1329 Apostoli

551 1352 697 1425 quod
719 1351 820 1407 fuit
849 1351 1067 1417 Petrus,
1097 1349 1192 1406 sed
1213 1359 1439 1420 excepto
1465 1348 1721 1418 primatu.
1753 1347 1991 1404 Jacobus
2017 1357 2073 1403 et
2100 1346 2336 1404 Joannes
2360 1363 2541 1419 parem
2576 1357 2898 1420 potestatem
2937 1359 3258 1421 acceperant
3281 1365 3344 1406 ac
3361 1349 3572 1420 Petrus,
3589 1348 3685 1406 sed
3711 1332 3868 1407 Chri-

551 1455 669 1501 stus
698 1444 953 1503 unitatem
983 1457 1084 1499 nec
1102 1456 1131 1496 a
1159 1440 1358 1497 Jacobo
1388 1454 1489 1496 nec
1512 1455 1543 1495 a
1572 1439 1778 1496 Joanne
1797 1440 2034 1510 incipere
2062 1440 2257 1508 voluit;
2281 1442 2379 1496 soli
2402 1441 2561 1499 Petro
2589 1441 2729 1497 hunc
2754 1442 2943 1498 detulit
2975 1442 3256 1501 honorent.

627 1538 706 1594 Es
730 1536 815 1592 his
835 1537 995 1595 etiam
1026 1535 1280 1591 illustrari
1310 1541 1487 1604 potest
1505 1532 1642 1588 alius
1662 1531 1912 1605 Cypriani
1939 1534 2089 1588 locus
2118 1531 2186 1587 ab
2212 1532 2401 1589 iisdem
2428 1533 2752 1591 adversariis
2779 1534 3115 1594 decantatus.
3153 1555 3174 1591 ι
3212 1537 3570 1608 Episcopatus
3602 1552 3739 1595 unus
3783 1547 3891 1615 est.

543 1633 710 1704 cujus
756 1647 786 1687 ιι
816 1630 1041 1702 singulis
1066 1630 1119 1685 in
1145 1628 1378 1685 solidum
1409 1642 1535 1698 pars
1577 1635 1811 1695 tenetur,
1842 1646 1862 1680 ι
1894 1626 2067 1697 inquit
2096 1625 2294 1685 ibidem
2324 1627 2632 1699 Cyprianus
2656 1629 2710 1685 in
2742 1627 2878 1687 libro
2921 1628 2986 1685 de
3014 1628 3162 1687 Unit.
3190 1629 3392 1686 Eccles.
3420 1630 3577 1702 Smpe
3602 1630 3737 1688 alias
3765 1631 3865 1688 de.-

553 1728 725 1785 clarat
769 1724 1092 1796 Cyprianus,
1119 1722 1221 1778 etsi
1260 1740 1280 1778 t
1314 1720 1541 1791 singulis
1588 1719 1892 1791 pastoribus
1923 1720 2099 1791 portio
2134 1720 2313 1791 gregis
2343 1721 2608 1792 adscripta
2660 1729 2764 1790 est,
2795 1723 2896 1781 etsi
2937 1736 3181 1795 pastores
3231 1724 3383 1782 multi
3413 1744 3433 1779 ι
3465 1733 3610 1793 sunt,
3642 1744 3662 1779 ι
3700 1741 3865 1783 ιιιιιιιιι

557 1828 736 1876 tamen
761 1832 978 1889 gregem
1014 1835 1033 1869 ι
1067 1830 1162 1871 eos
1191 1829 1434 1885 pascere,
1468 1832 1492 1868 ι
1526 1823 1583 1869 et
1611 1827 1739 1871 oves
1770 1813 2050 1877 universas
2094 1830 2228 1886 quas
2253 1814 2501 1872 Christus
2530 1817 2790 1887 sanguine
2836 1833 2935 1874 suo
2974 1826 3031 1875 et
3059 1820 3309 1890 passione
3335 1820 3582 1891 quaesivit
3610 1820 3868 1893 colligere

557 1919 611 1966 et
639 1910 823 1969 fovere
855 1927 875 1962 ι
908 1908 1132 1972 debere,
1170 1925 1189 1961 ι
1221 1916 1277 1962 et
1298 1905 1499 1963 idcirco
1517 1905 1795 1977 copiosum
1828 1921 2026 1978 corpus
2052 1925 2073 1961 ι
2118 1921 2237 1963 esse
2260 1926 2279 1961 ι
2317 1909 2655 1967 sacerdotum
2681 1912 2986 1968 concordiae
3030 1923 3230 1971 mutua!
3254 1915 3461 1986 glutino
3497 1924 3661 1986 atque
3687 1916 3868 1970 unita-

558 2005 627 2060 tis
657 2001 869 2058 viuculo
897 2001 1223 2072 copulatum,
1254 2007 1313 2055 ut
1338 1999 1385 2055 si
1408 1998 1529 2070 quis
1549 2014 1616 2055 ex
1640 1998 1868 2070 collegio
1892 2013 2080 2055 eorum
2114 2000 2364 2057 haeresim
2393 1999 2570 2058 lacere
2600 2012 2653 2061 et
2679 1995 2897 2074 gregem
2938 2002 3137 2062 Christi
3165 2006 3402 2063 lacerare
3427 2013 3482 2065 et
3502 2017 3713 2067 vasure
3751 2016 3869 2064 ten-

558 2096 769 2162 taverit,
829 2093 1147 2151 subveniunt
1193 2093 1400 2162 cmteri,
1462 2101 1519 2155 et
1542 2094 1695 2165 quasi
1741 2102 1984 2165 pastores
2014 2094 2173 2151 utiles
2218 2104 2274 2152 et
2314 2097 2693 2154 misericordes
2730 2113 2862 2156 oves
2912 2099 3220 2157 Dominicas
3272 2103 3324 2157 in
3365 2117 3582 2174 gregem
3629 2102 3880 2174 colligant

560 2192 678 2262 (pp.
705 2190 777 2250 86
802 2200 857 2245 et
882 2188 1067 2261 “6).:
1108 2187 1215 2246 Sed
1243 2188 1496 2261 copiosus
1517 2188 1605 2245 ille
1625 2188 1966 2245 sacerdotum
1993 2203 2247 2246 numerus
2267 2189 2320 2245 in
2348 2189 2628 2261 pascendis
2645 2190 2835 2248 ovibus
2861 2193 3178 2263 conspirans
3199 2209 3305 2250 non
3337 2194 3497 2251 modo
3526 2194 3658 2251 nihil
3681 2194 3876 2251 detra—

560 2284 641 2342 hit
668 2284 943 2353 primatui,
972 2281 1068 2341 sed
1111 2282 1273 2343 etiam
1313 2281 1505 2339 ducem
1534 2290 1591 2338 et
1612 2290 1887 2339 auctorem
1918 2282 2228 2338 necessario
2271 2283 2535 2353 postulat;
2578 2283 2774 2354 alioqui
2807 2299 3016 2341 summa
3037 2295 3185 2345 esset
3214 2284 3392 2342 futura
3418 2286 3661 2342 omnium
3689 2299 3869 2343 rerum

562 2379 913 2451 perturbatio.
965 2377 1170 2433 Debent
1214 2376 1452 2447 episcopi
1490 2391 1587 2447 pro
1612 2389 1710 2431 suo
1752 2376 1968 2432 unitatis
2010 2375 2188 2437 studio
2216 2377 2270 2435 in
2301 2378 2463 2435 rebus
2493 2377 2713 2449 majoris
2740 2379 2996 2457 momenti
3032 2388 3249 2437 mutuas
3273 2380 3375 2436 sibi
3399 2396 3595 2450 operas
3626 2380 3861 2449 tradere,

560 2472 760 2531 debent
803 2472 858 2533 in
903 2469 1221 2529 damnandis
1247 2469 1542 2527 haeresibus
1572 2471 1946 2533 auctoritatem
1972 2481 2024 2528 et
2052 2472 2273 2531 consilia
2315 2474 2659 2541 consociare;
2687 2474 2783 2532 sed
2814 2466 3126 2545 quis'neget
3156 2475 3210 2531 in
3240 2474 3505 2545 ejusmodi
3539 2475 3701 2532 rebus
3727 2489 3875 2547 prte-

562 2569 746 2640 cipuas
770 2566 911 2625 illius
938 2574 1119 2636 partes
1141 2579 1264 2623 esse
1312 2563 1513 2622 debere
1539 2580 1569 2621 a
1596 2580 1704 2636 quo
1734 2583 1753 2623 ι
1788 2565 2127 2637 incipientem
2157 2566 2371 2622 unitatis
2401 2567 2663 2638 originem
2704 2588 2722 2624 ι
2753 2567 3000 2624 Christus
3026 2586 3047 2623 ι
3077 2583 3175 2624 sua
3205 2569 3527 2625 auctoritate
3552 2569 3873 2639 disposuita

669 2659 761 2720 IV.
783 2692 853 2709 -η
881 2676 951 2721 ιιι
976 2674 1310 2720 ωεδειιειοιιε
1335 2674 1381 2716 8.
1403 2674 1647 2719 CYPRIANI
1670 2675 1776 2718 εωι
1803 2675 1849 2717 8ο
1871 2666 2452 2721 ἑτειιιιιιῐιομ-ιιιυιιυιι
2480 2676 2735 2719 ΒΛΡΤΙΞΜΔ
2768 2676 3053 2721 ιδιιοιιλτυιι
3081 2675 3375 2731 ετειιιωιο,
3405 2676 3505 2718 NIBI
3534 2675 3670 2729 QUOD
3696 2677 3770 2718 EX

1578 2770 1919 2812 PREBCRIPTA
1944 2771 1977 2811 Δ
2001 2769 2228 2812 οηιιιετο
2253 2769 2433 2813 FOBIA
2462 2772 2644 2813 DATUI
2673 2771 2860 2814 ESSET.

635 2847 770 2905 Cum
799 2846 858 2905 S.
902 2832 1206 2920 Cyprianus
1240 2846 1296 2903 in
1346 2845 1538 2905 litteris
1556 2860 1679 2918 qua:
1717 2846 1786 2902 de
1814 2846 2079 2916 baptismo
2109 2846 2485 2904 hazreticorum
2514 2848 2729 2917 scripta)
2757 2857 2901 2916 sunt,
2936 2848 3099 2904 amita
3127 2848 3195 2904 de
3217 2848 3537 2905 adversariis
3565 2848 3680 2904 suis
3707 2847 3879 2915 dicat.

569 2950 662 2997 aut
691 2940 759 2998 ab
784 2940 864 2999 eis
890 2940 1032 2999 dicta
1057 2940 1275 3004 referat.
1309 2952 1414 2995 non
1442 2939 1591 3009 parvi
1618 2940 1840 2997 interest
1864 2937 1931 2999 ad
1971 2938 2089 3010 ejus
2113 2937 2423 2999 illustranda
2452 2938 2773 3007 testimonia,
2803 2941 2929 3011 quid
2957 2942 3012 2999 S.
3043 2939 3347 3012 Stephanus
3390 2951 3446 2998 et
3487 2941 3578 2997 alii
3632 2939 3884 3015 Cypriani

563 3034 854 3093 adversarii
877 3034 1166 3099 senserint,
1206 3046 1498 3103 exponere.
1552 3031 1886 3102 Stephanum
1934 3032 2136 3089 erroris
2185 3042 2505 3089 accusarunt
2531 3036 2694 3093 etiam
2718 3049 2750 3090 e
2780 3032 3079 3092 Catholicis
3111 3035 3345 3106 plurimi,
3376 3050 3609 3106 eumque
3635 3035 3878 3094 omnium

568 3128 947 3187 haereticorum
989 3126 1254 3197 baptisma
1287 3127 1669 3198 comprobasse
1707 3126 1921 3192 volunt,
1953 3127 2113 3185 etiam
2145 3142 2332 3184 eorum
2358 3126 2450 3198 qui
2480 3125 2707 3183 formam
2734 3142 2764 3181 a
2788 3124 3009 3184 Christo
3037 3127 3405 3199 praescriptam
3436 3143 3542 3186 non
3570 3127 3880 3185 servabant.

566 3223 704 3290 Quin
726 3222 888 3279 etiam
919 3220 1193 3279 Launolus
1222 3221 1545 3291 Cyprianum
1574 3221 1653 3276 sic
1680 3218 1944 3285 defendit,
1980 3229 2036 3275 ut
2063 3219 2164 3288 ipsi
2202 3219 2573 3290 antiquitatem
2607 3219 2775 3291 magis
2800 3234 2964 3291 quam
2989 3218 3319 3277 adversariis
3357 3219 3542 3277 favere
3590 3219 3884 3293 existimet,

573 3335 594 3371 ί
634 3330 747 3372 rem
774 3316 930 3373 istam
958 3334 1005 3380 ι,
1039 3323 1095 3370 ιιι
1136 3313 1294 3371 ullius
1335 3314 1512 3369 verbis
1557 3323 1697 3380 utar,
1737 3330 1756 3367 t
1788 3328 1890 3369 non
1922 3327 2042 3368 esse
2071 3312 2216 3381 iidri,
2246 3312 2341 3370 sed
2367 3312 2667 3385 disciplinas
2705 3333 2724 3367 ι
2759 3313 3117 3385 pronuntians
3145 3312 3316 3388 (tom.
3348 3331 3461 3380 vnt,
3493 3331 3545 3385 p.
3570 3313 3728 3388 656).
3770 3314 3890 3370 De-

570 3416 871 3464 monstrare
885 3403 1122 3463 conabor
1143 3401 1479 3473 Stephanum
1509 3403 1641 3459 nihil
1674 3402 1815 3458 aliud
1838 3402 2103 3470 docuisse,
2139 3418 2302 3475 quam
2333 3403 2474 3475 quod
2502 3412 2685 3474 postea
2709 3403 2951 3461 omnium
2978 3418 3244 3463 consensu
3264 3404 3561 3461 stabilitum
3583 3415 3688 3474 est,
3723 3414 3888 3477 atque

570 3501 708 3557 hanc
732 3498 873 3556 illius
899 3498 1198 3555 doctrinam
1226 3512 1331 3554 non
1361 3498 1660 3568 antiquitati
1690 3498 2013 3555 contrariam
2043 3512 2185 3563 esse,
2216 3496 2312 3557 sed
2336 3513 2368 3554 e
2405 3497 2577 3555 media
2608 3498 2988 3568 Apostolorum
3020 3496 3306 3555 traditione
3324 3498 3652 3557 dimanasse.

644 3592 937 3653 Amisimus
975 3593 1202 3662 scriptas
1240 3607 1269 3646 a
1293 3590 1567 3663 Stephano
1597 3607 1728 3663 papa
1751 3590 2005 3661 epistolas
2033 3590 2099 3646 dc
2124 3590 2392 3662 baptismo
2420 3590 2841 3660 baireticorum;
2872 3592 2968 3648 sed
2998 3608 3118 3664 qua:
3144 3591 3451 3667 Cyprianus
3478 3609 3544 3650 ex
3564 3593 3788 3664 epistola
3820 3592 3888 3649 ad

571 3704 633 3744 se
681 3687 881 3757 scripta
923 3685 1121 3753 refert,
1154 3700 1216 3741 ea
1246 3700 1460 3741 onmem
1493 3688 1661 3743 sancti
1692 3685 1964 3756 pontiﬁcis
1999 3685 2285 3745 accusandi
2314 3700 2506 3743 ansam
2535 3686 2851 3757 praecidunt.
2883 3686 2977 3743 Sic
2994 3686 3139 3745 enim
3168 3686 3487 3760 loquebatur
3508 3685 3811 3760 Stephanus
3836 3689 3891 3744 in

572 3781 797 3853 epistola
840 3780 909 3835 ad
939 3776 1262 3851 Cyprianum
1297 3797 1309 3834 :
1349 3798 1367 3835 ι
1397 3779 1451 3839 Si
1486 3780 1602 3850 quis
1632 3794 1763 3851 ergo
1801 3794 1831 3834 a
1862 3792 2201 3849 quacumque
2228 3777 2422 3835 haeresi
2450 3779 2657 3837 venerit
2679 3778 2744 3835 ad
2772 3792 2891 3845 nos,
2924 3795 3068 3837 mult.
3109 3794 3433 3850 tantove-rus,
3464 3796 3728 3845 utstouoo
3750 3797 3889 3837 rai-

573 3892 741 3949 m'rott
791 3890 910 3942 EST,
943 3882 1001 3931 ut
1028 3890 1218 3932 manus
1255 3874 1329 3930 illi
1377 3865 1682 3944 imponatur
1712 3874 1764 3930 in
1796 3872 2195 3943 paenitentiam;
2228 3889 2351 3929 cum
2382 3873 2483 3944 ipsi
2525 3873 2765 3929 haeretici
2795 3874 3011 3944 proprie
3034 3874 3351 3931 alterutrum
3399 3875 3468 3932 ad
3515 3892 3576 3932 se
3601 3876 3886 3933 venientes

578 3987 684 4026 non
709 3950 1006 4039 baptizent,
1045 3970 1139 4027 sed
1167 3972 1566 4028 communicent
1589 3978 1816 4026 tantum.
1854 3988 1873 4024 ι
1908 3967 2243 4025 Perabsurde
2270 3968 2534 4040 Rigaltius
2561 3968 2847 4040 detorquet
2868 3968 2998 4024 illud
3021 3969 3237 4040 proprie
3274 3969 3341 4025 ad
3370 3984 3465 4026 eos
3491 3988 3512 4024 ι
3539 3971 3630 4042 qui
3660 3970 3877 4040 proprie

575 4060 646 4117 ob
665 4060 934 4132 propriam
960 4059 1194 4131 aliquam
1233 4075 1453 4118 causam
1479 4060 1729 4119 dicuntur
1748 4060 2006 4117 hmretici.
2025 4080 2042 4115 ι
2074 4060 2263 4131 Liquet
2290 4060 2428 4117 hanc
2458 4075 2648 4125 vocem
2690 4060 2877 4117 referri
2900 4060 2967 4117 ad
2990 4076 3053 4118 ea
3081 4078 3202 4131 quas
3241 4071 3562 4133 sequuntur,
3590 4063 3663 4119 ita
3686 4072 3744 4118 ut
3774 4064 3887 4119 ire-

576 4155 727 4214 retici
752 4156 999 4213 dicantur
1029 4158 1243 4229 proprie
1270 4173 1374 4214 non
1403 4159 1695 4229 baptizare,
1730 4158 1845 4213 sive
1875 4158 2092 4229 proprio
2123 4158 2390 4228 baptismo
2432 4171 2540 4213 non
2572 4157 2813 4213 imbuere
2838 4157 3157 4213 alterutrum
3194 4157 3262 4213 ad
3287 4173 3345 4213 se
3367 4159 3677 4227 venientes;
3730 4158 3890 4229 quale

552 4258 662 4327 _cst
687 4248 815 4304 illud
842 4249 1069 4319 Horatii,
1101 4249 1347 4309 idifliciie
1361 4261 1443 4307 est
1471 4251 1685 4321 proprie
1710 4250 2015 4305 communia
2042 4250 2242 4306 dicere.
2276 4267 2295 4303 ι
2340 4248 2644 4305 Verborum
2690 4257 2867 4304 autem
2913 4247 3175 4318 Stephani
3209 4248 3328 4303 dum
3369 4258 3579 4305 tantum
3631 4247 3890 4306 videntur

578 4342 755 4399 ati'erri
815 4358 973 4416 posse
1024 4346 1326 4400 sententize.
1375 4343 1473 4401 Vel
1515 4344 1658 4403 enim
1704 4344 1778 4398 ait
1821 4342 2105 4399 h-rreticos
2146 4358 2300 4399 suum
2330 4358 2597 4414 quemque
2629 4343 2902 4413 proprium
2937 4342 3134 4398 habere
3172 4343 3459 4413 baptisma,
3505 4342 3599 4399 sed
3624 4354 3802 4399 tamen
3823 4357 3889 4399 co

587 4451 694 4493 non
724 4439 965 4494 imbuere
1012 4441 1327 4493 alterutrum
1378 4435 1445 4491 ad
1493 4450 1552 4491 se
1581 4435 1858 4492 venientes
1890 4451 1905 4489 :
1948 4435 2028 4490 vel
2059 4436 2160 4490 hoc
2187 4434 2390 4500 statuit,
2426 4434 2705 4491 haereticos
2730 4435 3003 4506 preprium
3037 4436 3137 4491 sibi
3165 4451 3270 4490 non
3303 4451 3560 4507 arrogare
3585 4436 3876 4507 baptisma,

585 4544 692 4600 quo
731 4530 1007 4588 venientes
1037 4528 1103 4584 ad
1131 4528 1514 4598 sebaptizent,
1540 4528 1635 4585 scd
1672 4542 1957 4583 commune
1982 4535 2036 4583 et
2064 4527 2118 4583 in
2146 4541 2240 4582 sua
2270 4527 2402 4583 etin
2442 4526 2565 4583 aliis
2601 4528 2764 4583 sectis
2806 4527 3058 4583 revereri.
3109 4526 3283 4582 Prima
3324 4527 3695 4607 interpretatio
3732 4538 3878 4586 stare
3936 4514 3947 4520 ’
3990 4550 3994 4559 ν

584 4637 691 4679 non
716 4633 909 4694 potest,
934 4624 1100 4683 altera
1118 4623 1391 4692 explorata
1421 4629 1475 4679 et
1517 4621 1818 4691 perspicua.
1852 4620 1907 4679 1°
1940 4621 2283 4692 ltcpuguurct
2307 4622 2528 4679 omnino
2553 4621 2643 4677 illa
2672 4622 3049 4677 limreticoruttt
3096 4622 3147 4677 iu
3179 4621 3499 4693 baptizando
3527 4624 3790 4688 varietas,
3823 4631 3879 4680 et

584 4717 638 4772 in
666 4718 891 4774 aliorum
920 4716 1199 4790 probando
1222 4730 1285 4770 ac
1329 4714 1610 4771 retinendo
1637 4714 1954 4785 baptismate
1982 4730 2299 4775 consensus.
2328 4715 2436 4771 Cur
2468 4714 2610 4771 enim
2640 4730 2971 4785 unaquaeque
2994 4725 3136 4770 secta
3164 4715 3435 4786 proprium
3454 4715 3567 4793 _sihi
3595 4724 3649 4772 et
3669 4715 3737 4771 ab
3757 4705 3877 4771 aliis

581 4810 979 4881 discrepantem
1010 4811 1333 4881 baptismum
1360 4808 1700 4876 instituisset,
1729 4808 1831 4865 nisi
1856 4809 1978 4879 quia
2004 4818 2059 4864 ct
2089 4807 2345 4864 Ecclesia:
2366 4815 2423 4863 et
2454 4816 2723 4863 sectarum
2752 4806 3049 4876 haptismus
3076 4821 3267 4878 parum
3297 4806 3365 4862 ad
3394 4807 3621 4863 salutem
3662 4808 3886 4866 idoneus

585 4903 903 4960 videretur?
949 4904 1312 4973 Quamobrem
1342 4916 1542 4958 novum
1608 4900 1933 4971 baptismum
1985 4900 2385 4957 instituentibus
2429 4910 2851 4955 consentaneum
2900 4907 3011 4955 erat
3054 4898 3280 4954 aliorum
3327 4899 3591 4970 baptisma
3640 4900 3886 4970 rejir-ere.

584 4996 644 5053 2°
666 4998 956 5054 H:creticos
980 4998 1080 5051 huc
1105 4995 1224 5051 loco
1245 4993 1548 5066 Stephanus
1572 4992 1842 5064 Cypriano
1868 4992 1932 5047 ad
1963 4992 2278 5049 imitandum
2311 4992 2576 5064 proponit.
2626 4992 2737 5048 Etsi
2768 4992 2909 5047 enim
2942 5001 3165 5062 uterque
3200 4990 3269 5047 tle
3311 4991 3576 5063 baptismo
3603 4992 3886 5063 magniﬁce

585 5090 869 5155 sentiebat,
894 5100 1121 5158 uterque
1150 5094 1329 5145 tamen
1354 5085 1567 5141 exiliter
1592 5084 1790 5143 sentire
1819 5079 1991 5148 alteri
2012 5084 2315 5145 videbatur.
2346 5085 2423 5145 De
2459 5084 2716 5156 Baptismi
2756 5083 3042 5140 sanctitate
3067 5090 3123 5140 et
3150 5083 3432 5153 maiestate
3465 5084 3674 5143 detrahi
3701 5086 3887 5143 existi-

585 5184 768 5241 mabat
792 5184 1118 5256 Cyprianus,
1152 5182 1196 5238 si
1217 5181 1376 5237 datus
1397 5180 1463 5237 ab
1489 5179 1761 5237 haereticis
1788 5181 2015 5248 valeret;
2048 5181 2324 5254 Baptismo
2350 5181 2595 5253 injuriam
2626 5181 2933 5251 Stephanus
2955 5179 3070 5236 ﬁeri
3098 5180 3333 5250 putabat,
3365 5180 3410 5235 si
3435 5179 3519 5236 vel
3546 5181 3597 5235 in
3630 5181 3761 5252 ipsis
3781 5180 3894 5237 luc-

586 5278 770 5334 reticis
794 5278 1130 5350 rejiceretur.
1171 5274 1305 5331 Cum
1334 5289 1462 5343 ergo
1498 5272 1784 5331 ltmreticos
1808 5272 1874 5329 ad
1910 5273 2225 5331 imitandum
2254 5264 2524 5346 proponit,
2557 5289 2781 5331 necesse
2810 5283 2893 5329 est
2922 5282 2981 5328 ιιι
3011 5272 3065 5329 itt
3093 5272 3171 5329 eis
3200 5272 3402 5344 aliquid
3426 5271 3628 5339 laudet,
3654 5268 3799 5342 quod
3819 5272 3888 5328 ad

588 5371 845 5443 Baptismi
877 5369 1398 5430 conmtendationem
1425 5366 1622 5425 valeat.
1655 5368 1742 5435 At,
1762 5368 1807 5422 si
1837 5367 2074 5425 hmretici
2105 5370 2467 5440 prmscriptam
2496 5383 2524 5422 a
2552 5368 2764 5424 Christo
2789 5365 3013 5424 ferinam
3038 5367 3089 5421 in
3113 5365 3435 5438 baptizando
3455 5365 3767 5433 violassent,
3791 5381 3893 5425 nec

490 5510 498 5518 .
588 5475 766 5521 tamen
820 5463 1156 5525 dubitasse..t
1187 5462 1447 5521 dissimile
1474 5462 1700 5519 aliorum
1739 5461 2001 5532 baptisma
2042 5464 2428 5536 comprobare,
2458 5465 2573 5518 inec
2614 5462 2803 5534 agendi
2844 5462 2981 5516 ratio
3004 5461 3279 5518 hominum
3310 5459 3812 5530 fuissetBaptisnta,
3836 5468 3895 5516 ut

589 5558 832 5617 inutilem
850 5567 905 5613 ct
936 5556 1132 5614 exilem
1160 5561 2068 5625 emrcmoniam,floccilacicntium.
2097 5558 2153 5614 5°
2177 5557 2255 5612 Ad
2291 5554 2656 5611 illustrandam
2681 5552 2936 5624 Stephani
2966 5551 3568 5611 sententiamaccedunt
3594 5550 3894 5611 Firntiiiani

593 5661 649 5709 ct
672 5654 924 5725 Cypriani
954 5655 1282 5712 testimonia.
1345 5674 1363 5708 t
1395 5655 1699 5727 Stephanus
1724 5657 1775 5710 in
1803 5653 2026 5725 cpistola
2053 5669 2145 5707 sua
2176 5653 2330 5720 disit,
2357 5651 2525 5722 inquit
2559 5648 2923 5716 Firmilianus,
2959 5645 3239 5705 haereticos
3270 5661 3482 5717 quoque
3523 5646 3669 5718 ipsos
3712 5645 3766 5700 in
3786 5643 3895 5701 Ba-

596 5746 1123 5814 ptismo-convenire.
1162 5766 1182 5801 ι
1214 5747 1536 5820 Cyprianus,
1567 5759 1846 5820 postquam
1879 5747 2038 5802 verba
2063 5746 2317 5815 Stephani
2350 5744 2551 5811 retulit,
2581 5743 2695 5799 haec
2717 5740 2860 5798 addit
2881 5739 2931 5796 in
2971 5740 3070 5812 Ep.
3098 5754 3276 5797 uxw.
3314 5756 3334 5795 t
3369 5738 3438 5795 Et
3491 5753 3614 5795 cum
3670 5734 3896 5808 singula:

590 5837 828 5896 hiet-eses
853 5838 1081 5912 _siagula
1130 5839 1448 5911 baptismate
1475 5849 1530 5900 et
1555 5840 1763 5903 diversa
1788 5848 2004 5915 peccata
2036 5839 2294 5908 habeant;
2328 5837 2412 5901 hic
2440 5851 2563 5898 cum
2589 5836 2826 5903 omnium
2856 5834 3130 5908 Baptismo
3166 5833 3589 5904 communicatos.
3614 5830 3898 5896 uiliter“-
