4200 6262
313 221 390 278 εει
1719 224 1969 294 PWA

1953 227 2108 293 tTlO.
2720 264 2723 265 ν
3544 222 3612 282 se

304 357 433 411 ι-ιιιιι
452 342 648 407 delicta
674 340 732 403 in
759 341 938 405 sinum
978 355 1137 403 suum
1159 351 1476 405 coacervata
1500 346 1789 419 congessit.
1820 366 1840 403 ι
1869 345 2102 422 Opponit
2114 348 2415 424 Cyprianus
2439 340 2704 418 Stephani
2729 341 2996 417 principio
3021 339 3166 403 aliud
3197 339 3538 415 principium,
3560 346 3614 409 et

304 438 548 511 singulas
572 437 812 498 litereses
835 437 1046 510 singula
1073 436 1277 497 habere
1306 438 1628 510 baptismate
1653 440 1930 498 contendit
1946 482 1964 510 ,
1995 442 2122 514 quia
2139 442 2444 514 Stephanus
2464 454 2630 497 unum
2657 448 2712 497 et
2748 451 3036 497 commune
3056 435 3317 507 baptisma
3338 435 3479 507 apud
3504 434 3615 493 ha»

307 535 951 595 reticesesscstatuerat.
979 531 1090 590 Nec
1118 541 1295 591 tamen
1326 531 1625 603 Cyprianus
1653 532 1857 590 idcirco
1891 535 2324 606 tot~baptisinata
2362 540 2611 590 numerat
2658 540 2789 605 quot
2812 539 2937 587 sunt
2960 530 3221 594 haereses.
3255 529 3396 601 quod
3430 528 3611 599 singu-

308 628 380 688 la:
404 626 642 685 haereses
679 623 944 696 Baptistni
975 622 1210 683 formam
1235 624 1638 694 immutassent;
1672 640 1833 683 nemo
1857 627 2001 686 enim
2028 626 2083 685 id
2112 629 2505 702 suspicabitur;
2537 627 2633 687 sed
2656 624 2782 700 quia
2806 623 3029 699 singula:
3072 632 3197 685 sunt
3247 639 3411 685 unum
3454 622 3616 685 veluti

304 736 509 793 corpus
530 720 601 777 ab
622 719 744 779 aliis
765 719 928 779 sectis
948 718 1092 775 etab
1119 717 1361 775 Ecclesia
1398 728 1728 789 separatum.
1840 778 1849 789 ,

383 814 663 873 Launoius
688 821 889 885 etpost
933 826 1057 869 eum
1082 821 1271 868 auctor
1323 810 1649 867 Bibliotliecw
1677 812 2003 885 Scriptorum
2042 816 2494 874 ecclesiasticarum
2526 813 2787 885 objiciunt
2832 825 3133 886 perpaucos
3176 802 3306 871 tunc
3345 808 3619 874 exstitisse

312 909 608 969 haereticos
639 907 728 977 qui
755 907 809 963 in
843 906 1062 963 nomine
1083 906 1246 961 trium
1266 903 1623 961 Personarum
1654 906 2017 978 baptizarent;
2043 910 2392 982 quamobrem
2413 922 2605 965 omnes
2633 905 2859 963 omnino
2886 905 3172 965 haereticos
3199 902 3474 976 Stephano
3496 918 3621 974 pru-

309 1003 453 1067 hari,
480 1003 534 1058 in
562 1002 648 1057 his
676 1000 1039 1066 Marcionita.
1066 1008 1127 1056 ut
1163 999 1213 1055 ei
1254 997 1583 1069 exprobrant
1623 998 1967 1058 Firmilianus
1984 1017 2049 1061 ac
2077 1002 2399 1075 Cyprianus.
2421 999 2528 1060 Sed
2554 1007 2797 1058 veterum
2827 997 3205 1059 haereticorum
3228 995 3470 1057 instituta
3498 994 3621 1055 Stc-

312 1096 517 1168 pbano,
547 1094 813 1167 Cypriane
838 1103 893 1151 et
919 1092 1234 1151 Firmiliano
1254 1090 1462 1147 notiora
1487 1101 1661 1158 erant,
1688 1108 1849 1164 quam
1895 1095 2200 1153 recentibus
2224 1094 2602 1166 scriptoribus.
2633 1096 2704 1149 At
2741 1092 2880 1151 inter
2912 1090 3273 1162 Stephanum,
3296 1104 3360 1147 ac
3393 1088 3621 1161 Cypria-

314 1205 447 1245 num
473 1196 528 1244 et
554 1187 933 1244 Firmilianum
956 1185 1260 1258 generatim
1287 1184 1561 1254 convenit,
1588 1195 1647 1241 ut
1675 1186 1836 1243 modo
1862 1187 2121 1259 vidimus,
2156 1190 2441 1246 haereticos
2471 1188 2750 1260 proprium
2782 1185 2886 1245 sibi
2914 1186 3238 1258 baptismum
3269 1198 3377 1243 non
3399 1183 3619 1249 habere.

298 1283 461 1354 Ergo
486 1282 737 1353 perpauci
763 1280 941 1351 excipi
970 1287 1228 1351 possunt,
1254 1281 1344 1351 qui
1378 1293 1723 1335 communem
1748 1280 2049 1352 baptizandi
2086 1284 2314 1342 formam
2340 1280 2719 1355 perverterint.
2760 1280 2950 1338 Testes
2977 1277 3218 1351 ejusdem
3242 1276 3524 1337 sententiae
3545 1276 3624 1333 ci—

310 1375 415 1432 tari
443 1385 665 1448 possunt
684 1373 938 1430 Clemens
956 1372 1349 1431 Alexandrinus
1385 1381 1440 1433 et
1468 1369 1864 1447 Tertullianus;
1898 1394 1969 1449 qu

1958 1393 2125 1434 torum
2173 1378 2376 1450 primus
2419 1374 2645 1452 (Strdm.
2691 1389 2732 1441 ι,
2762 1388 2883 1445 pag.
2917 1373 3046 1444 317)
3090 1370 3468 1429 hatreticorum
3521 1368 3617 1425 ba—

308 1469 505 1539 ptisma
534 1467 588 1524 in
627 1466 922 1538 Scripturis
942 1481 1138 1539 aquam
1162 1469 1389 1526 alienam
1415 1473 1673 1544 appellari
1700 1474 1970 1541 observat,
2002 1490 2103 1531 nec
2147 1482 2323 1531 tamen
2353 1473 2494 1529 hanc
2543 1486 2762 1529 causam
2808 1469 2966 1527 ati’ert
2988 1465 3132 1538 quod
3162 1464 3419 1538 Baptismi
3445 1462 3616 1521 admi-

307 1561 570 1618 nistrandi
610 1576 856 1618 normam
881 1563 1239 1633 corruperint,
1258 1564 1352 1621 sed
1373 1566 1517 1636 quod
1540 1567 1699 1624 alieni
1729 1570 1840 1626 sint
1858 1569 1925 1626 ab
1954 1568 2211 1626 Ecclesia.
2244 1568 2503 1625 Similiter
2527 1566 2886 1625 Tertullianus
2910 1561 3056 1639 (libr.
3098 1561 3163 1617 de
3181 1559 3468 1632 Baptistae,
3490 1575 3611 1633 cap.

308 1653 404 1727 15)
437 1653 819 1711 haereticorum
857 1654 1179 1725 baptismum
1224 1670 1330 1711 non
1367 1672 1434 1713 eo
1459 1659 1680 1717 nomine
1706 1660 1900 1731 rejicit,
1927 1662 2072 1735 quod
2101 1661 2247 1717 illius
2283 1658 2694 1717 administrandi
2726 1657 2888 1715 ritum
2921 1672 2952 1711 ιι
2992 1654 3206 1711 Christo
3239 1651 3610 1724 prmseriptuni

310 1746 708 1815 innnutassent,
748 1747 844 1803 sed
878 1748 1000 1818 quia
1058 1766 1077 1801 ι
1107 1748 1314 1804 nullum
1359 1749 1559 1807 habent
1602 1754 1935 1811 consortium
1960 1754 2255 1825 disciplina:
2278 1762 2497 1822 nostrai,
2526 1766 2661 1824 quos
2683 1759 2972 1809 extraneos
2997 1746 3181 1819 utique
3224 1752 3451 1805 tesutur
3498 1745 3618 1815 ipsa

306 1842 584 1914 ademptio
611 1842 1134 1898 communicationis.
1165 1861 1184 1895 ο
1235 1842 1317 1899 Ad
1351 1843 1467 1900 haec
1507 1846 1668 1901 etiam
1704 1846 1912 1903 accedit
1947 1847 2228 1921 Augustini
2270 1846 2657 1914 testimonium,
2688 1844 2779 1916 qui
2808 1844 2861 1899 in
2886 1842 3023 1898 libre
3042 1857 3093 1898 vr
3138 1840 3201 1895 de
3230 1837 3411 1910 Bapt.,
3438 1852 3488 1895 c.
3517 1838 3609 1903 25,

294 1939 390 1997 sic
413 1936 691 2007 loquitur:
729 1956 750 1990 ι
776 1936 906 2003 Quis
935 1926 1143 1993 nesciat
1188 1951 1299 1992 non
1326 1951 1451 1994 esse
1473 1937 1802 2008 Baptismum
1828 1939 2052 2011 Christi,
2083 1943 2130 1997 si
2157 1940 2318 1997 verba
2346 1939 2656 2012 evangelica
2692 1937 2889 2011 quibus
2938 1935 3242 2008 symbolum
3275 1941 3491 1997 constat
3542 1932 3617 2008 illi

312 2026 619 2085 defuerint?
638 2025 745 2084 Sed
767 2025 975 2081 facilius
1004 2025 1350 2081 inveniuntur
1370 2027 1607 2085 haeretici
1631 2030 1725 2101 qui
1742 2030 1962 2089 omnino
1991 2048 2103 2089 non
2124 2032 2413 2104 baptiaent,
2437 2045 2598 2101 quam
2622 2031 2712 2101 qui
2737 2028 2842 2084 illis
2856 2027 3039 2084 verbis
3063 2040 3169 2083 non
3192 2026 3483 2097 baptizent.
3519 2044 3541 2080 s

380 2120 605 2177 Frustra
629 2117 904 2175 Launeius
927 2115 1213 2189 Augustini
1241 2118 1606 2176 testimonium
1629 2121 1699 2178 de
1722 2124 2015 2195 aequalibus
2034 2124 2092 2183 S.
2118 2126 2363 2182 Doctoris
2392 2124 2658 2181 haereticis
2685 2120 3058 2194 accipiendum
3078 2135 3222 2186 esse,
3246 2119 3315 2176 de
3340 2120 3615 2193 antiquio-

288 2213 460 2270 ‘ribus
499 2222 680 2269 autem
702 2211 861 2268 aliter
880 2209 1230 2282 iudicandum
1256 2218 1425 2282 putat.
1452 2210 1587 2268 Nam
1613 2214 1756 2285 quod
1785 2226 1978 2286 quarto
2005 2225 2061 2273 et
2086 2218 2271 2290 quinto
2295 2217 2554 2275 Ecclesiae
2600 2215 2801 2273 saeculo
2833 2211 3213 2271 animadvertit
3260 2211 3613 2285 Augustinus,

312 2304 364 2361 id
396 2302 588 2375 potiori
606 2303 731 2374 jure
753 2301 823 2358 de
846 2301 1087 2358 secundo
1113 2310 1169 2365 et
1194 2302 1354 2357 tertio
1379 2305 1676 2362 asseverari
1705 2315 1898 2377 potest.
1930 2307 2112 2380 Neque
2136 2309 2279 2366 enim
2305 2309 2593 2366 defuerunt
2621 2307 2861 2364 haereses
2901 2320 3046 2378 quae,
3081 2318 3205 2360 cum
3233 2304 3285 2360 in
3308 2316 3474 2367 sectas
3503 2306 3611 2377 pri-

316 2401 541 2457 mordiis
565 2413 908 2456 communem
930 2396 1239 2469 baptizandi
1266 2413 1511 2459 normam
1533 2411 1733 2460 secutae
1758 2412 1955 2471 essent,
1983 2419 2101 2459 eam
2135 2414 2319 2475 postea
2350 2405 2717 2470 immutaverit,
2748 2410 2808 2458 ut
2843 2415 3064 2457 suorum
3101 2398 3170 2455 ad
3199 2398 3497 2459 Ecclesium
3531 2414 3623 2455 ca-

315 2492 562 2550 tholicam
584 2491 813 2548 reditum
842 2486 1037 2563 majori
1057 2493 1371 2552 difficultate
1395 2495 1760 2552 obstruerent.
1790 2496 1845 2553 Id
1883 2496 1952 2553 de
1981 2495 2268 2553 Encratitis
2305 2496 2625 2553 nominatim
2655 2504 2888 2551 testatur
2918 2492 3147 2549 Basilius
3177 2506 3303 2548 can.
3348 2507 3385 2548 t.
3420 2490 3620 2562 Quam-

312 2601 471 2657 quam
514 2601 585 2641 ne
637 2584 713 2640 illi
762 2584 978 2655 quidem
1024 2588 1395 2658 prmscriptam
1420 2605 1451 2644 a
1478 2586 1695 2644 Christo
1737 2588 1967 2645 formam
1998 2591 2399 2659 pervertebant,
2445 2589 2538 2646 sed
2565 2587 2924 2647 caeremonias
2948 2586 3206 2658 quasdam
3236 2593 3329 2641 aut
3353 2584 3615 2657 adjecisse

314 2677 562 2734 videntur
585 2685 678 2731 aut
703 2675 1021 2733 detraxisse.
1046 2678 1139 2735 Sic
1161 2678 1306 2735 enim
1351 2666 1422 2737 de
1459 2681 1568 2737 illis
1596 2681 1825 2738 Basilius
1851 2697 1953 2738 can
1978 2684 2047 2738 47
2075 2699 2091 2741 :
2119 2700 2138 2736 ι
2174 2682 2256 2739 Nc
2276 2682 2457 2743 dicant
2498 2699 2513 2737 :
2546 2683 2605 2740 In
2648 2682 2862 2738 Patrem
2910 2689 2965 2737 et
3014 2681 3214 2736 Filium
3265 2688 3322 2739 et
3364 2679 3622 2752 Spiritum

311 2780 560 2827 sanctum
582 2771 836 2840 baptizati
855 2787 1061 2829 sumus.
1103 2791 1124 2827 ι
1157 2774 1470 2844 Quinetiam
1498 2792 1686 2831 eorum
1712 2776 2040 2848 baptismum
2067 2791 2175 2832 non
2216 2777 2484 2846 improbat
2513 2785 2688 2831 ratum
2720 2774 2932 2842 haberi,
2961 2774 3005 2829 si
3030 2767 3134 2845 qua
3165 2772 3293 2829 inde
3318 2774 3494 2843 major
3519 2774 3622 2829 uti-

309 2865 443 2921 iitas
472 2867 708 2920 accedat.
736 2865 900 2936 Atque
925 2865 1063 2936 ipse,
1091 2881 1213 2922 can.
1237 2883 1277 2936 ι,
1303 2876 1534 2924 testatur
1558 2869 1753 2925 fratres
1789 2868 1923 2926 Zoiu
1945 2879 1998 2925 et
2025 2869 2372 2927 Saturninum
2405 2878 2689 2939 susceptos
2714 2885 2742 2923 e
2769 2884 2830 2925 se
2852 2869 3015 2927 fuisse
3041 2867 3094 2922 in
3122 2866 3378 2923 cathedra
3408 2870 3620 2936 episco-

312 2974 533 3029 porum,
561 2974 681 3013 eum
709 2958 776 3012 ab
800 2958 896 3017 hac
920 2960 1111 3016 lueresi
1141 2961 1398 3021 redirent.
1423 2961 1528 3018 Sed
1551 2963 1597 3018 si
1624 2962 1913 3018 Encratite
1931 2976 2244 3018 communes
2267 2962 2401 3021 ritus
2426 2963 2578 3017 initio
2602 2962 2770 3018 secuti
2798 2960 3015 3015 fuerant
3039 2968 3094 3014 ct
3118 2974 3239 3014 cum
3263 2958 3387 3014 novi
3409 2957 3613 3029 aliquid

310 3052 574 3111 inducere
598 3054 1024 3127 volucrunt,non
1066 3065 1245 3111 tamen
1273 3055 1637 3126 praescriptam
1668 3072 1698 3109 a
1721 3054 1940 3111 Christo
1966 3054 2192 3111 formam
2219 3040 2421 3109 viclare
2448 3054 2562 3109 ausi
2590 3060 2743 3120 sunt;
2771 3068 2837 3108 an
2870 3050 3088 3109 dubium
3112 3048 3242 3121 quin
3291 3049 3618 3109 Marcionita)

308 3158 365 3205 ct
412 3147 498 3203 alii
528 3146 814 3218 ejusmodi,
845 3148 1168 3219 quibuscum
1199 3157 1316 3205 erat
1354 3164 1475 3204 cunt
1510 3149 1799 3205 Encratitis
1828 3148 2052 3205 finitima
2107 3147 2376 3215 vicinitas,
2402 3146 2730 3217 baptismum
2758 3145 2814 3201 in
2841 3143 3083 3201 Ecclesia
3104 3142 3366 3200 catholica
3391 3158 3622 3217 usurpat-

311 3253 425 3299 tum
469 3244 808 3303 retinuerint.
836 3246 1006 3303 Porro
1040 3245 1365 3303 Marcionem
1392 3246 1445 3303 id
1473 3248 1690 3303 nomine
1719 3247 1876 3302 trium
1900 3246 2257 3303 Personarum
2303 3244 2603 3314 baptizasse
2630 3241 2782 3297 testis
2801 3248 2886 3297 est
2910 3239 3147 3309 locuples
3175 3237 3495 3311 Cyprianus,
3525 3241 3616 3311 qui

309 3337 426 3408 ejus
452 3336 774 3410 baptismum
804 3339 906 3395 hoc
929 3350 1246 3412 argumento
1271 3340 1465 3412 rejieit,
1499 3340 1775 3410 quod'non
1804 3339 2049 3397 eamdem
2088 3337 2403 3394 Trinitatem
2433 3345 2693 3409 agnoscat
2718 3349 2783 3390 ac
2804 3331 3066 3390 Catholici
3097 3350 3110 3387 :
3141 3351 3160 3387 ι
3187 3331 3452 3404 Numquid
3481 3332 3618 3390 hanc

307 3431 625 3491 Trinitatem
666 3433 901 3490 Marcion
931 3436 1113 3491 tenet?
1149 3455 1169 3490 ι
1198 3436 1368 3507 inquit
1398 3436 1450 3491 in
1480 3435 1647 3505 Epist.
1682 3436 1750 3489 ad
1787 3434 1988 3504 Jubai.,
2013 3450 2136 3508 pag.
2167 3434 2293 3490 151.
2320 3431 2624 3503 «Numquid
2646 3430 2894 3488 eumdem
2920 3430 3114 3486 asserit
3142 3440 3366 3509 quemet
3391 3444 3491 3488 nos
3518 3431 3617 3486 l‘a-

310 3532 445 3582 trem
469 3526 805 3583 creatorem?
827 3526 1091 3600 Numquid
1117 3517 1362 3585 eumdem
1390 3530 1537 3586 novit
1561 3529 1754 3585 Filium
1774 3529 2047 3584 Christum
2074 3529 2144 3584 de
2172 3528 2335 3583 Maria
2364 3526 2571 3597 virgine
2601 3527 2828 3582 natum?
2862 3544 2883 3578 ι
2917 3524 3211 3581 Fatebatur
3231 3541 3363 3596 ergo
3386 3523 3613 3597 Cypria-

308 3631 409 3672 nus
455 3626 563 3673 tres
608 3618 877 3675 Personas
920 3621 988 3675 ab
1036 3619 1303 3678 hmreticis
1330 3621 1381 3675 in
1410 3621 1685 3692 Baptistae
1714 3622 2000 3689 nominari,
2030 3636 2092 3677 ac
2128 3636 2194 3676 eo
2242 3619 2493 3675 redactus
2522 3627 2672 3683 erat,
2706 3628 2765 3673 ut
2812 3618 3129 3674 Trinitatem
3180 3617 3465 3673 haereticos
3507 3634 3556 3672 n:
3580 3634 3612 3674 ιι

306 3707 495 3765 eodem
523 3709 687 3765 modo
718 3726 782 3765 ac
826 3708 1133 3767 Catholicos
1183 3712 1523 3783 Interpretari
1550 3712 1773 3769 diceret.
1806 3712 1977 3768 Simili
2007 3712 2215 3768 ratione
2262 3710 2603 3766 Firmilianus
2629 3708 3008 3766 Gnostieorum
3060 3718 3115 3763 et
3164 3709 3603 3764 Montanistaruzn

303 3801 569 3873 baptisma
599 3802 790 3876 rt-jicit,
836 3803 958 3873 quia
1007 3804 1166 3876 primi
1205 3820 1311 3861 non
1343 3805 1590 3861 eumdem
1629 3806 1840 3859 Patrem
1867 3819 1931 3861 ac
1955 3804 2245 3870 Catholici,
2294 3802 2638 3859 Montanistm
2664 3819 2770 3857 non
2801 3801 3049 3856 eumdem
3080 3801 3337 3872 Spiritum
3367 3810 3609 3858 sanctum

303 3895 689 3967 agnoscebant.
729 3894 1050 3953 Marciunem
1082 3899 1160 3953 sic
1182 3901 1399 3971 premit
1425 3899 1788 3955 Tcrtullianus
1819 3899 2152 3970 argumentis
2166 3913 2234 3956 ex
2257 3896 2525 3967 baptismo
2549 3896 2751 3968 petitis,
2784 3906 2842 3952 ut
2872 3896 3028 3952 facile
3058 3904 3237 3966 pateat
3263 3911 3607 3953 communem

303 3987 611 4057 baptizandi
637 3988 796 4043 ritum
825 3988 893 4044 ab
922 3989 1023 4046 hoc
1054 3990 1311 4047 inuretico
1342 4001 1603 4047 mutatmn
1645 4008 1749 4047 non
1797 3991 1977 4046 fuisse.
2030 3990 2233 4058 Quaerit
2278 3990 2423 4046 enim
2451 3989 2544 4047 lib.
2578 4005 2615 4057 t,
2648 4004 2701 4047 c.
2725 3989 2818 4053 28,
2852 3988 3122 4060 quomodo
3167 4002 3449 4060 regeneret
3472 3990 3605 4046 deus

302 4076 590 4133 Marcionis
608 4078 698 4156 qtti
738 4093 845 4134 non
870 4082 1179 4151 generavit;
1211 4083 1485 4153 quomodo
1534 4083 1792 4154 Spiritum
1821 4082 2077 4138 attribuat
2127 4082 2180 4145 in
2229 4082 2516 4152 baptismo,
2574 4082 2664 4153 qui
2713 4084 2948 4138 animam
2979 4098 3084 4138 non
3139 4083 3285 4154 prius
3337 4084 3597 4153 contulit;

302 4186 401 4227 cur
444 4173 587 4228 lavet
629 4170 901 4227 hominem
948 4189 1236 4244 numquam
1289 4174 1429 4246 apud
1477 4190 1538 4229 se
1590 4175 1942 4245 inquinatum,
1974 4183 2028 4229 et
2056 4174 2109 4228 in
2137 4172 2242 4229 hoc
2283 4181 2451 4231 totum
2496 4173 2686 4229 salutis
2721 4183 3114 4229 sacramentum
3155 4188 3373 4229 carnem
3405 4186 3610 4245 mergat

300 4275 546 4322 exortem
571 4266 775 4323 salutis.
820 4266 1011 4323 Narrat
1054 4267 1382 4339 Epiphanius
1432 4285 1551 4341 pag.
1585 4269 1715 4336 250,
1751 4288 1770 4323 ι
1807 4283 1914 4324 ιιοιι
1938 4284 2104 4325 ιιιιιιιιι
2135 4269 2400 4341 baptisma
2428 4268 2592 4342 (apud
2623 4268 2985 4338 Marcionitas)
3014 4267 3109 4323 sed
3160 4267 3258 4324 tria
3304 4275 3434 4338 post
3470 4266 3603 4321 deli-

295 4370 448 4416 ctum
493 4359 748 4428 concedi,
783 4374 880 4430 pro
908 4361 1133 4415 mortuis
1160 4360 1370 4415 illorum
1396 4360 1797 4417 catechumenis
1826 4358 1961 4415 alios
1989 4360 2266 4431 baptizari,
2307 4374 2372 4415 ac
2406 4343 2719 4416 mulieribus
2742 4358 2993 4429 baptismi
3023 4357 3333 4413 conferendi
3378 4354 3602 4411 faculta-

298 4460 410 4509 tem
439 4451 733 4519 committi;
760 4470 779 4505 ι
813 4451 909 4507 sed
938 4452 1147 4507 violatae
1177 4451 1425 4522 baptismi
1453 4451 1639 4521 ferina:
1669 4452 1995 4508 Marcionem
2025 4468 2131 4509 non
2155 4459 2393 4507 accusat.
2418 4448 2688 4509 Valentini
2731 4464 2944 4520 quoque
2970 4459 3025 4503 et
3055 4447 3256 4519 Apellis
3286 4445 3607 4516 baptismum

293 4544 606 4614 Stephanus
632 4552 804 4600 ratum
831 4544 1083 4600 habuisse
1112 4544 1326 4600 dicitur.
1358 4543 1465 4599 Sed
1496 4543 1547 4599 id
1575 4560 1643 4601 ex
1674 4545 1790 4615 ejus
1820 4544 2097 4615 principiis
2124 4542 2467 4614 sequebatur.
2498 4541 2653 4608 Nam,
2672 4557 2794 4598 cum
2823 4552 2971 4599 certe
3002 4547 3226 4605 teneret,
3251 4546 3307 4592 ut
3330 4538 3377 4593 ei
3408 4552 3606 4608 expro-

297 4638 421 4693 brat
448 4636 826 4704 Firmilianns,
867 4626 1199 4709 Baptismum
1244 4639 1606 4695 administrari
1660 4657 1679 4692 ι
1716 4639 1962 4696 invocata
1991 4638 2227 4696 trinitate
2253 4640 2528 4697 nominum
2562 4638 2734 4694 Patris
2764 4646 2816 4692 et
2842 4636 2964 4693 Filii
2990 4646 3044 4692 et
3076 4634 3307 4706 Spiritus
3338 4635 3529 4700 sancti,
3572 4655 3591 4688 ι

294 4732 574 4788 neminem
630 4747 857 4805 prorsus
910 4732 1207 4791 excludere
1250 4731 1458 4796 debuit,
1492 4748 1651 4803 quem
1699 4733 1768 4789 ab
1816 4732 1918 4788 hac
1944 4733 2248 4804 baptizandi
2276 4748 2460 4789 norma
2484 4748 2591 4790 non
2618 4730 2898 4787 discedere
2921 4737 3215 4786 antistaret.
3243 4730 3398 4799 Quod
3421 4731 3466 4787 si
3494 4732 3607 4801 ipso

293 4824 559 4892 ﬂarcion,
587 4825 676 4896 qui
702 4825 977 4895 impietate
1006 4839 1196 4880 omnes
1239 4826 1528 4894 superavit,
1557 4824 1607 4879 in
1648 4826 1868 4882 nomine
1906 4826 2074 4882 trium
2121 4826 2484 4883 Personarum
2519 4824 2842 4895 baptizabat,
2876 4840 2988 4880 non
3017 4825 3174 4881 video
3200 4839 3298 4880 cur
3324 4840 3428 4881 non
3463 4825 3605 4882 idem

292 4916 365 4974 de
396 4915 585 4985 Apelle
608 4925 663 4971 ct
695 4915 981 4973 Valentino
1011 4914 1283 4971 credatur.
1311 4916 1613 4989 Cyprianus
1639 4916 1740 4973 huc
1770 4933 1933 4973 unum
1961 4918 2226 4989 ejusmodi
2254 4919 2520 4974 haereticis
2558 4917 2740 4989 objicit
2766 4960 2781 4985 ,
2812 4918 2953 4990 quod
2985 4933 3090 4975 non
3120 4918 3367 4977 eumdem
3390 4917 3603 4976 Patrem

293 5023 360 5065 ac
383 5008 667 5073 Catholici,
706 5009 958 5064 eumdem
1005 5008 1221 5074 Filium,
1250 5010 1497 5066 eumdem
1537 5010 1795 5081 Spiritum
1823 5021 2069 5069 sanciunt
2110 5012 2467 5084 eamdemque
2499 5011 2797 5070 Ecclesiam
2825 5014 3214 5080 conﬁteantur;
3245 5027 3308 5067 ac
3334 5012 3604 5083 Patripas-

292 5100 498 5164 sianos,
529 5099 956 5170 AnthrOpianos,
986 5101 1411 5170 Valentinianus,
1444 5102 1830 5174 Apelletianes,
1859 5104 2088 5179 Ophitas
2115 5105 2445 5165 Marcionitis
2470 5108 2730 5179 adjungit,
2756 5108 2866 5180 Lp.
2894 5109 2963 5164 ad
2986 5107 3187 5176 labat,
3214 5123 3265 5178 p.
3309 5107 3431 5164 150.
3461 5108 3603 5165 Mar-

294 5204 394 5246 cus
424 5191 559 5247 iuter
601 5190 877 5249 Valentini
916 5201 1211 5251 sectatores
1240 5195 1631 5253 celeberrimus
1661 5197 1713 5253 in
1741 5178 2121 5271 consecrando
2161 5214 2300 5270 pane
2327 5180 2383 5256 et
2410 5178 3128 5258 vino,omniainvocatiunis
3158 5200 3320 5257 verba
3362 5215 3602 5272 promtu.

295 5287 483 5353 liabet,
510 5296 568 5343 ut
597 5295 820 5345 testatur
845 5288 1080 5349 irenteus
1105 5287 1200 5346 lib.
1230 5305 1270 5357 ι,
1298 5306 1417 5363 cap.
1452 5291 1554 5358 ης
1586 5293 1768 5350 caiteri
1801 5293 2041 5365 ejusdem
2080 5296 2299 5366 generis
2357 5296 2594 5353 haeretici
2624 5292 3020 5353 Eucharistiam
3063 5312 3131 5353 ex
3164 5310 3315 5353 more
3346 5296 3602 5352 Ecclesiae

291 5379 660 5436 celebrabant.
689 5380 827 5438 Hinc
854 5395 954 5437 eos
984 5391 1237 5452 provocat
1266 5381 1501 5440 Irenarus
1530 5384 1624 5440 lib.
1655 5401 1727 5451 tv,
1760 5376 1877 5456 ee‘p.
1915 5388 1982 5445 i8
2005 5429 2021 5456 ,
2046 5396 2105 5443 ut
2136 5406 2157 5441 ι
2186 5396 2277 5442 aut
2303 5390 2635 5445 sententiain
2668 5398 2896 5456 mutent,
2930 5397 3021 5445 aut
3046 5389 3350 5445 abstineant
3375 5388 3576 5446 oii'eren

289 5473 364 5529 de
390 5489 511 5545 qua:
538 5474 790 5546 pratdicta
812 5487 992 5531 sunt.»
1022 5474 1141 5532 Non
1171 5476 1462 5533 verisimile
1491 5487 1577 5533 est
1601 5478 1793 5548 quibus
1823 5479 2012 5550 religio
2036 5489 2153 5536 crat
2170 5495 2201 5535 a
2228 5489 2483 5537 consueta
2507 5480 2858 5537 Eucharistia:
2878 5480 3215 5538 celebranda
3240 5483 3409 5537 forma
3428 5481 3600 5536 disce-

289 5566 442 5631 dere,
470 5581 569 5633 eos
588 5567 646 5621 in
671 5565 927 5638 Baptismi
959 5565 1151 5623 ritibus
1196 5581 1265 5622 ne
1307 5567 1359 5623 id
1387 5567 1607 5639 quidem
1639 5571 1926 5629 retinuisse
1950 5571 2094 5643 quod
2117 5572 2367 5629 Christus
2393 5573 2710 5653 nominatim
2739 5573 3166 5646 praescripserat.
3196 5574 3360 5631 Multa
3388 5590 3517 5631 sane
3546 5574 3601 5637 in

287 5660 552 5731 Baptismi
577 5662 926 5718 caeremonias
972 5662 1134 5734 impia
1160 5671 1216 5720 et
1259 5663 1515 5723 absurda'
1543 5664 1869 5730 induxerunt
1900 5667 2140 5739 plerique
2184 5657 2447 5725 Caes‘tici.
2479 5668 2608 5735 Sed,
2637 5679 2700 5728 ut
2746 5669 2998 5727 observat
3027 5668 3358 5739 Augustinus
3386 5668 3504 5739 (lib.
3550 5681 3604 5722 vs

286 5757 355 5818 de
372 5753 664 5833 Baptism,
694 5771 751 5820 ιι.
780 5756 895 5832 47),
930 5774 952 5817 ι
977 5767 1123 5823 certa
1151 5757 1245 5825 illa
1274 5758 1583 5835 evangelica
1608 5759 1782 5840 verba
1823 5761 1957 5838 sine,
1985 5761 2180 5833 quibus
2203 5777 2310 5826 non
2337 5772 2514 5838 potest
2542 5761 2856 5840 Baptisms
2879 5762 3201 5833 cutisecrari
3225 5803 3245 5838 ,
3270 5770 3483 5830 tantum
3506 5773 3615 5817 va-
