4172 6264
607 312 666 368 51
2055 317 2254 375 ΡΚᾸΕΕ

2267 319 2442 379 Ατιο.
2472 311 2479 317 ·
3006 305 3009 307 '
3844 336 3914 392 δὲ

613 427 723 485 lent
745 435 800 485 ut
830 442 923 500 per
949 430 1036 487 illa
1067 430 1145 487 sic
1166 435 1500 488 evacuentur
1526 442 1878 502 quaecumque
1909 431 1961 486 in
1991 445 2148 503 prece
2173 431 2362 489 vitiosa
2394 440 2580 491 contra
2627 433 2866 508 regulam
2897 435 3018 494 fidei
3040 436 3344 509 ;dicuntur;
3377 449 3432 499 et
3451 441 3496 499 si
3518 438 3705 500 malus
3733 455 3897 518 atque

599 538 889 597 perversus
933 527 983 580 in
1023 523 1288 596 aliquibus
1344 539 1653 595 perversam
1682 539 1896 596 precem
1924 524 2132 590 afferat,
2161 525 2314 582 adest
2341 527 2483 582 Deus
2510 529 2834 599 evangelieis
2864 529 3044 586 verbis
3069 531 3200 598 suis,
3229 531 3348 588 sine
3377 534 3573 605 quibus
3597 536 3907 607 Baptismus

600 618 802 675 Christi
830 619 1134 674 consecrari
1175 632 1280 674 non
1308 627 1485 689 potest
1515 660 1532 686 ,
1564 626 1619 674 et
1647 619 1760 689 ipse
1781 619 2077 675 sanctificat.
2103 630 2498 675 sacramentum
2528 635 2706 676 suum.
2745 641 2765 676 ι
2797 622 2931 678 Cum
2958 623 3260 694 Augustino
3285 629 3557 690 consentit
3581 628 3910 701 Stephanus,

523 753 528 760 .
606 709 721 779 qui,
755 717 812 763 ut
837 707 1003 763 refert
1032 707 1400 773 Firmilianus,
1441 709 1655 766 dicebat
1705 729 1724 762 ι
1760 709 1824 764 iis
1852 710 1941 780 qui
1973 710 2114 780 apud
2141 710 2422 767 haereticos
2445 711 2782 783 baptizantur
2819 714 3013 772 adesse
3042 717 3384 787 prtesentiam
3409 729 3464 777 et
3491 725 3912 782 sanctimoniam

602 800 820 858 Christi.
863 820 882 855 ι
917 801 1070 870 Quod
1097 809 1278 858 autem
1311 811 1519 873 Spectat
1547 802 1613 856 ad
1635 816 1728 856 eos
1755 802 1842 872 qui
1870 810 1962 856 aut
1987 816 2179 872 aquam
2210 817 2314 857 non
2345 802 2704 870 adhibebant,
2729 814 2822 860 aut
2849 821 2954 860 non
2984 816 3040 861 ut
3065 807 3310 864 Christus
3337 812 3704 884 praescripsit,
3736 815 3913 888 bapti-

602 895 795 952 zabant
819 895 1029 968 (quales
1055 895 1325 952 exstitisse
1358 894 1598 950 nonnulli
1630 894 1877 970 videnlur
1904 894 2041 949 inter
2069 893 2352 950 Gnosticos
2379 896 2576 950 ethnici
2599 897 2766 966 magis
2788 913 2948 968 quam
2983 898 3266 974 lueretici),
3299 917 3406 958 non
3425 903 3649 961 dubium
3668 908 3797 978 quin
3815 923 3910 966 eos

601 992 718 1047 sine
740 991 1015 1061 Baptismo
1043 989 1348 1060 Stephanus
1372 989 1425 1044 in
1455 988 1750 1045 Ecelesiam
1779 1003 1885 1043 non
1913 987 2242 1044 admisisset.
2267 988 2518 1044 Nonnulli
2544 998 2722 1045 autem
2745 989 2827 1045 sic
2857 990 3118 1062 Baptismi
3143 994 3306 1049 verba
3333 994 3710 1065 immutabant,
3744 1010 3802 1055 ut
3823 1010 3908 1058 ta-

597 1104 722 1145 men
763 1088 998 1144 retinere
1037 1095 1091 1142 et
1138 1086 1440 1156 exprimere
1477 1086 1701 1152 vellent,
1731 1085 1916 1156 quales
1969 1093 2122 1140 erant
2165 1084 2252 1154 qui
2298 1085 2642 1154 baptizabant
2674 1102 2693 1138 ι
2730 1086 2782 1141 ἰιι
2813 1101 3011 1144 nomen
3041 1089 3296 1160 incogniti
3339 1094 3508 1162 patris
3536 1096 3801 1162 omnium,
3856 1099 3906 1154 in

597 1181 880 1237 veritatem
927 1189 1153 1235 matrem
1185 1179 1422 1234 onmimu
1451 1220 1465 1245 ,
1497 1177 1548 1232 iu
1577 1175 1997 1233 descendentem
2031 1177 2084 1231 in
2111 1175 2293 1232 Jcsum
2317 1195 2336 1228 ι
2363 1175 2526 1248 (It-en.
2549 1178 2638 1233 lib.
2661 1195 2698 1244 ι,
2721 1193 2840 1250 cap.
2866 1180 2958 1244 2i,
2989 1195 3040 1234 ιι.
3067 1178 3146 1254 5).
3179 1181 3285 1238 Sed
3311 1182 3378 1239 de
3401 1183 3668 1255 ejusmodi
3695 1187 3912 1247 lucreti-

596 1276 676 1332 cis
702 1274 836 1330 adeo
865 1273 1007 1328 nulla
1040 1272 1137 1328 fuit
1164 1272 1548 1336 controversia,
1584 1278 1639 1324 ut
1684 1269 1986 1341 Cyprianus
2009 1279 2062 1325 et
2109 1269 2453 1324 Firmilianus
2486 1271 2933 1339 interrogationes
2954 1271 3118 1342 ipsas,
3147 1274 3332 1344 quales
3383 1275 3434 1330 in
3491 1275 3733 1334 Ecclesia
3789 1281 3904 1336 fieri

597 1368 863 1431 solebant,
892 1366 960 1422 ab
989 1365 1258 1421 haereticis
1280 1361 1482 1419 servari
1516 1369 1798 1427 testentur,
1834 1377 1954 1434 pag.
1990 1363 2116 1428 151,
2153 1362 2274 1426 Hii,
2308 1362 2430 1418 154.
2464 1360 2546 1416 Ad
2575 1361 2687 1416 haec
2715 1361 2970 1434 Cypriani
2995 1372 3048 1417 et
3079 1363 3377 1420 Firmiliani
3405 1367 3712 1423 testimonia
3746 1385 3908 1427 acce-

597 1462 676 1518 dit
700 1461 989 1516 auctoritas
1018 1475 1123 1516 non
1153 1459 1328 1514 solum
1366 1454 1668 1526 Augustini,
1689 1453 1956 1511 Viueentii
1996 1455 2291 1512 Lirinensis
2319 1466 2373 1512 et
2395 1455 2657 1524 Facundi,
2685 1457 2776 1527 qui
2811 1456 3030 1514 minime
3058 1458 3370 1516 dubitarunt
3398 1460 3524 1533 quin
3553 1478 3903 1522 communem

598 1559 854 1615 Ecclesiae
878 1558 1198 1613 sententiam
1223 1552 1532 1625 Stephanus
1573 1556 1926 1624 defendisset;
1959 1553 2054 1611 sed
2084 1554 2248 1610 etiam
2293 1553 2528 1628 Dionysii
2579 1554 2927 1613 Alexandrini
2959 1565 3015 1611 et
3057 1555 3293 1624 Eusebii,
3332 1571 3563 1627 quorum
3595 1558 3805 1630 primus
3825 1563 3906 1618 sic

596 1649 661 1704 ad
686 1648 1016 1719 Stephanum
1047 1659 1102 1704 et
1131 1648 1202 1705 de
1229 1648 1503 1719 Stephano
1532 1648 1768 1720 scripsit,
1792 1648 1920 1702 utin
1950 1663 2017 1704 eo
2038 1648 2294 1704 leniorem
2321 1648 2690 1704 tantummodo
2710 1647 3053 1714 sententiam,
3077 1657 3132 1702 et
3159 1649 3471 1718 quamdam,
3505 1659 3562 1705 ut
3588 1651 3639 1706 in
3661 1667 3721 1708 re
3749 1667 3889 1708 non-

595 1738 722 1794 dum
749 1738 986 1794 omnium
1016 1753 1291 1793 consensu
1319 1737 1521 1802 decisa,
1561 1737 2112 1796 accommodationetn
2140 1737 2501 1807 desideraret;
2537 1740 2675 1797 alter
2701 1753 2828 1796 vero
2854 1739 3131 1811 antiquam
3171 1738 3514 1798 traditionem
3567 1741 3636 1799 ab
3681 1759 3747 1803 eo
3793 1745 3889 1804 do-

597 1831 799 1889 fensam
830 1831 993 1889 fuisse
1021 1839 1263 1902 testatur,
1294 1829 1436 1888 Hist.
1462 1831 1553 1888 lib.
1580 1847 1672 1901 vn,
1701 1846 1750 1888 c.
1782 1834 1836 1890 5.

502 2091 508 2096 Π
595 2021 783 2080 V.—s.
829 2036 1120 2080 CYPIUANUS
1146 2036 1480 2082 SENTENTIA]!
1526 2037 1969 2086 ADVERSARIORUI
1990 2035 2149 2080 IIINUS
2175 2038 2513 2081 ιΝτειιιειιτ.
2533 2052 2607 2066 ·-
2631 2038 2699 2080 DE
2746 2035 3010 2080 BAI’TISMO
3039 2037 3092 2080 IN
3114 2037 3325 2080 CIIBIS'I'I
3347 2038 3903 2084 NOIINBo—STEPIIANI

1802 2132 2094 2174 SENTENTIA
2119 2130 2262 2173 οιιτΑ
2289 2131 2356 2172 ΑΒ
2379 2128 2686 2174 Διιοετοιιιε.

663 2278 768 2336 Sed
797 2278 905 2336 duo
930 2279 1087 2336 nobis
1113 2289 1404 2352 supersunt
1427 2279 1766 2352 explicanda,
1799 2288 1978 2337 utrum
2005 2279 2315 2352 Stephanus
2349 2278 2722 2335 haereticorum
2758 2277 3025 2347 baptismo
3049 2291 3161 2335 non
3188 2276 3365 2334 solum
3397 2279 3771 2339 characterem
3797 2281 3902 2337 im—

592 2373 770 2445 primi,
812 2373 906 2430 sed
944 2375 1106 2431 etiam
1136 2383 1353 2448 peccata
1379 2374 1576 2432 dimitti
1602 2375 2028 2444 existimaverit;
2051 2388 2238 2433 utrum
2282 2377 2415 2433 satis
2441 2393 2561 2434 esse
2587 2376 2802 2434 duxerit
2856 2375 2910 2430 in
2948 2373 3148 2446 Christi
3178 2376 3399 2431 nomine
3431 2376 3725 2448 baptizare,
3755 2377 3899 2434 nulla

590 2469 763 2526 Patris
797 2479 847 2526 et
877 2468 1107 2540 Spiritus
1141 2471 1309 2527 sancti
1361 2471 1496 2528 facta
1528 2473 1816 2529 mentione.
1855 2472 2153 2544 Cyprianus
2181 2482 2235 2530 et
2282 2471 2633 2528 Firmilianus
2663 2472 2742 2528 sic
2780 2485 2998 2542 semper
3026 2471 3372 2543 adversarios
3403 2470 3676 2539 refellunt,
3737 2475 3892 2544 quasi

589 2562 677 2620 i5ti
722 2571 936 2633 peccata
984 2564 1052 2619 ab
1082 2563 1354 2621 lnercticis
1405 2565 1800 2638 baptizantibus
1839 2566 2035 2624 dimitti
2084 2566 2494 2623 contenderent.
2548 2585 2566 2619 ι
2599 2567 2694 2620 Dat
2745 2565 3008 2623 honorem
3049 2565 3178 2634 Deo,
3227 2567 3396 2637 inquit
3423 2565 3736 2638 Cyprianus
3767 2567 3895 2642 (Ep.

589 2658 777 2730 uxtv)
825 2657 915 2727 qui
969 2657 1109 2730 apud
1165 2673 1260 2714 eos
1295 2660 1384 2732 qui
1431 2661 1484 2716 in
1519 2660 1685 2717 Deum
1709 2661 2103 2734 blasphemant,
2147 2660 2519 2717 remissionem
2569 2671 2910 2731 peccatorum
2941 2660 3058 2716 dari
3103 2658 3345 2730 judicat?
3378 2677 3396 2711 ι
3447 2660 3511 2714 Et
3551 2659 3895 2717 Firmilianus

589 2752 714 2827 (Ep.
745 2755 910 2829 Lxxv)
946 2772 959 2810 :
999 2775 1018 2808 ‹
1041 2754 1372 2828 Stephanus,
1409 2757 1603 2830 ipquit,
1656 2767 1709 2812 et
1739 2758 1827 2828 qui
1858 2758 1932 2815 illi
1961 2755 2672 2821 consentiunt,contendunt
2701 2754 3068 2810 dimissionem
3098 2764 3458 2824 peccatorum,
3504 2765 3558 2809 et
3599 2755 3892 2812 secundam

587 2848 920 2905 nativitatem
953 2851 1003 2906 in
1036 2849 1409 2908 haereticorum
1441 2852 1705 2923 baptisma
1762 2865 1919 2922 posse
1972 2852 2289 2922 procedere,
2331 2850 2469 2920 apud
2498 2866 2638 2921 quos
2676 2850 2840 2905 etiam
2868 2848 2969 2919 ipsi
2996 2847 3323 2904 confitentur
3363 2847 3621 2919 Spiritum
3647 2859 3890 2906 sanctum

586 2953 694 2994 non
721 2954 858 2995 esse.
894 2960 914 2993 ι
947 2943 1014 2998 Et
1045 2940 1217 3011 infra,
1280 2962 1298 2997 ι
1320 2943 1501 2999 dicunt
1530 2958 1653 2998 eum
1681 2943 1770 3013 qui
1817 2943 2321 3016 quomodocumque
2366 2942 2499 3000 foris
2541 2941 2839 3012 baptizatur
2867 2951 3048 2998 mente
3074 2951 3129 2998 et
3163 2941 3265 2996 fide
3295 2956 3389 2997 sua
3421 2942 3646 3013 gratiam
3699 2958 3890 3001 consc-

583 3031 673 3103 qui
722 3045 898 3101 posse.
931 3052 949 3086 ι
991 3033 1047 3088 In
1083 3034 1316 3106 Epistola
1357 3051 1386 3088 a
1426 3034 1689 3091 Jubaiano
1713 3035 1780 3090 ad
1823 3034 2145 3106 Cyprianum
2190 3038 2371 3102 missa,
2428 3049 2587 3105 quam
2617 3032 2874 3104 Stephani
2905 3048 3025 3090 esse
3074 3033 3341 3090 Pamclius
3370 3043 3422 3090 et
3453 3033 3714 3090 Baronius
3745 3038 3893 3094 exis-

583 3127 796 3191 timant,
839 3127 1099 3198 scriptum
1126 3138 1263 3194 erat,
1307 3147 1326 3182 ι
1352 3129 1494 3200 quod
1547 3129 1897 3202 quaerendum
1945 3147 2050 3186 non
2081 3133 2152 3187 sit
2182 3131 2301 3200 quis
2330 3132 2698 3202 baptizaverit,
2729 3129 2943 3202 quando
2975 3129 3021 3184 is
3055 3128 3144 3201 qui
3177 3127 3476 3199 baptizatus
3515 3130 3604 3196 sit,
3643 3130 3889 3201 accipere

581 3219 860 3273 remissam
909 3232 1246 3289 peccatorum
1287 3227 1525 3294 potuerit
1566 3226 1858 3282 secundum
1901 3227 2043 3297 quod
2087 3226 2335 3282 credidit.
2375 3246 2394 3280 ι
2446 3225 2671 3281 Difficile
2729 3239 2833 3280 non
2885 3221 2982 3278 fuit
3037 3221 3309 3294 Cypriano
3357 3231 3413 3277 et
3461 3219 3781 3278 Firmilianu
3832 3223 3886 3280 in

581 3324 644 3366 ea
671 3309 941 3381 opinione,
997 3327 1156 3383 quam
1202 3315 1529 3372 adversariis
1572 3317 1686 3372 suis
1724 3317 2015 3388 afliugunt,
2068 3318 2407 3374 manifestam
2455 3331 2684 3387 pugnam
2727 3315 3119 3371 demonstrare.
3177 3311 3574 3369 Perabsurdum
3619 3315 3759 3369 enim
3805 3330 3890 3378 est

582 3411 638 3456 ut
670 3403 1039 3459 remissionem
1068 3416 1408 3474 peccatorum
1440 3417 1758 3465 consecutus
1789 3423 1908 3464 esse
1956 3409 2166 3464 dicatur
2206 3408 2295 3480 qui
2345 3409 2580 3463 nondum
2628 3406 2840 3479 accepit
2887 3406 3144 3477 Spiritum
3191 3415 3471 3471 sanctnrn,
3533 3415 3587 3460 ct
3611 3405 3884 3462 Christum

581 3494 635 3550 in
669 3494 940 3565 Baptismo
973 3496 1208 3553 induisse
1243 3499 1295 3553 in
1325 3515 1430 3570 quo
1470 3501 1706 3556 nondum
1765 3502 1970 3558 habitat.
2003 3502 2236 3573 Spiritus
2287 3512 2525 3558 sanctus.
2584 3500 2691 3558 Sed
2739 3500 2986 3558 videntur
3018 3501 3215 3556 summi
3260 3499 3332 3556 illi
3364 3501 3461 3555 viri
3501 3501 3801 3573 Cyprianus
3830 3512 3883 3557 et

579 3585 921 3645 Firmilianus
951 3591 1127 3646 minus
1155 3601 1404 3648 accurate
1444 3594 1782 3663 interpretari
1819 3597 2140 3652 sententiam
2171 3596 2622 3661 adversariorum,
2671 3609 2807 3666 quos
2853 3592 3149 3650 verisimile
3210 3607 3317 3648 non
3369 3602 3452 3650 est
3485 3603 3590 3648 tam
3643 3593 3879 3649 absurde

577 3684 954 3753 ratiocinantes,
997 3696 1054 3741 ut
1085 3687 1828 3760 remissionempeccatorum
1855 3691 1973 3748 sine
2011 3691 2216 3760 Spiritu
2245 3699 2432 3746 saneto
2478 3687 2780 3758 comparari
2813 3698 2978 3756 posse
3014 3683 3314 3739 crederent.
3372 3683 3661 3740 Existimat
3704 3684 3888 3738 crudi—

578 3779 662 3829 tus
704 3773 883 3832 editor
921 3774 1233 3833 Litterarum
1263 3796 1580 3834 stnumorum
1610 3782 1922 3853 Pontiﬁcum
1953 3784 2326 3855 Stephanum,
2363 3782 2489 3838 dum
2531 3782 2906 3837 remissionem
2957 3788 3300 3850 peccatorqu
3345 3778 3396 3833 in
3443 3777 3708 3848 baptismo
3737 3788 3886 3833 extra

575 3866 822 3924 haeresim
851 3869 976 3926 dato
1007 3873 1286 3944 agnoscit,
1335 3873 1418 3931 vel
1446 3874 1514 3932 de
1542 3874 1838 3932 infantibus
1886 3878 2055 3948 loqui,
2088 3878 2171 3933 vel
2221 3877 2287 3932 de
2326 3877 2525 3932 adultis
2570 3876 2712 3931 bona
2745 3875 2852 3931 fide
2892 3874 3216 3944 baptismum
3245 3871 3314 3928 ab
3361 3871 3576 3927 occulto
3627 3870 3888 3927 lueretico

573 3961 982 4030 accipientibus,
1016 3975 1106 4020 aut
1134 3966 1202 4020 ab
1231 3975 1416 4037 aperto
1442 3969 1494 4025 in
1523 3979 1768 4026 extremo
1816 3971 1939 4026 vita:
1983 3972 2241 4042 periculo.
2297 3971 2560 4040 Quamvis
2598 3979 2779 4024 autem
2809 3969 3124 4024 doctissimo
3167 3967 3419 4038 scriptori
3471 3965 3759 4036 plurimum
3791 3967 3888 4020 tri-

574 4054 754 4128 lmam,
806 4056 965 4117 aliam
1005 4068 1181 4114 tamen
1229 4061 1365 4114 viam
1403 4061 1547 4116 inibo
1577 4064 1910 4134 explicanda:
1954 4065 2213 4135 Stephani
2259 4065 2564 4128 sententiie,
2616 4078 2736 4135 qua:
2778 4063 2907 4120 mihi
2939 4062 3152 4117 videtur
3181 4061 3440 4117 illustrari
3474 4075 3636 4131 posse
3689 4076 3754 4117 ex
3804 4061 3888 4117 his

573 4147 714 4202 illius
755 4151 933 4207 verbis
975 4165 1007 4206 a
1053 4152 1363 4212 Firmiliano
1407 4157 1582 4213 citatis
1625 4177 1686 4213 ει
1725 4158 1955 4217 llarresis
2004 4160 2244 4232 quidem,
2287 4160 2484 4228 aiebat,
2529 4160 2665 4232 parit
2694 4169 2747 4215 et
2791 4160 3046 4230 exponit;
3097 4158 3370 4230 crpositos
3419 4167 3596 4214 autem
3645 4153 3887 4216 Ecclesia

571 4241 816 4311 suscipit.
859 4262 877 4296 ι

645 4335 970 4408 Perspicitur
1006 4354 1071 4395 ex
1112 4340 1194 4396 his
1235 4341 1412 4399 verbis
1449 4343 1692 4401 haeresim
1725 4361 1830 4402 non
1861 4347 1962 4403 sibi
2002 4346 2095 4402 sed
2124 4346 2380 4404 Ecclesia:
2425 4361 2633 4420 parere,
2693 4346 2773 4401 vel
2825 4345 3002 4415 potius
3029 4342 3333 4398 Ecclesiam
3366 4356 3462 4411 per
3496 4339 3743 4396 haeresim
3773 4339 3881 4396 vel-

571 4433 648 4486 ¹¹¹ί
694 4448 789 4501 Pe"
816 4433 1066 4490 ειηοίηίυη
1101 4451 1310 4506 Parere,
1363 4439 1433 4493 ita
1479 4450 1536 4495 ut
1576 4458 1711 4513 quos
1746 4442 1884 4513 parit
1926 4442 2163 4510 haeresis,
2205 4443 2298 4499 ﬁlii
2360 4457 2573 4514 sponsae
2632 4441 2744 4498 fieri
2794 4449 3016 4511 possunt
3063 4438 3108 4494 si
3157 4437 3222 4493 ad
3254 4436 3550 4494 Ecclesium
3582 4433 3885 4502 accedant;

569 4526 637 4581 ab
680 4525 920 4584 Ecclesia
963 4538 1141 4588 autem
1202 4546 1306 4587 non
1353 4536 1587 4604 suscepti
1651 4536 1925 4592 interitum
1969 4535 2204 4607 eﬂ‘ngere
2255 4550 2360 4590 non
2414 4534 2640 4605 possint.
2690 4532 2947 4605 Stephani
3003 4531 3263 4586 doctrinae
3309 4526 3578 4583 simillima
3628 4536 3709 4581 cst
3759 4526 3875 4581 lnec

570 4619 848 4688 Augustini
900 4625 1198 4680 sententia:
1235 4643 1253 4678 ι
1278 4625 1516 4682 Ecclesia
1549 4629 1765 4700 quippe,
1806 4649 1824 4682 ι
1860 4630 2030 4702 inquit
2061 4631 2151 4684 lib.
2183 4629 2291 4686 Ide
2317 4628 2498 4700 Bapt.~,
2534 4644 2588 4683 n.
2625 4629 2713 4694 1'2,
2750 4646 2766 4679 ι
2799 4642 2987 4683 omnes
3038 4641 3132 4698 per
3183 4624 3513 4694 Baptismum
3564 4622 3722 4693 parit,
3769 4621 3883 4676 sive

569 4714 708 4784 apud
747 4730 826 4784 se,
876 4717 926 4772 id
983 4727 1159 4774 estex
1189 4729 1340 4774 utero
1369 4736 1488 4786 suo,
1540 4724 1651 4778 sive
1680 4735 1830 4781 extra
1862 4740 1920 4780 se
1965 4723 2031 4778 de
2058 4723 2264 4778 semine
2304 4723 2400 4777 viri
2429 4723 2528 4776 sui.
2566 4721 2674 4778 Sed
2701 4730 2757 4776 et
2786 4712 2924 4776 E’sau
2950 4719 3018 4775 de
3070 4733 3237 4773 uxore
3271 4725 3458 4784 natus,
3485 4723 3704 4786 propter
3761 4712 3872 4768 fra-

572 4814 780 4862 ternam
828 4808 1152 4866 discordiam
1195 4821 1474 4884 separatus
1517 4823 1600 4870 est
1646 4831 1676 4869 a
1729 4815 1925 4886 populo
1975 4815 2090 4882 Dei,
2125 4822 2179 4870 et
2226 4814 2362 4868 Aser
2416 4828 2510 4882 per
2540 4813 2726 4868 uxoris
2770 4811 2987 4883 quidem
3036 4816 3395 4881 potestatem,
3427 4805 3522 4861 sed
3569 4821 3637 4862 ex
3677 4803 3872 4859 ancilla

571 4909 748 4968 natus,
793 4913 1016 4973 propter
1059 4904 1349 4962 fraternam
1379 4907 1722 4963 concordiam
1755 4918 1949 4964 terram
1979 4907 2349 4978 promissionis
2375 4907 2599 4977 accepit.
2645 4905 2798 4962 Unde
2825 4916 2878 4962 et
2917 4903 3127 4961 lsmaeli
3159 4909 3212 4956 ut
3240 4908 3580 4971 separaretur
3603 4914 3632 4952 a
3682 4896 3880 4968 populo

579 4994 674 5050 Dei
702 5009 807 5051 non
849 4995 1022 5051 obfuit
1056 5009 1228 5054 mater
1254 5001 1467 5067 ancilla,
1518 4999 1614 5056 sed
1660 5000 1832 5056 obfuit
1865 5001 2100 5057 fraterna
2151 4998 2446 5068 discordia;
2507 5008 2561 5057 et
2597 5014 2702 5053 non
2753 4997 2948 5069 profuit
2993 5004 3229 5068 potestas
3259 4994 3458 5060 uxoris,
3514 4992 3665 5063 cujus
3712 4992 3893 5072 magis

572 5090 712 5146 filius
736 5099 876 5158 erat,
927 5075 1050 5162 quia
1097 5109 1194 5164 per
1237 5095 1400 5166 ipsius
1435 5095 1554 5166 jura
1595 5095 1893 5168 conjugalia
1918 5105 1972 5152 et
2004 5097 2058 5151 in
2099 5096 2289 5152 ancilla
2329 5093 2622 5151 seminatus
2648 5102 2841 5149 eratet
2867 5108 2935 5148 ex
2981 5090 3172 5146 ancilla
3217 5099 3519 5160 susceptus.
3547 5088 3635 5147 Sic
3660 5095 3711 5142 et
3735 5088 3878 5156 apud

571 5183 701 5238 istos
732 5183 984 5240 Ecclesia:
1005 5186 1150 5254 jure,
1179 5186 1319 5255 quod
1344 5197 1428 5242 est
1455 5189 1506 5243 in
1541 5188 1833 5259 Baptismo,
1864 5199 2156 5245 nascuntur
2185 5189 2506 5260 quicumque
2532 5199 2852 5252 nascuntur;
2886 5185 2980 5241 sed
3007 5185 3051 5240 si
3087 5182 3415 5240 concordent
3443 5197 3565 5238 cum
3597 5179 3871 5249 fratribus,

573 5289 670 5346 per
699 5275 952 5334 unitatem
976 5279 1143 5348 pacis,
1175 5279 1395 5335 veniunt
1423 5279 1489 5335 ad
1521 5288 1718 5338 terram
1762 5282 2162 5353 promissionis;
2213 5296 2319 5338 non
2363 5282 2430 5339 de
2473 5293 2717 5337 materno
2763 5290 2918 5336 utero
2947 5292 3135 5334 rursus
3163 5275 3441 5349 ejiciendi,
3483 5275 3579 5332 sed
3611 5275 3664 5330 in
3699 5286 3882 5345 pater-

571 5381 642 5423 no
687 5368 897 5424 semine
944 5371 1301 5441 agnoscendi:
1347 5373 1392 5427 si
1432 5371 1608 5429 autem
1638 5374 1690 5429 in
1739 5375 2004 5432 discordia
2045 5385 2414 5446 perseverent,
2439 5374 2505 5430 ad
2534 5373 2775 5430 lsmaelis
2803 5371 3095 5428 funiculum
3125 5371 3488 5444 pertinebunt.
3526 5389 3544 5422 ›
3597 5369 3873 5424 Immerito

571 5474 701 5530 ergo
729 5460 1025 5529 Cyprianus
1050 5475 1104 5519 et
1133 5463 1478 5522 Firmilianus
1504 5467 1884 5524 existimarunt
1931 5469 2263 5541 Stephanum
2319 5468 2510 5524 Interesi
2554 5468 2715 5524 veluti
2761 5482 2976 5537 sponsae
3007 5465 3150 5522 filios
3192 5465 3505 5533 attribuere,
3536 5479 3658 5520 cum
3697 5462 3878 5519 htere-

567 5552 668 5606 sim
716 5551 878 5607 veluti
927 5554 1177 5610 ancillam
1231 5573 1417 5628 parere
1471 5558 1686 5627 dixerit,
1748 5570 1807 5617 ut
1829 5577 1963 5633 quos
1995 5563 2106 5633 ipsa
2163 5561 2390 5633 peperit,
2429 5559 2482 5614 hi
2529 5560 2916 5628 ab'Eccl‘csia,
2969 5575 3092 5632 qua:
3138 5559 3251 5614 sola
3305 5555 3402 5615 est'
3443 5572 3662 5628 sponsa,
3715 5559 3884 5613 susci-

570 5648 804 5716 piantur.
835 5647 952 5706 Non
977 5651 1204 5708 absimili
1237 5656 1500 5712 sententia
1539 5656 1751 5714 videtur
1781 5665 2119 5729 peccatorum
2151 5657 2524 5714 remissionem
2553 5656 2604 5712 in
2620 5656 2884 5728 baptismo
2912 5656 3288 5712 lueretieorum
3313 5654 3618 5726 agnovisse.
3673 5651 3876 5722 Quem-

566 5738 851 5796 admodum
899 5744 1040 5798 euim
1085 5745 1350 5816 ejusmodi
1399 5749 1698 5821 baptismus
1752 5751 1889 5807 hanc
1933 5752 2042 5806 vim
2083 5749 2265 5816 habet,
2317 5759 2374 5804 ut
2417 5765 2552 5822 quos
2601 5752 2810 5822 peperit
2868 5751 3061 5807 ancilla
3115 5749 3184 5804 ad
3240 5763 3494 5820 sponsam
3529 5747 3833 5819 pertineant
3862 5790 3878 5816 ,

573 5846 695 5888 cum
740 5835 808 5892 ab
833 5836 1068 5896 Eetlesia
1103 5842 1494 5914 suscipiuntur;
1527 5845 1623 5912 sic,
1667 5848 1910 5918 quamvis
1943 5857 2162 5919 peccata
2214 5863 2320 5906 non
2349 5847 2583 5908 dimittat
2609 5851 2659 5910 in
2691 5850 2882 5913 haeresi
2914 5851 3274 5920 manentibus,
3305 5849 3358 5914 id
3415 5859 3594 5914 tamen
3621 5848 3782 5915 valet.
3833 5855 3892 5904 ut
