4172 6264
276 297 351 352 53
1782 296 2166 356 ΡΒᾸΞΕΑΤΙΟ.
3543 294 3612 352 ’54

280 409 652 468 redeuntibus
700 409 764 465 ad
812 408 1115 467 Ecclesiam
1186 411 1544 467 dimittantur.
1594 410 1648 466 ω
1677 411 1891 482 egregie
1934 409 2260 483 Augustinus
2285 409 2514 482 explicat
2536 408 2587 466 in
2619 409 2754 468 libro
2779 408 2801 464 ι
2827 408 2890 466 de
2912 409 3205 482 Baptisma:
3261 406 3609 481 «Intelligant

285 505 628 576 (Donatista:
654 505 696 574 ),
727 503 898 576 inquit
926 504 1005 576 (n.
1037 504 1153 574 l8),
1205 505 1258 559 in
1290 503 1758 560 eonnnunionihus
1807 507 1876 561 ah
1904 505 2142 561 Ecclesia
2173 505 2434 576 separatis
2483 519 2638 576 posse
2678 505 2923 562 homines
2954 506 3232 578 baptizari,
3269 507 3356 561 ubi
3401 505 3599 562 Christi

285 598 604 668 Baptismus
635 597 824 653 eadem
858 598 1179 653 sacramenti
1223 597 1585 654 celebratione
1615 597 1770 653 datur
1794 608 1849 652 et
1889 598 2118 652 sumitur
2157 597 2289 668 :qui
2316 605 2491 652 tamen
2533 606 2659 654 tunc
2700 600 2866 670 prosit
2889 599 2954 654 ad
2997 599 3370 655 remissionem
3409 615 3599 670 pecca-

290 699 496 757 torum,
558 705 681 745 cum
709 691 829 760 quis
880 689 1258 746 reconciliatus
1307 689 1495 744 unitati
1546 689 1826 762 sacrilegio
1854 689 2205 746 dissensionis
2232 689 2468 757 exuitur,
2509 705 2619 760 quo
2669 689 2789 760 ejus
2813 699 3031 759 peccata
3065 689 3385 746 tenebantur
3413 699 3469 745 et
3511 689 3599 746 di-
3649 711 3658 720 ·

286 784 428 838 mitti
461 799 572 838 non
600 783 933 838 sinebantur.
966 801 985 835 ι
1037 784 1240 839 Auctor
1279 797 1580 856 anonymus
1617 782 1735 838 libri
1782 783 1844 838 de
1889 782 2272 854 Rebaptismate
2316 782 2446 837 nihil
2475 783 2592 839 fere
2616 781 2764 838 aliud
2809 783 3020 853 probat,
3065 781 3165 838 nisi
3216 781 3357 837 hanc
3385 781 3595 854 Baptis-

286 877 362 932 mi
420 876 557 932 foris
610 877 816 948 accepti
848 875 1130 932 utilitatem
1181 875 1246 930 ad
1276 876 1647 932 remissionem
1675 885 2016 946 peccatorum
2046 876 2100 931 in
2139 874 2378 932 Ecclesia
2404 875 2861 948 consequendam.
2909 875 3109 932 Statuit
3139 892 3192 948 p.
3233 877 3361 944 357,
3401 894 3418 928 ι
3443 877 3600 932 invo-

285 969 564 1025 cationem
609 969 754 1023 illam
799 968 1079 1039 pristinam
1110 968 1344 1025 nominis
1372 967 1520 1036 Jesu,
1573 968 1716 1024 nuda
1746 977 1800 1023 et
1826 968 2112 1041 singularis
2140 970 2183 1024 si
2215 970 2265 1024 in
2295 984 2482 1026 errore
2510 971 2580 1026 sit
2607 971 2920 1036 constituta,
2963 986 3068 1026 non
3123 985 3283 1040 posse
3329 969 3393 1026 ad
3447 970 3595 1026 salu-

287 1074 399 1120 tem
447 1063 812 1136 praestandam
836 1061 1119 1128 sufﬁcere;
1171 1077 1240 1118 ne
1281 1061 1384 1118 hac
1427 1062 1656 1129 ratione,
1717 1061 1909 1132 inquit,
1963 1063 2126 1118 etiam
2180 1061 2424 1119 ethnicos
2479 1072 2534 1118 et
2582 1062 2868 1120 haereticos
2911 1063 3195 1120 abutentes
3231 1080 3428 1120 nomen
3471 1063 3600 1119 Jesu

285 1157 583 1213 credamus
611 1157 678 1212 ad
721 1157 953 1213 salutem
995 1158 1114 1212 sine
1153 1171 1282 1212 vera
1330 1171 1389 1212 re
1435 1166 1596 1228 atque
1635 1157 1841 1228 integra
1889 1171 2051 1227 posse
2101 1157 2405 1229 pervenire.
2457 1159 2631 1226 Quam
2683 1168 2864 1215 tamen
2917 1159 3316 1215 invocationem
3377 1158 3614 1215 nominis

285 1249 418 1305 Jesu
441 1249 784 1305 correctione
812 1249 1013 1304 erroris
1037 1258 1094 1304 et
1129 1248 1401 1320 agnitione
1425 1247 1550 1304 ﬁdei
1580 1247 1844 1316 veritatis,
1889 1257 1945 1303 ct
1971 1248 2211 1305 abscissa
2239 1249 2388 1305 omni
2413 1249 2534 1307 labe
2563 1251 2850 1322 prmtcrita:
2874 1253 3320 1319 conversationis,
3352 1252 3614 1325 mysterio

285 1343 386 1400 Dei
415 1343 564 1399 circa
593 1341 862 1412 ejusmodi
908 1340 1160 1397 homines
1207 1341 1310 1396 rite
1335 1350 1734 1412 perpetratam,
1765 1340 1944 1396 locum
1975 1355 2132 1411 quem
2167 1341 2414 1397 habitura
2447 1357 2554 1398 non
2577 1354 2694 1400 erat
2736 1344 3004 1413 obtinere,
3037 1357 3092 1402 et
3120 1355 3397 1417 postremo
3427 1345 3480 1400 in
3506 1343 3614 1404 ﬁde

289 1446 441 1495 recta
473 1445 533 1492 et
567 1434 636 1491 ad
665 1435 1024 1507 integritatem
1065 1435 1202 1506 signi
1232 1435 1589 1505 pratstandam
1628 1449 1734 1491 non
1783 1435 1996 1502 obesse,
2045 1435 2422 1507 supplemento
2451 1439 2570 1508 ejus
2617 1437 2760 1509 quod
2789 1438 2976 1495 deerat
3014 1439 3324 1508 accedente,
3357 1455 3616 1512 perquam

300 1530 438 1585 utile
474 1537 564 1584 est
601 1525 845 1583 credere.
874 1545 893 1579 ι
942 1525 1202 1582 Videntur
1234 1541 1363 1599 ergo
1391 1525 1695 1597 Cyprianus
1740 1535 1794 1583 et
1834 1525 2202 1594 Firmilianus,
2257 1543 2384 1585 eum
2411 1529 2844 1586 adversariorum
2876 1533 3199 1589 sententiam
3241 1550 3350 1590 non
3381 1548 3447 1590 ex
3473 1535 3617 1606 paci-

297 1623 420 1679 ficis
448 1620 741 1692 colloquiis
775 1633 839 1676 ac
862 1617 1333 1690 diSputationibus,
1364 1618 1460 1674 sed
1509 1634 1576 1673 ex
1615 1618 1829 1688 scriptis
1871 1627 2074 1674 tantum
2106 1621 2274 1691 iisque
2326 1621 2483 1676 valde
2519 1621 2761 1678 obscuris
2787 1625 3055 1695 cognitam
3103 1623 3388 1691 haberent,
3432 1627 3616 1684 minus

304 1715 643 1772 intellexisse
688 1711 818 1783 quid
865 1711 956 1769 isti
1003 1711 1301 1780 sentirent,
1343 1722 1398 1768 et
1437 1710 1730 1768 credidisse
1779 1710 1938 1768 ﬁdem
1994 1712 2118 1768 illos
2161 1722 2218 1768 et
2260 1715 2465 1784 peccati
2515 1713 2885 1772 dimissionem
2927 1718 2980 1772 in
3009 1718 3278 1774 luereticis
3323 1719 3393 1775 ab
3427 1719 3622 1777 hmresi

305 1828 417 1868 non
465 1808 869 1866 discedentibus
920 1807 1225 1874 admittere,
1281 1806 1526 1877 quamvis
1583 1805 1651 1862 de
1693 1804 1799 1862 ﬁde
1848 1806 2021 1862 errori
2074 1807 2398 1886 succedente
2444 1808 2832 1880 loquerentur,
2874 1825 2939 1866 ac
2987 1822 3270 1883 peccatum
3320 1813 3391 1869 ita
3421 1813 3617 1873 dimitti

312 1906 582 1968 dicerent,
636 1912 694 1960 ut
739 1903 870 1961 hmo.
897 1902 1162 1958 dimissio'
1195 1911 1320 1956 tunc
1368 1900 1542 1956 valeat
1592 1914 1712 1956 cum
1755 1899 1822 1955 ab
1862 1898 2054 1956 hatresi
2103 1901 2421 1957 disceditur.

377 1999 535 2056 Nunc
558 2000 696 2055 alius
721 2014 875 2055 error
915 2015 945 2053 a
989 2007 1175 2053 sancto
1216 1995 1466 2067 pontiﬁce
1517 1994 1937 2067 propulsandus,
1980 1996 2066 2050 cui
2113 1995 2406 2053 verisimile
2451 2011 2558 2053 nou
2618 2007 2701 2054 est
2735 1999 3062 2071 Baptismum
3110 1998 3162 2056 in
3215 1998 3384 2057 solius
3426 1997 3625 2058 Christi

291 2094 523 2151 nomine
557 2092 843 2163 probatum
891 2091 1058 2147 fuisse
1103 2091 1200 2145 :1”
1247 2089 1521 2144 hnmerito
1563 2089 1614 2143 in
1663 2087 1936 2159 Stephano
1996 2088 2222 2159 ejusque
2269 2087 2433 2143 sociis
2475 2089 2869 2160 vituperaretur
2896 2092 3160 2162 ejusmodi
3193 2093 3441 2163 loquendi
3480 2092 3617 2148 ratio

291 2203 422 2260 qua}.
474 2196 531 2242 et
557 2185 849 2256 Scriptura:
893 2184 1210 2240 auctoritate
1260 2191 1315 2239 et
1355 2179 1707 2238 ecclesiastici
1775 2180 2046 2237 sermonis
2099 2197 2202 2236 usu
2257 2182 2466 2236 ﬁrmata
2510 2191 2612 2248 est,
2670 2192 2728 2238 ut
2771 2182 3109 2241 demonstrat
3158 2185 3321 2241 modo
3375 2185 3626 2242 laudatus

303 2282 490 2338 editor
532 2278 702 2350 Epist.
751 2295 938 2334 summ.
991 2276 1152 2332 Pent.
1205 2275 1263 2330 2°
1312 2274 1463 2342 Quod
1507 2283 1713 2346 spectat
1755 2273 1822 2329 ad
1851 2273 2202 2345 Stephanum,
2260 2289 2368 2329 non
2411 2290 2533 2330 eum
2587 2275 2776 2332 hacin
2823 2292 2882 2333 re
2909 2279 3111 2334 erroris
3155 2288 3372 2334 accusat
3406 2279 3628 2351 Cypria-

297 2391 426 2443 nus,
478 2374 722 2445 quamvis
750 2373 917 2443 prima
959 2373 1140 2442 specie
1191 2383 1445 2427 accusare
1472 2369 1732 2425 rideatur.
1795 2388 1815 2422 ι
1844 2367 1958 2424 Νοη
1986 2378 2070 2425 est
2118 2379 2300 2426 autem
2366 2369 2510 2440 quod
2576 2369 2790 2441 aliquis,
2829 2389 2848 2424 ι
2895 2371 3065 2442 inquit
3114 2371 3166 2426 in
3218 2370 3386 2443 Epist.
3438 2388 3624 2437 Lxxm.

320 2489 342 2522 ι
381 2469 452 2524 ad
494 2466 1016 2524 circumveniendam
1068 2465 1414 2521 christianam
1465 2465 1743 2520 veritatem
1781 2463 1981 2519 Christi
2021 2478 2218 2520 nomen
2259 2474 2512 2534 opponat,
2563 2473 2621 2520 ut
2660 2466 2802 2522 dicat
2838 2483 2852 2520 :
2882 2464 2939 2520 In
2988 2467 3203 2522 nomine
3251 2466 3376 2523 Jesu
3422 2465 3603 2523 Christ

293 2565 624 2633 ubicumque
673 2569 756 2617 est
806 2557 1308 2632 quomodocumque
1366 2558 1613 2628 baptizati
1664 2557 1886 2629 gratiam
1915 2555 2170 2628 Baptismi
2220 2566 2344 2612 sunt
2373 2558 2665 2613 consecuti.
2703 2576 2720 2609 ι
2761 2558 2827 2613 Et
2879 2557 3034 2629 paulo
3086 2567 3207 2629 post
3247 2575 3261 2616 :
3296 2577 3314 2611 ι
3345 2559 3627 2628 Quomodo

294 2675 426 2731 ergo
461 2657 677 2730 quidam
721 2656 904 2712 dicunt
954 2655 1085 2711 foris
1131 2663 1279 2710 extra
1329 2652 1623 2708 Ecclesium
1654 2653 1820 2708 immo
1856 2663 2116 2710 etcontra
2151 2651 2466 2720 Ecclesiam,
2519 2653 2681 2709 modo
2727 2654 2779 2708 in
2833 2656 3050 2710 nomine
3089 2654 3215 2711 Jesu
3264 2654 3459 2712 Christi
3511 2655 3632 2712 ubi-

299 2766 536 2822 cumque
584 2759 638 2805 et
684 2746 1188 2820 quomodocumque
1231 2745 1552 2817 baptizatum
1603 2745 1857 2816 gentilcm
1906 2745 2278 2802 remissionem
2336 2753 2676 2816 peccatorum
2731 2747 2988 2817 consequi
3019 2763 3220 2818 posse,
3276 2748 3488 2819 quando
3516 2749 3629 2820 ipse

298 2843 548 2902 Christus
586 2843 789 2900 Gentes
827 2842 1082 2914 baptizari
1143 2840 1330 2912 juhcat
1358 2842 1407 2894 in
1453 2840 1606 2910 plena
1638 2850 1691 2896 et
1730 2838 1958 2894 adnnata
2010 2837 2304 2894 Trinitate?
2339 2857 2358 2893 ι
2411 2838 2558 2908 Sed,
2589 2848 2642 2894 ut
2663 2839 2781 2896 haec
2809 2840 3200 2912 intelligantur,
3235 2840 3628 2898 observandum

298 2947 384 2993 est
428 2937 753 3010 Cyprianum
785 2936 887 2992 hoc
917 2937 1038 2991 loco
1086 2949 1191 2990 non
1221 2935 1270 2989 id
1301 2934 1352 2988 in
1382 2933 1700 2988 adversariis
1727 2933 1964 3002 culpare,
2019 2933 2162 3004 quod
2210 2933 2370 2988 trium
2414 2933 2770 2990 Personarum
2813 2917 3042 3006 aliquam
3073 2937 3124 2990 in
3171 2935 3446 3005 Baptismo
3473 2936 3631 2991 omit-

307 3031 344 3084 ti
396 3046 560 3101 posse
609 3030 872 3097 dicerent,
923 3028 1016 3084 sed
1063 3027 1204 3100 quod
1245 3028 1404 3084 ﬁdem
1453 3028 1503 3082 in
1563 3037 1670 3083 tres
1715 3027 1981 3084 Personas
2013 3028 2370 3084 necessariam
2420 3039 2701 3101 negarent.
2746 3030 2902 3095 Nam,
2947 3046 3068 3086 cum
3091 3031 3415 3088 Marcionita:
3460 3042 3511 3088 et
3540 3021 3630 3087 alii

308 3122 594 3193 ejusmodi
626 3123 861 3178 hreretici
909 3121 1208 3178 horrendas
1265 3121 1626 3191 blasphemias
1663 3121 1715 3176 in
1763 3120 1978 3177 Patrem
2031 3131 2349 3178 cvomcrent
2375 3165 2390 3190 ,
2431 3124 2713 3179 contendit
2737 3124 3040 3196 Cyprianus
3071 3125 3202 3181 nihil
3234 3127 3342 3182 illis
3373 3125 3631 3196 prodesse

301 3233 504 3272 nomen
568 3216 791 3284 Christi,
822 3216 944 3288 quia
979 3234 999 3268 ι
1020 3217 1137 3272 sine
1181 3215 1341 3271 Patre
1386 3225 1479 3270 aut
1530 3225 1715 3271 contra
1745 3215 1958 3272 Patrem
1988 3215 2245 3286 prodesse
2274 3216 2521 3288 cuiquam
2567 3218 2713 3274 solus
2735 3218 2900 3274 Filius
2932 3234 3034 3274 non
3067 3229 3261 3291 potest.
3310 3219 3623 3290 Quomodo,

304 3309 505 3382 inquit,
558 3327 664 3366 non
712 3311 946 3382 cognito,
967 3309 1135 3365 immo
1163 3317 1218 3365 et
1246 3308 1621 3380 hlasphemato
1667 3309 1780 3364 Deo
1820 3309 1997 3375 Patre,
2048 3308 2138 3380 qui
2183 3308 2323 3380 apud
2354 3311 2638 3368 ltwrcticos
2666 3310 2865 3367 Christi
2894 3312 3111 3369 nomine
3159 3313 3410 3384 baptizati
3440 3313 3630 3370 dicun-

306 3416 413 3474 tur,
475 3415 816 3477 peccatorum
846 3403 1128 3460 remissam
1177 3403 1448 3458 consecuti
1491 3401 1838 3472 judicantur?
1876 3422 1894 3454 ι
1931 3401 2126 3472 Rejicit
2146 3417 2276 3475 ergo
2321 3402 2620 3476 Cyprianus
2657 3404 3022 3476 baptismaab
3053 3405 3318 3464 haereticis
3349 3408 3405 3462 in
3435 3405 3632 3481 Christi

306 3503 526 3559 nomine
570 3501 775 3567 datum,
831 3515 938 3554 non
968 3499 1037 3554 oh
1086 3498 1259 3553 Patris
1307 3497 1840 3568 prmtermissionem,
1891 3511 2012 3568 quae
2039 3512 2127 3554 res
2166 3497 2220 3553 in
2271 3499 2706 3555 controversiam
2753 3513 2861 3555 non
2912 3499 3180 3569 veniebat,
3230 3500 3326 3556 sed
3371 3505 3440 3557 ob
3487 3501 3633 3558 blas—

307 3595 558 3667 phontias
597 3595 652 3648 in
698 3593 933 3649 Patrem.
978 3592 1113 3648 llinc
1158 3590 1286 3646 illud
1335 3591 1473 3646 idem
1507 3591 1772 3662 baptisma
1804 3590 2013 3662 probat,
2064 3589 2110 3646 si
2154 3590 2208 3646 in
2252 3590 2448 3647 Christi
2479 3590 2705 3648 veritate
2735 3591 3143 3649 administretur
3177 3611 3189 3648 :
3227 3610 3244 3644 ι
3273 3592 3426 3650 Unde
3464 3609 3632 3664 appa-

309 3699 414 3754 ret,
443 3689 636 3760 inquit,
676 3702 785 3744 non
829 3702 893 3744 ea
944 3691 1122 3742 statim
1155 3684 1493 3756 suscipienda
1540 3693 1595 3740 et
1645 3683 1966 3740 assumenda
2003 3698 2122 3754 quas
2147 3683 2417 3754 jactantur
2463 3685 2517 3739 in
2567 3683 2785 3740 nomine
2813 3683 3038 3750 Christi,
3086 3685 3182 3741 sed
3225 3701 3346 3755 qua:
3377 3695 3635 3757 geruntur

310 3781 365 3837 in
406 3780 607 3836 Christi
659 3781 902 3836 veritate.
938 3799 956 3832 ι
1015 3779 1156 3836 idem
1201 3794 1332 3850 ergo
1361 3788 1444 3834 est
1495 3779 1765 3848 Baptisma
1815 3778 1869 3832 in
1895 3776 2096 3833 Christi
2143 3777 2384 3844 nomine,
2421 3793 2486 3835 ac
2532 3777 2803 3848 Baptisma
2833 3793 2864 3832 a
2894 3778 3114 3834 Christo
3143 3779 3462 3834 institutum.
3505 3778 3634 3834 Fir-

312 3875 566 3931 milianus
603 3873 694 3945 qui
736 3873 876 3930 hanc
919 3873 1171 3944 Cypriani
1202 3871 1484 3944 epistolam
1533 3871 1754 3943 legerat,
1808 3879 1971 3941 atque
2021 3869 2165 3926 hunc
2193 3869 2370 3924 locum
2413 3869 2502 3940 qui
2543 3884 2685 3925 nunc
2732 3869 3063 3926 inmanibus
3091 3878 3192 3936 est,
3256 3877 3315 3924 ut
3376 3870 3633 3940 pleraque

316 3967 444 4033 alia,
490 3965 954 4022 observationibus
995 3965 1108 4020 suis
1157 3965 1476 4032 conﬁrmat,
1533 3963 1806 4035 Baptisma
1852 3963 1905 4018 in
1959 3961 2156 4018 Christi
2197 3962 2416 4018 nomine
2447 3961 2566 4018 dari
2622 3962 2912 4030 existimat,
2946 3978 3068 4020 cum
3100 3964 3150 4018 iu
3212 3964 3433 4020 nomine
3467 3965 3631 4021 trium

314 4062 675 4118 Personarum
725 4059 903 4127 datur,
949 4073 1126 4130 neque
1173 4058 1224 4112 in
1268 4057 1592 4114 adversariis
1659 4057 1841 4128 culpat
1879 4055 2026 4126 quod
2073 4055 2343 4126 Baptisma
2390 4055 2445 4111 in
2495 4054 2700 4112 Christi
2729 4055 2894 4112 solius
2925 4057 3142 4112 nomine
3171 4064 3344 4113 ratum
3375 4055 3629 4128 habeant,

313 4155 410 4213 sed
452 4153 633 4224 «quod
680 4167 788 4209 non
837 4161 1023 4222 putant
1067 4152 1419 4224 quaerendum
1467 4167 1587 4208 esse
1639 4152 1758 4224 quis
1815 4150 1884 4206 sit
1913 4149 1998 4207 ille
2035 4150 2124 4221 qui
2152 4149 2527 4220 baptizaverit,
2559 4165 2626 4206 eo
2665 4151 2920 4222 quodqui
2950 4152 3247 4223 baptizatus
3275 4152 3366 4222 sit,
3407 4154 3633 4225 gratiam

314 4249 571 4318 consequi
621 4249 854 4318 potuerit
893 4248 1138 4303 invocata
1186 4247 1424 4303 trinitate
1467 4245 1744 4301 nominum
1793 4244 1967 4299 Patris
2008 4251 2063 4298 et
2114 4243 2234 4298 Filii
2263 4253 2317 4300 et
2368 4244 2596 4315 Spiritus
2623 4245 2817 4314 sancti,
2855 4245 3009 4318 quasi
3055 4244 3319 4305 invocatio
3347 4247 3464 4306 haec
3492 4248 3634 4307 nuda

314 4339 592 4395 nominum
620 4340 850 4396 sufﬁciat
898 4339 966 4395 ad
1002 4339 1378 4395 remissionem
1435 4343 1780 4409 peccatorum
1810 4345 1886 4404 jet
1926 4334 2186 4405 Baptismi
2234 4335 2736 4394 sanctiﬁcationem.
2760 4356 2778 4390 ι

387 4433 686 4501 Quinetiam
718 4447 826 4489 non
856 4433 1016 4488 modo
1044 4432 1369 4503 Stephanus,
1403 4430 1499 4488 sed
1518 4430 1714 4501 neipse
1731 4428 1947 4500 quidem
1976 4437 2166 4485 auctor
2194 4445 2496 4502 anonymus
2540 4431 2660 4487 libri
2687 4432 2752 4487 de
2773 4431 3174 4506 Rebaptismate,
3193 4435 3282 4507 qui
3309 4435 3636 4508 Cyprianum

315 4527 620 4584 vehementi
651 4537 806 4585 aceto
835 4527 1097 4600 perfudit,
1132 4527 1403 4598 Baptisma
1435 4526 1485 4581 in
1525 4526 1642 4581 solo
1669 4523 1870 4581 Christi
1901 4528 2118 4580 nomine
2147 4524 2362 4580 videtur
2393 4526 2682 4596 probasse;
2730 4525 2834 4583 hoc
2861 4537 3038 4584 tamen
3063 4544 3254 4584 errore
3281 4527 3430 4583 illum
3473 4528 3633 4585 Tille-

317 4620 558 4675 montius
601 4619 875 4676 laborasse
899 4616 1205 4684 contendit,
1247 4618 1341 4674 sed
1383 4631 1602 4689 prorsus
1641 4617 1928 4672 immerito.
1955 4617 2005 4672 Is
2041 4617 2184 4684 enim
2213 4617 2484 4686 Baptisma
2515 4618 2566 4673 in
2596 4617 2796 4674 Christi
2827 4620 3045 4676 nomine
3070 4621 3452 4690 interpretatur
3481 4622 3634 4692 illud,

324 4712 468 4785 quod
496 4728 564 4770 ex
595 4712 766 4769 forma
795 4729 824 4767 a
851 4712 1064 4769 Christo
1094 4712 1404 4784 praescripta
1433 4711 1728 4768 confertur.
1758 4710 1934 4766 Locus
1960 4709 2074 4780 ipse
2100 4725 2258 4781 quem
2287 4709 2472 4781 objicit
2499 4709 2874 4767 Tillemontius
2899 4727 3014 4768 rem
3041 4723 3227 4782 aperte
3257 4713 3592 4772 demonstrat
3618 4733 3634 4773 :

332 4825 354 4859 σ
381 4805 600 4861 Multum
629 4806 852 4862 interest
885 4825 929 4875 ι,
959 4806 1132 4876 inquit
1155 4819 1456 4876 auonymus
1483 4805 1715 4874 scriptor
1741 4818 1864 4875 pag.
1891 4801 1995 4858 558
2020 4844 2035 4870 ,
2068 4820 2088 4855 ι
2127 4813 2307 4858 utrum
2338 4803 2390 4858 in
2422 4811 2596 4858 totum
2625 4802 2746 4875 quis
2771 4817 2879 4859 non
2911 4805 2980 4861 sit
3007 4805 3306 4877 baptizatus
3334 4807 3386 4863 in
3414 4811 3630 4867 nomine

331 4898 542 4955 Domini
573 4900 741 4956 nostri
769 4899 894 4955 Jesu
919 4898 1141 4966 Christi,
1174 4913 1241 4954 an
1272 4914 1401 4954 vero
1439 4898 1490 4953 in
1531 4897 1708 4968 aliquo
1745 4895 2010 4952 claudicet
2047 4909 2168 4951 cum
2207 4896 2504 4966 baptizatur
2550 4894 2872 4966 baptismate
2909 4911 3082 4969 aqua’,
3124 4899 3265 4969 quod
3305 4899 3480 4957 minus
3519 4910 3634 4971 est,

333 4992 627 5051 dummodo
654 5001 838 5064 postea
866 5002 1077 5050 constet
1114 4993 1166 5047 in
1206 4992 1435 5049 veritate
1475 4991 1687 5048 sincera
1728 4990 1860 5045 fides
1889 4990 1942 5044 in
1972 4989 2290 5061 baptismate
2329 4990 2586 5061 spiritus,
2615 4989 2759 5062 quod
2785 5006 2892 5047 non
2943 4990 3106 5048 dubie
3152 4996 3328 5064 majus
3375 5005 3478 5054 est.
3527 4996 3639 5052 Nec

333 5086 564 5142 mstimes
593 5085 719 5142 huic
745 5085 990 5141 tractatui
1013 5083 1342 5141 contrarium
1367 5097 1490 5139 esse
1518 5082 1661 5155 quod
1699 5081 1838 5138 dixit
1878 5081 2172 5138 Dominus:
2201 5081 2302 5148 Ite,
2334 5084 2507 5138 docete
2534 5093 2728 5156 gentes,
2760 5084 2973 5156 tinguite
3000 5101 3083 5140 eos
3123 5086 3175 5140 in
3224 5088 3426 5142 nomine
3456 5087 3634 5145 Putris

340 5190 385 5234 et
412 5178 535 5235 Filii
566 5191 612 5236 et
645 5181 875 5251 Spiritus
900 5181 1062 5236 sancti
1078 5195 1098 5245 ;
1124 5179 1268 5250 quia,
1299 5194 1421 5236 cum
1449 5178 1551 5234 hoc
1573 5193 1757 5234 verum
1789 5185 1846 5233 et
1871 5185 2075 5234 rectum
2100 5186 2154 5232 et
2174 5177 2424 5234 omnibus
2463 5177 2638 5234 modis
2673 5177 2729 5233 in
2753 5177 2990 5235 Ecclesia
3028 5178 3420 5236 observandum
3458 5181 3546 5251 sit,
3586 5189 3641 5239 et

331 5272 595 5328 observari
617 5288 832 5344 quoque
858 5271 1071 5328 solitum
1101 5271 1201 5340 sit,
1235 5280 1413 5327 tamen
1442 5268 1787 5326 considerare
1833 5277 2047 5339 oportet
2095 5268 2242 5340 quod
2285 5268 2554 5325 invocatio
2606 5268 2838 5325 nominis
2881 5269 3010 5326 Jesu
3075 5286 3180 5325 non
3220 5269 3385 5328 debet
3411 5288 3442 5329 a
3482 5275 3640 5331 nobis

335 5363 501 5422 futilis
522 5365 694 5423 videri
728 5376 946 5436 propter
969 5365 1364 5422 venerationem
1393 5373 1447 5446 et
1468 5364 1722 5420 virtutem
1753 5361 1920 5433 ipsius
1947 5362 2178 5417 nominis
2199 5403 2214 5427 ,
2272 5361 2324 5416 in
2370 5378 2478 5434 quo
2516 5361 2730 5419 nomine
2756 5363 2983 5418 virtutes
3011 5377 3202 5420 omnes
3231 5365 3411 5422 solent
3441 5368 3557 5426 ﬁeri
3586 5379 3642 5426 et

347 5473 745 5531 nonnumquam
780 5462 940 5514 etiam
970 5457 1161 5527 aliqua:
1186 5457 1254 5512 ab
1284 5455 1592 5512 hominibus
1619 5453 1908 5511 extraneis.
1937 5470 1957 5504 ι
1994 5452 2072 5507 Ex
2090 5452 2281 5522 quibus
2306 5451 2578 5508 concludit
2603 5451 2975 5509 Tillemontius
3004 5453 3146 5511 hunc
3167 5457 3507 5529 scriptorem,
3535 5460 3640 5518 etsi

333 5548 534 5610 fatetur
560 5564 669 5610 tres
700 5567 957 5624 personas
985 5552 1245 5608 nominari
1272 5553 1452 5608 solere
1482 5549 1534 5605 in
1567 5547 1828 5615 Ecclesia,
1863 5561 1969 5603 non
2009 5556 2186 5600 tamen
2217 5545 2427 5602 irritum
2469 5545 2796 5617 baptismum
2825 5555 3048 5618 putare,
3077 5548 3121 5603 si
3151 5549 3204 5604 iu
3235 5550 3353 5606 solo
3376 5550 3504 5607 .lesu
3537 5567 3639 5609 no.

345 5647 488 5703 mine
513 5648 833 5703 conferatur.
864 5646 971 5702 Sed
1001 5655 1184 5703 uoster
1210 5644 1299 5702 ille
1323 5645 1554 5716 scriptor
1579 5657 1684 5700 non
1716 5642 1768 5698 id
1799 5641 1899 5698 sibi
1927 5639 2110 5710 objicit
2133 5655 2196 5696 ex
2227 5639 2422 5697 Christi
2447 5640 2624 5696 verbis
2649 5659 2662 5695 :
2691 5639 2760 5696 In
2785 5649 2988 5699 nomine
3014 5643 3191 5699 Patris
3212 5655 3260 5700 et
3288 5643 3416 5700 Filii
3445 5655 3492 5702 et
3513 5647 3640 5720 Spi-

343 5739 470 5795 ritus
495 5740 690 5806 sancti;
724 5739 818 5797 sed
845 5739 997 5809 illud,
1037 5737 1224 5795 Docete
1252 5751 1421 5812 gentes
1446 5755 1466 5794 :
1493 5752 1666 5810 neque
1701 5734 1828 5792 illud
1858 5732 2096 5790 defendit
2124 5733 2385 5804 baptisma
2423 5732 2508 5789 cui
2547 5732 2686 5789 desit
2725 5734 2885 5790 trium
2939 5735 3294 5794 Personarum
3325 5739 3635 5817 appellatio,

332 5830 431 5890 sed
457 5831 545 5889 cui
571 5831 711 5890 desit
743 5849 761 5884 ι
795 5831 1006 5890 sincera
1041 5830 1200 5902 ﬁdes,
1236 5849 1256 5885 ›
1283 5829 1506 5903 etquod
1535 5829 1610 5886 ait
1638 5869 1652 5899 ,
1696 5845 1715 5882 ι
1762 5828 1819 5884 1η
1859 5824 2099 5884 Ecclesia
2136 5822 2529 5884 observandum
2557 5833 2614 5886 et
2638 5824 2913 5886 observari
2954 5828 3193 5900 solitum,
3235 5848 3255 5885 ι
3287 5829 3520 5890 refertur
3567 5831 3638 5895 ad
