4172 6264
557 324 641 391 as
1090 329 1095 333 ’
1478 405 1482 410 ,
1528 342 1533 347 ο
2007 322 2204 395 nam

2235 320 2400 391 tito.
3020 398 3025 402 ,
3809 330 3882 397 3";

563 449 678 508 haec
710 442 871 509 'verba
898 469 911 508 :
944 453 1044 523 Ite,
1070 452 1245 509 docete
1277 456 1469 524 gentes.
1498 440 1637 509 llinc
1662 439 1949 524 Apostuios
1981 448 2278 520 contendit,
2307 458 2428 507 cum
2457 440 2709 522 baptizati
2737 455 2862 506 sunt
2888 442 3199 508 indecorum
3218 456 3393 523 mare,
3424 448 3491 511 de
3515 448 3743 524 Christi,
3776 455 3881 513 im-

570 546 896 603 mortalitate
922 546 1178 615 sensisse,
1209 560 1312 602 nec
1332 546 1501 618 ipsius
1521 554 1747 602 mortem
1776 554 1830 603 et
1861 547 2315 602 resurrectionem
2344 542 2639 600 credidisse
2671 562 2684 598 :
2718 543 2860 601 unde
2899 544 2978 600 sic
3022 545 3295 602 concludit
3332 544 3413 618 (p.
3442 546 3569 620 560)
3597 566 3612 605 :
3643 567 3663 603 ι
3690 548 3879 621 itaque

558 636 701 706 quod
729 636 797 693 ad
823 637 969 707 ipsos
992 635 1286 711 discipulos
1317 638 1573 710 pertinet,
1602 650 1778 708 neque
1806 637 2068 709 integram
2116 646 2289 708 neque
2326 632 2629 707 perfectam
2671 634 2829 697 ﬁdem
2870 634 3125 693 habuisse
3147 679 3162 704 ,
3193 635 3280 694 his
3303 639 3479 696 modis
3507 641 3701 713 quibus
3731 644 3882 698 retu-

542 725 716 787 .li'mus
744 724 1111 796 inveniuntur,
1139 737 1196 785 et
1221 731 1364 800 quod
1391 728 1563 786 multo
1586 729 1799 801 gravius
1824 734 1901 783 est
1919 769 1933 793 ,
1966 727 2106 784 sicut
2126 727 2178 782 in
2206 720 2502 801 Evangelia
2528 736 2645 784 cata
2668 726 2933 784 Joannem
2957 724 3219 799 scriptum
3241 738 3330 787 est
3350 773 3365 799 ,
3398 731 3562 788 etiam
3592 733 3728 789 alios
3746 734 3883 807 bap-

558 814 814 878 tizabant.
854 832 875 875 t
909 821 1031 880 Non
1070 834 1201 897 ergo
1239 824 1415 895 agitur
1442 822 1547 880 hoc
1576 824 1695 880 loco
1725 823 1793 878 de
1821 816 2183 893 appellatione
2234 824 2395 878 trium
2425 820 2808 888 Personarum,
2836 820 2930 877 sed
2955 828 3042 877 res
3070 828 3127 878 ut
3150 830 3297 879 certa
3319 834 3382 878 ac
3403 823 3628 880 minime
3655 833 3883 882 contro-

556 929 712 970 versa
742 910 984 987 ponitur,
1015 930 1117 974 nec
1142 910 1417 989 Baptisma
1446 914 1500 972 in
1527 915 1746 972 nomine
1773 913 1900 972 Jesu
1930 915 2070 987 apud
2102 914 2240 971 hunc
2262 914 2581 986 scriptorem
2609 912 2754 969 aliud
2782 922 2959 981 sonat,
2995 922 3055 970 ut
3081 913 3265 972 videre
3292 922 3381 972 est
3409 928 3477 975 ex
3504 917 3687 975 verbis
3712 919 3881 978 modo

553 1004 760 1070 citatis.
790 1021 854 1067 ac
879 1011 1152 1083 Baptisma
1173 1024 1330 1085 aqua:
1349 1054 1366 1080 ,
1394 1010 1666 1091 Baptisma
1688 1012 1739 1066 in
1766 1010 1980 1066 nomine
2009 1009 2183 1065 Patris
2205 1010 2259 1065 et
2286 1004 2410 1064 Filii
2431 1015 2485 1064 et
2507 1008 2741 1079 Spiritus
2762 1006 2954 1064 sancti.

621 1101 742 1159 Jam
772 1116 904 1160 vero
929 1116 1038 1162 non
1064 1106 1225 1179 longa
1262 1104 1624 1177 disputatione
1652 1114 1787 1175 opus
1812 1104 1891 1159 est
1923 1111 1979 1157 ut
1998 1108 2393 1175 propugnatum
2436 1114 2466 1154 a
2494 1097 2770 1170 Stephano
2802 1104 2937 1171 papa
2969 1098 3275 1156 institutum
3298 1108 3367 1158 ex
3397 1101 3708 1161 traditionis
3744 1112 3880 1177 apo—

549 1196 758 1253 stulicac
783 1195 1027 1257 fontibus
1056 1198 1381 1271 proﬂuxisse
1406 1197 1862 1254 demonstremus.
1896 1193 2126 1267 Vigcbat
2164 1192 2350 1264 utique
2373 1189 2491 1248 ha-c
2517 1189 2883 1256 consuetudo,
2912 1192 3152 1262 exceptis
3181 1192 3291 1248 iiiis
3340 1192 3587 1249 ecclesiis
3616 1206 3751 1266 quas
3784 1203 3881 1268 sy-

545 1284 813 1345 nodorum
839 1291 1058 1348 decreta
1080 1290 1132 1347 in
1158 1291 1317 1347 aliam
1341 1291 1663 1347 sententiam
1693 1288 2050 1345 detorserant.
2078 1282 2292 1344 Nullum
2318 1286 2374 1341 in
2399 1284 2688 1343 Occidente
2705 1283 2987 1357 vestigium
3017 1283 3195 1341 iterati
3222 1285 3478 1358 Baptismi
3507 1295 3873 1359 prteterqnam

539 1382 594 1437 in
618 1382 814 1442 Africa.
842 1376 900 1441 In
950 1380 1171 1443 Oriente
1197 1388 1424 1442 testatur
1467 1380 1732 1441 Eusebius
1786 1374 1948 1452 (Hm.
1980 1379 2019 1437 Ι.
2059 1394 2154 1447 vn,
2187 1394 2236 1437 ο.
2261 1374 2321 1449 2)
2362 1379 2633 1449 antiquam
2686 1376 3128 1434 consuetudinem
3182 1377 3489 1447 invaluisse,
3542 1388 3601 1435 ut
3647 1381 3878 1437 in‘reei-

542 1478 751 1551 picndis
779 1480 1049 1539 htereticis
1074 1480 1207 1539 sola.
1244 1490 1497 1537 manuum
1530 1478 1800 1551 impositio
1825 1491 1947 1534 cum
1983 1474 2383 1547 precationibus
2408 1471 2777 1530 adhiberetur.
2823 1468 3023 1529 Morem
3044 1469 3266 1545 Βεντιῑί
3290 1473 3643 1545 perspicimus
3666 1484 3731 1529 ex
3761 1480 3877 1530 tcS‘

537 1573 774 1630 timoniis
844 1575 1082 1649 Dionysii
1134 1572 1480 1632 Alexandrini
1551 1566 1689 1644 apud
1743 1564 2029 1627 Eusebium
2058 1568 2111 1625 in
2136 1564 2325 1625 eodem
2358 1566 2498 1623 libro
2525 1566 2879 1622 exstantibus.
2933 1564 3167 1625 Minatus
3221 1563 3397 1622 fuerat
3446 1564 3755 1636 Stephanus
3807 1573 3872 1622 se

532 1676 654 1728 cum
678 1664 1042 1737 Cappadocia,
1069 1665 1253 1723 Cilicia
1276 1707 1292 1733 ,
1342 1663 1553 1721 Galatia
1584 1670 1635 1719 et
1674 1658 1916 1718 ﬁnitimis
1945 1659 2254 1733 regionibus
2294 1666 2400 1715 nun
2425 1656 2979 1717 communicaturum:
3012 1660 3068 1709 at
3089 1654 3251 1711 nulla;
3276 1664 3501 1731 prorsus
3521 1656 3593 1713 de
3629 1656 3869 1730 Egyptu

531 1758 797 1826 querelay;
840 1754 1128 1830 quinetiam
1159 1756 1445 1831 Dionysius
1467 1750 1883 1821 Alexandrinus,
1912 1762 2109 1826 magno
2131 1744 2389 1808 Ecclesiae
2411 1750 2720 1815 commodo,
2747 1747 3071 1819 interposuit
3099 1749 3225 1804 sein
3249 1748 3673 1819 paciﬁcationem
3707 1750 3870 1806 dissi-

530 1849 627 1904 dii.
649 1849 804 1916 Quod
832 1858 1015 1906 autem
1056 1830 1307 1923 Xystum,
1329 1848 1631 1905 Romanum
1660 1830 1996 1918 pontificem,
2019 1838 2408 1900 Consulendum
2436 1852 2555 1898 esse
2580 1840 2732 1896 tinxit
2761 1840 2831 1896 de
2855 1839 3074 1896 homine
3116 1839 3433 1910 jamdudum
3474 1841 3526 1896 in
3558 1841 3862 1924 Ecclesia"!

532 1961 775 2013 reverso,
807 1948 903 2004 sed
928 1947 1020 2021 qui
1048 1964 1107 2009 se
1137 1949 1302 2019 impio
1330 1958 1384 2004 et
1414 1947 1573 2019 pleno
1626 1938 1981 2017 blasphemia:
2008 1942 2274 2017 baptismo
2304 1935 2571 1997 "initiatum
2602 1938 2766 1997 fuisse
2797 1937 3157 2007 meminerat:
3190 1940 3243 1996 id
3283 1948 3390 1996 nun
3418 1938 3595 1998 Solum
3622 1927 3865 2017 Dionysil

530 2040 948 2097 consensionem
974 2057 1099 2097 cum
1124 2036 1365 2098 Ecclesia
1390 2040 1660 2108 Romana,
1682 2047 1739 2096 et
1759 2038 1997 2096 alienum
2027 2037 2096 2093 ab
2120 2036 2364 2093 iterando
2394 2034 2665 2106 Baptismu
2687 2035 2924 2090 animum
2953 2033 3213 2100 declarat,
3237 2035 3332 2092 sed
3362 2036 3526 2092 etiam
3548 2047 3860 2109 argumento

527 2117 611 2189 cSt
638 2133 706 2189 ab
735 2131 903 2205 ipsius
939 2133 1319 2191 decessoribus
1347 2132 1693 2191 Heracla-aut
1720 2131 1996 2188 Demetrio
2032 2130 2124 2202 qui
2171 2128 2315 2184 hunc
2344 2126 2615 2183 hominem
2645 2137 2986 2197 receperant,
3013 2128 3204 2184 solitos
3231 2137 3337 2183 non
3397 2130 3561 2186 fuisse
3590 2131 3868 2188 redeunte

526 2223 811 2282 hatreticos
835 2225 1117 2296 baptizari.
1149 2225 1265 2285 Huc
1293 2224 1504 2283 acoedit
1528 2222 1712 2281 Basilii
1744 2223 2112 2282 testimonium
2141 2266 2156 2289 ,
2189 2224 2280 2295 qui
2330 2220 2659 2292 baptismum
2704 2218 3150 2277 Montanistarum
3186 2218 3446 2296 Dianysio
3491 2223 3861 2281 AleXandrino

525 2317 806 2388 probatum
838 2316 1002 2375 fuisse
1027 2328 1301 2376 asseverat
1325 2332 1425 2376 can
1464 2334 1505 2375 ι.
1536 2316 1690 2386 Quod
1716 2333 1786 2373 ex
1815 2312 2093 2373 Clemente
2120 2310 2494 2371 Alexandrino
2513 2312 2761 2385 objicitur
2789 2311 3013 2386 (Stram.
3041 2320 3080 2381 t,
3109 2314 3325 2384 p.5l7),
3356 2322 3549 2387 aquam
3581 2316 3862 2372 haereticad

524 2403 643 2467 l'tnn
665 2425 785 2467 esse
807 2426 1001 2486 aquam
1020 2412 1273 2480 alienam,
1308 2413 1361 2469 id
1389 2422 1500 2469 nan
1531 2411 1735 2481 expiari
1757 2410 1953 2482 probat
1981 2409 2073 2465 Sed
2096 2408 2454 2465 contaminari
2477 2408 2565 2479 qui
2591 2408 2923 2479 Baptismum
2949 2408 3001 2463 in
3024 2407 3215 2465 hmresi
3234 2409 3345 2479 jam
3369 2409 3537 2466 adulti
3560 2412 3854 2483 accipiunt;

524 2513 581 2562 at
610 2505 944 2578 Baptismum
974 2506 1190 2564 irritum
1214 2515 1407 2564 sancto
1434 2504 1700 2563 Clementi
1728 2510 1786 2561 et
1810 2502 2017 2559 nullum
2044 2502 2219 2559 visum
2246 2517 2366 2558 csse
2388 2514 2492 2556 non
2517 2501 2729 2572 probat.
2765 2499 3047 2556 Difﬁcilior'
3079 2501 3147 2558 ad
3169 2502 3548 2573 explicandum
3578 2503 3851 2577 Hierony-

521 2612 670 2668 mus,
696 2600 862 2673 quiin
890 2601 1031 2657 libro
1061 2600 1127 2656 de
1156 2596 1882 2671 Scriptoribus’ecclesias‘ticis
1905 2602 2132 2653 testatur
2158 2592 2469 2667 Dionysium
2506 2593 2926 2649 Alexandrinum
2964 2593 3107 2649 idem
3150 2602 3214 2649 tte
3250 2594 3573 2665 Cyprianum
3611 2595 3682 2651 de
3709 2595 3866 2666 hand

522 2685 682 2749 tismo
714 2694 1094 2751 haereticorum
1126 2695 1394 2761 sensisse,
1422 2709 1485 2750 ac
1508 2693 1690 2766 plures
1714 2706 1778 2748 ea
1804 2689 1872 2747 de
1901 2702 1961 2747 re
1986 2688 2191 2746 litteras
2217 2687 2527 2760 scripsisse;
2559 2686 2655 2743 scd
2686 2686 2785 2742 hac
2819 2686 2874 2743 in
2914 2698 2973 2743 re
2999 2692 3194 2759 pugnat
3218 2684 3579 2759 Hieronymus
3607 2687 3835 2745 adversa

518 2788 701 2846 fronte
727 2805 849 2845 cum
881 2787 1105 2847 Basilio.

592 2878 712 2950 ipsa
741 2881 901 2957 etiam
928 2879 1110 2936 Africa
1137 2881 1292 2937 testis
1329 2879 1483 2937 citari
1520 2885 1698 2952 potest
1729 2870 1875 2934 illius
1906 2874 2206 2933 traditionis
2245 2888 2405 2947 quam
2451 2873 2715 2930 acerrime
2757 2873 3107 2947 impugnavit.
3161 2872 3346 2946 Neque
3374 2872 3519 2931 enim
3560 2874 3675 2931 Afri
3722 2882 3851 2934 ante

520 2965 794 3047 agrippini
826 2975 1041 3033 decreta
1070 2975 1396 3049 baptismum
1442 2975 1509 3031 ab
1537 2974 1805 3031 haereticis
1842 2970 2024 3029 datum
2068 2972 2361 3040 iterabant;
2412 2972 2571 3043 idque
2617 2972 2761 3043 ipsos
2809 2987 2929 3028 esse
2973 2972 3252 3030 confessos
3287 2966 3605 3046 perspicitur
3648 2986 3716 3032 ex
3763 2975 3851 3031 his

516 3068 813 3126 Firmiliani
840 3069 1048 3128 verbis:
1075 3090 1094 3124 ι
1116 3071 1270 3140 Quod
1297 3069 1509 3143 quidem
1531 3069 1786 3126 adversus
1813 3068 2143 3139 Stephanum
2164 3082 2261 3124 vos
2288 3062 2485 3135 dicere,
2519 3064 2657 3135 Afri,
2688 3067 2910 3138 potestis
2932 3110 2947 3135 ,
2970 3070 3181 3141 cognita
3206 3071 3459 3138 raritate,
3489 3082 3728 3127 errorem
3751 3087 3847 3130 vos

515 3160 918 3216 consuetudinis
946 3161 1251 3233 reliquisse.
1282 3179 1303 3215 ι
1340 3159 1460 3233 Ipse
1487 3162 1647 3217 etiam
1672 3159 1974 3232 Cyprianus
1998 3202 2014 3226 ,
2041 3158 2169 3215 dum
2200 3160 2275 3215 ait
2301 3160 2354 3214 in
2384 3159 2557 3231 Epist.
2591 3159 2660 3213 ad
2685 3159 2861 3215 anui.
2887 3167 2992 3217 non
3025 3176 3221 3217 novam
3246 3168 3336 3217 aut
3361 3164 3695 3235 repentinam
3719 3174 3837 3222 rem

517 3267 639 3308 esse
693 3265 753 3308 ut
783 3253 1123 3324 baptizentur
1150 3256 1240 3325 qui
1270 3253 1340 3308 ab
1369 3254 1634 3309 hmreticis
1664 3250 1716 3307 in
1747 3251 2044 3309 Ecclesium
2072 3251 2293 3307 veniunt
2319 3293 2334 3319 ,
2367 3250 2466 3307 sed
2501 3251 2697 3308 multos
2730 3266 2899 3309 annos
2930 3268 3053 3311 esse
3105 3266 3170 3310 ex
3207 3264 3313 3325 quo
3336 3255 3437 3311 sah
3465 3255 3757 3328 Agrippino
3785 3256 3840 3314 id

513 3345 754 3416 episcopi
786 3342 838 3400 iu
866 3346 1096 3401 concilio
1120 3351 1449 3412 Statuerant,
1481 3356 1592 3400 non
1621 3343 1849 3400 obscure
1880 3344 1948 3400 de
1988 3340 2224 3400 novitate
2255 3340 2523 3413 opinionis
2551 3352 2662 3399 suae
2709 3345 3018 3414 conﬁtetur,
3055 3345 3303 3417 illiusque
3335 3347 3535 3405 fontem
3581 3361 3635 3405 et
3668 3352 3837 3421 caput

515 3436 869 3509 Agrippinum
900 3438 1163 3511 agnoscit.
1198 3436 1539 3496 Existimavit
1566 3432 1897 3510 Augustinus
1928 3436 2202 3493 inductum
2228 3438 2297 3493 ab
2324 3436 2619 3510 Agrippino
2646 3456 2855 3498 morem
2874 3482 2891 3509 ,
2930 3454 3053 3499 cum
3080 3441 3243 3514 paulo
3273 3450 3395 3516 pos‘t
3439 3446 3771 3516 eaarnisset,
3799 3442 3858 3504 a'

513 3523 785 3602 Cypriano
814 3536 1122 3588 revocatum
1153 3530 1336 3588 fuisse.
1369 3526 1477 3589 Sed
1510 3528 1561 3588 id
1590 3528 1813 3588 omnino
1838 3532 2059 3607 pugnat,
2105 3538 2164 3586 ut
2205 3530 2512 3589 observavit
2552 3530 2931 3593 Tillemontius
2952 3578 2967 3605 ,
3012 3546 3135 3593 cum
3163 3536 3248 3593 his
3276 3536 3529 3610 Cypriani
3555 3540 3736 3597 verbis
3760 3555 3829 3598 ex

513 3622 664 3710 Epist
714 3626 785 3681 ad
803 3625 979 3685 Jubai.
1017 3649 1030 3685 :
1066 3644 1086 3681 ι
1119 3622 1343 3697 Quando
1370 3626 1565 3686 exinde
1611 3628 1832 3703 (nempe
1858 3629 1926 3684 ab
1947 3626 2263 3703 Agrippino)
2291 3644 2459 3702 usque
2490 3631 2542 3686 in
2572 3626 2893 3690 hodiernum
2923 3644 3002 3691 tot
3030 3634 3195 3693 millia
3225 3636 3598 3694 bmreticorum
3630 3638 3683 3693 in
3707 3650 3836 3710 pro-

511 3718 699 3775 vinciis
727 3723 926 3776 nostris
947 3719 1015 3777 ad
1043 3718 1341 3778 Ecclesiam
1368 3721 1653 3790 conversi,
1696 3736 1804 3776 non
1848 3721 2120 3793 aspernati
2160 3722 2302 3790 sint,
2346 3736 2521 3794 neque
2542 3726 2813 3794 cunctati,
2846 3727 2955 3782 imo
2992 3737 3046 3784 et
3082 3729 3474 3788 rationabiliter
3511 3740 3565 3788 et
3598 3731 3831 3789 libenter

510 3809 742 3883 amplexi
770 3814 970 3882 sint,ut
989 3813 1186 3871 lavacri
1213 3813 1389 3873 vitalis
1416 3823 1469 3871 et
1494 3814 1747 3871 salutaris
1774 3812 2030 3886 Baptismi
2061 3816 2286 3885 gratiam
2312 3826 2793 3887 consequerentur.
2829 3832 2847 3870 ι
2870 3814 2978 3877 Sed
3003 3821 3046 3876 si
3063 3819 3362 3894 Cyprianus
3389 3824 3832 3882 consuetudinem

506 3904 617 3988 jam
635 3903 924 3960 stabilitam
938 3904 1201 3975 defendit,
1222 3914 1415 3963 novam
1444 3916 1591 3963 certe
1602 3904 1938 3978 'Agrippintts
1963 3900 2190 3976 induxit,
2212 3914 2272 3962 ut
2295 3916 2371 3962 tot
2400 3908 2532 3964 locis
2557 3909 2811 3966 observat
2829 3912 3154 3985 Augustinus
3170 3913 3223 3971 in
3271 3916 3423 3974 libris
3438 3918 3506 3974 de
3537 3918 3830 3988 Baptismo.

541 3986 545 3991 ’
586 3988 680 4077 llis
707 3996 1031 4053 testimoniis
1056 3996 1348 4068 plurimum
1388 3997 1537 4054 addit
1563 3992 1818 4068 pOnderis
1856 4004 2125 4054 sectarum
2152 4008 2450 4055 consensus
2475 4041 2490 4068 ,
2535 4010 2656 4071 qua:
2685 4012 2964 4074 acceptum
3015 4006 3066 4060 in
3115 4004 3235 4062 aliis
3283 4009 3445 4065 sectis
3495 3986 3828 4081 Baptismum

510 4084 710 4143 iterare
734 4100 839 4143 non
868 4086 1159 4145 audebant.
1194 4089 1326 4158 Quis
1356 4104 1465 4145 non
1488 4089 1639 4145 videt
1666 4094 1743 4145 tot
1772 4087 2122 4145 ecclesiarum
2153 4092 2338 4161 totque
2364 4094 2630 4147 sectarum
2660 4102 2987 4152 consensum
3015 4112 3122 4154 non
3148 4097 3216 4154 ab
3256 4084 3363 4156 alio
3387 4099 3565 4171 capite
3592 4110 3647 4157 et
3672 4101 3824 4158 fonte

510 4190 669 4249 quam
692 4174 761 4233 ab
785 4178 1060 4250 Apostolis
1088 4178 1333 4247 ﬂuxisse,
1364 4180 1419 4235 in
1457 4194 1518 4237 re
1543 4180 1839 4253 prasertim
1879 4195 2000 4251 qua:
2027 4181 2274 4237 maximis
2304 4180 2579 4239 obstructa
2620 4182 3030 4244 difﬁcultatibus
3048 4230 3063 4255 ,
3093 4202 3192 4246 nec
3219 4186 3509 4263 Scripturis
3535 4202 3720 4264 aperte
3746 4195 3829 4249 ina

508 4270 715 4339 dicata,
745 4284 850 4328 nec
868 4270 977 4328 ullo
1000 4270 1259 4329 Ecclesia:
1281 4273 1506 4330 decreto
1529 4270 1868 4339 conﬁrmata,
1896 4273 1969 4329 ita
2008 4283 2184 4330 tamen
2212 4267 2508 4332 Catholieis'
2547 4283 2602 4333 et
2646 4277 2916 4336 haereticis
2942 4282 3219 4353 explorata
3257 4293 3373 4340 erat
3391 4324 3407 4353 ,
3453 4290 3514 4341 ut
3552 4289 3827 4345 contraria

508 4363 692 4435 Opinio
715 4364 894 4436 gravis
922 4380 1078 4421 error
1097 4365 1394 4443 videretur.
1422 4364 1721 4437 Numquam
1749 4378 1883 4423 sane
1908 4374 2030 4438 post
2057 4366 2343 4440 Apostolus
2384 4372 2491 4424 tam
2535 4368 2687 4426 firma
2747 4374 3028 4444 persuasio
3071 4376 3299 4449 insculpi
3343 4379 3536 4435 animis
3580 4381 3842 4453 potuisse

507 4455 654 4512 nullo
676 4456 1070 4516 interveniente
1098 4455 1362 4515 universm
1386 4458 1646 4515 Ecclesia:
1671 4458 1927 4527 decreto;
1970 4459 2063 4518 sed
2093 4462 2269 4532 potius
2296 4460 2520 4520 htcrcsis
2546 4464 2730 4522 odium
2757 4478 2813 4524 et
2834 4469 3130 4539 justissima
3153 4473 3353 4543 cautio,
3382 4482 3451 4530 ne
3471 4484 3564 4531 aut
3584 4474 3818 4532 homini—

506 4553 607 4608 ltus
662 4558 771 4607 non
817 4548 1099 4624 baptizatis
1124 4548 1461 4608 Eucharistia
1503 4550 1753 4621 daretur,
1796 4558 1889 4608 aut
1928 4552 2158 4610 infantes
2211 4556 2263 4610 in
2312 4551 2509 4612 hrcresi
2558 4552 2808 4628 ltaptizati
2863 4562 2980 4620 sine
3008 4574 3138 4621 vero
3165 4563 3441 4638 Baptistae
3461 4575 3823 4637 morerentur,

506 4644 890 4705 necessitatem
922 4644 1155 4703 iterandi
1182 4643 1440 4717 Baptismi
1467 4641 1716 4717 plurimis
1751 4644 2080 4703 attulissent.

505 4811 593 4871 γι.
620 4832 692 4854 an
713 4819 901 4876 annos
935 4820 1252 4868 Ponuntur:
1287 4814 1601 4865 urtotusus
1653 4818 1782 4863 sese
1817 4821 1869 4863 s.
1907 4819 2193 4866 crastinus
2229 4820 2661 4869 nersaeenrr.-—
2674 4828 2778 4873 nec
2813 4827 3164 4878 esculenta
3202 4835 3237 4878 Α
3273 4835 3433 4882 nam
3477 4836 3532 4881 nt
3568 4834 3824 4885 nectam

1533 4910 1961 4972 ιιιιιιιιιιτιιιτι,
2000 4915 2105 4958 περ
2140 4916 2503 4962 ἸΙΑΒΠΙΟΙΕΙ
2540 4920 2781 4967 lli-IECIT.
3451 4933 3458 4940 “

571 5061 827 5138 Quamvis
853 5077 1006 5123 suam
1030 5059 1273 5120 Ecclesia
1302 5059 1370 5118 de
1396 5042 1776 5118 intereticorum
1807 5054 2078 5132 baptismo
2107 5050 2408 5119 doctrinam
2433 5078 2499 5122 ex
2533 5063 2650 5137 ipso
2676 5065 3059 5140 Apostolorum
3089 5072 3187 5130 Ore
3213 5075 3511 5147 acceperit,
3547 5075 3823 5145 fatendum

503 5173 681 5220 tamen
710 5170 793 5219 est
820 5175 933 5217 non
960 5156 1133 5214 fuisse
1157 5157 1298 5213 hanc
1328 5152 1674 5210 traditionem
1696 5170 1762 5210 ex
1791 5153 1888 5209 illo
1916 5169 2121 5225 genere
2171 5157 2312 5226 quod
2335 5161 2572 5215 omnium
2595 5161 2815 5218 auribus
2830 5164 3140 5235 quotidiana
3170 5167 3481 5238 praedicatio
3504 5169 3820 5229 inculcaret.

496 5258 669 5316 Nemo
697 5269 947 5328 umquam
976 5251 1230 5310 Ecclesia:
1252 5247 1575 5306 sententiam
1604 5247 1675 5304 de
1696 5246 1897 5304 Christi
1922 5256 1980 5305 et
2002 5248 2233 5319 Spiritus
2261 5253 2431 5308 sancti
2459 5253 2764 5324 divinitate,
2797 5256 2866 5314 de
2901 5261 3199 5320 mutatione
3226 5263 3492 5320 donorum
3530 5265 3584 5321 in
3622 5280 3820 5338 corpus

496 5364 553 5413 ot
583 5352 895 5424 sanguinem
917 5347 1119 5407 Christi
1143 5355 1199 5404 et
1224 5343 1347 5401 aliis
1366 5342 1630 5415 ejusmodi
1657 5341 1841 5409 rebus,
1882 5341 2004 5399 sine
2028 5358 2238 5399 summa
2268 5345 2588 5418 negligentia
2616 5348 2863 5420 ignorare
2891 5353 3080 5423 potuit,
3114 5366 3208 5412 aut
3231 5358 3349 5415 sine
3372 5372 3583 5415 summa
3611 5359 3821 5418 scelero

499 5451 1003 5532 impugnare,quia
1032 5450 1119 5507 his
1154 5445 1495 5520 dogmatibus
1520 5441 1948 5501 Christianorum
1989 5456 2150 5500 aures
2197 5442 2251 5499 in
2301 5444 2548 5502 omnibus
2592 5439 2839 5502 ecclesiis
2862 5449 3360 5509 circumsonabant.
3393 5452 3586 5512 Utrum
3633 5465 3819 5513 autem

496 5551 877 5611 haretieorum
907 5544 1172 5616 baptisma
1197 5552 1373 5599 ratum
1398 5554 1571 5596 necne
1587 5537 1892 5595 habendum
1913 5546 2090 5605 esset,
2118 5537 2174 5594 id
2199 5538 2478 5595 obscurari
2508 5550 2563 5597 et
2589 5540 2677 5598 die
2703 5543 3049 5603 obsolescere
3072 5549 3248 5618 potuit
3266 5549 3323 5605 in
3356 5550 3538 5606 multis
3565 5552 3807 5624 regioni-

494 5644 627 5713 bus,
657 5644 712 5700 in
740 5639 936 5714 quibus
961 5633 1392 5707 recipiendorum
1421 5631 1799 5689 hazreticorum
1828 5638 1925 5686 aut
1953 5631 2133 5687 nullus
2158 5641 2274 5688 erat
2302 5647 2430 5688 usus
2456 5644 2547 5689 aut
2571 5633 2862 5693 admodum
2911 5654 3085 5697 rarus.
3137 5642 3315 5708 Quare
3348 5644 3536 5701 mirari
3567 5660 3675 5702 non
3702 5644 3811 5702 de-

495 5739 690 5805 bemus
730 5750 829 5793 our
876 5731 1057 5791 hacin
1084 5744 1144 5785 re
1166 5725 1595 5798 pratstantissnni
1627 5725 1724 5778 viri
1752 5722 2072 5778 erraverint.
2100 5726 2179 5779 Ac
2205 5724 2407 5779 veritas
2436 5722 2651 5795 quidem
2683 5725 2843 5785 facile
2881 5729 3192 5804 investigari
3233 5735 3536 5806 potuisset,
3582 5735 3629 5791 si
3667 5749 3804 5791 cono

493 5834 651 5901 ιιιιω
672 5834 911 5897 futuant
926 5825 1315 5905 nequissimae
1340 5821 1606 5892 ecclesiae.
1629 5834 1751 5896 qua:
1775 5835 2068 5895 numquam
2095 5818 2364 5878 haereticis
2382 5833 2668 5882 caruerant
2694 5839 2833 5900 quos
2849 5818 3223 5906 oppugnarent
3241 5864 3260 5903 ,
3298 5839 3393 5888 aut
3416 5830 3710 5891 redeuntes
3739 5831 3798 5895 in
