4200 6262
288 232 383 287 57'
1696 231 2080 294 pateravia.
2931 243 2940 253 -
3537 248 3610 309 δε

277 350 582 407 Ecclesiam
598 349 951 421 reciperent;
981 350 1155 421 qualis
1177 352 1365 408 eratin
1395 351 1583 423 primis
1606 352 1844 409 Ecclesia
1869 353 2130 424 Roinana,
2164 369 2286 413 eum
2307 359 2699 418 vetustisa’mos
2727 374 2968 435 quosque
3000 363 3282 420 haereticos
3307 369 3516 418 constet
3547 364 3602 418 in

282 445 430 504 hanc
459 449 652 506 urbem
680 467 799 508 sese
826 453 1137 509 contulisse.
1185 452 1288 509 Sed
1320 453 1477 524 hujus
1505 453 1772 509 cautionis
1817 455 2195 525 prretcrmissm
2237 457 2563 512 levissimam
2607 460 2816 530 culpam
2854 460 3081 516 sustinet
3115 460 3418 531 Cyprianus
3445 497 3460 524 ,
3511 456 3609 527 qui

284 543 743 602 consuetudinem
772 547 1140 618 rebaptizandi
1169 562 1272 603 non
1305 547 1512 603 induxit
1542 547 1598 603 in
1626 549 1909 604 ecclesiam
1959 561 2145 616 suam,
2184 550 2277 606 sed
2322 550 2668 608 decesserunt
2707 569 2928 611 suorum
2977 556 3298 611 auctoritate
3337 552 3604 610 constitu-

288 645 400 691 tam
441 639 667 710 reperit.
2750 692 2756 697 -

339 729 650 797 nationum
682 733 968 790 momentis
998 735 1194 808 quibus
1224 734 1468 790 utebatur
1516 732 1819 807 Cyprianus
1839 775 1853 802 ,
1891 743 2094 791 tantum
2124 737 2264 794 inest
2293 738 2619 810 Splendoris,
2646 751 2704 798 ut
2739 757 2803 799 se
2841 741 3168 813 Augustinus
3207 739 3320 798 sola
3349 738 3609 797 Ecclesia:

283 823 615 882 auctoritate
639 827 691 882 in
717 828 1042 885 contrariam
1070 831 1392 887 sententiam
1422 831 1611 887 adduci
1646 831 1905 886 fateatur:
1932 849 1950 883 ‹
1981 831 2090 887 Nec
2119 848 2216 888 nos
2245 833 2344 903 ipsi
2374 852 2420 900 ν,
2447 835 2617 907 inquit
2637 837 2672 891 1.
2701 853 2740 892 ιι
2767 837 2829 891 de
2854 837 3033 908 Bapf.,
3061 852 3117 892 η.
3147 837 3203 902 5,
3229 853 3250 886 ι
3283 833 3387 890 tale
3411 831 3611 904 aliquid
3673 823 3677 827 ’

285 918 620 976 auderemus
645 935 882 979 asserere
903 964 918 989 ,
948 923 1050 980 nisi
1081 926 1346 982 universae
1374 925 1631 981 Ecclesiae
1670 925 2100 982 concordissima
2128 929 2445 985 auctoritate
2472 929 2702 997 firmati;
2755 931 2840 987 cui
2888 939 2943 987 et
2973 930 3086 1000 ipse
3111 925 3455 1004 (Cyprianus)
3495 928 3613 983 sine

300 1010 471 1068 dubio
493 1013 724 1082 cederet,
756 1016 801 1072 si
819 1016 932 1088 jam
959 1016 1053 1072 illo
1079 1025 1324 1089 tempore
1349 1018 1663 1089 quazstionis
1688 1018 1846 1088 hujus
1872 1019 2069 1074 veritas
2097 1020 2328 1091 eliquata
2367 1031 2422 1078 et
2457 1023 2729 1079 declarata
2751 1039 2850 1096 per
2869 1022 3170 1096 plenarium
3197 1021 3490 1078 concilium
3519 1036 3612 1076 so-

289 1105 576 1163 lidaretur.
611 1126 630 1160 ι
677 1109 789 1165 lloc
815 1119 992 1167 autem
1019 1113 1358 1183 potissimum
1384 1121 1702 1183 argumento
1733 1111 2003 1167 nitebatur
2029 1113 2363 1185 Cyprianus:
2391 1115 2646 1180 htereses,
2676 1131 2797 1170 cmn
2839 1116 2908 1170 ab
2954 1114 3212 1170 Ecclesiae
3256 1112 3461 1167 unitate
3517 1109 3617 1164 ab-

291 1199 481 1255 scissa:
521 1202 691 1258 sintet
718 1219 786 1258 ex
813 1205 1040 1260 mortuis
1068 1213 1317 1260 constent
1356 1204 1679 1268 hominibus,
1722 1219 1826 1258 non
1870 1205 2422 1275 posse‘sanctincare,
2461 1207 2838 1263 remissionem
2878 1216 3224 1277 peccatorum
3261 1212 3317 1259 et
3353 1202 3613 1274 Spiritum

291 1303 540 1350 sanctum
562 1295 711 1351 dare.
751 1315 770 1350 ‹
806 1298 936 1367 Quis
961 1308 1138 1356 autem
1167 1308 1341 1370 potest
1370 1300 1520 1365 dare,
1559 1318 1578 1351 ι
1610 1300 1780 1370 inquit
1807 1300 1856 1353 in
1889 1299 1986 1367 Ep.
2019 1315 2149 1365 Lxx,
2188 1318 2206 1351 ‹
2241 1301 2382 1370 quod
2424 1301 2538 1372 ipse
2585 1319 2690 1356 non
2729 1302 2960 1358 habeat?
2993 1303 3098 1356 Aut
3131 1299 3401 1371 quomodo
3438 1307 3617 1369 potest

289 1389 554 1457 spiritalia
581 1406 762 1463 agere,
795 1393 884 1464 qui
917 1392 1032 1464 ipse
1059 1392 1302 1450 amiserit
1330 1391 1586 1463 Spiritum
1609 1403 1887 1447 sanctum;
1909 1412 1926 1444 ι
1961 1393 2028 1448 Et
2050 1394 2101 1446 in
2128 1393 2226 1463 Ep.
2259 1408 2389 1449 Lm
2427 1411 2439 1447 :
2478 1409 2498 1446 ς
2541 1393 2726 1465 Neque
2763 1395 2905 1450 enim
2947 1393 3224 1464 accipiunt
3258 1391 3367 1446 illic
3414 1388 3616 1461 aliquid

291 1483 382 1538 ubi
407 1483 539 1539 nihil
563 1495 668 1541 ρει.
696 1506 714 1538 ι
753 1486 818 1540 Et
848 1487 1003 1557 paulo
1030 1496 1186 1558 post:
1225 1507 1242 1541 t
1279 1486 1616 1542 Manifestum
1645 1495 1726 1541 est
1749 1495 1926 1542 autem
1953 1500 2046 1541 eos
2069 1487 2159 1557 qui
2184 1501 2288 1540 non
2318 1487 2520 1541 suntin
2544 1487 2784 1542 Ecclesia
2802 1486 2998 1542 Christi
3039 1487 3177 1540 inter
3196 1493 3437 1539 mortuos
3468 1497 3617 1538 com-

295 1575 494 1648 putari,
528 1595 626 1636 nec
650 1596 810 1652 posse
831 1581 896 1636 ab
923 1597 988 1636 eo
1017 1582 1271 1638 vivificari
1300 1583 1524 1636 alterum
1549 1583 1635 1652 qui
1667 1583 1778 1651 ipse
1803 1597 1908 1635 non
1931 1581 2094 1635 vivat.
2133 1600 2150 1633 ι
2190 1580 2268 1635 Ex
2299 1580 2382 1634 his
2413 1591 2469 1636 et
2494 1582 2613 1635 aliis
2639 1580 2904 1651 ejusmodi
2930 1579 3249 1635 testimoniis
3281 1591 3614 1648 nequaquam

293 1669 350 1724 id
380 1670 566 1725 statuit
591 1672 914 1744 Cyprianus,
938 1674 1082 1744 quod
1103 1690 1168 1729 ex
1191 1675 1308 1744 ejus
1332 1675 1508 1730 verbis
1530 1677 1784 1744 consequi
1808 1673 2183 1728 existimarunt
2213 1675 2546 1729 eruditorum
2571 1673 2837 1738 nonnulli,
2867 1673 3230 1729 necessariam
3248 1681 3372 1728 esse
3391 1671 3618 1742 singulis

294 1762 561 1818 ministris
610 1765 973 1831 sanctitatem,
1029 1774 1088 1820 ιιι
1132 1773 1466 1821 sacramenta
1495 1763 1667 1820 valide
1692 1766 2089 1821 administrent.
2107 1766 2362 1836 Loquitur
2397 1765 2466 1822 de
2493 1769 2738 1822 universa
2757 1767 3037 1832 societate,
3065 1780 3174 1820 non
3201 1763 3270 1820 de
3291 1764 3542 1834 privatis;
3563 1772 3622 1821 et
3650 1780 3652 1782 '

294 1855 750 1924 quemadmodum
781 1857 1038 1913 Ecclesize
1065 1857 1344 1914 catholicae
1371 1867 1729 1924 sacramenta,
1758 1858 1888 1912 dum
1914 1874 1941 1911 a
1971 1857 2128 1912 malis
2154 1858 2617 1924 administrantur,
2643 1859 2748 1913 vim
2801 1873 2951 1913 suam
2999 1866 3054 1913 et
3103 1856 3354 1912 effectum
3384 1857 3621 1915 retinent

294 1950 550 2020 precibus
578 1960 886 2006 sanctorum
917 1959 968 2006 et
996 1951 1284 2022 gemitibus
1315 1951 1577 2007 columba:
1603 1992 1617 2015 ,
1665 1953 1744 2006 sic
1792 1951 1932 2021 apud
1976 1950 2294 2016 haereticos,
2341 1951 2428 2006 ubi
2460 1965 2652 2006 omnes
2693 1950 2889 2004 mortui
2929 1958 3092 2016 sunt,
3134 1955 3471 2004 sacramenta
3519 1960 3620 2002 suo

294 2043 493 2100 effectu
521 2044 825 2101 defraudari
855 2061 918 2101 ac
939 2046 1081 2101 nulla
1109 2061 1330 2116 prorsus
1359 2061 1481 2102 esse
1503 2045 1874 2113 existimabat,
1903 2062 2024 2100 cum
2055 2045 2156 2101 sibi
2187 2044 2513 2114 persuadere
2543 2061 2648 2100 non
2677 2055 2860 2115 posset
2885 2044 3213 2110 columbam,
3246 2053 3305 2098 ut
3325 2059 3421 2113 per
3443 2043 3621 2098 malos

293 2139 576 2196 ministros
603 2141 655 2196 in
689 2142 927 2198 Ecclesia
951 2141 1233 2207 catholica,
1270 2144 1341 2196 ita
1375 2156 1472 2212 per
1495 2141 1778 2197 hatreticos
1809 2151 1862 2196 et
1888 2140 2327 2196 sclrismaticosin
2378 2139 2568 2194 haeresi
2591 2148 2646 2194 et
2662 2139 2952 2193 schismate
2981 2137 3272 2209 baptizare.
3313 2135 3403 2192 Sic
3444 2135 3620 2204 expli-

295 2229 522 2284 caudam
549 2230 803 2300 Cypriani
827 2240 1059 2287 mentem
1091 2241 1154 2286 ex
1188 2231 1428 2302 pluribus
1451 2231 1584 2287 locis
1612 2232 1932 2302 perspicitur
1963 2250 1977 2288 :
2009 2252 2028 2285 ι
2075 2231 2356 2300 Quomodo
2395 2241 2573 2287 autem
2621 2230 2880 2285 mundare
2908 2247 2928 2282 ι
2957 2269 2973 2296 ,
3016 2228 3188 2299 inquit
3231 2228 3285 2283 in
3342 2227 3442 2298 Ep.
3473 2242 3577 2282 LXX
3599 2263 3618 2295 ,

304 2339 326 2374 ι
346 2331 423 2379 .et
445 2323 778 2380 sanctificare
806 2339 998 2396 aquam
1029 2333 1206 2395 potest
1229 2324 1369 2396 apud
1410 2327 1569 2396 quem
1597 2325 1830 2396 Spiritus
1855 2335 2073 2380 sanctus
2095 2341 2203 2380 non
2223 2325 2436 2380 est?....
2463 2327 2570 2380 Aut
2593 2322 2864 2395 quomodo
2891 2323 3170 2392 baptizans
3193 2321 3324 2377 dare
3351 2321 3504 2378 alteri
3536 2336 3622 2377 rc.

297 2418 517 2473 missam
546 2429 890 2487 peccatorum
933 2423 1134 2488 potest,
1165 2419 1254 2490 qui
1287 2421 1402 2491 ipse
1432 2429 1650 2490 peccata
1681 2434 1777 2475 sua
1803 2419 2076 2490 deponere
2097 2427 2248 2475 extra
2299 2418 2593 2474 Ecclesiam
2656 2431 2762 2473 non
2795 2415 3007 2486 potest?
3036 2435 3054 2468 ι
3101 2415 3168 2470 Et
3195 2415 3246 2469 in
3279 2414 3378 2484 Ep.
3414 2429 3620 2479 Lxxtu,

300 2525 355 2580 p.
385 2510 522 2566 {32:
561 2529 578 2562 ι
603 2509 870 2582 Numquid
899 2510 967 2566 de
993 2511 1252 2567 Ecclesia:
1279 2509 1517 2566 fontibus
1554 2512 1734 2582 rigare
1763 2521 1978 2581 potest,
2008 2513 2099 2581 qui
2135 2512 2278 2567 intus
2321 2511 2372 2566 in
2414 2510 2650 2566 Ecclesia
2694 2525 2798 2564 non
2845 2518 2952 2565 est.
2985 2527 3005 2562 ι
3040 2507 3264 2564 Fatetur
3304 2507 3459 2576 paulo
3501 2512 3624 2575 post

303 2602 617 2671 hereticos,
649 2623 667 2656 ι
698 2604 744 2658 si
787 2603 1047 2660 Ecclesia:
1079 2603 1257 2659 devoti
1283 2613 1336 2659 et
1361 2603 1414 2658 in
1446 2602 1687 2659 Ecclesia
1719 2604 1995 2658 constituti
2027 2613 2186 2667 sunt,
2218 2617 2377 2673 posse
2416 2609 2471 2657 et
2508 2601 2784 2672 Baptismo
2805 2599 2922 2671 ejus
2955 2608 3011 2656 et
3051 2599 3266 2654 creteris
3296 2596 3623 2653 salutaribus

303 2691 462 2751 bonis
480 2696 578 2750 uti.
610 2713 630 2748 ι
665 2696 901 2766 Denique
929 2697 980 2750 in
1009 2695 1194 2752 eadem
1225 2695 1542 2772 epistola(p.
1574 2697 1702 2766 155)
1724 2697 2000 2766 conceptis
2026 2695 2205 2752 verbis
2227 2696 2398 2750 malos
2423 2695 2512 2766 qui
2548 2695 2601 2750 in
2634 2694 2874 2750 Ecclesia
2903 2701 3029 2749 sunt
3055 2691 3332 2763 distinguit
3353 2691 3420 2746 ab
3450 2690 3624 2745 luere-

307 2791 430 2846 ticis
457 2807 471 2845 :
501 2809 520 2843 ι
546 2791 712 2846 Porro
738 2790 878 2846 aliud
908 2799 1026 2856 est,
1069 2791 1258 2862 inquit,
1286 2803 1380 2847 eos
1401 2793 1489 2860 qui
1520 2791 1664 2845 intus
1683 2790 1736 2844 in
1768 2790 2007 2846 Ecclesia
2039 2799 2164 2844 sunt
2187 2789 2255 2844 de
2283 2789 2500 2844 nomine
2526 2788 2728 2842 Christi
2758 2787 2927 2856 loqui,
2965 2786 3112 2841 aliud
3139 2795 3220 2840 est
3248 2800 3345 2840 eos
3371 2784 3462 2854 qui
3488 2783 3622 2839 foris

310 2893 443 2939 sunt
473 2893 527 2940 et
544 2895 727 2940 contra
753 2885 1045 2942 Ecclesiam
1075 2884 1302 2952 faciunt,
1336 2885 1388 2938 in
1421 2884 1640 2938 nomine
1662 2881 1862 2936 Christi
1888 2883 2183 2952 baptizare.
2213 2881 2391 2948 Quare
2432 2882 2521 2951 qui
2551 2880 2816 2935 ltiereticis
2848 2879 3253 2949 patrocinentur
3275 2891 3380 2930 non
3409 2875 3461 2930 id
3493 2889 3621 2944 pro-

308 2977 492 3034 ferant
512 2977 651 3045 quod
679 2977 864 3033 Paulus
896 2977 965 3033 de
1000 2977 1252 3061 fratribus
1290 2977 1490 3046 posuit,
1516 2975 1610 3030 sed
1637 2973 1928 3030 ostendant
1950 2974 1996 3027 si
2027 2973 2284 3027 haeretica
2309 2972 2510 3042 aliquid
2549 2970 2953 3025 concedendum
2983 2967 3216 3036 putavit,
3246 2974 3334 3019 aut
3372 2966 3416 3018 si
3455 2964 3617 3020 fidem

310 3081 369 3127 et
395 3069 662 3140 baptisma
689 3085 871 3125 eorum
898 3056 1174 3140 probavit,
1197 3077 1286 3123 aut
1311 3069 1354 3123 si
1380 3067 1613 3138 perfidos
1632 3077 1685 3122 et
1710 3065 2056 3134 blaSphemos
2089 3064 2467 3120 remissionem
2495 3070 2840 3132 peccatorum
2877 3061 3124 3130 accipere
3143 3069 3295 3113 extra
3317 3056 3618 3113 Ecclesiam
3707 3066 3718 3072 ‘

307 3177 470 3236 posse
493 3163 798 3218 constituit.
828 3180 848 3216 ι
886 3162 1084 3218 Eadem
1119 3161 1280 3217 habet
1309 3160 1654 3215 Firmilianus
1696 3176 1747 3229 p.
1796 3159 1921 3214 M9.
1953 3157 2089 3213 Hinc
2129 3157 2380 3212 observat
2417 3153 2748 3226 Augustinus
2772 3153 2834 3226 (ι.
2876 3169 2928 3207 ιν
2967 3153 3031 3208 de
3071 3149 3256 3224 Bapt.)
3298 3151 3622 3220 Cyprianum

309 3257 636 3328 distinguere
671 3272 692 3308 ι
722 3257 864 3311 inter
886 3271 982 3311 eos
1017 3255 1108 3325 qui
1143 3254 1265 3310 mali
1301 3252 1433 3308 foris
1466 3260 1614 3317 sunt,
1655 3261 1708 3306 et
1748 3265 1844 3305 eos
1881 3249 1976 3321 qui
2011 3247 2156 3304 intus
2197 3248 2322 3302 mali
2361 3257 2526 3314 sunt;
2577 3265 2596 3298 ι
2641 3261 2706 3301 ac
2743 3243 2988 3316 pluribus
3033 3243 3368 3301 demonstrat
3403 3244 3624 3300 minime

307 3351 459 3422 sequi
495 3367 558 3407 ex
602 3352 702 3407 hac
756 3350 1103 3406 distinctione
1127 3393 1142 3418 ,
1192 3356 1252 3406 ut
1292 3347 1533 3404 Ecclesia
1594 3347 1726 3401 foris
1765 3361 1864 3416 per
1905 3344 2192 3400 haereticos
2233 3358 2341 3398 non
2379 3342 2616 3412 baptizet
2642 3382 2656 3408 ,
2699 3338 3152 3412 quemadmodum
3191 3353 3288 3410 per
3327 3340 3504 3396 malos
3542 3340 3625 3394 in-

310 3451 398 3497 tus
436 3442 688 3513 baptizat.
1966 3453 1969 3456 '
2261 3470 2264 3473 -
2291 3463 2310 3476 -
2454 3515 2457 3517 _
2989 3509 2995 3517 ι

378 3534 436 3592 Si
481 3536 646 3606 petita
679 3549 709 3590 a
737 3535 1009 3608 Cypriane
1047 3550 1078 3592 e
1107 3534 1399 3606 Scripturis
1427 3541 1738 3606 argumenta
1768 3547 1874 3588 non
1901 3531 2047 3588 omni
2074 3515 2554 3587 verisimilitudinis
2595 3528 2778 3586 colore
2805 3515 3057 3585 destituta
3114 3535 3269 3596 sunt,
3297 3536 3352 3583 at
3374 3542 3494 3598 quas
3517 3527 3623 3583 ob-

308 3627 464 3697 jcctae
486 3628 554 3684 ab
579 3628 905 3684 adversariis
921 3628 1189 3684 traditioni
1225 3628 1535 3700 respondet,
1564 3644 1624 3684 ea
1648 3626 1989 3697 tantiingcnii
2008 3626 2127 3681 luce
2155 3640 2374 3696 prorsus
2395 3623 2631 3693 indigna.
2663 3623 2962 3678 Humanam
3011 3621 3350 3677 traditionem
3393 3620 3627 3691 appellat

311 3717 476 3789 quod,
503 3719 699 3774 nullius
744 3719 956 3776 concilii
978 3721 1297 3776 auctoritate
1325 3722 1696 3783 constitumm,
1730 3720 1781 3774 in
1808 3718 2056 3773 maximis
2085 3716 2382 3788 quibusque
2410 3715 2656 3784 ecclesiis
2680 3729 2890 3769 summo
2915 3727 3183 3768 consensu
3207 3712 3617 3778 observabatur,

311 3829 412 3868 nec
440 3813 492 3868 in
518 3813 630 3884 ipsa
661 3811 840 3868 Africa
867 3823 991 3869 ante
1013 3813 1362 3884 Agrippinum
1393 3813 1668 3868 observari
1695 3811 1947 3867 desierat.
1977 3810 2111 3866 Cum
2139 3818 2317 3864 autem
2344 3807 2394 3863 ei
2413 3792 2739 3877 objiceretur
2766 3822 2780 3860 :
2819 3824 2836 3856 ι
2866 3804 3001 3873 Quid
3029 3820 3156 3876 ergo
3178 3804 3272 3860 fiet
3294 3804 3363 3859 de
3415 3802 3501 3858 bis
3529 3800 3620 3872 qui

308 3907 360 3973 iu
391 3907 723 3978 prteteritum
753 3905 820 3962 de
847 3906 1038 3962 hatresi
1079 3906 1146 3961 ad
1175 3907 1470 3962 Ecclesiam
1496 3906 1774 3961 venientes
1795 3905 1912 3959 sine
1938 3903 2211 3974 Baptismo
2235 3901 2453 3956 admissi
2475 3910 2595 3955 sunt
2628 3901 2651 3954 ?
2682 3919 2701 3953 ›
2727 3900 2804 3954 sic
2828 3899 3118 3970 respondet
3147 3900 3201 3954 in
3234 3897 3403 3968 Epist.
3428 3897 3495 3951 ad
3517 3895 3624 3952 Ju-

222 4027 226 4030 -
309 4001 412 4056 bai.
443 4018 458 4056 :
493 4020 513 4055 ι
543 4001 744 4058 Potens
780 4011 864 4058 est
889 4003 1148 4057 Dominus
1165 3999 1531 4058 misericordia
1554 4015 1649 4055 sua
1682 3999 2065 4069 indulgentiam
2089 3997 2311 4063 dare,et
2331 4009 2426 4050 eos
2449 3993 2541 4064 qui
2567 3994 2632 4048 ad
2661 3993 2957 4049 Ecclesiam
2981 3993 3300 4064 simpliciter
3325 3989 3542 4045 admissi
3575 3990 3628 4046 in

310 4094 553 4151 Ecclesia
583 4094 936 4162 dormierunt,
961 4095 1028 4152 ab
1055 4095 1309 4151 Ecclesia:
1337 4109 1448 4150 sua:
1498 4093 1808 4149 muneribus
1857 4107 1962 4146 non
1993 4105 2272 4161 separare.
2302 4107 2321 4140 ι
2351 4086 2408 4142 In
2435 4087 2535 4142 hac
2567 4088 2920 4158 responsione
2949 4087 3267 4143 charitatem
3299 4085 3547 4157 Cypriani
3575 4094 3631 4142 et

310 4190 475 4244 animi
495 4189 917 4246 moderationem
944 4190 1099 4247 facile
1125 4205 1422 4261 agnoscas;
1455 4187 1703 4260 sedquod
1730 4188 1778 4242 ei
1808 4186 2177 4257 ohjiciebatur,
2205 4201 2325 4240 cum
2354 4193 2409 4240 et
2432 4183 2642 4240 adultos
2665 4193 2720 4240 et
2745 4183 2974 4240 infantes
2999 4185 3484 4256 complecteretur,
3516 4183 3631 4254 ipse

308 4282 379 4338 de
404 4281 600 4338 adultis
625 4298 767 4349 sese,
817 4294 874 4338 ut
903 4293 1114 4355 potest,
1172 4283 1410 4354 expedit,
1457 4291 1512 4336 at
1540 4281 1608 4337 de
1660 4279 1950 4336 infantibus
1981 4281 2034 4334 in
2067 4279 2261 4335 ltmresi
2284 4277 2562 4351 baptizatis
2583 4317 2598 4344 ,
2623 4288 2678 4334 et
2703 4279 2755 4333 in
2785 4277 3024 4336 Ecclesia
3058 4281 3172 4336 sine
3191 4296 3329 4336 novo
3352 4281 3624 4353 Baptismo

307 4384 443 4431 ante
457 4392 607 4431 usum
636 4377 859 4433 rationis
882 4377 1258 4443 morientibus,
1290 4392 1360 4432 ne
1382 4374 1604 4431 verbum
1635 4373 1848 4444 quidem
1876 4372 2227 4445 proloquitur.

383 4467 641 4534 Quamvis
666 4477 844 4525 autem
875 4468 1100 4538 objecta:
1131 4468 1398 4523 traditioni
1438 4468 1615 4521 minus
1645 4465 1782 4521 belle
1811 4464 2149 4535 rcSponderit
2175 4464 2497 4536 Cyprianus,
2527 4479 2632 4521 non
2671 4463 2872 4522 idcirco
2903 4473 3081 4528 tamen
3111 4465 3413 4524 traditionis
3446 4477 3632 4525 aucto-

310 4560 523 4615 ritatem
555 4559 853 4617 floccifecit.
883 4560 1152 4631 Nusquam
1182 4561 1432 4631 exprimit
1457 4569 1551 4615 aut
1579 4559 1708 4614 dicit
1755 4557 1899 4629 quod
1948 4557 1997 4613 ei
2023 4557 2209 4613 Simon
2243 4557 2549 4615 Goulartius
2578 4559 2632 4614 in
2663 4559 2802 4616 notis
2828 4560 2895 4615 ad
2945 4560 3118 4630 Epist.
3165 4576 3352 4627 Lutv,
3395 4570 3450 4618 et
3475 4563 3631 4620 multi

313 4654 402 4708 alii
432 4661 792 4724 protestantes
811 4653 1159 4720 affinxerunt,
1182 4653 1467 4708 i°omuem
1494 4652 1856 4723 evangelicum
1881 4659 1933 4706 et
1953 4651 2300 4722 apostolicam
2330 4651 2673 4708 traditionem
2704 4667 2824 4708 esse
2847 4653 3190 4724 quaerendam
3219 4655 3271 4711 in
3306 4655 3632 4733 Evangeliis,

313 4745 465 4802 Actis
483 4755 578 4802 aut
604 4746 898 4818 Epistolis;
926 4745 985 4800 2°
1007 4747 1186 4802 omnia
1217 4745 1304 4800 illa
1331 4761 1451 4817 quae
1470 4761 1576 4800 non
1600 4753 1825 4814 possunt
1855 4745 1905 4798 in
1934 4743 2017 4798 ltis
2043 4744 2194 4799 libris
2218 4744 2442 4814 reperiri
2471 4744 2761 4814 rejicienda
2789 4755 2842 4801 et
2859 4747 3250 4804 contemnenda
3273 4765 3420 4807 esse.

382 4839 501 4895 Non
547 4839 758 4896 videtur
785 4839 979 4896 ctelum
1027 4848 1168 4895 terra
1195 4839 1404 4909 longius
1433 4838 1650 4904 distare,
1705 4853 1864 4908 quam
1909 4833 2161 4908 Cypriani
2212 4837 2479 4894 sententia
2520 4837 2785 4907 ejusmodi
2842 4842 3184 4896 commentis.
3228 4841 3283 4897 1°
3310 4841 3389 4898 Ex
3415 4843 3533 4915 ejus
3565 4845 3633 4902 de

314 4931 570 4998 Ecclesia:
611 4930 984 4987 infallibilitate
1003 4931 1322 4987 testimoniis
1349 4946 1468 5000 qua:
1521 4944 1681 5000 supra
1711 4928 2012 4991 retulimus,
2045 4927 2275 4998 perspici
2305 4939 2481 4998 potest
2504 4943 2570 4984 an
2601 4929 2756 4984 aliam
2777 4928 2902 4985 fidei
2931 4933 3167 5003 regulam
3187 4949 3290 4988 non
3320 4935 3626 5004 admiserit,

316 5039 477 5096 quam
523 5023 814 5094 Scriptum
850 5032 1160 5079 contextum
1203 5037 1234 5077 a
1281 5021 1562 5076 traditione
1589 5029 1926 5091 separatum;
1955 5020 2014 5074 2°
2038 5021 2337 5092 Cyprianus
2382 5032 2436 5076 et
2480 5019 2822 5077 Firmilianus
2844 5037 3108 5096 nusquam
3159 5036 3456 5096 queruntur
3487 5029 3634 5099 quod

317 5113 658 5194 traditionem
689 5113 1015 5184 Stephanus,
1066 5122 1123 5169 ut
1150 5112 1271 5168 fidei
1300 5111 1560 5184 regulam,
1591 5121 1845 5183 opponat.
1876 5110 2133 5168 Fateatur
2162 5112 2300 5167 hanc
2328 5114 2663 5170 traditionem
2693 5113 2762 5170 de
2794 5115 3069 5187 Baptismo
3118 5117 3496 5174 haereticorum
3529 5137 3638 5178 non

320 5206 567 5265 iterando
613 5207 1004 5264 observandam
1026 5221 1166 5274 esse,
1208 5207 1253 5262 si
1283 5206 1350 5262 ab
1375 5205 1648 5276 Apostolis
1669 5214 1783 5261 orta
1841 5206 1944 5270 sit;
1989 5205 2082 5260 sed
2137 5216 2311 5260 ortam
2357 5209 2637 5278 negantab
2666 5209 2958 5279 Apostolis,
2986 5210 3109 5282 quia
3152 5210 3386 5266 lucretici
3413 5212 3503 5283 qui
3533 5214 3634 5270 sub

320 5304 592 5378 Apostplis
638 5302 870 5368 rediere,
919 5301 1032 5373 jam
1085 5302 1138 5357 in
1185 5300 1427 5357 Ecclesia
1475 5299 1726 5370 baptizati
1783 5299 1991 5355 fuerant
2043 5299 2205 5372 (Epp.
2261 5316 2419 5358 Lxxw
2445 5313 2498 5358 et
2543 5300 2724 5375 Lxxv).
2768 5305 2931 5360 Addit
2984 5305 3327 5363 Firmilianus
3363 5327 3381 5361 ‹
3416 5325 3511 5366 eos
3543 5307 3636 5381 qui

320 5396 506 5454 Roma:
531 5406 656 5454 sunt
682 5413 787 5453 non
819 5412 880 5453 ea
918 5397 970 5451 in
999 5395 1247 5452 omnibus
1276 5395 1471 5450 observ
1486 5409 1578 5450 are
1611 5409 1727 5464 qua:
1749 5395 1855 5448 sint
1880 5395 1948 5449 ab
1977 5394 2184 5465 origine
2207 5394 2420 5458 tradita,
2447 5396 2610 5451 veluti
2633 5398 2773 5451 circa
2802 5397 3150 5455 celebrandos
3177 5399 3294 5457 dies
3321 5401 3574 5468 Paschte;
3611 5420 3633 5456 ι

320 5509 385 5548 ex
417 5508 521 5564 quo
551 5492 707 5547 facile
730 5491 1046 5563 intelligitur
1067 5489 1192 5562 quid
1220 5489 1286 5545 de
1316 5488 1689 5544 traditionibus
1714 5503 1820 5543 non
1849 5487 2062 5557 scriptis
2089 5488 2316 5542 senserit
2345 5487 2706 5543 Firmilianus.
2741 5489 2797 5544 5°
2820 5489 3056 5559 Objecta:
3083 5493 3149 5547 ab
3176 5493 3500 5550 adversariis
3530 5503 3641 5548 tra-

320 5587 507 5643 ditioni
539 5587 700 5641 aliam
719 5587 938 5656 opponit
962 5586 1260 5657 Cyprianus
1286 5584 1466 5653 dcqua
1496 5599 1558 5637 ex
1592 5591 1815 5652 utraque
1837 5591 1985 5650 parte
2015 5581 2406 5638 conveniebat:
2445 5600 2464 5635 t
2498 5582 2604 5638 Nec
2627 5584 2904 5655 quisquam
2931 5583 3094 5650 dicat,
3130 5603 3144 5636 ι
3179 5585 3348 5655 inquit
3379 5589 3429 5642 in
3461 5587 3639 5657 Epist.

320 5679 390 5733 ad
419 5675 597 5733 Jubai.
625 5678 766 5748 (pag.
796 5675 940 5748 155),
979 5676 1151 5747 σιμιοά
1180 5677 1482 5746 accepimus
1512 5675 1578 5728 ab
1601 5675 1869 5744 Apostolis
1897 5674 1998 5730 hoc
2032 5674 2325 5746 sequimur,
2357 5674 2570 5746 quando
2613 5676 2856 5751 Apostoli
2891 5692 2994 5732 non
3022 5677 3119 5732 nisi
3149 5692 3308 5732 unam
3344 5679 3655 5741 Ecclesiam

338 5772 678 5852 tradiderunt
706 5781 759 5830 ct
789 5771 1055 5845 Baptisma
1086 5786 1269 5840 unum,
1321 5768 1463 5843 quod
1494 5785 1599 5825 non
1629 5768 1730 5826 nisi
1758 5768 1810 5827 in
1845 5768 2028 5828 eadem
2051 5768 2288 5830 Ecclesia
2317 5772 2384 5828 sit
2410 5769 2798 5845 coastitutum;
2827 5778 2881 5828 ct
2908 5772 3179 5832 neminem
3211 5775 3548 5851 inveniamus
3579 5775 3676 5850 ab
