4172 6264
587 307 657 367 se
2016 295 2402 357 PREFATIO.
3841 294 3936 356 45‘

583 426 883 501 Apostolis,
906 438 1027 486 cum
1056 424 1194 498 apud
1217 408 1499 480 haereticos
1524 420 1821 495 baptizatus
1839 427 2004 487 esset,
2034 419 2086 473 in
2104 415 2292 473 eodem
2309 414 2583 487 Baptismo
2606 395 2898 471 admissum
2920 422 3040 471 esse
3066 421 3119 470 et
3140 412 3589 482 communicasse,
3610 414 3928 473 utvidean—

584 531 672 580 tur
696 522 938 595 Apostoli
967 521 1225 591 baptisma
1250 517 1629 573 haereticorum
1654 514 1931 587 probasse.
1968 530 1988 565 ι
2021 509 2090 566 Et
2118 511 2170 565 in
2208 509 2375 579 Epist.
2411 524 2592 576 Lxxtv,
2618 522 2671 578 p.
2707 509 2802 564 Ml
2837 526 2850 562 :
2881 526 2901 561 ι
2933 507 3084 577 Quod
3107 516 3161 564 ct
3189 524 3332 564 nunc
3360 508 3536 565 facere
3565 518 3776 579 oportet
3806 511 3915 567 Dei

580 616 890 674 sacerdotes
914 621 1178 685 praecepta
1198 609 1381 666 divina
1409 617 1707 676 servantes,
1735 614 1805 663 ut‘
1840 606 1884 661 si
1915 604 1967 660 in
1998 604 2177 675 aliquo
2204 601 2473 658 nntaverit
2490 610 2546 658 et
2570 600 2898 657 vacillaverit
2921 601 3141 668 veritas,
3171 601 3239 656 ad
3267 601 3531 672 originem
3559 601 3908 660 Dominicam

580 716 637 766 et
674 708 739 764 ad
768 703 1129 776 evangelicam
1179 713 1341 775 atque
1397 701 1746 775 apostolicam
1780 697 2122 777 traditionem
2153 704 2507 762 revertamur,
2538 700 2591 749 et
2628 691 2753 749 inde
2772 701 2953 765 surgat
2979 702 3131 750 actus
3161 694 3327 750 nostri
3357 694 3494 749 ratio
3522 695 3663 752 unde
3688 705 3743 752 et
3768 695 3913 754 ordo

578 810 629 859 et
651 800 801 873 origo
844 800 1095 857 surrexit.
1144 797 1426 855 Traditum
1458 807 1542 854 est
1598 796 1742 854 enim
1772 794 1929 851 nobis
1957 791 2101 865 quod
2130 793 2195 847 sit
2229 806 2366 847 unus
2399 790 2540 845 Deus
2568 795 2622 844 et
2648 786 2894 844 Christus
2925 804 3082 858 unus,
3125 796 3179 845 et
3201 803 3304 843 una
3358 804 3482 859 spes
3525 797 3580 845 et
3608 788 3741 847 ﬁdes
3766 806 3907 855 una,

575 904 628 953 et
658 910 757 951 una
783 893 1022 950 Ecclesia
1049 893 1404 964 ctBaptisma
1428 906 1615 957 unum,
1647 910 1666 945 ι
1697 899 1801 946 etc.
1834 887 1891 944 4⁸
1919 886 2070 944 Adeo
2097 883 2397 957 Cyprianus
2426 893 2479 939 et
2500 881 2841 937 Firmilianus
2864 881 3203 938 traditionem
3227 897 3257 936 a
3284 881 3580 954 Scripturis
3601 900 3707 939 non
3729 883 3910 942 divel-

576 988 713 1056 lunt,
744 986 881 1044 adeo
901 985 1055 1044 nefas
1083 1000 1209 1043 esse
1234 984 1521 1042 dueuntab
1552 981 1809 1040 Ecclesiae
1834 978 2156 1037 auctoritate
2202 977 2254 1031 in
2283 972 2703 1047 interpretandis
2740 974 3027 1047 Scripturis
3072 974 3376 1043 discedere,
3422 984 3481 1030 ut
3510 975 3907 1035 haereticorum

573 1083 837 1155 baptisma
872 1081 1081 1138 irritum
1098 1093 1222 1137 esse
1261 1080 1365 1135 hoc
1392 1078 1554 1135 etiam
1599 1075 1915 1148 argumento
1965 1083 2221 1146 pugnent,
2254 1069 2395 1143 quod
2444 1066 2679 1125 haeretici
2706 1083 2901 1124 nomen
2926 1068 3100 1124 Patris
3126 1077 3180 1125 et
3220 1067 3341 1124 Filii
3367 1077 3422 1125 et
3451 1068 3683 1141 Spiritus
3708 1070 3905 1128 sancti

573 1186 733 1248 atque
759 1175 920 1231 etiam
947 1173 1091 1246 ipsas
1113 1172 1580 1243 interrogationes,
1605 1187 1625 1222 ι
1646 1166 1835 1225 Credis
1850 1165 2221 1223 remissionem
2239 1172 2582 1236 peccatorum
2599 1166 2651 1216 et
2671 1159 2830 1217 vitam
2858 1169 3114 1218 aeternam
3143 1174 3237 1229 per
3251 1170 3489 1219 sanctam
3510 1160 3834 1234 Ecclesiam,
3875 1182 3901 1221 ι

571 1267 728 1325 aliter
754 1280 820 1322 ac
843 1263 1088 1323 Ecclesia
1111 1263 1592 1335 interpretarentur
1621 1257 1697 1334 (p.
1730 1259 1855 1326 151,
1886 1255 2015 1326 145,
2038 1255 2187 1328 151).

642 1446 1306 1509 Vlla—conrnune“!
1352 1459 1455 1503 nos
1501 1455 1798 1502 CONPUNDIT
1853 1457 1899 1498 s.
1936 1452 2222 1498 CYPRIANUS
2250 1452 2289 1495 Cl

2250 1452 2357 1495 CUM
2398 1451 2731 1497 IMPOSITIONE
2756 1453 2976 1495 IANUUM
3007 1452 3058 1493 IN
3091 1451 3395 1495 IIERETICOS
3449 1452 3788 1500 REDEUNTES.
3814 1470 3895 1486 -·

1571 1549 2039 1595 CONFIRIIATIONEI
2067 1548 2230 1591 INTER
2249 1548 2593 1591 SACRAMENTA
2613 1548 2883 1591 NUNERAT.

653 1732 770 1794 Non
798 1734 931 1793 levis
956 1733 1045 1792 hic
1084 1732 1314 1807 qumstio
1334 1728 1673 1798 excutienda,
1696 1737 1875 1785 utrum
1903 1729 2200 1802 Cyprianus
2220 1741 2287 1785 eo
2316 1742 2500 1785 errore
2525 1727 2871 1798 laboraverit,
2899 1739 3058 1800 quem
3083 1727 3130 1786 ei
3148 1744 3178 1784 a
3204 1727 3389 1785 multis
3409 1727 3587 1802 attingi
3616 1730 3797 1800 video,
3827 1742 3893 1792 ut

569 1830 966 1903 impositionem
988 1827 1132 1883 illam
1159 1840 1414 1883 manuum
1465 1839 1626 1896 quam
1674 1822 1911 1879 haeretici
1950 1821 2234 1879 redeuntes
2255 1823 2502 1894 accipere
2530 1822 2797 1892 solebant,
2850 1822 3288 1879 Conﬁrmationis
3345 1833 3739 1882 sacramentum
3768 1843 3900 1886 esse

568 1921 833 1978 crederet.
861 1918 1070 1976 Eruditi
1099 1918 1202 1974 viri
1228 1916 1431 1974 Natalis
1454 1914 1757 1973 Alexander
1779 1913 2017 1987 (οἰκίη-ι.
2051 1929 2089 1969 ιι
2114 1914 2262 1987 διες.)
2294 1926 2349 1971 et
2367 1923 2552 1972 auctor
2582 1932 2734 1972 novae
2783 1914 3033 1972 editionis
3051 1915 3363 1972 Litterarum
3388 1934 3700 1973 sunmtorum
3732 1918 3893 1978 Pent.

568 2018 704 2075 scite
740 2016 817 2072 illi
847 2014 1061 2087 quidem
1087 2012 1457 2070 demonstrant
1485 2009 1879 2082 impositionem
1912 2025 2167 2066 manuutn
2198 2009 2251 2064 in
2280 2008 2560 2064 haereticos
2589 2009 2876 2065 redeuntes
2902 2009 3060 2081 longe
3086 2008 3286 2065 distare
3331 2023 3666 2067 sacramento
3689 2012 3898 2070 Conﬁr.

567 2112 853 2179 mationis;
881 2125 982 2167 nec
1013 2107 1344 2182 Stephanum
1371 2121 1561 2178 papam
1589 2104 2066 2162 Conﬁrmationem
2095 2104 2291 2160 iterare
2314 2103 2569 2169 voluisse,
2601 2118 2720 2159 cum
2753 2104 2885 2159 satis
2910 2117 3030 2159 esse
3057 2103 3411 2159 contenderet
3455 2119 3669 2160 manum
3710 2105 3891 2164 haere-

567 2207 689 2264 ticis
717 2204 1069 2262 redeuntibus
1092 2203 1389 2275 imponere,
1423 2211 1480 2257 ut
1508 2200 1816 2271 acciperent
1860 2198 2119 2271 Spiritum
2151 2208 2415 2254 sanetum.
2449 2197 2553 2254 Sed
2578 2197 2737 2254 iidem
2775 2197 3099 2271 Cyprianum
3124 2198 3435 2255 existimant
3454 2201 3889 2259 adversariorum

565 2298 888 2356 sententiam
909 2297 1085 2354 minus
1109 2294 1459 2360 intellexisse,
1482 2293 1666 2365 sicque
1692 2306 1814 2347 cum
1840 2291 1946 2347 illis
1973 2305 2260 2363 pugnasse,
2310 2292 2462 2362 quasi
2493 2288 2969 2348 Conﬁrmationem
3002 2292 3056 2347 in
3086 2291 3277 2349 haeresi
3304 2276 3577 2366 acceptam
3604 2297 3882 2353 itcrarent.
3925 2350 3936 2359 _

564 2392 918 2449 Proferuntur
937 2390 1194 2447 adversus
1212 2387 1539 2461 Cyprianum
1572 2387 1691 2442 haec
1715 2385 1884 2457 ipsius
1911 2384 2211 2441 testimonia
2243 2403 2256 2440 :
2296 2402 2317 2436 ι
2355 2384 2507 2453 Quod
2536 2386 2580 2441 si
2599 2385 2893 2442 secundum
2918 2402 3135 2459 pravam
3162 2385 3342 2454 ﬁdem,
3374 2390 3593 2461 i-inquit
3625 2391 3678 2446 in
3711 2392 3881 2463 Epist.

565 2487 634 2542 ad
657 2486 991 2555 Jubaianum,
1010 2500 1125 2557 pag.
1153 2485 1275 2549 151,
1309 2501 1328 2536 ι
1361 2482 1616 2554 baptizari
1645 2480 1835 2551 aliquis
1865 2479 1995 2536 foris
2023 2488 2076 2536 et
2105 2480 2386 2536 remissam
2416 2488 2757 2551 peccatorum
2785 2481 3046 2552 consequi
3081 2480 3285 2550 potuit,
3319 2483 3612 2539 secundum
3633 2486 3885 2542 eamdem

565 2580 725 2638 ﬁdem
752 2578 1005 2651 consequi
1032 2575 1288 2649 Spiritum
1305 2584 1544 2631 sanetum
1593 2573 1765 2646 potuit
1795 2587 1808 2626 :
1835 2580 1890 2628 et
1936 2588 2041 2628 non
2094 2581 2178 2628 est
2207 2587 2426 2630 necesse
2448 2573 2681 2629 venienti
2738 2590 2958 2631 manum
3013 2575 3235 2647 imponi,
3266 2586 3326 2630 ut
3355 2577 3605 2648 Spiritum
3634 2590 3879 2639 sanctum

563 2679 921 2747 consequatur
944 2676 999 2725 et
1023 2667 1280 2739 signetur.
1312 2666 1417 2721 Aut
1447 2674 1732 2735 utrumque
1758 2663 1900 2719 enim
1927 2662 2060 2720 ﬁdes
2089 2662 2215 2719 foris
2242 2664 2431 2735 potuit,
2463 2674 2554 2720 aut
2579 2675 2827 2722 neutrum
2853 2681 3043 2723 eorum
3075 2666 3165 2739 qtti
3189 2666 3316 2722 foris
3341 2666 3515 2724 fuerat
3562 2672 3806 2742 accepit;
3846 2690 3868 2726 ι

562 2764 928 2840 etpag.l56:
962 2782 983 2817 ι
1023 2761 1283 2835 Baptizari
1328 2775 1423 2817 eos
1470 2766 1685 2831 oportet
1710 2758 1800 2830 qui
1848 2756 1915 2813 de
1947 2756 2152 2845 ‘haeresi
2204 2756 2270 2813 ad
2319 2758 2611 2815 Ecclesiatn
2665 2759 2905 2827 veniunt,
2930 2767 2988 2815 ut
3013 2760 3102 2831 qui
3132 2759 3365 2831 legitimo
3395 2770 3449 2817 et
3476 2761 3635 2818 unico
3662 2773 3867 2822 sanctae

564 2860 824 2919 Ecclesiae
862 2858 1136 2931 Baptismo
1162 2855 1228 2912 ad
1281 2870 1507 2928 regnum
1557 2853 1652 2910 Dei
1691 2850 2098 2924 regeneratione
2143 2849 2320 2906 divina
2345 2858 2733 2922 praeparantur,
2763 2862 3106 2909 sacramento
3143 2861 3371 2924 utroque
3411 2867 3721 2923 nascantur,
3753 2859 3882 2928 quia

562 2951 823 3024 seriptum
850 2958 938 3008 est
962 2967 977 3004 :
1010 2947 1132 3006 Nisi
1180 2948 1294 3021 quis
1318 2957 1524 3003 renatus
1552 2946 1705 3018 fuerit
1734 2961 1797 3001 ex
1823 2960 1956 3014 aqua
2002 2954 2051 3001 et
2076 2944 2297 3015 Spiritu,
2321 2961 2422 3000 non
2451 2955 2612 3017 potest
2637 2946 2846 3002 introire
2866 2948 2919 3002 in
2939 2963 3150 3019 regnum
3187 2946 3287 3003 Dei
3312 2962 3332 3012 ;
3371 2967 3390 3003 ι
3421 2958 3477 3006 et
3526 2949 3579 3004 itt
3609 2950 3781 3021 Epist.
3814 2952 3885 3007 ad

564 3046 907 3119 Stephanum,
943 3060 1060 3116 pag.
1095 3042 1199 3098 128
1230 3059 1242 3096 :
1277 3059 1295 3094 ι
1329 3040 1480 3097 Tunc
1528 3040 1670 3096 enim
1692 3038 1905 3095 demum
1955 3039 2113 3109 plene
2141 3038 2464 3095 sanctiﬁcari
2491 3051 2692 3097 etesse
2720 3039 2809 3095 ﬁlii
2840 3040 2935 3097 Dei
2957 3050 3201 3126 possum,
3225 3046 3270 3098 si
3291 3054 3629 3102 sacramento
3652 3055 3884 3119 utroque

562 3152 872 3208 nascantur,
896 3154 1019 3195 eum
1071 3137 1331 3208 scriptum
1361 3135 1460 3191 sit:
1498 3132 1618 3190 Nisi
1661 3135 1772 3204 quis
1803 3142 2029 3198 renatus,
2060 3142 2162 3188 etc.
2202 3152 2221 3184 ι
2254 3131 2313 3186 lu
2342 3133 2584 3189 eamdem
2611 3133 2929 3190 sententiam
2964 3135 3198 3207 loquitur
3220 3135 3573 3195 Nemesiattus
3593 3154 3624 3194 a
3653 3138 3879 3196 Tubulis

564 3235 619 3290 in
644 3230 876 3288 concilio
922 3228 1330 3299 Carthaginensi
1364 3246 1378 3282 :
1414 3245 1435 3281 ι
1470 3226 1610 3282 Male
1629 3241 1758 3297 ergo
1796 3225 1896 3280 sibi
1924 3224 2138 3295 quidam
2169 3224 2606 3295 interpretantur,
2637 3227 2826 3298 inquit,
2861 3236 2919 3283 ιιι
2938 3228 3116 3283 dicant
3140 3229 3280 3301 quod
3303 3245 3401 3302 per
3428 3247 3619 3289 manus
3651 3235 3879 3305 imposi-

561 3329 762 3385 tionem
811 3324 1069 3398 Spiritum
1113 3332 1357 3379 sanctum
1394 3322 1659 3393 accipiant
1704 3327 1760 3375 et
1800 3319 1884 3376 sic
1929 3318 2277 3390 recipiantur,
2319 3334 2441 3375 cum
2472 3319 2814 3378 manifestum
2844 3322 2913 3379 sit
2937 3331 3164 3394 utroque
3191 3338 3530 3385 sacramento
3555 3326 3752 3385 debere
3782 3344 3881 3388 eos

562 3422 772 3481 renasci
795 3422 850 3477 in
881 3416 1121 3476 Ecclesia
1146 3415 1430 3475 catholica.
1472 3433 1493 3470 ι

636 3513 744 3570 Sed
772 3511 892 3569 haec
918 3510 1222 3567 testimonia
1254 3507 1504 3566 videntur
1529 3507 1784 3579 explicari
1810 3524 1990 3583 posse,
2038 3526 2139 3569 nec
2189 3509 2319 3567 mihi
2370 3510 2697 3583 persuadent
2741 3510 3067 3585 Cyprianum
3114 3514 3166 3570 in
3212 3530 3272 3572 re
3311 3523 3436 3572 ante
3476 3516 3661 3573 oculos
3705 3520 3878 3590 posita

567 3606 887 3666 oscitantem
915 3616 1149 3672 errasse,
1175 3616 1237 3658 ac
1262 3615 1352 3658 res
1377 3609 1565 3658 natura
1594 3610 1650 3658 et
1673 3608 1771 3659 usu
1791 3601 2047 3660 Ecclesiae
2071 3603 2209 3660 adeo
2233 3602 2517 3661 distinctas
2538 3604 2789 3676 opinione
2815 3605 3144 3664 confudisse.
3173 3607 3319 3665 lllius
3340 3620 3519 3666 autem
3551 3616 3872 3671 sententiam

562 3700 877 3761 certissimis
904 3696 1140 3769 vestigiis
1177 3696 1429 3769 indagare
1452 3695 1577 3753 licet
1601 3695 1653 3751 in
1682 3695 1854 3768 Epist.
1878 3697 1948 3753 ad
1972 3696 2217 3780 Quintum
2239 3699 2317 3771 (p.
2350 3698 2504 3773 1‘27),
2538 3699 2628 3756 ubi
2667 3701 2746 3757 sic
2773 3700 3039 3772 loquitur:
3074 3721 3095 3756 ι
3134 3703 3202 3759 Ει
3222 3703 3408 3762 dicunt
3430 3720 3491 3762 se
3515 3706 3569 3762 in
3597 3705 3698 3762 hoc
3728 3717 3877 3763 vetc-

562 3810 680 3854 rem
708 3790 1152 3850 consuetudinem
1181 3789 1334 3861 sequi
1361 3831 1377 3858 ,
1406 3788 1620 3861 quando
1648 3788 1788 3861 apud
1814 3797 2025 3847 veteres
2054 3790 2325 3848 haereseos
2353 3792 2521 3862 prima
2546 3791 2725 3849 adhuc
2766 3793 2965 3850 fuerint
3020 3796 3190 3865 initia,
3229 3806 3287 3852 ut
3323 3797 3378 3853 hi
3419 3798 3528 3854 illic
3570 3808 3752 3855 essent
3782 3800 3876 3872 qui

560 3889 631 3947 de
666 3886 906 3946 Ecclesia
946 3884 1270 3943 recedebant
1314 3892 1368 3940 et
1407 3882 1493 3940 hic
1535 3882 1786 3957 baptizati
1818 3886 1968 3957 prius
1996 3884 2248 3953 fuerant;
2272 3901 2407 3958 quos
2437 3896 2617 3943 tamen
2641 3887 2708 3945 ad
2735 3887 3033 3946 Ecclesium
3064 3900 3393 3949 revertentes
3413 3900 3469 3949 et
3499 3894 3870 3964 ptenitcntiam

562 3995 783 4058 agentes
811 4000 1033 4042 necesse
1062 4001 1168 4042 non
1198 3994 1313 4044 erat
1331 3984 1624 4057 baptizare.
1646 3982 1801 4054 Quod
1830 3998 1929 4039 nos
1957 3998 2168 4055 quoque
2194 3982 2356 4039 hodie
2400 3984 2774 4055 observamus,
2801 3994 2858 4041 ut
2888 4001 3024 4058 quos
3049 3994 3262 4044 constet
3287 3987 3375 4044 hic
3403 3987 3700 4060 baptizatos
3727 4004 3872 4061 esse,

562 4086 617 4136 et
645 4094 675 4133 a
709 4077 864 4134 nobis
892 4076 958 4132 ad
987 4075 1269 4134 haereticos
1300 4077 1575 4142 transisse,
1606 4077 1650 4132 si
1682 4073 2041 4147 postmodum,
2077 4084 2298 4146 peccato
2319 4089 2417 4131 suo
2444 4074 2657 4147 cognito
2685 4086 2739 4132 et
2760 4090 2951 4133 errore
2985 4076 3213 4150 digesto,
3246 4077 3314 4134 ad
3350 4079 3634 4136 veritatem
3665 4089 3718 4135 et
3749 4095 3870 4136 ma-

563 4177 751 4233 tricem
785 4173 1025 4242 redeant,
1052 4174 1182 4231 satis
1218 4174 1288 4230 sit
1327 4173 1382 4229 in
1421 4172 1786 4245 ptenitenliam
1816 4188 2031 4230 manum
2061 4174 2375 4248 imponere;
2408 4183 2484 4244 ut,
2514 4175 2656 4247 quia‘
2688 4176 2809 4233 ovis
2855 4175 3046 4246 fuerat,
3085 4179 3223 4237 hanc
3256 4195 3409 4238 ovem
3437 4182 3791 4240 abalienatam
3818 4196 3876 4243 et

562 4268 920 4328 errabundam
945 4268 999 4324 in
1022 4268 1162 4325 ovile
1189 4282 1344 4325 suum
1374 4277 1555 4340 pastor
1580 4267 1821 4339 recipiat.
1864 4286 1883 4321 ι
1913 4266 2032 4323 Νοιι
2062 4267 2115 4324 id
2145 4270 2320 4341 agitur
2342 4283 2504 4339 quam
2528 4277 2676 4327 recte
2705 4269 3003 4342 Cyprianus
3039 4272 3363 4331 adversariis
3389 4274 3732 4346 reSpondcat,
3767 4277 3868 4334 sed

561 4362 689 4436 quid
720 4361 1063 4435 respondeat.
1097 4360 1233 4418 Cum
1264 4361 1350 4417 isti
1382 4361 1766 4419 contenderent
1792 4361 2043 4418 traditum
2083 4362 2151 4417 ab
2176 4361 2470 4434 Apostolis,
2511 4378 2575 4419 ac
2599 4379 2813 4436 semper
2848 4366 2902 4421 in
2933 4367 3173 4424 Ecclesia
3201 4369 3542 4426 observatum
3580 4370 3777 4439 fuisse,
3815 4383 3872 4431 ιιι

560 4466 841 4531 acceptum
864 4458 915 4513 in
943 4455 1137 4513 haeresi
1167 4454 1433 4527 Baptisma
1464 4471 1571 4513 non
1602 4456 1847 4523 iteretur,
1879 4456 1974 4513 sed
2005 4456 2351 4517 redeuntibus
2387 4476 2514 4517 cum
2548 4461 2649 4518 hoc
2670 4461 2996 4533 Baptismate
3024 4463 3296 4522 haereticis
3348 4479 3539 4521 manus
3579 4475 3784 4523 tantum
3817 4467 3868 4525 in

561 4552 930 4625 paenitentiam
961 4551 1300 4622 imponatur;
1337 4549 1628 4622 respondet
1660 4548 1961 4623 Cyprianus
1992 4567 2097 4607 non
2132 4551 2403 4610 immerito
2427 4553 2555 4610 olim
2591 4553 2876 4612 haereticos
2902 4556 3019 4613 sine
3050 4556 3324 4628 Baptismo
3358 4568 3641 4630 susceptos
3671 4558 3864 4628 fuisse,

561 4648 685 4718 quia
706 4645 853 4719 prius
880 4644 1132 4717 baptizati
1159 4644 1211 4700 in
1239 4642 1481 4700 Ecclesia
1500 4642 1741 4710 fuerant;
1771 4657 1937 4715 seque
1961 4642 2103 4700 idem
2119 4643 2297 4702 facere
2324 4643 2621 4717 proﬁtetur,
2646 4654 2726 4715 ut,
2754 4647 2797 4702 si
2825 4662 2960 4718 quos
2980 4663 3046 4704 ex
3072 4646 3337 4705 haereticis
3355 4649 3410 4704 in
3437 4648 3677 4707 Ecclesia
3698 4651 3871 4723 bapti-

563 4739 697 4797 zatis
720 4741 998 4811 suscipiat,
1028 4753 1246 4797 manum
1277 4746 1483 4794 tantum
1511 4736 1566 4792 in
1590 4736 1957 4808 ptenitentiam
1990 4736 2249 4810 imponat.
2289 4737 2411 4796 Uno
2436 4739 2623 4808 verbo,
2661 4740 2909 4797 concedit
2941 4739 3264 4798 adversariis
3304 4739 3445 4799 hanc
3487 4744 3864 4802 haereticorum

560 4833 993 4908 recipiendorum
1013 4831 1481 4901 consuetudinem,
1521 4846 1682 4904 quam
1722 4838 1871 4888 tanto
1914 4830 2095 4889 studio
2132 4830 2510 4899 defendebant,
2548 4841 2603 4889 et
2639 4833 2767 4889 olim
2813 4844 3119 4906 usurpatam
3155 4832 3342 4901 fuisse,
3378 4844 3491 4892 era
3535 4837 3734 4909 seipse,
3778 4840 3870 4898 ubi

562 4928 692 5001 quid
721 4927 897 4986 simile
925 4926 1198 4995 inciderit,
1242 4925 1510 4998 usurpari.
1554 4924 1625 4981 At
1652 4939 1812 4981 nemo
1847 4923 2043 4980 dixerit
2069 4921 2396 4997 Cyprianum
2424 4924 2889 4984 conﬁrmationem
2919 4937 3011 4984 aut
3039 4926 3094 4983 in
3125 4926 3382 4984 Ecclesiae
3423 4929 3733 5000 primordiis
3762 4931 3867 4988 itc-

560 5029 737 5078 ratam
767 5019 1084 5086 credidisse,
1115 5026 1211 5074 aut
1250 5018 1451 5093 iterare
1474 5016 1731 5086 voluisse,
1757 5016 1968 5088 quoties
1999 5014 2269 5074 haereticis
2297 5018 2349 5073 in
2379 5018 2618 5074 Ecclesia
2646 5029 2773 5075 ante
2803 5019 3050 5076 haeresim
3080 5018 3364 5091 baptizatis
3394 5037 3585 5077 manus
3611 5024 3663 5078 in
3696 5023 3867 5094 poeni-

559 5116 788 5170 tentiam
817 5120 963 5169 esset
989 5110 1331 5183 imponenda.
1358 5109 1634 5167 Immerito
1660 5124 1790 5181 ergo
1818 5125 2074 5167 manuum
2100 5111 2152 5167 in
2179 5111 2463 5171 haereticos
2484 5112 2775 5172 redeuntes
2794 5115 3191 5187 impositionem
3213 5131 3335 5173 cum
3354 5126 3693 5174 sacramento
3717 5117 3863 5174 Con-

562 5207 878 5263 ﬁrntationis
901 5205 1211 5264 confudisse
1230 5212 1531 5263 accusatur.
1565 5204 1897 5262 Sententiam
1925 5205 2177 5280 Cypriani
2200 5207 2497 5266 Conﬁrmat
2525 5209 2579 5265 in
2601 5211 2832 5267 concilio
2860 5210 3268 5283 Cartltaginensi
3291 5213 3550 5270 Crescens
3578 5227 3609 5268 a
3640 5211 3824 5268 Cirtha
3842 5253 3860 5283 ,

564 5300 655 5374 qui
687 5300 1037 5372 baptizandos
1061 5306 1249 5358 censet
1267 5312 1458 5356 omnes
1477 5298 1546 5355 ab
1570 5297 1763 5355 haeresi
1786 5308 1857 5355 .et
1875 5299 2165 5358 schismate
2181 5301 2487 5371 redeuntes,
2526 5322 2546 5357 ι
2581 5303 2819 5376 exceptis
2840 5303 2924 5361 his
2949 5320 3080 5362 sane
3099 5306 3189 5378 qni
3227 5307 3279 5362 in
3311 5306 3553 5363 Ecclesia
3598 5306 3862 5364 catholica

563 5392 763 5451 fuerint
798 5401 921 5449 ante
940 5392 1214 5465 baptizati,
1232 5392 1305 5448 ita
1333 5400 1512 5448 tamen
1541 5402 1597 5446 ιιι
1624 5405 1719 5463 per
1744 5406 1933 5448 manus
1953 5392 2356 5465 impositionem
2386 5395 2439 5451 in
2466 5395 2836 5467 paenitentiam
2865 5394 3122 5454 Ecclesiae
3150 5398 3585 5456 reconcilientur.
3621 5418 3641 5453 ι
3701 5430 3718 5445 ο

634 5484 741 5543 Sed
758 5500 854 5542 cur
865 5485 1161 5559 Cyprianus
1186 5484 1417 5557 postulat
1440 5485 1600 5557 utqui
1619 5485 1669 5539 in
1689 5483 1878 5543 haeresi
1905 5484 2154 5558 baptizati
2177 5496 2319 5557 sunt,
2343 5486 2630 5546 redeuntes
2648 5488 2715 5544 ad
2738 5486 3063 5557 Ecclesiam,
3089 5510 3110 5545 ι
3136 5501 3364 5565 utroque
3379 5503 3718 5551 sacramento
3740 5508 3862 5551 uas-

560 5580 792 5641 cantur?
813 5597 833 5633 ι
868 5577 1006 5649 Quid
1036 5578 1181 5636 aliud
1207 5594 1328 5637 esse
1370 5586 1545 5671 potest
1578 5587 1863 5650 utrumque
1892 5578 2019 5635 illud
2051 5588 2466 5647 sacramentum,
2490 5582 2592 5638 nisi
2607 5580 2912 5654 Baptismus
2937 5592 2992 5640 et
3015 5583 3403 5642 Conﬁrmatio?
3436 5586 3560 5643 llaec
3574 5586 3860 5645 difﬁcultas

558 5676 694 5735 solvi
724 5684 944 5749 potest:
984 5691 1157 5749 neque
1192 5675 1338 5732 enim
1368 5684 1627 5746 repugnat
1647 5683 1705 5730 ut
1744 5674 2062 5747 Cyprianus,
2090 5690 2220 5732 ansa
2251 5676 2319 5734 ab
2337 5675 2661 5734 adversariis
2700 5690 2940 5749 accepta,
2984 5688 3382 5737 sacramentum
3420 5678 3857 5737 Conﬁrmationis

560 5767 855 5827 iterandum
875 5783 998 5826 esse
1033 5766 1399 5849 concluderet,
1433 5766 1676 5838 quamvis
1709 5764 1838 5822 illud
1868 5765 1936 5823 ab
1964 5765 2284 5823 adversariis
2314 5766 2498 5824 iterari
2530 5768 2752 5825 minime
2781 5772 3166 5844 suspicaretur.
3200 5773 3431 5829 Sanctus
3462 5772 3765 5843 Stephanus
3801 5782 3859 5833 et

559 5861 652 5941 qui
673 5861 741 5922 ab
762 5861 853 5921 illo
890 5862 1122 5935 stabant,
1148 5861 1249 5920 etsi
1268 5859 1532 5934 baptisma
1558 5859 1930 5918 haereticorum
1959 5869 2130 5919 ratum
2159 5860 2457 5932 habebant,
2494 5863 2791 5923 fatebantur
2821 5875 2997 5926 tamen
3037 5865 3292 5939 Spiritum
3340 5874 3582 5924 sanctum
3613 5865 3665 5922 in
3693 5865 3851 5938 ejrs.
