4172 6264
174 312 259 370 ιι
1642 304 2037 401 ΡΒΑΞΡΑτιο.
3276 392 3281 397 ¹
3438 310 3514 368 ts

178 428 352 486 modi
378 426 647 501 baptismo
671 437 781 483 non
804 425 1070 493 conferri;
1103 436 1167 482 ac
1189 424 1417 496 proinde
1440 423 1790 483 redeuntibus
1815 426 1883 482 ab
1906 422 2099 481 haeresi
2140 420 2500 481 necessarium
2531 431 2653 478 esse
2680 418 2826 477 aliud
2856 426 3272 490 sacramentum,
3301 427 3362 477 ut
3386 416 3513 493 Spi-

178 525 369 580 ritum
407 529 654 579 sanctum
696 521 1038 592 acciperent,
1082 534 1243 591 quem
1270 520 1323 575 in
1372 518 1566 576 haeresi
1604 519 1864 588 consequi
1903 533 2009 574 non
2035 523 2343 589 potuerant.
2385 516 2499 572 Hoc
2526 524 2705 572 autem
2744 523 3138 573 sacramentum
3167 523 3283 572 erat
3319 529 3513 572 manus

180 613 480 686 impositio
500 613 554 669 in
577 612 975 685 paenitentiam,
995 612 1109 668 sive
1130 620 1525 670 sacramentum
1548 610 1906 678 Pmnitentim,
1929 610 2093 681 quod,
2113 619 2251 666 teste
2270 609 2560 683 Cypriane,
2584 608 2843 681 Spiritum
2865 617 3109 666 sanctum
3130 609 3515 681 paenitentibus

178 707 436 766 confert;
467 706 603 762 Nam
629 707 772 763 inter
798 705 930 762 alias
959 720 1154 763 causas
1179 705 1375 778 quibus
1418 704 1683 761 adductus
1710 703 2010 775 Cyprianus
2040 718 2225 774 pacem
2255 702 2637 774 pmnitentibus
2667 713 3034 772 concesserat,
3058 704 3197 759 hanc
3216 711 3467 760 recenset
3493 719 3509 770 ;

180 799 350 869 quod
388 812 611 855 necesse
653 812 776 853 esse
813 796 1035 853 duxerit
1075 798 1413 868 paenitentes
1437 795 1505 852 ad
1544 795 1987 865 persecutionem.
2017 795 2386 852 sustinendam
2426 810 2752 867 praeparare,
2798 805 2853 852 et
2883 796 3115 868 Spiritus
3159 796 3330 853 sancti
3357 796 3515 853 donis
3560 844 3567 851 .

180 895 497 951 instruere.
532 913 551 946 ‹
595 891 820 962 Quando
844 900 1025 949 autem
1069 890 1376 965 (Dominus)
1407 890 1568 958 dicat,
1600 890 1793 962 inquit,
1826 889 1880 944 in
1910 888 2120 945 traditis
2148 898 2309 961 atque
2355 889 2410 945 in
2438 888 2777 947 confessione
2806 890 3039 946 nominis
3072 889 3378 946 constitutis
3405 890 3518 961 spi-

182 986 370 1044 ritum
392 984 570 1041 Patris
589 984 756 1056 loqui,
780 983 1053 1055 quomodo
1071 991 1250 1055 potest
1267 983 1333 1038 ad
1352 981 1745 1039 confessionem
1770 988 1988 1053 paratus
2024 990 2113 1037 aut
2135 981 2358 1038 idoneus
2383 982 2612 1039 inveniri
2637 982 2726 1052 qui
2758 997 2865 1037 non
2902 983 3072 1054 prius,
3101 997 3234 1053 pace
3259 990 3504 1053 accepta,

185 1078 473 1151 receperit
498 1078 759 1150 Spiritum
785 1076 981 1145 Patris,
1003 1077 1116 1149 qui,
1145 1076 1503 1134 corroborans
1533 1089 1716 1133 servos
1741 1089 1887 1141 suos,
1916 1073 2030 1146 ipse
2058 1074 2292 1145 loquitur
2320 1084 2374 1131 et
2402 1074 2686 1132 conﬁtetur
2715 1075 2768 1131 in
2793 1074 2950 1131 nobis
2969 1074 3093 1149 (Ep.
3127 1074 3286 1148 LIV).)
3316 1076 3521 1145 Quam-

185 1174 396 1231 obrem
427 1169 728 1243 Cyprianus
759 1208 776 1235 ,
826 1183 948 1224 cum
998 1168 1210 1225 videret
1236 1167 1572 1225 adversarios
1602 1182 1797 1240 negare
1834 1182 1971 1239 opus
2011 1182 2132 1224 esse
2161 1168 2435 1239 Baptismo
2471 1168 2740 1224 haereticis
2769 1168 3140 1237 redeuntibus,
3178 1170 3273 1226 sed
3315 1177 3520 1226 tantum

189 1282 402 1324 manus
428 1261 794 1337 impositione,
822 1273 883 1319 ut
924 1264 1234 1335 acciperent
1268 1262 1528 1334 Spiritum
1567 1273 1809 1319 sanctum
1834 1305 1849 1332 ,
1888 1262 2014 1319 inde
2061 1278 2247 1319 ansam
2290 1265 2584 1336 arripiebat
2624 1274 2683 1321 ut
2722 1265 2920 1337 duplex
2974 1265 3301 1324 sacramenti
3347 1282 3519 1336 genus

194 1359 480 1419 hareticis
519 1357 877 1415 redeuntibus
918 1371 1055 1430 opus
1092 1372 1216 1415 esse
1259 1366 1550 1427 statueret,
1601 1358 1831 1414 alterum
1859 1357 1926 1413 ad
1957 1366 2299 1428 peccatorum
2323 1359 2718 1430 remissionem,
2761 1361 2991 1417 alterum
3028 1361 3095 1416 ad
3144 1361 3518 1432 accipiendum

191 1455 465 1526 Spiritum
517 1460 788 1508 sanctum.
817 1449 878 1506 In
908 1466 1015 1522 quo
1044 1450 1258 1524 quidem
1288 1452 1584 1523 generatim
1610 1450 1938 1523 Cyprianum
1974 1451 2113 1507 inter
2139 1461 2194 1507 et
2230 1450 2568 1509 adversarios
2606 1453 2963 1510 conveniebat
2988 1453 3356 1510 necessarium
3395 1468 3520 1511 esse

193 1546 480 1605 han-elicis
537 1544 888 1602 redeuntibus
925 1543 1142 1614 aliquod
1177 1552 1606 1612 sacramentum,
1647 1553 1707 1599 ut
1742 1544 2050 1614 acciperent
2096 1544 2355 1614 Spiritum
2402 1555 2679 1614 sanctum;
2722 1546 2819 1602 sed
2851 1561 3073 1615 necesse
3111 1562 3219 1603 non
3252 1557 3371 1604 erat
3409 1547 3515 1604 hoc

196 1647 607 1695 sacramentum
635 1634 950 1693 nominatim
971 1634 1276 1708 designare.
1298 1634 1418 1691 Non
1443 1634 1673 1692 absimili
1699 1633 1858 1690 modo
1886 1634 2193 1692 Vincentius
2214 1650 2244 1690 a
2270 1635 2512 1704 Thiburi,
2537 1637 2591 1692 in
2618 1637 2849 1694 concilio
2867 1636 3297 1709 Carthaginensi,
3323 1654 3515 1695 assen-

204 1734 338 1790 titur
350 1732 673 1789 adversariis
686 1731 1044 1789 necessariam
1059 1746 1181 1789 esse
1200 1746 1453 1789 manuum
1469 1730 1866 1802 impositionem
1884 1748 1898 1799 ;
1918 1732 2012 1789 sed
2025 1746 2144 1788 eam
2161 1732 2315 1789 aliter
2328 1749 2391 1789 ac
2406 1734 2481 1790 illi
2496 1734 2879 1807 interpretatur
2898 1753 2912 1790 :
2951 1754 2970 1788 ι
2996 1736 3291 1794 [hereticos
3312 1738 3514 1793 scimus

203 1827 403 1899 inquit,
428 1829 646 1900 pejores
671 1841 792 1884 esse
819 1841 978 1898 quam
1003 1824 1317 1884 ethnicos...
1350 1826 1493 1898 Ergo
1530 1826 1705 1898 primo
1730 1839 1825 1897 per
1853 1839 2042 1883 manus
2078 1826 2474 1897 impositionem
2512 1828 2564 1882 in
2609 1830 2927 1895 exorcismo,
2959 1827 3197 1885 secundo
3249 1844 3345 1900 per
3370 1829 3511 1900 Bap-

208 1916 359 1974 tismi
387 1917 852 1989 regenerationem
876 1926 1001 1973 tunc
1028 1926 1251 1989 possunt
1274 1916 1341 1973 ad
1377 1916 1574 1974 Christi
1593 1917 2031 1989 pollicitationem
2068 1918 2276 1974 venire.
2314 1936 2334 1971 ι
2372 1918 2679 1974 Assentitur
2704 1919 3028 1977 adversariis
3088 1921 3403 1977 Vincentius
3444 1920 3515 1976 de

210 2024 407 2065 manus
438 2009 816 2079 impositione;
846 2007 943 2065 sed
980 2007 1054 2063 illi
1084 2022 1272 2064 manus
1301 2007 1699 2080 impositionem
1740 2010 1794 2065 in
1834 2008 2200 2081 paenitentiam
2241 2009 2634 2081 iutelligebant,
2676 2010 2781 2067 iste
2852 2012 2903 2067 in
2943 2012 3264 2069 exorcismo.
3298 2012 3516 2069 Minime

211 2120 347 2177 ergo
368 2105 570 2161 mirum
590 2103 637 2160 si
653 2103 921 2177 Cypriano
940 2118 1063 2159 cum
1085 2102 1407 2159 adversariis
1425 2102 1678 2161 convenit
1696 2102 1763 2159 de
1782 2110 2119 2160 sacramento
2141 2103 2207 2158 ad
2225 2101 2483 2174 Spiritum
2519 2112 2763 2160 sanctum
2778 2086 3161 2163 conferendum
3178 2106 3482 2163 necessario
3501 2147 3518 2176 ,

214 2202 469 2273 quamvis
500 2199 713 2270 utrique
734 2198 861 2253 illud
884 2207 1277 2254 sacramentum
1308 2196 1463 2253 aliter
1488 2196 1928 2268 interpretentur.

292 2292 372 2347 Ex
395 2292 482 2347 his
507 2300 684 2347 autem
715 2288 1037 2362 perspicitur
1075 2286 1551 2344 Conﬁrmationem
1578 2301 1792 2358 semper
1820 2287 1874 2342 in
1910 2286 2155 2344 Ecclesia
2193 2286 2504 2344 distinctum
2531 2302 2560 2342 a
2582 2287 2857 2358 Baptismo
2895 2285 3288 2345 sacramentum
3335 2289 3523 2348 fuisse.

221 2386 530 2457 Utrumque
555 2392 776 2441 vocatur
799 2388 1194 2439 sacramentum
1220 2389 1274 2437 et
1293 2380 1542 2437 diversos
1561 2380 1783 2436 sortitur
1802 2378 2055 2437 effectus:
2074 2380 2175 2437 etsi
2196 2380 2339 2437 enim
2366 2380 2419 2434 in
2454 2379 2727 2451 Baptismo
2747 2379 3005 2450 accipitur
3029 2380 3259 2451 Spiritus
3288 2391 3528 2452 sanctus,

224 2489 286 2536 ut
330 2488 414 2535 tot
454 2478 590 2539 locis
631 2475 929 2549 Cyprianus
972 2475 1244 2540 observat,
1289 2484 1467 2529 tamen
1510 2472 1779 2544 praecipue
1813 2472 2220 2528 Conﬁrmationi
2262 2470 2589 2539 attribuitur,
2623 2486 2742 2542 quae
2772 2470 2925 2527 novis
2951 2470 3211 2541 praesidiis
3235 2465 3295 2527 et
3320 2472 3524 2542 Spiritu

224 2575 401 2631 sancti
432 2573 588 2629 donis
611 2572 926 2629 corroborat
947 2586 1041 2628 eos
1058 2570 1147 2641 qui
1169 2569 1279 2640 jam
1308 2569 1361 2624 in
1390 2569 1664 2641 Baptismo
1685 2568 1955 2627 Christum
1984 2568 2288 2625 induerunt.
2314 2568 2451 2624 Hinc
2472 2566 2613 2624 idem
2635 2565 2957 2639 Cyprianus,
2985 2582 3108 2622 cum
3134 2567 3183 2624 ei
3210 2567 3537 2639 objiceretur

233 2689 256 2724 ι
278 2669 358 2724 eis
383 2666 479 2738 qui
509 2665 562 2722 in
593 2664 836 2722 Samaria
866 2663 1121 2735 baptizati
1150 2663 1378 2731 fuerant,
1427 2662 1836 2720 advenientibus
1880 2661 2155 2734 Apostolis
2182 2661 2344 2719 Petro
2381 2670 2437 2718 et
2462 2660 2700 2730 Joanne,
2730 2670 2934 2716 tantum
2968 2675 3188 2718 manum
3230 2661 3537 2732 impositam

229 2778 376 2829 esse,
395 2772 457 2818 ut
474 2763 750 2834 aciperent
766 2760 1021 2832 Spiritum
1049 2768 1321 2826 sanctum;
1356 2778 1375 2811 ι
1399 2760 1476 2814 sic
1499 2756 1787 2829 respondet
1815 2756 1869 2811 in
1897 2756 2136 2828 Epistula
2158 2755 2225 2809 ad
2251 2752 2601 2810 Jubaianum:
2630 2772 2650 2807 ι
2674 2752 2743 2808 Et
2762 2752 2984 2821 idcirco,
3012 2753 3187 2825 inquit
3212 2754 3354 2827 (pag.
3388 2754 3537 2826 152),

232 2856 357 2927 quia
385 2855 682 2925 legitimum
704 2862 758 2909 et
782 2851 1203 2909 ecclesiasticum
1222 2849 1551 2922 Baptismum
1582 2848 1858 2906 consecuti
1885 2846 2117 2916 fuerant,
2141 2846 2402 2918 baptizari
2423 2860 2519 2903 eos
2543 2846 2681 2902 ultra
2711 2862 2817 2902 non
2846 2846 3151 2917 oportebat,
3179 2847 3275 2904 sed
3303 2857 3537 2903 tantum-

229 2950 400 3011 modo
427 2949 570 3022 quod
597 2948 786 3005 deerat
812 2946 866 3005 id
897 2962 927 3002 a
957 2948 1123 3011 Petro,
1141 2954 1195 3002 et
1215 2946 1427 3003 Joanne
1459 2944 1657 3000 factum
1686 2952 1790 3007 est,
1818 2950 1879 2997 ut
1930 2941 2177 2997 oratione
2209 2955 2307 3011 pro
2332 2940 2412 2996 eis
2443 2940 2622 2996 habita
2651 2950 2708 2997 et
2736 2955 2898 2996 manu
2923 2939 3172 3011 imposita
3201 2942 3542 2997 invocaretur

232 3054 293 3102 et
333 3042 702 3100 infunderetur
753 3055 917 3112 super
964 3054 1058 3096 eos
1110 3037 1341 3110 Spiritus
1385 3044 1623 3093 sanctus.
1673 3032 1829 3103 Quod
1874 3047 2018 3088 nunc
2062 3046 2275 3103 quoque
2327 3032 2382 3086 in
2422 3031 2662 3088 Ecclesia
2709 3032 2913 3103 geritur
2940 3073 2954 3095 ,
2998 3039 3058 3086 ut
3113 3031 3202 3100 qui
3251 3033 3303 3086 in
3357 3031 3548 3088 Eccle-

235 3138 317 3197 sia
374 3136 735 3208 baptizantur,
784 3132 1091 3205 prmpositis
1136 3131 1396 3188 Ecclesia:
1444 3128 1738 3185 offerantur
1779 3135 1835 3183 et
1876 3142 1974 3198 per
2023 3133 2260 3181 nostram
2306 3123 2603 3180 orationem
2651 3138 2715 3179 ac
2763 3137 2956 3179 manus
3004 3124 3394 3195 impositionem
3421 3125 3547 3198 Spi-

238 3233 404 3290 ritum
456 3239 701 3286 sanctum
742 3234 1160 3298 consequantur,
1193 3232 1249 3281 et
1274 3223 1551 3295 signaculo
1581 3220 1860 3278 Dominico
1886 3225 2351 3276 consummentur.
2385 3237 2403 3270 ι
2456 3216 2587 3284 Quis
2637 3232 2705 3274 ex
2753 3215 2837 3272 his
2887 3231 2995 3271 non
3028 3217 3315 3288 perspiciat
3340 3218 3549 3276 Conﬁr-

236 3322 537 3381 mationem
560 3337 666 3378 non
692 3333 814 3377 esse
862 3316 1271 3390 appendiculam
1307 3314 1594 3387 quamdam
1632 3311 1913 3384 Baptismi,
1948 3310 2047 3367 sed
2089 3325 2277 3368 verum
2310 3318 2367 3366 et
2404 3308 2714 3364 distinctum
2753 3322 2781 3362 a
2812 3308 3087 3380 Baptismo
3131 3323 3548 3382 sacramentum,

238 3418 385 3491 quod
411 3433 441 3473 a
464 3418 706 3474 diaconis
728 3415 950 3472 omnino
975 3409 1337 3469 administrari
1360 3425 1466 3465 non
1484 3407 1674 3479 possit,
1701 3404 1951 3478 quodque
1970 3418 2080 3461 non
2108 3402 2175 3459 ad
2196 3401 2466 3459 exteriora
2490 3409 2693 3457 tantum
2715 3400 2857 3491 dona
2879 3401 3173 3471 pertineat,
3196 3402 3292 3459 sed
3315 3404 3552 3460 maxime

237 3480 307 3569 ad
336 3509 639 3584 augendam
666 3517 722 3565 et
750 3506 1006 3564 intentius
1038 3501 1400 3561 roborandam
1430 3499 1694 3573 Baptismi
1732 3498 1984 3571 gratiam,
2015 3498 2088 3552 ita
2116 3504 2177 3552 ut
2205 3504 2436 3567 utroque
2462 3502 2802 3551 sacramento
2820 3480 3042 3550 'i'enasci
3069 3494 3333 3551 dicamur.
3369 3496 3548 3567 Atque

236 3608 295 3666 id
314 3606 535 3679 quidem
563 3604 791 3660 miriﬁce
812 3601 1132 3659 conﬁrmant
1148 3598 1446 3670 Cyprianus
1466 3603 1522 3652 et
1541 3594 1633 3650 alii
1659 3591 1857 3650 Africae
1876 3590 2117 3663 episcopi
2143 3590 2194 3645 in
2218 3588 2446 3660 epistola
2471 3587 2539 3643 ad
2563 3587 2854 3644 Numidas:
2884 3607 2903 3641 ι
2932 3587 3069 3659 Ungi
3091 3603 3304 3659 quoque
3328 3604 3554 3647 necesse

240 3713 350 3767 est,
380 3701 647 3773 inquiunt,
678 3713 798 3754 eum
835 3695 928 3768 qui
952 3694 1250 3766 baptizatus
1289 3692 1379 3757 sit,
1410 3699 1490 3755 ut,
1524 3695 1746 3758 accepto
1774 3685 2088 3751 chrismate,
2114 3681 2167 3738 id
2192 3691 2276 3737 est
2302 3680 2576 3750 unctione,
2603 3695 2726 3737 esse
2751 3689 2946 3736 unctus
2974 3680 3069 3735 Dei
3095 3691 3150 3735 et
3176 3681 3377 3739 habere
3408 3683 3460 3736 in
3491 3697 3551 3739 se

241 3797 470 3868 gratiam
496 3793 697 3850 Christi
724 3791 912 3864 possit.
946 3808 965 3842 ι
998 3789 1130 3858 Quae
1159 3794 1455 3858 sequuntur
1480 3783 1654 3840 obiter
1695 3780 1964 3852 explicare
1983 3777 2240 3836 conabor.
2277 3794 2297 3868 ς
2333 3775 2505 3868 Porro
2530 3783 2708 3832 autem
2740 3773 3252 3868 Eucharistia.est,i
3292 3775 3543 3845 inquiunt

243 3864 407 3945 iidem
426 3884 686 3958 episc0pi,
713 3902 733 3936 ι
754 3881 896 3938 unde
916 3878 1168 3953 baptizati
1191 3885 1464 3948 unguntur
1489 3874 1611 3931 oleo
1642 3873 1698 3929 in
1727 3872 1883 3928 altari
1900 3871 2256 3927 sanctiﬁcata.
2275 3866 2625 3923 Sanetiﬁcare
2648 3877 2827 3923 autem
2855 3880 2961 3923 non
2992 3864 3167 3937 potuit
3193 3865 3304 3922 olei
3333 3877 3547 3924 creatu-

241 3997 362 4039 ram
388 3982 480 4054 qui
506 3994 608 4036 nec
634 3978 806 4033 altare
825 3974 1009 4032 habuit
1026 3988 1127 4030 nec
1147 3971 1453 4029 ecclesiam.
1476 3968 1632 4026 Unde
1653 3982 1752 4024 nec
1782 3960 1968 4023 unctio
1998 3963 2253 4035 spiritalis
2278 3961 2418 4033 apud
2443 3960 2729 4054 hmreticos
2749 3967 2928 4054 potest
2953 3972 3097 4054 esse,
3148 3958 3364 4030 quando
3411 3975 3543 4054 con-

240 4082 354 4134 stet
379 4049 557 4129 o‘leum
609 4066 933 4126 sanctiﬁcari
961 4068 1020 4122 et'
1043 4062 1435 4120 Eucharistiam
1465 4059 1579 4115 ﬁeri
1609 4057 1751 4129 apud
1801 4056 1923 4114 illos
1947 4055 2167 4112 omnino
2209 4068 2317 4108 non
2346 4065 2526 4122 posse.
2562 4067 2582 4102 ι
2609 4049 2823 4120 Optime
2866 4049 3011 4106 hunc
3038 4049 3215 4105 locum
3246 4051 3553 4107 emendavit

245 4165 518 4232 Baluzius,
548 4178 646 4235 pro
668 4176 735 4219 eo
760 4159 902 4234 quod
928 4156 1209 4230 legebatur
1232 4155 1285 4211 in
1311 4152 1546 4222 antiquis
1569 4149 1948 4216 editionibus,r
1974 4148 2149 4205 oleum
2177 4146 2231 4201 in
2258 4144 2410 4201 altari
2434 4141 2823 4235 sanctiﬁcatum
2843 4160 2906 4235 ;A)
2930 4142 3167 4235 velapud
3182 4142 3468 4200 Erasmum
3496 4154 3552 4200 ct

248 4233 814 4319 Pamelium—liberiori
830 4251 1161 4323 conjectura,
1201 4266 1221 4300 ι
1259 4243 1594 4303 Eucharistia
1624 4252 1679 4300 et
1702 4242 1843 4299 unde
1870 4239 2121 4313 baptizati
2148 4236 2620 4310 ungunturjoleum
2649 4234 2702 4288 in
2728 4233 2885 4290 altari
2908 4233 3295 4292 sanctiﬁcatur.
3334 4255 3353 4288 ι
3384 4235 3555 4291 Porro

249 4368 362 4411 non
382 4351 436 4408 id
456 4351 587 4408 dicit
614 4347 914 4422 Cyprianus
954 4342 1096 4416 quod
1137 4340 1207 4397 ab
1229 4355 1295 4397 eo
1317 4354 1412 4411 per
1438 4335 1807 4407 metaphoram
1838 4334 2042 4390 dictum
2072 4330 2383 4422 existimant
2412 4326 2675 4422 Rigaltius
2699 4334 2753 4422 et
2778 4325 2978 4395 Fellus,
3006 4325 3396 4422 Eucharistiam
3425 4342 3549 4383 esse

248 4448 432 4505 oleum
460 4458 567 4517 quo
594 4416 867 4513 un‘g'imur,
892 4435 989 4494 sed
1031 4434 1208 4506 potius
1260 4428 1654 4488 Eucharistiam
1684 4441 1807 4483 esse
1836 4425 1889 4481 id
1931 4427 2073 4481 unde
2111 4421 2292 4478 oleum
2320 4433 2427 4517 quo
2456 4417 2717 4517 baptizati
2747 4424 3040 4488 unguntur,
3070 4416 3556 4474 sanctiﬁcationem

250 4512 503 4607 deducit;
532 4535 656 4607 quia
678 4512 942 4590 videlicet
961 4528 1140 4586 oleum
1166 4529 1221 4584 in
1248 4524 1406 4582 altari
1435 4521 1879 4580 sanctiﬁcabatur
1905 4519 2046 4576 inter
2075 4518 2221 4589 ipsas
2241 4512 2488 4572 sacriﬁcii
2516 4525 2727 4583 preces.

256 4725 399 4785 VIII.
444 4755 514 4770 -—
540 4736 901 4782 PGNITENTLE
924 4729 1316 4777 sacnausn'ruu
1345 4728 1416 4769 ex
1443 4725 1490 4767 s.
1521 4720 1762 4765 CYPRIANI
1788 4716 2124 4761 'rss'rtnomrs
2151 4714 2598 4758 DEFENDITUR.—
2620 4709 2763 4768 quan
2790 4707 3152 4751 nscassanmu
3179 4708 3555 4768 Juntcavrzrur,

542 4837 687 4888 ριωι
715 4834 915 4878 SANC'I'E
944 4826 1320 4874 ADIINIS'I‘RARI
1344 4823 1611 4868 VOLUEBIT
1640 4818 1993 4862 OSTENDITUR.
2023 4831 2096 4843 --
2122 4813 2403 4856 NONNULLA
2431 4810 2601 4854 ILLIUS
2629 4807 2785 4849 ΜΕΤΑ
2808 4804 3204 4849 EXPLICAN'I‘UR.

332 5009 468 5069 Illud
496 5009 658 5067 etiam
707 5020 774 5063 ex
804 4998 1128 5061 testimoniis
1167 4992 1341 5052 allatis
1383 4989 1540 5047 facile
1582 4985 1906 5060 perspicitur
1946 4979 2329 5040 Paenitentiam
2372 4978 2512 5033 inter
2555 4973 2816 5069 Ecclesiae
2844 4980 3182 5069 sacramenta
3220 4983 3563 5069 numeratam

254 5064 468 5172 fui—5;:
495 5064 760 5176 siquidem
800 5093 1124 5171 generatim,
1174 5099 1233 5146 ut
1272 5085 1526 5156 diximus,
1563 5082 1704 5176 inter
1732 5077 2076 5176 Cyprianum.
2099 5072 2325 5176 ejusque
2362 5067 2696 5176 adversarios
2722 5064 3075 5176 cpnveniebat
3111 5065 3487 5176 Emnitentiam
3511 5078 3567 5175 et

258 5157 735 5256 aenigma-tionem
756 5157 879 5250 esse
899 5157 1267 5246 sacramenta:
1296 5177 1436 5236 unde
1463 5174 1738 5245 conceptis
1758 5171 1940 5228 verbis
1960 5167 2201 5226 declarat
2218 5164 2544 5256 Cyprianus,
2571 5161 2812 5256 ut‘modo
2837 5160 3088 5225 vidimus,
3111 5158 3367 5231 Spiritum
3388 5157 3566 5256 Patris

260 5252 677 5349 infreni—tentia
700 5289 1038 5342 sacramento
1066 5273 1274 5333 donari.
1298 5269 1373 5329 Ut
1398 5267 1730 5339 Baptismum
1759 5258 2184 5327 catechumenis,
2214 5256 2292 5312 sic
2311 5254 2476 5326 lapsis
2500 5252 2972 5356 absolutionemct
2989 5264 3173 5321 pacem
3199 5252 3564 5356 necessariam

559 5344 899 5456 Cyprianus:
931 5388 1077 5439 nam,
1113 5384 1234 5427 cum
1262 5366 1437 5422 latens
1465 5362 1519 5418 in
1541 5373 1757 5417 secessu
1778 5354 1987 5459 videret
2007 5366 2067 5409 se
2093 5366 2217 5459 non.
2232 5357 2340 5403 tam
2370 5349 2479 5459 citjo.
2504 5345 2802 5459 rediturum
2825 5344 3563 5459 egamnzista't‘emﬂcfepifse,

264 5434 1122 5556 inﬁrmitatibus
1174 5459 1405 5518 assiduis
1451 5464 1507 5513 et
1552 5452 1805 5527 gravibus
1844 5446 2158 5512 infestatur,
2202 5450 2311 5497 tam
2358 5438 2694 5556 audientibus
2750 5449 2924 5556 quam.
2963 5434 3141 5556 lapsi:
3172 5434 3568 5556 providen|dum

264 5525 874 5638 gentmuffufnéc
895 5560 1054 5634 primi
1093 5557 1209 5613 sine
1267 5525 1577 5623 Baptismo,
1626 5559 1727 5602 nec
1757 5540 1893 5614 lapsi
1944 5540 2061 5595 sine
2098 5549 2230 5607 pace
2253 5539 2612 5638 morerentt'ir.
2642 5527 2799 5584 Tanti
2824 5525 3054 5638 faciebat
3101 5525 3569 5638 Cypriajnuslianc

264 5618 642 5728 Eligis};
669 5618 868 5717 aeu—eu
892 5618 988 5727 im
1022 5618 1565 5708 sacerdotes-factam
1593 5639 1715 5714 (sic
1740 5637 1887 5707 enim
1916 5636 2032 5708 ipse
2056 5629 2288 5729 appellat
2312 5618 3034 5729 lib."de_LaP8-_Pag-.19_i.)3
3057 5619 3354 5729 ntemnas
3376 5620 3568 5729 iliaca;
3667 5696 3674 5703 ,

264 5712 1046 5822 iarci—ano'drelatcusi
1069 5740 1364 5798 admissum
1386 5712 1617 5808 putaret,
1639 5729 1783 5804 quod
1798 5730 1966 5800 ipsius
1988 5724 2144 5795 culpa
2161 5730 2224 5822 et
2234 5717 2558 5822 crudelitate
2583 5713 2751 5822 inulti-
2761 5729 2829 5773 ex
2842 5712 3241 5822 fratribus‘sine
3262 5726 3395 5783 pace
3413 5714 3574 5822 armis

262 5807 942 5932 superioribuswobiissent
975 5838 1099 5911 (Ep.
1145 5830 1331 5904 cxvu).
1365 5807 1540 5902 Atque
1569 5826 1684 5885 haec
1725 5837 1888 5883 causa
1930 5826 2176 5883 sanctum
2205 5813 2492 5890 Martyrem
2535 5807 2759 5870 adduxit
2804 5816 2882 5879 ut,
2923 5807 3157 5866 instante
3198 5807 3576 5877 persecutione

712 5962 775 6027 S.
821 5957 1164 6024 Cyrnum.
1211 5950 1319 6016 IV.
3009 6002 3012 6006 λ
3220 5919 3263 5985 2
