4200 6262
619 315 693 374 65
2090 303 2278 363 PM!

2270 302 2485 364 B‘A'IIO.
3853 305 3929 371 44

621 426 761 484 Galli
790 434 846 484 α
869 424 1167 491 Volusiani,
1221 423 1404 494 lapsos
1436 423 1538 479 sub
1578 422 1760 490 Decio,
1787 423 1881 495 qui
1920 425 2291 495 penitentiam
2312 439 2476 497 agere
2501 439 2532 479 a
2561 423 2738 495 primo
2784 422 2969 494 lapsus
2990 423 3084 481 die
3110 437 3220 480 non
3263 423 3611 495 destiterant,
3642 426 3709 482 ad
3738 440 3927 497 pacem

623 522 954 579 admitteret.
988 519 1122 574 Eum
1153 516 1300 573 enim
1330 516 1582 572 Monetam
1606 516 1674 572 ad
1701 515 2096 574 confessionem
2125 516 2327 573 Christi
2356 516 2593 573 futurum
2624 531 2734 573 non
2763 517 2982 586 putabat
3004 517 3095 588 qui
3128 533 3234 572 non
3260 518 3429 588 prius.
3465 534 3593 589 pace
3616 534 3648 574 a
3675 521 3926 577 sacerdo-

624 613 774 671 tibus
796 619 1034 682 accepta,
1061 608 1318 680 Spiritum
1344 608 1519 665 Patris
1540 608 1863 679 recepisset;
1884 618 1993 664 tum
2006 624 2139 665 vero
2157 609 2532 677 metuebatnc,
2548 610 2593 664 si
2610 610 2750 679 quis,
2766 608 2972 664 relictis
2989 609 3262 675 euntibus,
3284 609 3498 681 fugiens
3524 619 3581 667 et
3606 611 3660 667 in
3684 613 3928 669 tenebris

627 716 793 777 atque
839 706 893 761 in
938 702 1230 761 solitudine
1253 703 1579 760 «institutus
1621 702 1674 758 in
1702 702 1942 759 latrones
1970 702 2109 758 forte
2137 702 2475 771 incurrisset,
2520 714 2611 757 aut
2636 702 2688 757 in
2710 700 2952 758 febribus
2977 710 3034 757 et
3074 703 3128 757 in
3155 703 3410 773 languore
3433 704 3776 770 decessisset,
3828 704 3930 761 sibi

625 801 981 871 imputaretur
1020 798 1165 869 quid
1215 806 1326 854 tam
1362 798 1534 853 bonus
1575 796 1735 854 miles
1782 799 1902 854 sine
1931 812 2063 868 pace
2089 798 2286 853 etsine
2311 797 2798 852 communicatione
2833 794 3160 852 decessisset
3198 796 3343 869 (Ep.
3374 797 3515 869 ων).
3564 798 3644 852 Ex
3675 798 3759 853 bis
3788 807 3935 868 patet

618 907 779 964 quam
795 906 984 962 parum
1000 906 1100 949 eos
1122 891 1309 948 salutis
1326 905 1455 947 cura
1479 890 1730 951 sollicitet
1752 890 1845 961 qui
1866 890 1971 945 boc
1998 900 2393 966 sacramentum
2415 889 2793 956 floccifaciunt,
2815 898 2872 945 et
2894 904 2963 944 ex
2979 899 3440 947 sacramentorum
3459 890 3582 946 albo
3600 900 3931 962 cxpungnnt,

619 1000 728 1059 quo
766 985 815 1041 si
869 984 991 1056 quis
1014 1000 1079 1041 ex
1106 985 1270 1055 lapsis
1295 983 1425 1039 olim
1469 983 1754 1049 caruisset,
1782 998 1890 1038 non
1918 998 1987 1038 ex
2027 983 2092 1037 iis
2136 983 2313 1038 solum
2338 996 2566 1052 quorum
2592 980 2768 1036 adbue
2815 980 3029 1036 infirma
3072 982 3242 1038 virtus
3266 992 3403 1051 erat,
3458 983 3556 1041 sed
3583 998 3650 1038 ex
3676 983 3741 1039 iis
3770 985 3934 1041 etiam

630 1092 863 1151 quorum
885 1078 1117 1150 perlecta
1143 1077 1378 1137 cbaritas
1406 1077 1657 1133 omnibus
1676 1076 1839 1132 rebus
1868 1091 1966 1147 pro
1995 1075 2211 1133 Cbristo
2234 1076 2551 1148 abjiciendis
2573 1077 2836 1139 elucebat,
2859 1074 3114 1130 damnum
3143 1074 3345 1146 grande
3368 1074 3539 1130 visum
3567 1075 3776 1131 fuisset.

684 1171 968 1229 Confessio
1012 1182 1357 1242 peccatorum
1385 1186 1414 1224 a
1452 1170 1722 1242 Cypriane
1749 1171 2063 1224 vendicatur
2090 1179 2149 1224 ut
2190 1184 2313 1240 pars
2343 1169 2667 1226 sacramenti
2706 1167 2931 1224 omnino
2961 1168 3263 1223 necessaria
3301 1178 3356 1223 et
3386 1184 3417 1222 a
3446 1168 3559 1225 Deo
3579 1170 3932 1241 praescripta;

628 1267 877 1321 bortatur
921 1265 1101 1335 lapsos
1130 1274 1188 1320 ut
1219 1282 1238 1317 ι
1271 1263 1462 1334 singuli
1492 1261 1850 1318 confiteantur
1887 1262 2144 1319 delictum
2174 1278 2354 1330 suum,
2384 1265 2513 1318 dum
2549 1262 2727 1318 adhuc
2746 1263 2834 1334 qui
2861 1262 3091 1334 deliquit
3120 1262 3172 1318 in
3210 1262 3541 1331 seculo-est,
3568 1263 3698 1319 dum
3727 1244 3934 1322 admitti

626 1359 901 1416 confessio
918 1360 1041 1428 ejus
1067 1365 1264 1428 potest,
1292 1357 1420 1439 dum
1464 1356 1762 1413 satisfactio
1789 1365 1847 1412 et
1878 1355 2129 1412 remissio
2156 1357 2290 1412 facta
2317 1373 2415 1428 per
2439 1357 2750 1413 sacerdotes
2773 1356 2915 1428 apud
2945 1357 3110 1413 Deum
3136 1366 3287 1429 grata
3333 1367 3417 1413 est
3439 1377 3459 1410 ο
3486 1349 3620 1429 (lib.
3654 1359 3718 1415 de
3741 1359 3931 1434 Laps.,

628 1469 682 1525 ι).
706 1454 803 1510 191
827 1459 866 1523 l.
889 1452 1082 1509 Narrat
1097 1453 1151 1508 in
1182 1450 1373 1507 eodem
1392 1450 1529 1506 libro
1550 1450 1769 1506 ultionis
1793 1450 1991 1505 divina:
2016 1450 2273 1506 miracula
2300 1451 2354 1505 in
2381 1465 2476 1506 eos
2496 1466 2666 1521 nuper
2689 1450 2831 1506 edita
2871 1450 2959 1520 qui
2986 1459 3200 1519 peccata
3225 1450 3436 1506 occulta
3466 1451 3809 1508 sacerdotum
3838 1470 3934 1512 co-

632 1547 862 1619 gnitioni
916 1546 1318 1610 subtraxerant;
1356 1544 1564 1600 etiamsi
1608 1544 1788 1600 scelus
1810 1544 2135 1614 cogitatione
2158 1544 2274 1599 sola
2306 1553 2615 1614 susceptum
2642 1545 2731 1609 sit,
2780 1542 2831 1598 id
2862 1536 3232 1599 sacerdotibus
3255 1543 3634 1600 declarandum
3676 1558 3731 1601 et
3759 1546 3935 1603 confl~

635 1639 859 1696 tendum
872 1638 1054 1697 docet.
1088 1657 1110 1692 ε
1136 1638 1377 1708 Denique
1403 1646 1604 1707 quanto
1628 1647 1682 1693 et
1695 1637 1800 1692 fide
1815 1636 2066 1707 majores,
2093 1638 2263 1709 inquit
2284 1638 2361 1711 (p.
2382 1637 2528 1709 190),
2547 1648 2600 1693 et
2628 1637 2818 1694 timore
2841 1638 3091 1695 meliores
3117 1639 3373 1710 suntqui,
3400 1640 3646 1710 quamvis
3664 1642 3817 1696 nullo
3839 1656 3933 1697 sa-

632 1733 821 1791 crificii
851 1741 945 1788 aut
973 1732 1139 1788 libelli
1170 1730 1406 1788 facinore
1421 1729 1718 1797 constricti,
1751 1729 2002 1800 quoniam
2033 1739 2209 1785 tamen
2244 1730 2312 1785 de
2346 1731 2445 1785 hoc
2472 1730 2553 1785 vel
2579 1729 2968 1801 cogitaverunt,
2994 1729 3097 1786 hoc
3122 1730 3297 1800 ipsum
3326 1729 3465 1800 apud
3491 1729 3801 1786 sacerdotes
3831 1732 3928 1788 Dei

626 1828 875 1885 dolenter
901 1835 956 1882 et
979 1824 1302 1894 simpliciter
1329 1822 1676 1890 confitentur,
1696 1823 2100 1893 eamnologcsin
2126 1823 2469 1879 conscientia:
2503 1822 2725 1889 faciunt,
2752 1824 2918 1878 animi
2946 1824 3031 1878 sui
3062 1822 3270 1892 pondus
3286 1832 3594 1901 exponunt,
3628 1825 3923 1882 Salutarem

621 1920 884 1978 medelam
910 1917 1090 1988 parvis
1117 1918 1239 1973 licet
1264 1926 1320 1971 et
1340 1914 1565 1971 modicis
1592 1914 1899 1970 vulneribus
1918 1917 2230 1985 exquirunt,
2257 1916 2488 1971 scientes
2519 1917 2773 1985 scriptum
2795 1929 2916 1971 esse
2940 1932 2954 1968 :
2976 1914 3116 1971 Deus
3140 1932 3240 1970 non
3260 1915 3522 1969 irridetur.
3539 1936 3559 1969 ι
3595 1915 3759 1971 Miror
3779 1933 3930 1973 auc-

514 2047 525 2056 -
626 2024 801 2072 torem
826 2012 1078 2069 editionis
1101 2009 1424 2067 Osoniensis
1449 2022 1675 2078 negasse
1701 2024 1767 2063 ex
1790 2006 1895 2062 hoc
1915 2008 2034 2063 loco
2058 2007 2456 2064 confessionem
2479 2007 2835 2064 auricularcm
2859 2009 3138 2079 consequi.
3171 2008 3479 2076 Quinetiam
3502 2010 3786 2064 sententia:
3811 2025 3925 2065 sum

623 2118 814 2167 testem
836 2108 965 2165 citat
980 2087 1326 2163 lambcrtmn
1347 2121 1360 2158 :
1382 2100 1826 2158 «Eruditissimus
1844 2100 2167 2171 Lombertus
2181 2121 2201 2154 ι
2228 2102 2399 2173 inquit
2424 2102 2477 2156 in
2511 2111 2636 2155 nota
2662 2101 2730 2156 ad
2748 2100 2893 2156 hunc
2908 2100 3107 2167 locum,
3138 2119 3156 2152 ι
3170 2109 3313 2157 recte
3334 2100 3459 2157 hinc
3475 2101 3677 2173 colligit
3696 2102 3922 2157 crimina

605 2212 815 2259 secreta
843 2201 1178 2259 confessione
1201 2210 1256 2256 et
1280 2201 1588 2269 poenitentia
1606 2199 1745 2269 apud
1774 2199 1939 2254 Deum
1967 2199 2250 2271 expianda,
2304 2214 2405 2255 nec
2426 2198 2781 2255 auricularem
2809 2197 3227 2263 confessionem.
3256 2196 3402 2268 quod
3428 2197 3593 2252 voluit
3620 2198 3915 2268 Pamelius,

602 2297 798 2353 exinde
825 2294 1072 2352 confici»
1106 2297 1177 2351 At
1200 2293 1443 2363 profecto
1476 2293 1771 2349 Parnelium
1799 2293 1941 2350 inter
1966 2302 2022 2350 et
2058 2294 2405 2350 Lombertum
2433 2294 2660 2350 mirifice
2703 2294 2975 2361 convenit,
3026 2288 3091 2349 ac
3119 2293 3334 2349 disertis
3380 2294 3558 2350 verbis
3602 2294 3922 2351 Lombcﬂus

602 2400 933 2449 secretarum
981 2388 1364 2461 cogitationum
1403 2386 1802 2445 confessionem
1850 2387 2226 2445 sacerdotibus
2266 2388 2462 2443 factam
2508 2387 2674 2444 fuisse
2697 2388 2953 2465 declarat.
3004 2386 3115 2442 Nec
3140 2403 3272 2443 sane
3317 2403 3383 2443 ex
3441 2387 3621 2443 verbis
3665 2374 3925 2459 Cypriani

600 2481 745 2538 aliud
778 2481 898 2537 erui
928 2488 1121 2551 potest.
1182 2478 1340 2545 Nam,
1376 2494 1501 2537 cum
1528 2487 1738 2535 contest
1801 2480 2193 2536 confessionem
2226 2480 2563 2536 occultorum
2594 2481 2879 2535 criminum
2931 2479 3141 2551 publice
3193 2489 3248 2535 et
3285 2480 3530 2535 omnibus
3581 2480 3923 2536 audientibus

602 2571 798 2629 factam
834 2582 933 2628 aut
961 2572 1151 2627 saltem
1184 2571 1546 2641 praescriptam
1574 2585 1681 2625 non
1710 2568 1908 2636 fuisse,
1932 2571 2055 2627 luce
2091 2571 2291 2628 clarius
2314 2580 2398 2627 est
2422 2586 2519 2627 eos
2538 2570 2631 2642 qui
2667 2571 3021 2642 cogitationes
3049 2570 3217 2626 malas
3262 2570 3401 2641 apud
3428 2572 3741 2627 sacerdotes
3790 2587 3923 2628 con-

611 2667 921 2732 fitebantur,
946 2665 1038 2737 qui
1060 2663 1460 2735 exontologesin
1496 2663 1845 2725 conscientia
1868 2662 2158 2729 faciebant,
2182 2664 2272 2734 qui
2300 2664 2463 2719 animi
2492 2665 2576 2719 sui
2606 2663 2816 2735 pondus
2838 2663 3201 2733 exponebant,
3226 2673 3282 2719 et
3309 2664 3617 2719 vulneribus
3651 2664 3922 2722 medelam

606 2759 977 2832 exquirebant,
1028 2765 1248 2827 petitante
1290 2769 1391 2811 sua
1414 2755 1635 2811 auribus
1656 2753 1882 2825 alicujus
1919 2755 2217 2811 sacerdotis
2238 2755 2577 2827 deposuisse.
2626 2756 2893 2811 Praeterea
2920 2756 3103 2827 negari
3146 2770 3252 2811 non
3282 2765 3457 2826 potest
3484 2757 3923 2816 circumstantias

605 2869 793 2910 omnes
822 2854 877 2907 in
903 2850 1220 2922 pta-nitentia
1248 2848 1594 2921 imponenda,
1628 2836 1899 2920 tamquam
1940 2848 2174 2905 aurificis
2198 2858 2419 2917 statera,
2447 2849 2782 2905 esaminatas
2809 2848 3007 2913 fuisse;
3039 2846 3089 2902 id
3132 2848 3333 2904 diserte
3360 2858 3588 2904 testatur
3614 2849 3922 2921 Cyprianus

610 2963 650 3003 n
672 2946 846 3018 Epist.
867 2961 957 3001 ut.
977 2944 1048 3002 At
1062 2942 1337 3015 quomodo
1358 2941 1667 3017 sacerdotes
1684 2942 2096 3000 convenientem
2122 2943 2321 3015 cuique
2348 2942 2716 3013 penitentiam
2735 2942 2804 2998 ob
2826 2941 3039 2997 occulta
3064 2951 3275 3011 peccata
3302 2942 3602 3011 potuissent
3618 2945 3921 3016 imponere,

594 3039 698 3095 nisi
718 3037 827 3093 ilﬁs
847 3036 982 3107 lapsi
1002 3034 1346 3092 comitanti:
1375 3049 1487 3090 sum
1521 3033 1868 3105 inspiciendas
1890 3035 2101 3105 copiam
2123 3032 2422 3091 fecissent?
2450 3033 2512 3093 In
2532 3050 2647 3106 quo
2695 3034 2911 3105 quidem
2955 3034 3354 3089 observandum
3408 3043 3490 3090 est
3538 3036 3679 3091 hanc
3712 3040 3923 3109 cogita-

598 3133 807 3188 tionum
830 3130 1229 3187 confessionem
1270 3144 1381 3183 non
1409 3128 1608 3185 eximio
1640 3128 1877 3199 quodam
1905 3138 1958 3185 et
1998 3144 2106 3184 non
2151 3129 2468 3198 praescripto
2499 3128 2712 3198 pietatis
2751 3126 2963 3196 ardore,
2990 3126 3084 3182 sed
3115 3127 3442 3198 adimplendi
3470 3132 3724 3201 ιιι-κοθμί
3750 3130 3920 3190 divini

594 3226 915 3283 necessitate
932 3223 1229 3285 contineri;
1264 3240 1285 3273 ι
1309 3222 1539 3278 scientes
1566 3223 1824 3291 scriptum
1851 3237 1998 3288 esse,
2032 3222 2110 3276 ait
2132 3220 2466 3292 Cyprianus:
2503 3220 2642 3275 Deus
2666 3237 2770 3275 non
2794 3221 3055 3275 iniciatur.
3084 3240 3104 3273 ι

679 3320 801 3390 Quo
818 3319 1059 3373 sanctior
1084 3324 1204 3371 erat
1222 3315 1549 3386 Cyprianus,
1589 3331 1656 3372 eo
1682 3317 2058 3373 vehementius
2086 3320 2227 3373 cavit
2250 3334 2319 3374 ne
2346 3330 2743 3375 sacramentum
2787 3321 2932 3391 quod
2959 3321 3025 3376 ad
3050 3322 3329 3380 hominum
3357 3325 3586 3382 salutem
3620 3328 3926 3385 institutum

602 3424 715 3483 est,
741 3414 795 3467 in
822 3425 1009 3466 eorum
1042 3408 1335 3480 perniciem
1361 3408 1784 3464 converteretur.
1809 3408 1963 3475 Quod
1993 3420 2173 3465 autem
2191 3409 2337 3465 illius
2364 3410 2465 3467 bac
2484 3411 2539 3466 in
2570 3428 2629 3468 re
2657 3412 2890 3467 studium
2912 3415 3191 3484 excitavit,
3211 3426 3266 3473 et
3284 3419 3495 3477 eximia:
3516 3422 3775 3479 doctrina:
3795 3437 3929 3493 pos-

599 3501 744 3566 ‘eris
768 3502 1061 3576 prodenda!
1092 3501 1430 3556 occasionem
1460 3499 1629 3566 dedit,
1662 3501 1897 3570 nequitia
1922 3500 2025 3556 fuit
2057 3501 2438 3559 nonnullorum
2466 3505 2911 3577 presbyterorum
2940 3507 3056 3578 qui,
3091 3517 3199 3563 tum
3233 3519 3289 3566 ut
3328 3510 3597 3584 Cypriane
3623 3514 3927 3569 molestiam

616 3602 969 3667 exhiberem,
982 3607 1099 3655 tum
1121 3606 1182 3651 ut
1206 3594 1435 3667 gratiam
1457 3594 1596 3666 apud
1616 3592 1867 3651 homines
1884 3611 2028 3652 novo
2049 3597 2278 3668 aucupio
2299 3598 2514 3666 inirent,
2538 3598 2719 3669 lapsos
2735 3615 2900 3656 onere
2918 3602 3251 3671 poenitentiae
3273 3605 3539 3662 levarunt.
3570 3608 3627 3663 In
3656 3606 3928 3678 ejusmodi

602 3699 855 3759 homines
872 3693 1054 3751 studio
1075 3690 1319 3747 veritatis
1335 3704 1597 3747 accensus
1614 3690 1694 3745 sic
1712 3688 1982 3745 invehitur
2004 3688 2062 3744 S.
2088 3689 2289 3762 Martyr
2311 3692 2362 3745 in
2391 3691 2493 3746 lib.
2515 3690 2579 3745 de
2600 3690 2786 3764 Lapsis
2801 3709 2821 3748 :
2840 3710 2863 3744 ι
2888 3693 3078 3749 Pacem
3104 3706 3299 3765 putant
3322 3712 3463 3764 esse,
3484 3700 3655 3769 inquit
3681 3698 3920 3771 (p.186),

600 3809 762 3867 quam
788 3790 1007 3865 quidam
1028 3786 1206 3844 verbis
1234 3783 1519 3840 fallacibus
1538 3785 1839 3840 venditant.
1868 3783 1985 3838 Non
2016 3794 2101 3839 est
2128 3800 2228 3855 pax
2256 3786 2345 3839 illa
2389 3785 2486 3841 sed
2510 3785 2729 3851 bellum,
2761 3801 2862 3842 nec
2888 3786 3149 3843 Ecclesia:
3172 3789 3415 3860 jungitur
3440 3793 3531 3861 qui
3562 3792 3631 3847 ab
3661 3792 3920 3863 Evangeo

600 3891 675 3946 lio
701 3895 1002 3959 separatur.
1052 3882 1194 3952 Quid
1214 3880 1463 3951 iniuriam
1510 3878 1832 3936 beneﬁcium
1858 3881 2097 3935 vocant?
2124 3879 2253 3950 quid
2295 3881 2627 3951 impietatem
2675 3881 2938 3936 vocabulo
2965 3882 3179 3952 pietatis
3219 3884 3525 3955 appellant!
3562 3885 3694 3957 quid
3722 3886 3802 3942 eis
3824 3885 3922 3957 qui

606 3984 741 4039 ﬂere
757 3982 956 4052 jugiter
976 3987 1033 4035 et
1057 3990 1251 4047 rogare
1282 3974 1565 4029 Dominum
1592 3988 1751 4029 suum
1773 3972 1992 4039 debent,
2020 3973 2314 4043 intercepta
2342 3974 2676 4045 poenitentiae
2704 3975 3093 4031 latuentaIione
3117 3980 3521 4035 communicare
3541 3995 3601 4036 se
3621 3980 3882 4036 simulant
3896 3982 3925 4037 2

600 4076 715 4133 Hoc
738 4083 869 4131 sunt
896 4069 1159 4143 ejusmodi
1184 4067 1353 4138 lapsis
1370 4065 1515 4138 quod
1542 4066 1744 4136 grando
1768 4066 2032 4137 frugibus,
2058 4065 2202 4136 quod
2227 4067 2499 4121 turbidum
2534 4065 2684 4121 sidus
2706 4066 3011 4135 arboribus,
3038 4068 3181 4139 quod
3216 4071 3474 4127 armentis
3496 4074 3759 4142 pestilens
3790 4088 3918 4128 vas-

604 4167 748 4229 titas,
780 4161 924 4234 quod
955 4158 1183 4230 navigiis
1225 4172 1367 4212 saeva
1394 4164 1690 4227 tempestas
1724 4173 1738 4210 :
1778 4156 2030 4211 solatium
2063 4165 2283 4212 mtcrna:
2313 4159 2427 4229 spei
2457 4157 2723 4227 adimunt,
2744 4158 2993 4215 arborem
3024 4174 3057 4214 a
3080 4159 3263 4217 radice
3293 4162 3630 4232 sulvvertunt,
3660 4178 3916 4221 sermone

602 4257 849 4316 morbido
870 4270 937 4311 ac
961 4253 1166 4310 letbale
1191 4251 1495 4323 contagium
1527 4260 1769 4322 serpunt,
1805 4266 1997 4307 navem
2025 4251 2283 4323 scopulis,
2314 4269 2380 4309 ne
2407 4254 2457 4308 in
2482 4266 2695 4324 porttrm
2720 4255 3012 4325 perveniat,
3042 4254 3275 4311 illidunt.
3315 4256 3432 4313 Non
3454 4260 3703 4315 concedit
3726 4276 3918 4330 pacem

601 4352 833 4410 facilitas
875 4349 998 4413 ista,
1028 4346 1127 4402 sed
1154 4344 1310 4409 tellit,
1341 4359 1442 4400 nec
1465 4344 2004 4400 cornmunicationem
2023 4345 2227 4410 tribuit,
2261 4348 2353 4401 sed
2386 4346 2609 4417 impedit
2635 4348 2701 4402 ad
2733 4348 2983 4404 salutem.
3014 4347 3329 4406 Persecutio
3354 4361 3439 4407 est
3464 4352 3577 4409 hate
3604 4354 3706 4409 alia
3734 4362 3793 4409 et
3816 4355 3920 4411 alia

600 4445 846 4509 tentatio,
869 4457 966 4512 per
980 4453 1142 4510 quam
1160 4436 1370 4493 subtilis
1390 4435 1640 4492 inimicus
1663 4437 2034 4508 impugnandis
2049 4438 2223 4494 adhuc
2244 4440 2411 4510 laps-is
2440 4443 2649 4495 occulta
2672 4442 3019 4513 populatione
3045 4457 3325 4514 grassatur
3350 4457 3409 4502 ut
3446 4448 3762 4504 lamentatio
3781 4465 3918 4505 οθη..

596 4541 857 4610 quiescat,
879 4544 940 4592 ut
966 4533 1120 4590 dolor
1142 4531 1316 4598 sileat,
1347 4541 1403 4585 ut
1421 4530 1601 4586 delicti
1622 4532 1885 4586 memoria
1909 4544 2215 4599 evanescat,
2252 4545 2309 4588 ut
2331 4537 2715 4605 comprimatur
2743 4544 3016 4607 peetornm
3046 4540 3299 4609 gemitus,
3324 4550 3590 4598 statuatur
3604 4544 3764 4600 fletus
3783 4561 3916 4600 ocu-

600 4635 911 4699 lorum,nec
938 4628 1222 4685 Dominum
1246 4625 1480 4696 graviter
1495 4623 1757 4680 offensum
1781 4623 1936 4695 longa
1960 4633 2015 4679 et
2039 4625 2191 4695 plena
2209 4628 2518 4696 paenitentia
2534 4629 2869 4699 deprecetur,
2898 4646 3017 4686 cum
3044 4633 3301 4703 scriptmn
3330 4634 3401 4689 sit
3443 4652 3457 4689 :
3504 4636 3757 4692 Memento
3783 4638 3918 4692 unde

597 4726 861 4789 cecideris,
884 4733 931 4777 et
959 4739 1052 4793 age
1081 4719 1443 4791 pertinentium.
1474 4736 1492 4770 ι
1510 4716 1671 4772 9lura
1692 4732 1797 4773 non
1818 4719 2072 4786 referam,
2102 4721 2432 4789 euntenique
2461 4721 2615 4776 liccat
2633 4722 2891 4793 Cypriani
2919 4726 3238 4780 sententiam
3258 4727 3428 4782 oculis
3448 4744 3676 4787 cernere
3702 4731 3919 4801 in-przc-

604 4820 766 4879 claris
793 4817 899 4872 illis
929 4814 1124 4870 litteris
1146 4827 1284 4884 quas
1322 4811 1393 4868 de
1420 4825 1584 4867 causa
1610 4811 1882 4880 lapsorum
1905 4811 1972 4866 ad
1992 4812 2228 4880 clerum,
2263 4814 2329 4869 ad
2360 4814 2598 4884 piebem,
2632 4816 2697 4871 ad
2720 4817 3063 4875 confessores
3094 4829 3256 4890 atque
3281 4821 3348 4877 ad
3378 4822 3529 4893 ipsos
3556 4827 3716 4880 etiam
3738 4827 3916 4897 lapsos

608 4912 843 4983 Scripsit.
873 4910 985 4966 Nec
1010 4908 1185 4963 minor
1211 4905 1478 4977 Evangelii
1502 4906 1654 4977 vigor
1678 4906 1925 4961 enitescit
1950 4907 2002 4960 in
2030 4907 2221 4962 litteris
2248 4909 2619 4964 confessorum
2642 4910 3031 4979 Romanorum,
3055 4913 3300 4983 inprimis
3324 4934 3451 4973 vero
3480 4920 3530 4973 in
3561 4922 3753 4976 exinnia
3772 4920 3915 4977 Cleri

598 5000 829 5064 Romani
856 5001 1094 5075 Epistula
1126 4999 1288 5072 (inter
1326 4997 1677 5069 Cyprianicas
1706 4998 1865 5065 χχχι)
1896 5013 2054 5069 quam
2086 5016 2183 5070 per
2200 5009 2373 5056 totum
2406 5002 2591 5056 orbem
2621 5012 2882 5058 terrarum
2918 5006 3138 5060 missam
3166 5007 3332 5064 fuisse
3359 5009 3618 5066 discimus
3643 5028 3709 5067 ex
3737 5014 3913 5085 Epist.

597 5120 669 5160 ιιι
716 5097 991 5175 Cypriani.
1037 5114 1056 5148 ι
1092 5093 1245 5149 Absit
1282 5092 1427 5148 enim
1452 5091 1525 5146 ab
1549 5090 1796 5146 Ecclesia
1827 5091 2090 5159 Romana,
2126 5093 2394 5164 inquiunt,
2427 5096 2664 5166 vigorem
2690 5114 2843 5153 suum
2866 5108 2977 5153 tam
3010 5099 3230 5169 profana
3264 5101 3514 5161 facilitate
3538 5105 3835 5174 dimittere,
3859 5118 3917 5165 et

601 5210 795 5253 nervos
817 5191 1117 5249 severitatis
1147 5202 1333 5244 eversa
1359 5183 1488 5239 fidei
1512 5184 1795 5254 majestate
1822 5183 2143 5253 dissolvere,
2177 5198 2235 5241 ut
2262 5203 2388 5243 cum
2422 5189 2599 5245 adhuc
2628 5208 2734 5246 non
2769 5201 2975 5247 tantum
2998 5193 3233 5264 jaceant,
3264 5197 3359 5253 sed
3388 5208 3444 5254 et
3470 5198 3667 5253 cadant
3690 5215 3915 5258 everso-

600 5304 717 5344 rum
743 5287 964 5343 fratrum
988 5285 1177 5348 ruinm,
1199 5289 1483 5354 properata
1517 5278 1677 5334 nimis
1699 5279 1935 5335 remedia
1964 5283 2521 5338 oomm‘nnicatiimum
2551 5286 2733 5357 utique
2763 5302 2869 5342 non
2901 5287 3175 5357 profutura
3208 5301 3547 5359 mmstentur,
3574 5304 3628 5347 et
3650 5309 3785 5349 nova
3811 5310 3914 5367 per

598 5382 1021 5439 misericordiam
1064 5379 1253 5435 falsam
1300 5375 1520 5454 vulnera
1550 5372 1819 5429 veteribus
1849 5376 2301 5446 transgressionis
2333 5379 2653 5433 vulneribus
2682 5380 3077 5453 imprimautur,
3119 5370 3183 5438 ut
3208 5385 3421 5440 miseris
3460 5384 3525 5440 ad
3568 5388 3911 5446 eversionem

596 5475 859 5547 majorem
889 5473 1146 5544 eripiatur
1174 5478 1228 5526 ct
1248 5464 1591 5541 poenitentia.
1624 5463 1725 5520 Ubi
1749 5465 1891 5519 enim
1919 5466 2121 5534 poterit
2148 5467 2501 5539 indulgentia:
2526 5460 3101 5543 medicina-proficere,
3133 5476 3177 5529 si
3208 5477 3367 5531 etiam
3392 5480 3506 5547 ipse
3530 5477 3802 5546 medicus,
3827 5480 3912 5536 in-

596 5576 832 5638 tercepta
858 5564 1198 5640 paenitentia,
1232 5562 1474 5631 indulget
1500 5558 1774 5630 periculis,
1812 5560 1855 5614 si
1884 5561 2261 5617 mutummodo
2284 5563 2467 5632 operit
2506 5565 2717 5631 vulnus,
2751 5582 2848 5622 nec
2880 5566 3008 5623 sinit
3047 5569 3348 5626 necessaria
3375 5572 3632 5641 temporis
3672 5572 3912 5630 remedia

594 5664 862 5719 obducere
888 5656 1229 5717 cicatricem?
1256 5656 1372 5710 line
1402 5670 1507 5710 non
1535 5663 1617 5709 est
1645 5669 1858 5719 curare,
1886 5654 2004 5722 sed,
2034 5656 2080 5711 si
2113 5655 2292 5712 dicere
2312 5672 2508 5712 verum
2536 5660 2803 5727 VUlUllllF,
2836 5662 3100 5720 occidere.
3135 5682 3154 5717 ι
3190 5662 3357 5719 Tanta
3385 5664 3483 5720 fuit
3503 5665 3606 5721 bac
3636 5668 3687 5722 in
3716 5684 3777 5723 re
3803 5667 3908 5739 Cy-

600 5758 771 5828 priani
801 5755 1122 5818 constantia,
1150 5761 1209 5804 ut
1245 5748 1380 5804 lllllll
1404 5764 1526 5804 eum
1558 5745 1831 5803 inflectere
1864 5749 2132 5817 potuerit:
2167 5766 2275 5806 non
2304 5741 2609 5823 martyrum
2638 5755 2801 5811 libelli
2830 5758 3022 5828 quibus
3045 5768 3221 5815 tamen
3252 5776 3355 5814 non
3388 5776 3575 5832 parum
3616 5762 3909 5818 tribuebat:

602 5869 709 5913 non
731 5851 1020 5908 imminens
1045 5861 1076 5904 a
1106 5842 1325 5902 nefariis
1352 5840 1686 5915 presbyteris
1716 5841 2037 5913 periculum,
2069 5859 2174 5900 nou
2196 5844 2453 5907 excitata:
2483 5847 2549 5903 ab
2578 5847 2711 5921 ipsis
2735 5849 3048 5922 seditiones,
3081 5867 3202 5913 cum
3231 5853 3281 5909 in
3315 5855 3591 5918 nonnullis
3618 5853 3913 5927 provincia
