4200 6262
289 230 376 295 43
970 202 974 207 ἱ
1471 220 1477 223 ’
1779 234 1948 295 ΡῙὶίΕέ

1961 232 2165 296 ῨΑἸῚΟ.
3550 246 3620 304 46

296 349 749 421 Carthaginiensis
780 350 1082 409 civitatibus
1105 353 1419 426 impetusin
1447 353 1764 426 prrcpositos
1799 371 1894 425 per
1918 355 2309 411 multitudinem
2334 354 2500 411 factus
2531 364 2691 423 esset,
2745 371 2807 412 ac
2842 356 3161 428 Carthagine
3184 357 3399 428 quidam
3430 357 3617 413 turbu-

300 445 439 499 lenti
470 462 565 515 per
596 446 879 516 epistolam
914 442 1287 503 confessorum
1313 450 1458 503 velut
1478 448 1793 519 quibusdam
1822 448 2028 504 facibus
2068 450 2302 514 accensi,
2354 450 2470 518 plus
2512 450 2865 505 exardesccre
2893 460 2943 505 ct
2975 466 3158 521 pacem
3194 451 3293 507 sibi
3323 450 3499 507 datam
3524 468 3620 507 ex-

301 545 558 609 torquere
600 540 914 610 coepissent.
950 540 1007 594 ln
1047 556 1110 597 eo
1140 541 1369 611 perstitit
1398 541 1456 596 S.
1490 541 1690 613 Martyr
1726 542 1866 612 quod
1899 554 2022 597 ante
2049 542 2378 605 decreverat,
2425 552 2481 596 ut
2518 558 2603 597 res
2633 543 2698 597 ad
2729 544 3015 601 concilium
3048 544 3251 615 integra
3280 554 3615 611 servaretur;

298 642 363 686 et
417 647 607 689 arcere
652 648 684 687 a
728 635 1108 690 communione
1161 649 1256 690 sua
1312 650 1419 690 non
1460 634 1745 703 dubitavit,
1793 636 1835 689 si
1886 638 2003 706 quis
2050 646 2172 691 ante
2214 634 2342 690 illud
2397 646 2605 707 tempus
2650 651 2769 691 cum
2805 637 2966 708 lapsis
3012 653 3172 694 ausus
3202 647 3342 695 esset
3372 655 3615 695 commu-

294 728 512 782 nicare.

380 817 495 875 Nec
523 827 700 875 tamen
724 818 1053 891 Cyprianum
1104 818 1518 875 existimandum
1557 832 1635 876 est
1659 820 1807 891 justo
1842 821 2169 877 severiorem
2209 820 2390 878 fuisse.
2432 820 2573 876 Nihil
2603 837 2666 875 eo
2698 822 2867 877 lenius
2909 823 3037 887 fuit,
3069 825 3201 880 nihil
3233 825 3298 881 ad
3327 824 3612 897 indulgen-

310 913 443 967 tiam
487 913 791 983 proclivius.
838 913 1068 984 Operam
1092 914 1255 969 dabat
1285 924 1461 971 utnec
1495 915 1718 970 acerbns
1759 924 1849 970 aut
1871 915 2036 972 durus
2062 924 2153 971 aut
2176 916 2227 971 in
2270 914 2520 972 fratribus
2548 915 2790 972 fovendis
2818 917 3139 973 inhumanus
3166 919 3470 988 videretur,
3514 935 3616 973 nec

320 1007 519 1063 iterum
542 1008 746 1063 solutus
769 1016 914 1063 esset
939 1023 1001 1062 ac
1035 1007 1206 1064 facilis
1232 1008 1297 1064 ad
1328 1010 1864 1066 communicationem
1898 1018 2098 1065 temere
2124 1009 2430 1065 laxandam.
2458 1008 2646 1079 Lapsis
2673 1011 2761 1081 qui
2790 1010 2856 1065 ad
2886 1026 3007 1066 eum
3036 1021 3252 1069 orantes
3281 1014 3615 1084 scripserant

323 1122 341 1154 ε
375 1119 437 1160 se
481 1102 731 1159 delictum
758 1118 913 1159 suum
956 1118 1285 1175 cognoscere
1334 1114 1388 1161 et
1421 1107 1785 1175 poenitentiatn
1826 1124 2006 1164 veram
2039 1123 2196 1179 agere
2218 1149 2231 1172 ,
2262 1122 2362 1163 nec
2389 1107 2455 1162 ad
2487 1122 2669 1178 pacem
2713 1117 2913 1165 temere
2942 1120 3034 1164 aut
3076 1111 3378 1182 importune
3422 1128 3615 1184 propc-

311 1210 463 1263 rare,
492 1215 513 1248 ›
545 1211 806 1251 summam
839 1196 1227 1252 humanitatem
1267 1198 1527 1252 exhibuit.
1562 1217 1581 1249 ‹
1611 1198 1813 1266 Quibus
1835 1207 2087 1270 quantum
2114 1198 2412 1270 gratulatus
2454 1199 2579 1269 sim,
2623 1201 2794 1272 inquit
2843 1202 2965 1274 (Ep.
2998 1205 3189 1275 xxvn),
3218 1205 3474 1262 Dominus
3504 1216 3618 1261 tes-

315 1290 507 1357 tiscst,
529 1290 617 1360 qui
641 1289 884 1361 dignatus
913 1299 994 1346 est
1025 1290 1310 1346 ostendere
1337 1291 1462 1363 quid
1491 1291 1754 1362 ejusmodi
1786 1301 1836 1347 et
1866 1293 1998 1348 tales
2023 1293 2163 1349 servi
2215 1292 2280 1347 de
2307 1292 2422 1362 ejus
2448 1292 2771 1363 benignitate
2798 1306 3125 1351 mercantur.
3143 1316 3161 1350 ι
3189 1296 3462 1369 Prmcipue
3488 1314 3620 1355 vero

305 1386 504 1442 enituit
526 1386 720 1441 lenitas
748 1386 1001 1458 Cypriani
1028 1401 1180 1457 cum,
1207 1386 1437 1442 instante
1462 1386 1597 1444 Galli
1621 1396 1676 1442 et
1704 1386 1980 1444 Volusiani
2008 1388 2401 1458 persecutione,
2433 1402 2618 1443 omnes
2647 1388 2868 1445 omnino
2889 1391 3088 1446 milites
3105 1391 3325 1459 Christi,
3356 1393 3446 1464 qui
3467 1408 3621 1449 arma

306 1482 695 1539 desiderabant
722 1491 779 1539 et
805 1483 1043 1554 praelium
1071 1482 1409 1553 ﬂagitabant,
1449 1484 1587 1538 intra
1615 1492 1789 1539 castra
1821 1483 2095 1543 Dontiuica
2123 1482 2359 1552 collegit,
2393 1491 2447 1538 et
2476 1497 2596 1537 cum
2634 1469 2762 1537 aliis
2793 1484 3059 1555 episcopis
3088 1485 3299 1541 censuit
3327 1487 3405 1542 eis
3432 1489 3522 1559 qui
3549 1488 3619 1545 de

306 1576 555 1637 Ecclesia
586 1576 801 1632 Domini
832 1593 936 1633 non
962 1584 1317 1645 recesserant,
1342 1575 1439 1632 sed
1477 1578 1845 1647 pmnitentiam
1873 1592 2033 1646 agere
2063 1585 2117 1631 et
2139 1575 2421 1631 lamentari
2448 1590 2511 1631 ac
2538 1576 2822 1632 Dominum
2847 1577 3127 1648 deprecari
3155 1595 3184 1634 a
3218 1580 3391 1650 primo
3427 1581 3613 1653 lapsus

306 1673 394 1728 sui
420 1672 507 1728 die
536 1686 643 1727 non
665 1670 1016 1739 destiterant,
1050 1687 1234 1743 pacem
1264 1670 1494 1727 dandam
1525 1688 1660 1728 esse.
1705 1672 2001 1728 Lcnitatem
2033 1687 2183 1728 suam
2225 1674 2305 1727 sic
2344 1673 2459 1743 ipse
2490 1672 2744 1729 describit
2768 1675 2821 1730 in
2853 1675 3023 1746 Epist.
3059 1692 3164 1731 Lv:
3197 1696 3215 1729 ι
3237 1678 3375 1748 Opto
3404 1694 3617 1751 omnes,

312 1765 507 1836 inquit,
540 1764 916 1821 inEcclesiam
966 1763 1210 1835 regredi,
1244 1774 1370 1834 opto
1410 1766 1690 1827 universos
1722 1765 2118 1822 commilitones
2165 1776 2381 1838 nostros
2430 1768 2568 1823 intra
2608 1767 2804 1823 Chi-isti
2845 1778 3018 1826 castra
3062 1781 3112 1826 et
3163 1770 3254 1827 Dei
3298 1772 3471 1828 Patris
3519 1775 3617 1831 dos

310 1860 508 1917 micilia
551 1859 798 1915 concludi
847 1876 860 1912 :
905 1859 1122 1915 remitto
1154 1858 1366 1925 omnia,
1396 1857 1562 1913 multa
1600 1858 1879 1916 dissimulo
1910 1860 2090 1916 studio
2141 1868 2203 1939 et
2241 1869 2367 1915 voto
2409 1861 2724 1932 colligendae
2774 1862 3153 1929 fraternitatis;
3200 1866 3360 1920 etiam
3403 1884 3520 1937 (μιιο
3563 1870 3621 1924 ἱιι

316 1955 483 2011 Deum
512 1955 800 2009 commissa
845 1961 1003 2018 sunt,
1045 1969 1150 2007 non
1193 1952 1353 2021 pleno
1390 1951 1593 2022 judicio
1636 1953 1910 2024 religionis
1950 1953 2237 2018 examino,
2286 1953 2498 2025 delictis
2528 1955 2811 2025 plusquam
2838 1966 3050 2026 Oportet
3096 1958 3431 2015 remittendis
3482 1977 3620 2030 pene

322 2050 438 2119 ipse
457 2049 712 2119 delinquo
743 2067 754 2102 :
785 2048 1080 2120 amplector
1104 2056 1350 2120 prompta
1379 2048 1619 2118 etplena
1644 2048 1931 2105 dilectione
1956 2062 2078 2104 cum
2116 2048 2432 2120 poenitentia
2478 2059 2811 2107 revertentes
2850 2061 3126 2122 peccatum
3170 2068 3326 2109 suum
3370 2055 3620 2113 satisfac-

321 2143 465 2198 tione
493 2142 678 2198 humili
709 2152 762 2198 et
785 2143 1014 2213 simplici
1044 2142 1384 2199 conﬁtentes.
1418 2162 1438 2195 ι

386 2236 521 2292 Tota
550 2236 804 2309 Cypriani
846 2247 901 2293 et
937 2236 1128 2308 agendi
1160 2248 1213 2292 et
1242 2234 1547 2292 disserendi
1576 2236 1714 2292 ratio
1757 2236 2098 2291 commissam
2122 2252 2151 2292 a
2182 2235 2395 2292 Christo
2421 2237 2685 2309 episcopis
2722 2238 2888 2297 fuisse
2915 2239 3113 2311 ligandi
3145 2249 3197 2297 et
3227 2242 3473 2299 solvendi
3513 2260 3615 2316 po-

318 2339 566 2385 testatem
609 2340 855 2395 testatur,
878 2341 933 2386 et
960 2332 1012 2385 in
1047 2330 1153 2385 hoc
1178 2330 1384 2400 judicio
1406 2337 1605 2400 quanta
1630 2329 2021 2385 sitadbibenda
2046 2331 2222 2385 cautio
2259 2338 2314 2386 et
2341 2332 2504 2386 animi
2540 2333 2775 2401 provisio
2805 2333 3145 2391 demonstrat
3178 2354 3192 2391 :
3220 2337 3336 2405 sed,
3374 2355 3441 2394 ne
3468 2340 3616 2395 illius

319 2422 461 2494 dicta
504 2424 757 2478 nonnulla
791 2424 843 2477 in
891 2423 1213 2479 deteriorem
1260 2432 1468 2492 partem
1512 2422 1807 2493 rapiantur,
1838 2438 1900 2478 ea
1928 2421 2171 2479 breviter
2209 2423 2487 2494 caplicare
2516 2427 2770 2483 conabor.
2802 2428 2887 2482 Ait
2938 2429 2998 2486 S.
3048 2430 3306 2502 Martyrin
3351 2431 3489 2488 libro
3546 2433 3618 2489 de

326 2512 457 2567 "ab.
494 2513 638 2586 Virg.
679 2514 961 2585 (ι).175)‹
993 2514 1134 2585 quod
1175 2514 1319 2569 nulla
1343 2514 1412 2569 sit
1439 2515 1591 2570 venia
1624 2515 1761 2570 ultra
1811 2515 2121 2587 delinquere
2174 2525 2454 2587 postquam
2507 2519 2673 2575 Deum
2717 2535 2875 2576 nosse
2921 2524 3166 2593 cmpisti;
3205 2544 3223 2577 ι
3286 2526 3341 2580 ἱη
3382 2526 3519 2582 libro
3560 2544 3622 2585 tu

320 2608 364 2663 Τ
363 2612 527 2664 estim.
565 2609 751 2683 (c.18,
788 2627 837 2681 p.
867 2611 1040 2679 5H):
1077 2626 1096 2662 ί
1128 2609 1245 2664 Νοη
1284 2624 1441 2679 posse
1466 2611 1516 2665 in
1543 2611 1778 2666 Ecclesia
1808 2612 2005 2666 remitti
2033 2613 2079 2666 ei
2108 2611 2199 2680 qui
2226 2612 2278 2667 in
2310 2613 2473 2668 Deum
2505 2614 2811 2685 deliquerit,
2844 2636 2861 2668 ›
2894 2617 3053 2689 idque
3086 2620 3272 2690 probat
3291 2637 3357 2677 ex
3387 2622 3471 2678 his
3497 2640 3620 2680 ver-

320 2704 402 2759 bis
458 2703 482 2758 l
521 2703 671 2775 Reg.,
704 2719 754 2759 c.
781 2719 817 2759 ιι
849 2721 861 2757 :
894 2721 913 2755 ‹
947 2702 1007 2759 Si
1034 2703 1370 2774 delinquenda
1414 2712 1583 2776 peccet
1612 2706 1687 2759 vir
1738 2704 1978 2760 adversus
2019 2706 2204 2771 virum,
2237 2708 2451 2763 orabunt
2483 2726 2575 2779 pro
2627 2726 2685 2765 eo
2731 2710 3027 2767 Dominum.
3082 2715 3144 2769 Si
3168 2727 3338 2771 autem
3365 2719 3416 2773 in
3446 2718 3616 2774 Deum

327 2806 501 2867 peccet
544 2799 717 2859 homo,
745 2798 855 2867 quis
904 2796 1067 2852 orabit
1112 2814 1204 2868 pro
1234 2798 1341 2852 eo?
1379 2816 1398 2850 ι
1449 2798 1554 2854 Sed
1600 2812 1753 2852 suam
1798 2799 1912 2868 ipse
1957 2800 2275 2855 sententiam
2305 2801 2476 2857 nitide
2521 2805 2741 2874 exponit
2788 2808 2838 2860 in
2882 2807 3018 2862 libro
3045 2809 3108 2863 de
3153 2809 3370 2865 Eas/tori.
3427 2811 3615 2877 Marb,

328 2888 413 2959 (p.
440 2885 571 2949 264,
600 2904 649 2942 c.
676 2885 754 2958 4),
781 2890 863 2944 ubi
890 2889 1029 2944 idem
1057 2889 1418 2944 testimonium
1441 2888 1600 2955 citat;
1633 2905 1806 2959 neque
1832 2905 1898 2944 ex
1925 2905 1991 2945 eo
2021 2892 2214 2960 probat
2239 2902 2453 2960 peccata
2490 2895 2543 2949 in
2565 2896 2732 2951 Deum
2759 2901 3045 2953 commissa
3074 2901 3266 2957 dimitti
3297 2919 3400 2958 non
3427 2920 3616 2974 posse,

320 2980 422 3036 sed
450 2989 653 3037 tantum
689 3000 709 3034 ι
737 2997 836 3036 ηοη
859 2982 1015 3038 facile
1036 2982 1313 3053 ignoscere
1346 2984 1512 3037 Deum
1542 2982 1856 3038 idololatris.
1889 3002 1909 3036 ι
1940 2982 2082 3038 Nihil
2113 2998 2240 3053 ergo
2271 2984 2338 3040 de
2360 2984 2553 3055 ligandi
2576 2997 2630 3042 et
2649 2987 2892 3043 solvendi
2922 2999 3201 3059 potestate,
3231 2994 3362 3049 nihil
3393 2994 3459 3050 de
3472 2995 3619 3065 judi-

314 3075 408 3130 cio
452 3076 789 3132 sacerdotum
816 3068 1084 3142 detrahit;
1116 3077 1210 3133 sed
1240 3078 1408 3133 certis
1442 3075 1762 3147 quibusdam
1809 3076 2016 3147 legibus
2050 3075 2260 3147 judices
2290 3076 2592 3149 adstringit,
2643 3079 2715 3134 ita
2746 3089 2802 3135 ut
2831 3097 2937 3136 non
2988 3082 3145 3139 facile
3188 3085 3462 3144 dimittant
3487 3106 3611 3159 qua:

320 3185 426 3226 non
462 3169 624 3226 facile
654 3186 683 3224 a
712 3171 824 3227 Deo
850 3171 1213 3227 dimittuntur.
1248 3170 1413 3235 Hinc,
1446 3185 1567 3225 cum
1595 3168 1922 3226 schismatici
1964 3171 2295 3241 pmnitentia:
2340 3185 2477 3226 onus
2515 3174 2680 3243 lapsis
2715 3177 3043 3246 eximerent,
3074 3179 3153 3235 sic
3192 3195 3288 3245 eos
3341 3182 3537 3238 refellit
3566 3184 3621 3241 in

312 3266 457 3323 libro
482 3266 549 3321 de
588 3267 800 3337 Lapsis,
832 3265 1062 3338 (p.186)
1090 3283 1104 3319 :
1139 3284 1159 3317 ‹
1186 3264 1356 3321 Nemo
1384 3279 1444 3320 se
1475 3264 1656 3331 fallat,
1691 3280 1849 3320 nemo
1878 3280 1938 3320 se
1963 3265 2226 3336 decipiat,
2256 3267 2403 3323 solus
2428 3267 2681 3323 Dominus
2703 3270 2942 3325 misereri
2992 3282 3168 3341 potest
3200 3292 3211 3327 :
3247 3276 3456 3333 veniam
3494 3294 3625 3350 pec.

317 3360 452 3415 catis
476 3375 595 3431 qua:
621 3360 674 3413 in
699 3361 875 3430 ipsum
897 3359 1185 3414 commissa
1214 3367 1357 3421 sunt,
1387 3358 1532 3412 solus
1561 3366 1737 3425 potest
1762 3357 1850 3412 ille
1883 3358 2063 3428 largiri
2111 3360 2200 3429 qtti
2226 3368 2442 3429 peccata
2482 3370 2662 3416 nostra
2690 3366 2954 3432 portavit,
2988 3368 3077 3435 qui
3108 3383 3204 3437 pro
3235 3371 3388 3426 nobis
3415 3372 3584 3429 doluit
3603 3419 3621 3444 ,

317 3470 475 3525 quem
513 3455 652 3510 Deus
678 3453 897 3509 tradidit
926 3468 1024 3524 pro
1060 3452 1296 3523 peccatis
1326 3451 1540 3506 nostris.
1573 3450 1746 3506 llomo
1775 3451 1884 3505 Deo
1906 3466 2024 3506 esse
2051 3468 2157 3506 non
2189 3461 2365 3522 potest
2395 3452 2565 3523 major
2597 3473 2611 3510 :
2654 3472 2753 3512 nec
2781 3465 3056 3514 remittere
3084 3470 3176 3516 aut
3199 3462 3403 3521 donare
3432 3467 3616 3523 indul-

317 3549 493 3619 gentia
520 3562 615 3602 sua
640 3561 831 3603 servus
859 3554 1066 3616 potest,
1093 3543 1238 3615 quod
1266 3545 1317 3599 in
1341 3543 1623 3598 Dominum
1653 3543 1849 3599 delicto
1891 3543 2136 3613 graviore
2157 3545 2503 3600 commissum
2540 3555 2659 3614 est,
2691 3564 2756 3603 ne
2782 3548 2959 3605 adhuc
2986 3550 3137 3620 lapso
3168 3561 3222 3607 et
3248 3552 3352 3610 hoc
3384 3560 3609 3615 accedat

328 3642 400 3697 ad
425 3644 664 3707 crimen,
711 3642 758 3697 si
787 3641 993 3696 nesciat
1017 3654 1142 3695 esse
1166 3637 1478 3709 prmdictum
1504 3654 1518 3690 :
1547 3635 1855 3692 Malediclus
1895 3639 2045 3690 liomo
2076 3637 2162 3705 qui
2187 3654 2329 3707 spem
2365 3639 2511 3693 liabet
2558 3640 2611 3694 in
2650 3642 2871 3695 homine.
2924 3642 3178 3698 Dominus
3216 3649 3451 3704 orandus
3489 3662 3621 3718 est,

307 3736 575 3793 Dominus
607 3744 786 3791 nostra
814 3735 1180 3792 satisfactione
1207 3733 1497 3803 placandus
1527 3741 1611 3787 est
1630 3773 1644 3792 .
1680 3732 1768 3800 qui
1797 3740 2077 3801 negantem
2106 3746 2302 3801 negare
2328 3746 2388 3787 se
2413 3730 2585 3797 dixit,
2628 3734 2716 3802 qui
2750 3748 2910 3787 omne
2939 3732 3202 3803 judicium
3229 3737 3297 3792 de
3326 3738 3486 3795 Patre
3515 3757 3578 3796 so
3598 3771 3615 3785 ο

318 3832 403 3886 lus
421 3832 649 3900 accepit.
678 3848 700 3884 ι
728 3828 1193 3899 Quemadmodum
1219 3827 1321 3882 hoc
1360 3828 1409 3880 in
1452 3826 1571 3881 loco
1598 3823 1896 3896 Cyprianus
1922 3833 2185 3895 martyres
2229 3824 2514 3894 plurimum
2561 3840 2718 3895 posse
2755 3827 2895 3895 apud
2930 3820 3095 3882 Deum
3127 3845 3233 3886 non
3275 3842 3469 3904 negat,
3518 3808 3619 3891 sed

304 3924 371 3980 in
404 3906 599 3980 libellis
624 3937 763 3995 quos
786 3923 913 3978 dare
942 3921 1223 3985 solebant,
1255 3922 1472 3975 modum
1504 3916 1789 3987 quemdam
1831 3925 1886 3969 et
1924 3913 2190 3969 delectum
2224 3916 2483 3986 requirit;
2532 3916 2602 3971 ita
2633 3933 2750 3972 eam
2782 3927 2989 3973 tantum
3030 3929 3348 3989 potestatem
3389 3927 3628 3997 exagitat

315 4036 477 4091 quam
507 4020 608 4075 sibi
640 4018 828 4076 nefarii
851 4016 1148 4088 presbyteri
1180 4029 1272 4085 per
1300 4012 1380 4067 fas
1409 4021 1463 4068 et
1495 4011 1641 4065 nefas
1680 4008 2021 4079 arrogabant.
2056 4010 2125 4063 At
2146 4008 2229 4063 ubi
2263 4010 2590 4080 praescripta:
2621 4027 2647 4064 a
2679 4010 2895 4097 Christo
2934 4021 2989 4068 et
3016 4014 3258 4071 Ecclesia
3320 4017 3466 4095 leges
3498 4036 3623 4076 ser—

302 4123 551 4176 vantur,
583 4120 694 4166 tum
718 4125 847 4164 vero
873 4108 1175 4178 Cyprianus
1204 4116 1377 4160 ratum
1404 4101 1543 4172 apud
1573 4102 1736 4156 Deum
1777 4100 1894 4154 fieri
1922 4098 2079 4155 docet
2105 4099 2401 4155 sacerdotis
2427 4099 2708 4170 judicium.
2741 4101 2874 4157 llinc
2908 4103 3085 4174 lapsos
3108 4106 3352 4163 hortatur
3380 4111 3432 4165 in
3474 4111 3615 4170 libro

312 4205 386 4259 de
412 4203 595 4275 Lapsis
622 4205 702 4274 (p.
744 4202 893 4273 191),
926 4209 983 4255 ut
1007 4209 1224 4270 peccata
1250 4196 1650 4252 confiteanturt
1676 4193 1805 4250 dum
1852 4192 2146 4248 satisfactio
2187 4201 2241 4248 et
2286 4192 2531 4249 remissio
2584 4193 2717 4250 facta
2764 4211 2860 4265 per
2905 4199 3212 4257 sacerdotes
3256 4203 3397 4271 apud
3444 4204 3617 4261 Deum

304 4308 475 4369 grata
502 4307 603 4351 est.
642 4315 661 4349 ι
706 4295 881 4350 Docet
920 4297 1019 4349 sub
1061 4293 1221 4347 tinent
1272 4289 1513 4360 ejusdem
1553 4288 1673 4343 libri
1721 4288 1889 4343 Deum
1921 4306 1941 4340 (
1997 4286 2311 4357 ptenitenti,
2357 4289 2637 4358 operanti,
2689 4291 2928 4360 roganti,
2980 4311 2998 4345 ›
3051 4308 3210 4363 posse
3270 4315 3288 4349 ι
3324 4298 3624 4355 clementer

316 4393 626 4464 ignoscere,
649 4389 774 4445 etin
798 4397 1077 4458 acceptum
1101 4384 1308 4442 referre
1336 4382 1593 4455 quidquid
1621 4396 1715 4452 pro
1744 4381 1939 4437 talibus
1965 4390 2020 4434 et
2052 4380 2301 4451 petierint
2330 4391 2594 4454 martyres
2623 4391 2674 4437 et
2697 4382 2920 4440 fecerint
2939 4387 3267 4446 sacerdotes.
3309 4410 3328 4443 ι
3363 4391 3473 4447 Hac
3522 4407 3623 4462 spe

316 4488 563 4546 confisus
586 4531 601 4555 ,
632 4503 749 4543 cum
780 4488 916 4558 lapsi
952 4487 1185 4542 instante
1220 4498 1359 4539 nova
1385 4483 1760 4554 persecutione
1805 4481 2095 4553 plurimum
2136 4480 2345 4536 ardoris
2387 4483 2453 4537 ad
2482 4498 2713 4554 pugnam
2746 4500 2855 4554 pra:
2882 4501 2941 4541 se
2984 4486 3215 4550 ferrent,
3249 4487 3624 4557 praescriptum

306 4587 429 4642 illis
455 4584 781 4657 paenitentiae
811 4593 1021 4653 tempus
1050 4579 1351 4646 imminuit,
1385 4595 1450 4635 ac
1478 4578 1629 4634 nefas
1672 4593 1791 4633 esse
1842 4576 1994 4632 duxit
2043 4577 2238 4649 (Epist.
2275 4593 2381 4643 LIV,
2412 4593 2464 4648 p.
2500 4577 2601 4651 77)
2651 4598 2669 4630 ί
2705 4580 3001 4635 Eeclesiam
3036 4581 3367 4652 pulsantibus
3404 4581 3620 4649 claudi,

314 4677 539 4748 quando
569 4675 869 4747 permiserit
896 4677 1009 4745 ipse
1037 4674 1125 4745 qui
1155 4673 1325 4745 legem
1358 4670 1508 4728 dedit
1547 4668 1603 4726 ut
1629 4670 1784 4742 ligata
1814 4670 1867 4725 in
1901 4668 2059 4725 terris
2084 4670 2245 4725 etiam
2276 4671 2330 4725 in
2359 4669 2512 4726 ccelis
2553 4670 2710 4741 ligata
2754 4681 2965 4737 essent,
2999 4673 3133 4728 solvi
3175 4682 3353 4730 autem
3394 4685 3616 4748 possent

314 4770 433 4825 illic
453 4784 573 4840 qua:
600 4769 686 4823 hic
711 4769 859 4840 prius
885 4767 938 4822 in
963 4765 1200 4823 Ecclesia
1222 4764 1578 4821 solverentur.
1612 4782 1634 4817 ι
3615 4766 3623 4771 ’

393 4865 451 4920 1η
494 4862 738 4920 eamdem
754 4862 1083 4934 sententiam
1123 4860 1290 4930 accipi
1317 4858 1479 4914 debet
1504 4856 1648 4929 quod
1700 4857 1775 4912 ait
1803 4856 2246 4926 Firmilianus(p.
2280 4856 2428 4927 144),
2463 4855 2688 4912 concilia
2729 4857 2952 4929 singulis
2992 4860 3147 4916 annis
3195 4860 3411 4929 haberi,
3465 4873 3524 4920 ut
3550 4864 3621 4921 de

315 4931 492 5015 rebus
519 4931 1026 5025 majoris'momenti
1056 4955 1194 5008 inter
1220 4968 1281 5007 se
1302 4950 1538 5020 episcopi
1564 4949 1889 5016 deliberent,
1914 4964 1976 5004 ac
2001 4967 2022 5000 ‹
2054 4949 2217 5019 lapsis
2239 4964 2451 5020 quoque
2488 4948 2738 5009 fratribus
2766 4963 2820 5006 et
2857 4961 2978 5021 post
3019 4954 3288 5010 lavacrum
3316 4955 3553 5014 salutare
3581 4976 3615 5014 a

324 5048 550 5105 diabolo
572 5048 866 5103 vulneratis
897 5062 992 5117 per
1022 5044 1390 5116 paenitentiam
1420 5042 1630 5098 medela
1660 5052 1967 5113 qumratur;
2022 5058 2126 5098 non
2153 5044 2305 5113 quasi
2334 5059 2364 5098 a
2386 5044 2540 5101 nobis
2564 5086 2579 5110 ,
2610 5045 2812 5115 inquit,
2867 5048 3237 5105 remissionem
3280 5060 3626 5119 peccatorum

329 5149 769 5210 consequantur,
800 5137 894 5193 sed
933 5146 990 5191 ut
1017 5152 1111 5207 per
1135 5151 1233 5191 nos
1268 5134 1334 5190 ad
1363 5134 1768 5205 inte'ligentiam
1798 5133 2117 5189 delictorum
2150 5142 2376 5189 suorum
2401 5146 2805 5204 convertantur,
2841 5150 2895 5194 et
2935 5142 3162 5197 Domino
3204 5142 3415 5212 plenius
3455 5146 3619 5202 satis-

328 5235 514 5289 facere
555 5241 838 5303 cogantur.
874 5249 895 5284 )
930 5229 1046 5286 Non
1077 5240 1238 5301 negat
1278 5238 1497 5284 sanctus
1524 5227 1727 5284 Praesul
1775 5237 2092 5298 potestatem
2124 5215 2437 5285 dimittendi
2488 5241 2737 5301 peccata,
2771 5249 2929 5304 quam
2977 5235 3031 5288 in
3071 5236 3172 5291 hac
3219 5238 3328 5308 ipsa
3354 5238 3627 5310 .Epistola

317 5326 407 5399 (p.
445 5326 694 5397 168)soli
720 5324 984 5381 Ecclesia:
1008 5323 1289 5379 catholicae
1314 5320 1585 5387 vindicat;
1640 5319 1731 5376 sed
1764 5321 1944 5376 verbis
1975 5320 2136 5376 modo
2166 5322 2345 5377 allatis
2372 5324 2581 5379 videtur
2607 5311 2785 5380 inesse
2810 5327 3026 5396 quidatn
3056 5330 3275 5386 aculeus
3306 5333 3360 5388 in
3389 5335 3623 5405 Stepha-

302 5436 485 5486 num,
522 5435 681 5491 quem
723 5417 1068 5475 Firmilianus
1095 5415 1349 5473 credebat
1376 5415 1493 5484 plus
1520 5428 1672 5483 aequo
1697 5420 1753 5468 et
1782 5414 2042 5468 ministris
2080 5421 2134 5468 et
2158 5413 2291 5469 ritus
2319 5416 2603 5471 exterioris
2648 5416 3013 5475 observationi
3056 5422 3295 5480 tribuere
3316 5467 3330 5492 ,
3363 5428 3514 5497 quasi
3544 5440 3631 5482 sa-

316 5523 726 5571 cramentorum
756 5512 1003 5570 effectum
1028 5525 1105 5569 ne
1142 5508 1331 5567 hrcresi
1362 5507 1580 5578 quidem
1610 5506 1936 5578 interpellari
1963 5516 2242 5565 statueret.
2268 5507 2423 5576 Quod
2454 5525 2575 5565 cum
2603 5526 2759 5568 secus
2794 5514 3066 5570 videretur
3090 5517 3403 5575 Firmiliano
3426 5563 3439 5585 ,
3466 5529 3630 5590 negat.

317 5606 632 5664 hominibus
677 5619 993 5665 concessum
1031 5617 1156 5661 esse
1215 5612 1272 5656 ut
1323 5614 1540 5672 peccata
1588 5599 1653 5654 ad
1708 5600 1988 5656 arbitrium
2031 5615 2186 5656 suum
2235 5600 2524 5658 dimittant.
2574 5603 2690 5659 Non
2722 5605 2955 5661 absimili
2985 5612 3249 5665 sententia
3277 5611 3539 5683 Origenes
3569 5613 3638 5673 in

308 5701 465 5757 libro
488 5700 558 5756 de
584 5700 836 5759 Oratione
874 5699 1152 5757 contendit
1195 5713 1303 5755 non
1352 5700 1529 5761 omnia
1559 5707 1774 5770 peccata
1814 5711 1934 5752 esse
1962 5696 2307 5765 dimittenda,
2336 5708 2441 5755 aut
2471 5698 2584 5752 sola
2634 5701 2880 5758 oratione
2918 5709 2972 5756 et
3015 5703 3288 5762 sacrificio
3334 5706 3603 5777 expianda
3638 5752 3665 5778 ,

316 5799 425 5859 sed
454 5800 700 5871 quadam
748 5796 994 5862 retineri,
1031 5794 1081 5857 id
1113 5804 1196 5851 est
1228 5792 1553 5866 paenitentia:
1581 5794 1767 5863 subjici
1796 5791 1994 5849 debere
2024 5808 2037 5860 ;
2073 5808 2135 5847 ac.
2163 5808 2191 5849 e
2214 5809 2255 5849 ιδ
2283 5791 2477 5848 refellit
2505 5793 2594 5865 qui
2630 5800 2689 5856 se
2714 5794 3042 5853 idololatrias
3071 5800 3417 5871 condonare,
3438 5798 3695 5861 adulto...
