4172 6264
609 314 681 397 ιτ
2077 344 2474 409 primum.
3859 326 3931 416 iis

616 457 692 511 ria
722 465 779 513 et
807 457 1189 516 fornicationes
1214 470 1372 530 posse
1396 459 1668 518 dimittere
1710 460 2109 533 gloriabantur;
2140 467 2290 537 quasi
2341 483 2434 537 per
2490 467 2723 537 ipsorum
2771 480 2985 539 precem
3014 482 3112 540 pro
3136 468 3201 525 iis
3231 470 3321 542 qai
3365 470 3481 529 hzec
3505 480 3884 546 pcrpctrarunt
3910 514 3928 543 ,

617 561 899 620 peceatum
929 551 997 607 ad
1020 562 1245 608 mortem
1275 551 1595 611 dimittatur.

613 687 709 745 ΙΧ.
736 702 995 743 -υτιιυιι
1033 703 1087 743 ιιι
1127 704 1316 746 AFRICA
1347 704 1487 747 ANTE
1512 706 1561 749 s.
1586 706 1886 750 CYPRIANUI
1916 707 2240 751 CRM’ISSIIIIS

2278 709 2568 752 ειιιιιιΝιΒυε
2596 713 2807 755 NEGATA
2842 714 3038 756 FUERIT
3059 713 3332 757 COIIIUNIO
3359 716 3488 759 POST
3519 717 3925 760 NENITENTIAH.

676 828 803 895 Sed,
828 837 885 883 ut
912 826 1121 886 facilius
1146 829 1214 887 de
1243 829 1494 902 Cypriani
1519 831 1742 903 ejusque
1768 832 2092 904 collegarum
2118 833 2352 889 decretis
2370 834 2657 904 judicetur,
2693 835 2850 907 paulo
2882 835 3040 892 altius
3070 836 3359 907 repetenda
3382 838 3631 895 ecclesim
3657 839 3928 895 Africana:

603 920 912 995 disciplina,
940 939 1006 981 ac
1047 925 1282 984 breviter
1308 928 1728 985 examinandum
1767 939 1945 985 utrum
1996 940 2121 986 ante
2147 937 2359 985 :L-taten
2391 929 2642 1003 Cypriani
2694 930 3024 1003 gravissimis
3054 931 3370 989 criminibus
3391 976 3405 1003 ,
3441 944 3493 989 ttt
3524 933 3842 991 idololatriae
3872 946 3926 994 et

604 1016 921 1084 homicidio,
945 1032 1203 1076 concessa
1232 1036 1404 1078 necne
1432 1036 1535 1093 pax
1567 1033 1689 1093 post
1715 1020 2088 1093 ptenitentia‘m
2120 1021 2301 1078 fuerit.
3438 1046 3441 1049 ‘

674 1110 776 1179 Qui
806 1113 1201 1181 paenitentiam,
1230 1129 1390 1185 quam
1410 1115 1533 1183 sani
1563 1123 2029 1185 contempserant,
2063 1115 2114 1170 in
2141 1126 2382 1170 extremo
2410 1115 2648 1186 periculo
2674 1115 2960 1187 petebant,
2995 1116 3050 1185 ii,
3076 1118 3268 1174 saltem
3296 1119 3348 1174 in
3376 1118 3578 1188 Africa,
3603 1119 3791 1190 primis
3816 1135 3925 1176 sa:-

597 1206 735 1262 Culis
766 1206 1162 1276 rejiciebantur,
1196 1216 1253 1262 ut
1280 1216 1424 1278 patet
1450 1223 1517 1264 ex
1548 1209 1717 1279 Epist.
1750 1225 1819 1263 LII
1846 1205 2097 1281 Cypriani
2128 1205 2206 1280 (p.
2239 1204 2331 1278 75)
2365 1224 2378 1261 :
2417 1227 2436 1259 ι
2471 1191 2541 1262 Et
2569 1207 2798 1275 idcirco,
2832 1209 3002 1280 inquit
3026 1251 3040 1275 ,
3077 1208 3243 1266 frater
3272 1210 3613 1277 charissitue,
3644 1212 3925 1282 paeniten-

600 1300 729 1353 tiam
755 1312 863 1354 non
893 1308 1146 1371 agentes,
1179 1314 1279 1356 nec
1307 1299 1547 1355 dolorem
1578 1299 1898 1356 delictorum
1944 1314 2168 1355 suorum
2203 1308 2314 1355 toto
2357 1300 2521 1356 corde
2560 1308 2614 1355 et
2656 1300 2938 1356 manifesta
2983 1301 3384 1360 lamentationis
3428 1317 3540 1359 sum
3584 1304 3925 1376 professione

597 1395 861 1446 testantes
879 1432 894 1457 ,
930 1390 1294 1462 prohibendos
1315 1391 1536 1447 omnino
1564 1392 1873 1447 censuimus
1906 1407 1935 1444 a
1973 1407 2070 1461 spe
2098 1392 2600 1448 comnnmicationis
2626 1402 2679 1449 et
2702 1393 2878 1464 pacis,
2906 1394 2951 1448 si
2980 1392 3032 1449 in
3066 1393 3378 1451 infirmitate
3404 1404 3564 1468 atque
3596 1396 3647 1451 in
3682 1399 3927 1468 periculo

599 1483 867 1553 cmperint
893 1481 1201 1552 deprecari,
1230 1483 1352 1554 quia
1393 1498 1584 1553 rogare
1619 1482 1740 1538 illos
1769 1497 1875 1537 non
1916 1481 2096 1538 delicti
2128 1483 2472 1553 paenitentia,
2507 1483 2601 1539 sed
2631 1483 2818 1538 mortis
2862 1485 3098 1555 urgentis
3127 1484 3426 1541 admonitio
3468 1488 3778 1557 compellit;
3813 1503 3917 1545 nec

597 1575 792 1646 dignus
822 1574 979 1630 estin
1011 1584 1185 1631 morte
1220 1590 1415 1646 capere
1450 1575 1701 1631 solatium
1742 1575 1832 1646 qui
1859 1590 1919 1630 se
1951 1590 2056 1630 non
2100 1576 2352 1646 cogitavit
2378 1589 2498 1631 esse
2528 1575 2869 1630 moriturum.
2907 1595 2925 1629 ι
2962 1575 3119 1643 Quod
3147 1586 3325 1633 autem
3355 1588 3564 1648 Spectat
3602 1579 3667 1635 ad
3699 1595 3794 1637 eos
3822 1580 3917 1651 qui

594 1679 801 1726 mature
831 1668 1199 1741 paenitentiam
1240 1669 1525 1740 petebant,
1568 1669 1768 1725 nemini
1798 1668 2014 1724 dubium
2046 1678 2129 1723 est
2165 1670 2291 1739 quin
2333 1682 2517 1740 pacem
2576 1668 2834 1725 adulteris
2863 1669 2916 1738 in_
2948 1669 3127 1725 Africa
3157 1671 3397 1726 nonnulli
3428 1680 3554 1727 ante
3579 1669 3915 1744 Cyprianum

596 1765 833 1835 episcopi
876 1762 1176 1834 negandam
1207 1762 1564 1818 decreverint.
1598 1759 1655 1816 ld
1678 1761 1879 1816 diserte
1909 1771 2134 1817 testatur
2160 1762 2273 1831 ipse
2302 1762 2602 1833 Cyprianus
2630 1762 2683 1816 in
2727 1762 2826 1832 Ep.
2856 1777 2927 1817 LII
2965 1763 3041 1832 (p.
3072 1760 3164 1834 72')
3195 1780 3208 1819 :
3244 1782 3262 1815 ι
3302 1765 3366 1818 Et
3390 1762 3605 1834 quidem
3640 1764 3780 1836 apud
3809 1782 3915 1822 an-

603 1866 903 1914 tecessores
942 1865 1189 1923 nostros,
1243 1855 1444 1925 inquit,
1477 1854 1691 1924 quidam
1719 1854 1784 1909 de
1815 1855 2081 1925 episcopis
2112 1854 2230 1908 istic
2258 1854 2310 1908 in
2343 1853 2618 1924 provincia
2647 1862 2833 1908 nostra
2870 1853 3101 1909 dandam
3140 1869 3323 1924 pacem
3363 1855 3589 1912 mmcltis
3616 1872 3723 1911 non
3752 1866 3911 1926 puta-

596 1958 810 2018 verunt,
842 1959 897 2005 et
926 1950 976 2004 in
1009 1956 1179 2005 totum
1210 1938 1541 2019 poenitentize
1586 1946 1762 2002 locum
1811 1956 1997 2001 contra
2040 1945 2300 2001 adulteria
2334 1945 2661 2001 clauserunt.
2703 1966 2720 1997 ι
2774 1946 2996 2001 Factum
3040 1946 3252 2002 videtur
3296 1946 3399 2003 hoc
3437 1949 3711 2004 decretum
3768 1950 3910 2006 intra

600 2044 730 2099 illud
759 2044 990 2115 spatium
1029 2042 1168 2114 quod
1199 2057 1229 2097 a
1283 2040 1617 2101 Tertulliano
1637 2040 1702 2095 ad
1731 2038 2055 2112 Cyprianum
2085 2039 2310 2094 effluxit.
2344 2038 2475 2093 Nam
2503 2038 2867 2094 Tertullianus
2899 2039 2951 2093 in
2982 2038 3122 2096 libro
3147 2039 3211 2095 de
3236 2039 3503 2096 Pudicitia
3536 2043 3681 2111 pacis
3702 2042 3916 2098 adulte-

599 2140 674 2196 ris
704 2149 822 2210 post
862 2138 1227 2210 paenitentiam
1263 2136 1453 2194 dandae
1481 2133 1925 2192 consuetudinem
1948 2175 1963 2201 ,
1997 2143 2054 2188 ut
2082 2147 2423 2189 communem
2454 2130 2710 2186 Ecclesia:
2736 2131 3016 2186 catholica:
3042 2146 3248 2189 morem
3279 2134 3546 2205 exagitat,
3581 2149 3748 2205 seque
3771 2135 3903 2190 olim

512 2250 521 2259 δ
591 2224 797 2286 fatetur
825 2231 897 2287 ita
927 2231 1163 2286 sensisse
1190 2227 1316 2285 dum
1343 2229 1396 2284 in
1426 2225 1662 2282 Ecclesia
1694 2232 2001 2281 versaretur
2026 2241 2038 2278 :
2078 2241 2096 2275 ι
2133 2222 2247 2276 Erit
2271 2222 2427 2291 igitur
2454 2230 2507 2276 et
2531 2220 2617 2276 hic
2646 2219 2905 2276 adversus
2934 2220 3224 2292 Psychicos
3252 2222 3462 2288 titulus,
3495 2223 3668 2294 inquit
3695 2238 3815 2295 cap.
3840 2223 3914 2294 2,

595 2316 856 2378 adversus
892 2337 1025 2379 mea:
1053 2335 1265 2392 quoque
1290 2313 1570 2375 sententia:
1596 2327 1741 2373 retro
1771 2331 1936 2387 penes
1972 2314 2092 2370 illos
2122 2315 2432 2370 societatem
2457 2354 2471 2379 ,
2501 2328 2609 2384 quo
2636 2312 2805 2385 magis
2833 2313 2937 2368 hoc
2965 2314 3097 2368 mihi
3127 2314 3179 2369 in
3226 2324 3404 2370 notant
3448 2316 3684 2373 levitatis
3715 2318 3904 2387 objec-

589 2412 726 2470 tcnt;
764 2433 784 2466 ι
819 2413 972 2483 Quod
993 2422 1171 2469 autem
1197 2410 1399 2483 opinati
1421 2419 1546 2467 sunt
1571 2409 1768 2466 eruditi
1801 2409 1897 2464 viri
1928 2421 2117 2464 severo
2146 2407 2245 2463 illo
2266 2406 2483 2463 decreto
2518 2406 2661 2477 quod
2714 2418 3106 2463 commemorat
3140 2408 3468 2480 Cyprianus,
3506 2410 3814 2467 idololatras
3860 2423 3916 2468 ct

597 2506 932 2573 homicidas,
973 2520 1199 2575 quorum
1242 2504 1418 2561 scelus
1446 2502 1709 2560 adulterio
1746 2504 1960 2575 gravius
1997 2513 2109 2569 est,
2152 2505 2575 2575 comprehensos
2617 2503 2814 2570 fuisse,
2865 2518 2972 2558 non
3017 2503 3173 2559 valde
3213 2504 3502 2573 probabilis
3541 2505 3753 2562 videtur
3796 2504 3913 2563 hanc

591 2598 924 2669 conjectura.
968 2596 1113 2653 Fieri
1153 2597 1301 2653 enim
1343 2597 1517 2668 potuit
1546 2606 1606 2652 ut
1647 2597 1866 2652 nimiam
1909 2596 2158 2653 adulterii
2206 2597 2476 2654 licentiam
2509 2596 2781 2652 nonnullis
2824 2597 2875 2652 in
2912 2597 3042 2652 locis
3087 2598 3321 2668 episcopi
3352 2599 3688 2668 gravioribus
3730 2601 3912 2670 ρωιιὶε

598 2691 991 2749 refrrcnandam
1019 2676 1379 2763 judicarent,
1400 2705 1501 2747 nec
1554 2697 1735 2747 tamen
1769 2690 1838 2746 de
1870 2690 2165 2745 idololatria
2204 2674 2258 2746 et
2285 2689 2573 2746 homicidio
2602 2689 2742 2746 idem
2773 2698 3113 2757 statuerent,
3140 2705 3259 2745 cum
3290 2690 3587 2759 pnesertim
3612 2692 3911 2748 cavendum

598 2794 752 2842 esset
791 2800 857 2840 ne
906 2784 1351 2841 blontanistarum
1384 2784 1628 2839 instituta
1672 2784 1724 2838 in
1768 2782 2065 2838 Ecclesiam
2111 2782 2292 2838 induci
2322 2783 2659 2839 viderentur.
2690 2780 2809 2850 Quo
2853 2790 3031 2837 autem
3071 2781 3195 2836 odio
3236 2780 3496 2851 flagrabat
3543 2782 3682 2852 apud
3712 2798 3906 2840 omnes

600 2880 762 2950 hujus
789 2879 1015 2936 hmrcsis
1052 2878 1348 2947 severitas,
1377 2878 1571 2949 conjici
1596 2886 1778 2950 posset
1798 2877 2080 2947 episcopos
2102 2876 2204 2933 hoc
2231 2878 2423 2933 saltem
2446 2875 2619 2931 solatii
2646 2874 2909 2931 adulteris
2935 2873 3321 2945 paenitentibus
3361 2874 3644 2944 reliquisse
3663 2916 3679 2943 ,
3698 2884 3771 2930 ut
3810 2890 3908 2946 pa-

590 2987 709 3029 cem
741 2973 793 3027 in
819 2971 1046 3029 articulo
1071 2972 1262 3028 mortis
1295 2972 1621 3040 acciperent.
1653 2970 1758 3027 Sed
1784 2968 1900 3024 hanc
1928 2968 2182 3042 Cypriani
2207 2970 2402 3035 verba,
2436 2987 2455 3021 ι
2491 2977 2546 3025 et
2587 2969 2641 3024 in
2669 2976 2837 3024 totum
2871 2969 3198 3036 pmnitentia:
3226 2967 3401 3023 locum
3433 2977 3619 3023 contra
3645 2968 3909 3026 adulteria

597 3068 947 3132 clauserunt,
986 3085 1006 3119 ι
1037 3074 1094 3120 ιιι
1118 3065 1522 3138 ptenitentiam,
1556 3064 1628 3120 ita
1653 3064 1814 3120 etiam
1843 3077 1996 3134 spem
2032 3063 2179 3134 pacis
2202 3063 2423 3118 omnino
2449 3062 2769 3134 praeclusam
2797 3062 2963 3119 fuisse
2989 3061 3249 3118 indicant.
3283 3060 3391 3118 Cur
3419 3063 3567 3119 enim
3596 3064 3911 3135 paenitentia

601 3156 669 3212 iis
700 3157 947 3229 imposita
993 3173 1099 3213 non
1144 3157 1334 3214 fuisset
1383 3157 1576 3229 quibus
1628 3164 1751 3227 post
1790 3171 1991 3211 annum
2023 3165 2117 3211 aut
2146 3155 2284 3213 forte
2313 3157 2475 3213 etiam
2501 3156 2660 3213 citius
2701 3155 2874 3212 danda
2912 3153 3012 3227 pax
3039 3166 3187 3224 erat,
3218 3157 3265 3212 si
3296 3157 3351 3212 in
3382 3158 3571 3213 mortis
3600 3157 3901 3229 periculum

608 3256 938 3322 ncidisseut;
970 3256 1200 3327 quique,
1233 3254 1277 3311 si
1321 3270 1354 3310 e
1379 3256 1567 3311 morbo
1593 3254 1926 3320 evasissent,
1956 3268 2142 3323 pacem
2185 3252 2354 3308 semel
2398 3253 2672 3323 acceptam
2714 3251 2972 3308 retenturi
3003 3261 3191 3316 erant,
3240 3260 3296 3307 et
3335 3252 3525 3308 eodem
3572 3252 3694 3323 jure
3729 3252 3910 3311 futuri

587 3363 655 3404 ac
692 3347 780 3403 alii
814 3346 998 3403 fideles
1020 3348 1040 3402 ἲ
1060 3346 1194 3402 Nam
1222 3348 1311 3419 qui
1337 3347 1420 3402 his
1449 3345 1780 3417 temporibus
1799 3359 1984 3416 pacem
2010 3353 2234 3416 urgente
2272 3346 2515 3415 periculo
2540 3354 2878 3417 acceperant,
2922 3346 3024 3402 hoc
3045 3345 3363 3403 beneficium
3397 3347 3638 3403 restituta
3665 3348 3720 3403 in
3760 3348 3902 3406 intc-

578 3453 734 3512 grum
762 3439 1068 3495 Valetudine
1110 3438 1430 3504 servabant,
1460 3452 1563 3493 nec
1589 3436 1920 3507 poenitentiae
1947 3451 2165 3492 cursum
2205 3437 2425 3506 explere
2474 3439 2835 3508 cogebantur,
2889 3448 2947 3493 ut
2997 3446 3145 3509 patet
3189 3453 3256 3495 ex
3291 3438 3547 3511 Cypriani
3577 3440 3748 3512 Epist.
3793 3457 3889 3498 Lit.

598 3568 602 3572 ι
649 3531 757 3589 Sed
785 3531 854 3589 de
881 3530 1158 3587 adulteriis
1183 3529 1408 3601 aliisque
1430 3528 1762 3601 gravissimis
1789 3528 2023 3599 peccatis
2050 3538 2175 3585 ante
2207 3528 2453 3584 hmresitn
2494 3529 2966 3598 Montanistarum,
2995 3546 3061 3587 ac
3089 3530 3159 3587 de
3184 3530 3489 3589 idololatria
3503 3543 3560 3589 et
3590 3533 3887 3592 homicidio

579 3635 703 3695 pOSl
726 3623 870 3693 ipsos
900 3620 1270 3686 Montanistas,
1304 3618 1486 3675 multa:
1531 3634 1844 3692 magnaeque
1873 3628 2163 3675 occurrunt
2182 3613 2554 3688 difficultates,
2583 3637 2704 3693 qua:
2736 3622 2900 3678 variis
2942 3624 3226 3680 sententiis
3251 3624 3426 3695 locum
3451 3626 3738 3684 dederunt.
3760 3629 3903 3686 Exi-

580 3718 818 3781 stimavit
846 3716 1094 3774 Petavius
1122 3716 1177 3770 in
1200 3723 1308 3771 not.
1332 3713 1400 3767 ad
1434 3712 1701 3785 Epiphan.
1731 3710 1810 3784 (p.
1833 3711 1962 3785 251)
1998 3712 2187 3784 primis
2211 3715 2424 3769 saeculis
2447 3714 2885 3786 gravissimorum
2912 3716 3195 3772 criminum
3225 3732 3349 3775 reos
3374 3720 3755 3778 communione
3779 3737 3909 3792 pro-

584 3814 784 3871 bibitos
810 3810 1011 3875 fuisse,
1032 3824 1132 3866 nec
1158 3822 1435 3880 umquam,
1472 3807 1585 3863 sive
1609 3806 1936 3874 incolumes,
1967 3806 2081 3863 sive
2105 3806 2474 3876 moribundos,
2505 3807 2765 3864 Ecclesia:
2792 3809 3101 3878 restitutos;
3124 3820 3288 3881 atque
3317 3811 3458 3869 hanc
3496 3815 3903 3873 severissimam

587 3904 928 3975 disciplinam
969 3903 1072 3958 sub
1110 3901 1494 3973 Apostolorum
1520 3908 1758 3971 tempora
1795 3908 1851 3954 et
1877 3898 1944 3954 ad
1964 3898 2288 3965 Tertulliani
2319 3899 2430 3957 fere
2458 3901 2717 3956 smculum
2745 3901 3076 3968 obtinuisse,
3108 3903 3204 3960 sed
3230 3919 3261 3959 a
3292 3904 3587 3976 Zephirino
3614 3910 3903 3981 pontifice,

583 3998 729 4071 quod
759 3997 826 4053 ad
857 3995 1142 4053 tnmchiam
1166 4002 1412 4066 spectat,
1446 3992 1716 4065 paululum
1748 3992 2077 4060 relaxatam,
2120 3992 2375 4065 Cypriani
2410 3994 2746 4064 temporibus
2775 3994 3007 4065 majores
3044 3995 3112 4051 ad
3151 3996 3427 4053 lenitatem
3454 4013 3776 4070 progressus
3808 4004 3905 4059 ha-

587 4092 795 4150 buisse.
824 4091 1062 4148 Morinus
1090 4088 1187 4144 lib.
1219 4104 1304 4155 ιιι,
1334 4088 1399 4142 de
1419 4085 1637 4153 Pomit.,
1678 4101 1799 4158 cap.
1826 4085 1937 4152 20,
1965 4095 2021 4142 et
2057 4084 2261 4143 Natalis
2303 4085 2630 4155 Alexander,
2672 4087 2874 4143 dissert.
2929 4103 2999 4143 vn
3040 4088 3095 4143 in
3142 4087 3283 4144 Hist.
3332 4105 3389 4146 nt
3437 4106 3581 4155 εωεη
3640 4092 3696 4147 in
3742 4093 3903 4150 aliam

584 4202 808 4262 prorsus
860 4184 1180 4243 sententiam
1226 4185 1375 4240 ivere
1402 4225 1417 4250 ,
1447 4191 1503 4238 et
1528 4182 1715 4255 primis
1744 4182 1848 4239 illis
1876 4182 2091 4239 saeculis
2130 4198 2316 4254 pacem
2345 4182 2510 4254 lapsis
2537 4193 2751 4254 peracta
2780 4183 3092 4254 paenitentia
3142 4197 3454 4240 concessam
3485 4183 3649 4241 fuisse
3673 4196 3905 4244 conten-

587 4284 753 4348 dunt,
801 4295 901 4337 nec
943 4277 1295 4335 morientibus
1324 4279 1376 4332 in
1404 4277 1634 4332 decursu
1664 4275 1993 4347 paenitentia:
2021 4285 2288 4348 negatam.
2320 4274 2475 4343 Quod
2506 4279 2676 4348 magis
2717 4278 2915 4332 mirere
2953 4277 3007 4332 in
3053 4275 3153 4333 hac
3193 4278 3581 4334 sententiarum
3605 4280 3899 4351 varietate,

582 4374 851 4446 insignem
898 4370 1213 4428 Tertulliani
1259 4368 1467 4436 locum,
1497 4367 1589 4439 qtti
1638 4367 1799 4422 totius
1826 4369 2211 4424 controversia:
2246 4368 2410 4423 cardo
2439 4377 2554 4434 cst,
2601 4368 2813 4440 utrique
2853 4370 2907 4424 in
2947 4369 3190 4425 eamdem
3235 4370 3558 4427 sententiam
3602 4374 3898 4444 accipiunt.

586 4470 733 4527 lnter
759 4477 1015 4538 utrosque
1043 4464 1294 4522 convenit
1336 4463 1756 4529 Tertullianum,
1792 4477 1914 4518 cum
1937 4464 2011 4519 ait
2040 4463 2133 4520 l‘b.
2158 4466 2220 4519 de
2251 4463 2531 4532 Pudicitia,
2561 4479 2679 4538 cap.
2714 4466 2749 4522 5
2782 4483 2796 4520 :
2835 4485 2854 4519 ι
2884 4466 3220 4523 ldololatram
3249 4466 3464 4537 quidem
3494 4476 3549 4523 et
3576 4467 3899 4527 homicidatn

584 4565 752 4623 semel
783 4565 1027 4631 damnas,
1061 4560 1329 4619 moechum
1354 4576 1483 4617 vero
1508 4561 1574 4616 de
1605 4559 1781 4616 medio
1807 4559 2054 4630 excipis?
2082 4579 2101 4613 ι
2131 4571 2183 4617 et
2213 4575 2331 4632 cap.
2367 4560 2436 4617 12
2469 4579 2482 4614 :
2519 4581 2537 4614 ι
2563 4560 2701 4619 [line
2724 4561 2964 4634 estquod
2994 4576 3167 4632 neque
3193 4559 3535 4630 idololatriae,
3563 4577 3738 4633 neque
3764 4578 3891 4619 san-

546 4673 551 4677 '
582 4659 732 4731 guini
762 4674 866 4730 pax
890 4659 958 4713 ab
985 4656 1227 4715 ecclesiis
1257 4654 1535 4720 redditur;
1574 4674 1591 4707 ι
1619 4654 1817 4710 diserte
1845 4655 2040 4727 docere
2074 4671 2259 4726 pacem
2290 4656 2606 4715 idololatriae
2632 4668 2689 4715 et
2709 4659 2997 4716 homicidio
3022 4659 3166 4731 apud
3192 4659 3500 4716 Catholicos
3529 4660 3736 4733 negari.
3785 4659 3895 4717 Sed

583 4753 972 4810 Tertullianum
1005 4747 1253 4807 Petavius
1281 4756 1333 4806 in
1367 4766 1425 4806 re
1470 4750 1709 4805 nuntium
1752 4750 1924 4806 oculis
1964 4752 2206 4822 exposita
2251 4754 2463 4809 mentiri
2507 4770 2613 4811 non
2662 4756 2998 4827 suspicatur;
3045 4755 3265 4812 nefariae
3309 4755 3463 4813 illum
3510 4756 3794 4812 calumnia:
3840 4764 3898 4810 et

583 4845 755 4918 putidi
782 4844 1045 4901 mendacii
1072 4844 1307 4900 Morinos
1334 4852 1389 4900 et
1418 4843 1725 4899 Alexander
1764 4858 2020 4900 accusare
2048 4861 2153 4900 non
2195 4844 2463 4905 dubitant.
2492 4847 2709 4906 Neutris
2738 4852 2957 4906 omnino
2982 4851 3232 4906 assentiri
3265 4864 3514 4922 possum,
3543 4865 3648 4907 nec
3671 4848 3895 4906 Pctavio

581 4940 805 4995 nimiam
842 4940 1183 4995 severitatem
1213 4938 1399 5008 primis
1427 4939 1637 4994 sarculis
1664 4934 1959 5010 affittgcnti,
2011 4956 2109 4997 nec
2135 4941 2344 4998 Morino
2369 4953 2423 5000 et
2457 4944 2760 5003 Alexandro
2790 4947 3058 5005 mendacii
3086 4956 3267 5002 notam
3297 4945 3634 5003 Tertulliano
3663 4945 3887 5000 inuren-

585 5039 752 5095 tibus.
783 5034 1146 5103 Quamobrem
1186 5032 1560 5088 demonstrare
1604 5032 1883 5103 aggrediar
1920 5033 2016 5088 tria
2064 5033 2153 5089 illa
2197 5034 2510 5106 gravissima
2555 5048 2773 5110 peccata
2820 5040 3207 5107 idololatriam,
3242 5037 3588 5095 homicidium
3630 5045 3687 5091 et
3735 5020 3893 5091 adul-

579 5134 774 5190 tcrium
799 5146 828 5186 a
859 5126 1172 5201 ptenitcntia
1201 5135 1255 5182 et
1280 5141 1410 5197 pace
1438 5124 1654 5181 exclusa
1687 5126 1739 5180 in
1772 5126 1986 5197 antiqua
2017 5126 2252 5195 Ecclesia
2280 5144 2387 5185 non
2428 5128 2596 5189 fuisse
2615 5174 2631 5202 ,
2661 5147 2761 5189 nec
2786 5131 3183 5189 Tertullianttm
3219 5131 3386 5188 aliam
3419 5125 3714 5186 Catholicis
3748 5124 3887 5183 doc-

582 5227 780 5283 trinam
810 5223 1142 5281 adscribere.

655 5318 893 5373 Primum
915 5313 1136 5371 rationis
1157 5319 1485 5370 momentum
1507 5352 1521 5377 ,
1553 5310 1790 5382 illudque
1820 5327 1927 5369 non
1955 5312 2097 5382 leve,
2147 5315 2452 5387 suppeditat
2480 5318 2594 5389 ipse
2636 5317 3004 5377 Tertullianus
3028 5364 3041 5387 ,
3076 5321 3232 5392 cujus
3269 5319 3385 5376 lucc
3425 5316 3589 5375 verba
3638 5316 3691 5372 in
3747 5314 3884 5372 libro

575 5414 640 5467 de
666 5410 1273 5480 Paenitentialeguntur,
1305 5421 1426 5476 cap.
1456 5405 1539 5461 ιε
1586 5423 1605 5458 ι
1653 5404 1913 5463 Omnibus
1937 5423 2065 5479 ergo
2092 5408 2330 5478 delictis,
2376 5411 2577 5483 inquit,
2622 5427 2719 5469 seu
2782 5427 2948 5470 carne
3012 5430 3109 5473 seu
3151 5415 3387 5487 spiritu‘,
3442 5428 3539 5470 seu
3585 5414 3725 5469 facto
3778 5426 3876 5468 seu

568 5505 852 5561 voluntate
874 5500 1212 5567 commissis,
1256 5499 1347 5572 qui
1380 5513 1590 5571 pinnam
1622 5514 1716 5570 per
1749 5498 2007 5570 judicium
2034 5501 2360 5573 destinavit,
2390 5504 2535 5562 idem
2574 5517 2629 5563 et
2675 5507 2888 5563 veniam
2932 5522 3030 5580 per
3078 5510 3459 5581 paenitentiam
3499 5506 3810 5579 spopondit.
3861 5521 3882 5558 ι

574 5597 900 5657 Nominatim
929 5594 1243 5652 idololatras
1265 5593 1367 5648 hoc
1390 5592 1652 5650 beneficio
1683 5607 1790 5649 non
1818 5594 2029 5650 excludi
2060 5595 2302 5652 declarat
2328 5612 2447 5670 cap.
2477 5598 2547 5653 7:
2595 5617 2617 5650 ι
2662 5599 2848 5673 itaque
2877 5601 3100 5677 (hostis)
3138 5603 3424 5670 observat,
3465 5601 3670 5673 inquit,
3714 5612 3889 5670 oppu-

574 5702 727 5765 gnat,
757 5690 1000 5758 obsidet,
1026 5688 1070 5745 si
1110 5703 1213 5759 qua
1238 5686 1406 5758 possit
1453 5696 1547 5742 aut
1591 5687 1783 5742 oculos
1825 5689 2261 5760 concupiscentia
2308 5692 2511 5748 carnali
2558 5680 2751 5765 ferire,
2802 5706 2895 5752 aut
2935 5698 3172 5754 animum
3226 5697 3502 5756 illecebris
3536 5692 3888 5753 saecularibus

567 5784 811 5848 irretire,
834 5793 928 5838 aut
951 5782 1108 5837 fidem
1143 5790 1375 5836 terrena:
1402 5778 1687 5849 potestatis
1715 5777 2001 5838 formidine
2026 5791 2291 5851 evertere,
2322 5792 2415 5841 aut
2440 5800 2470 5841 a
2492 5785 2576 5843 via
2611 5798 2759 5845 certa
2784 5791 3060 5862 perversis
3102 5789 3481 5848 traditionibus
3520 5789 3880 5860 detorquere:

564 5891 680 5938 nou
707 5873 994 5943 scandatis,
1018 5886 1125 5930 non
1154 5870 1542 5954 tentationibus
1574 5871 1778 5930 deﬁcit.
1813 5871 1937 5930 llaec
1965 5873 2125 5948 igitur
2149 5891 2355 5936 venena
2404 5879 2523 5954 ejus
2552 5883 2842 5956 providens
2892 5884 3035 5944 Deus
3060 5926 3076 5956 ,
3110 5885 3314 5946 ‘clausa
3362 5884 3490 5946 licet
3537 5882 3890 5960 ignoscentias
