4200 6262
353 225 427 311 to
458 304 467 312 υ
1825 238 2213 299 l‘fi/EFATIO.
3596 253 3668 313 se

351 340 517 416 janua
543 351 600 400 et
626 343 966 402 intinctionis
1005 359 1123 403 sera
1167 347 1440 407 obstructa
1463 393 1478 422 ,
1524 349 1722 424 aliquid
1753 353 1931 412 adhuc
1957 358 2203 428 permisit
2227 367 2433 430 patere.
2463 359 2759 422 Collocavit
2802 362 2855 420 in
2887 363 3155 423 vestibulo
3187 367 3551 440 ptenitentiam
3581 384 3668 426 se-

355 440 606 506 cundam,
630 455 753 511 qua:
784 440 1125 519 pulsantibus
1155 444 1457 515 patefaciat.
1509 465 1528 499 ι
1572 447 1649 503 Ita
1678 447 2040 509 Tertullianus
2068 451 2193 509 dum
2222 453 2398 510 adhuc
2453 456 2596 513 inter
2632 458 2941 515 Catholieos
2984 446 3308 526 versaretur,
3340 463 3664 520 Montanista

355 533 523 591 factus
542 534 688 589 aliud
717 534 924 603 docuit,
953 535 1048 592 sed
1073 540 1494 629 repugnantibus
1519 539 1830 611 Catholicis,
1864 560 2000 616 quos
2025 546 2103 602 sic
2131 547 2631 618 loquentesinducit
2657 551 2752 606 lib.
2773 552 2835 606 de
2864 552 3078 621 Pudic.,
3108 570 3228 626 cap.
3259 554 3325 611 ἓξ
3352 577 3369 609 ι
3398 556 3664 614 Cmterum

355 628 494 695 Deus
517 671 532 694 ,
557 629 836 699 inquiunt,
863 630 1034 685 bonus
1059 640 1115 687 et
1136 634 1372 702 optimus
1398 628 1435 700 ,'
1459 640 1516 690 et
1559 637 1868 693 misericors
1913 648 1967 695 et
2005 640 2291 697 miseratur
2320 651 2375 699 et
2401 643 2787 700 misericordiae
2830 645 3117 716 plurimus,
3142 662 3300 717 quam
3326 650 3470 704 omni
3502 650 3671 704 sacri-

350 722 473 779 ficio
502 724 803 794 anteponit,
834 738 943 778 non
976 724 1108 779 tanti
1130 724 1336 782 ducens
1367 729 1669 797 peccatoris
1689 739 1952 797 mortem,
2003 748 2161 804 quam
2209 734 2576 804 paenitentiam
2602 776 2618 802 ,
2668 736 3000 794 salviiicator
3039 742 3278 797 omnium
3333 751 3387 796 et
3433 741 3666 798 maxime

351 813 614 871 ﬁdelium.
643 815 820 886 Itaque
845 823 901 871 et
932 814 1069 871 filios
1101 817 1194 872 Dei
1222 818 1598 875 misericordes
1624 835 1744 876 esse
1765 822 2065 893 Oportebit,
2102 824 2366 881 donantes
2406 827 2636 883 invicem
2666 828 2804 883 sicut
2845 838 2899 884 et
2942 828 3185 887 Christus
3210 832 3427 886 donavit
3463 832 3651 902 nobis;

356 908 819 980 nonjudicantes,
852 910 1264 981 nejudicemur.
1306 933 1325 966 ι
1360 913 1504 970 Idem
1537 915 1899 974 Tertullianus
1946 931 2163 990 peccata
2208 919 2396 983 dividit
2441 939 2460 973 ι
2508 921 2559 976 in
2603 921 2738 978 duos
2762 921 2967 983 exitus.
3023 938 3085 980 ac
3126 924 3229 980 alia
3285 925 3661 992 remissibilia,

351 1006 462 1062 alia
490 1006 874 1063 irrcmissibiiia
923 1027 942 1061 ι
988 1023 1112 1065 esse
1133 1011 1357 1078 statuit;
1405 1012 1502 1068 sed
1540 1014 1737 1070 fatetur
1768 1014 2073 1074 Catholicos
2124 1017 2225 1072 sibi
2266 1016 2366 1073 hac
2412 1017 2463 1073 in
2512 1033 2570 1075 re
2601 1018 3137 1090 adversari,eosque
3187 1021 3391 1076 nullum
3439 1036 3660 1091 prorsus

352 1110 639 1172 peccatum
689 1101 1067 1160 irrcmissibile
1095 1118 1427 1176 agnoscere;
1477 1125 1495 1159 ι
1542 1109 1635 1164 scd
1660 1112 1809 1181 prius
1845 1109 2125 1179 decidam,
2177 1111 2348 1183 inquit
2396 1126 2517 1183 cap.
2570 1113 2642 1181 5,
2699 1112 3126 1170 intercedentem
3183 1129 3249 1184 ex
3296 1114 3524 1170 adverso
3571 1129 3663 1169 rc-

344 1195 701 1263 sponsionem
732 1196 799 1251 ad
828 1211 944 1251 cam
969 1198 1297 1268 paenitentiae
1323 1202 1558 1272 speciem
1591 1220 1763 1273 quam
1792 1217 1913 1259 cum
1969 1205 2202 1261 maxime
2248 1205 2533 1262 definimus
2580 1208 2736 1262 venia
2782 1222 2988 1263 carere.
3036 1205 3091 1263 Si
3136 1207 3315 1273 enim,
3366 1207 3648 1278 inquiunt,

349 1289 535 1360 aliqua
569 1290 887 1360 pmnitentia
934 1302 1085 1349 caret
1134 1294 1323 1364 venia,
1347 1295 1456 1367 jam
1488 1312 1590 1352 nec
1626 1299 1678 1353 in
1712 1308 1879 1353 totum
1905 1299 2110 1370 agenda
2160 1299 2253 1355 tibi
2308 1312 2423 1365 CSl;
2467 1299 2599 1356 nihil
2622 1303 2766 1357 enim
2805 1300 3071 1373 agendum
3115 1311 3198 1357 est
3222 1299 3449 1357 frustra:
3492 1317 3658 1372 porro

344 1381 545 1439 frustra
565 1393 759 1454 agetur
797 1386 1108 1456 paenitentia
1134 1388 1178 1444 si
1208 1399 1359 1445 caret
1387 1391 1564 1447 venia.
1598 1392 1786 1447 Omnis
1813 1405 1990 1448 autem
2033 1394 2345 1464 poenitentia
2384 1393 2591 1465 agenda
2623 1404 2704 1449 cst
2740 1409 2755 1448 :
2798 1409 2931 1465 ergo
2987 1394 3164 1449 omnis
3211 1394 3420 1449 veniam
3470 1409 3635 1451 conse

343 1485 563 1546 quatur,
590 1491 660 1532 ne
681 1476 877 1533 frustra
909 1489 1120 1550 agatur,
1143 1482 1267 1552 quia
1296 1498 1400 1538 non
1430 1484 1533 1539 erit
1561 1485 1765 1556 agenda
1805 1486 1850 1542 si
1900 1485 2096 1543 frustra
2126 1496 2335 1557 agatur.
2371 1487 2538 1543 Porro
2568 1486 2767 1543 frustra
2788 1496 3013 1557 agetur,
3067 1490 3113 1545 si
3161 1488 3314 1544 venia
3361 1489 3582 1544 carebit.
3634 1509 3654 1542 ι

344 1568 472 1626 Haec
491 1566 673 1626 autem
706 1570 1029 1629 Tertulliani
1057 1574 1361 1631 testimonia
1391 1591 1496 1632 non
1526 1578 1595 1634 de
1622 1580 1736 1635 sola
1768 1578 1946 1636 Africa
1993 1581 2162 1651 accipi
2208 1581 2427 1650 debent,
2486 1582 2579 1637 sed
2632 1581 2700 1637 de
2731 1581 2980 1638 omnibus
3009 1582 3276 1650 ecclesiis,
3322 1597 3456 1652 quas
3503 1583 3661 1639 Mon-

342 1665 664 1737 tanistarum
690 1665 948 1725 defensor
964 1678 1257 1740 Oppugnat.
1287 1670 1497 1743 Ubique
1517 1672 1660 1728 enim
1689 1674 1899 1747 vigebat
1923 1675 2038 1730 hare
2058 1674 2339 1749 disciplina
2368 1717 2382 1739 ,
2433 1690 2496 1731 ac
2535 1674 2742 1732 duobus
2793 1674 2983 1747 primis
3025 1675 3238 1730 smculis
3282 1676 3520 1746 viguerat
3540 1717 3555 1740 ,
3587 1683 3644 1729 ut

345 1766 576 1834 perspici
610 1773 786 1836 petest
809 1781 877 1821 ex
909 1766 1123 1823 Hermze
1150 1767 1286 1823 libro
1313 1766 1573 1841 secundo,
1604 1770 1837 1826 Maudat.
1869 1774 1922 1838 Δ,
1955 1772 2028 1847 .in
2051 1772 2238 1841 primis
2281 1786 2347 1827 ex
2400 1770 2482 1825 his
2534 1786 2651 1842 quae
2680 1768 2931 1826 Clemens
2972 1768 3113 1840 apud
3161 1769 3358 1825 Euseb.
3409 1771 3501 1824 lib.
3545 1786 3598 1824 Ill
3619 1814 3633 1833 ,

342 1875 464 1933 cap.
492 1862 587 1930 2'5,
615 1861 685 1917 de
706 1870 895 1918 sancto
923 1861 1133 1919 Joanne
1160 1862 1500 1935 Evangelista
1532 1875 1735 1921 narrat.
1762 1864 1873 1922 Nec
1898 1865 2190 1922 omittenda
2218 1865 2456 1938 Dionysii
2509 1862 2907 1920 Corinthiorum
2960 1863 3196 1933 episcopi
3250 1863 3316 1917 ad
3358 1864 3658 1918 AmaStria.

341 1970 536 2010 norum
566 1965 621 2010 et
644 1955 783 2011 alias
809 1955 965 2011 Ponti
996 1955 1252 2012 ecclesias
1281 1958 1534 2028 epistola,
1577 1959 1756 2031 inqua
1789 1959 2128 2031 pra'cipiebat
2180 1967 2239 2014 ut
2264 1974 2291 2012 a
2323 1959 2514 2030 quovis
2543 1959 2695 2028 lapsu
2711 1958 2824 2013 sive
2840 1955 3058 2025 delicto,
3081 1957 3195 2012 sive
3214 1956 3375 2012 etiam
3402 1955 3653 2013 hmretica

349 2048 613 2116 pravitate
643 2049 931 2106 redeuntes
960 2048 1194 2121 benigne
1217 2051 1640 2122 susciperentur,
1669 2060 1802 2108 teste
1832 2052 2087 2119 Eusebio,
2118 2051 2210 2107 lib.
2239 2068 2311 2120 tv,
2343 2066 2391 2108 c.
2426 2051 2517 2109 2'5.
3130 2072 3139 2077 -

419 2140 481 2195 ‘2'
516 2140 870 2212 lmprobabile
892 2157 1112 2213 prorsus
1134 2156 1218 2198 εει
1239 2145 1378 2214 quod
1405 2146 1479 2202 ait
1501 2146 1771 2213 Petavius,
1806 2145 2192 2215 Zephirinum,
2221 2144 2365 2216 quod
2404 2153 2614 2217 spectat
2660 2143 2729 2199 ad
2771 2142 3090 2210 mmehiam,
3139 2143 3209 2200 de
3254 2144 3489 2215 antiquae
3541 2144 3668 2199 dis--
3714 2150 3729 2165 '

338 2235 554 2305 ciplinae
592 2235 880 2291 severitate
904 2235 1107 2306 aliquid
1131 2238 1433 2303 remisisse,
1457 2252 1522 2293 ac
1550 2249 1732 2307 postca
1787 2236 2127 2308 temporibus
2153 2236 2407 2309 Cypriani
2450 2237 2685 2307 majores
2712 2234 2777 2291 ad
2803 2235 3082 2291 lenitatem
3130 2234 3300 2290 factos
3349 2249 3471 2292 esse
3527 2251 3651 2305 pro-

338 2344 577 2403 gressus.
608 2329 723 2385 Non
756 2330 986 2400 quadrat
1034 2331 1149 2387 haec
1181 2332 1855 2403 temporumdistributio;
1889 2347 2012 2387 nam
2040 2330 2296 2399 mmchia,
2323 2340 2381 2386 ut
2411 2330 2573 2386 modo
2612 2330 2862 2398 vidimus,
2915 2345 3034 2400 qum
3088 2327 3404 2385 Tertulliani
3440 2342 3652 2402 tempo—

338 2422 508 2487 ribus,
557 2422 794 2479 omnium
825 2422 1224 2478 Catholicorum
1284 2438 1568 2492 concessu,
1621 2439 1804 2496 pacem
1850 2423 2193 2495 impetrabat,
2245 2424 2350 2479 hoc
2397 2422 2663 2479 beneﬁcio
2721 2421 2859 2493 apud
2892 2421 3182 2478 nonnullas
3232 2422 3491 2479 ecclesias
3546 2423 3647 2478 sub

338 2513 593 2588 Cypriani
641 2517 1080 2573 antecessoribus
1123 2518 1341 2575 exclusa
1386 2518 1505 2575 fuit.
1560 2519 1843 2587 Quomodo
1874 2533 2004 2590 ergo
2030 2518 2314 2588 disciplina
2344 2526 2471 2574 tunc
2510 2514 3037 2586 dimitigatasdicitur
3079 2514 3267 2582 fuisse,
3308 2531 3427 2571 cum
3482 2530 3648 2572 novas

334 2613 681 2669 accessiones
708 2613 893 2668 habuit
919 2614 1269 2670 severitatis?
1322 2614 1380 2671 5°
1412 2614 1467 2670 Si
1498 2629 1567 2670 ex
1588 2613 1905 2669 Tertulliani
1926 2612 2105 2669 verbis
2129 2610 2452 2669 concludere
2503 2611 2683 2666 liceret
2739 2609 2883 2681 quod
2929 2610 3180 2666 I‘etavius
3231 2608 3516 2676 conclusit,
3548 2624 3640 2664 se-

336 2717 601 2776 queretur
626 2720 730 2761 non
760 2706 1045 2763 homicidis
1066 2707 1240 2762 solum
1262 2716 1315 2763 et
1336 2707 1657 2773 idololatris,
1688 2707 1785 2762 sed
1819 2707 1883 2762 iis
1914 2706 2076 2762 etiam
2105 2705 2194 2777 qui
2230 2713 2351 2775 post
2379 2702 2538 2759 ﬁdem
2567 2702 2634 2758 ad
2686 2702 2936 2758 lueresim
2966 2700 3305 2770 defecerant,
3359 2711 3454 2756 aut
3505 2702 3644 2757 inter

339 2798 614 2854 cruciatus
632 2800 763 2859 victi
807 2811 1104 2867 cesserant,
1131 2815 1318 2871 pacem
1346 2799 1839 2856 immisericorditer
1865 2806 2111 2870 negatam
2153 2798 2316 2853 fuisse
2372 2798 2422 2851 in
2464 2795 2705 2851 Ecclesia
2757 2794 3059 2850 catholica:
3094 2783 3173 2850 sic
3216 2793 3360 2849 enim
3406 2793 3643 2864 loquitur

340 2890 417 2946 de
445 2891 710 2948 haereticis
733 2893 1110 2960 Tertullianus,
1142 2908 1194 2949 c.
1226 2895 1296 2950 15
1325 2910 1337 2946 :
1390 2912 1409 2946 ι
1460 2892 1732 2965 llymenzei
1763 2901 1942 2947 autem
1964 2933 1981 2961 ,
2013 2890 2216 2960 inquit,
2247 2899 2302 2944 et
2328 2887 2622 2943 Alexandri
2645 2887 2872 2949 crinten,
2906 2886 2950 2940 si
2974 2893 3028 2939 et
3058 2884 3109 2938 in
3130 2885 3233 2939 isto
3272 2893 3327 2938 et
3372 2883 3424 2938 in
3454 2882 3636 2938 futuro

339 3000 465 3041 mro
496 2986 850 3053 irrcmissibile
880 2997 984 3056 est,
1013 2989 1344 3060 blasphemia
1372 2987 1603 3051 scilicet,
1634 2985 1816 3056 utique
1848 2983 2136 3055 Apostolus
2175 2995 2280 3037 non
2323 2980 2581 3036 adversus
2619 2978 2901 3033 terminum
2942 2976 3150 3030 Domini
3190 2974 3292 3029 sub
3328 2988 3425 3043 spe
3465 2974 3637 3029 venim

332 3080 577 3137 dedisset
603 3082 843 3149 Satanze,
871 3083 981 3153 jam
1009 3082 1163 3139 afide
1191 3083 1242 3138 in
1268 3082 1655 3152 blasphemiam
1695 3093 1932 3146 mersos,
1967 3077 2110 3135 unde
2136 3088 2191 3135 et
2228 3075 2513 3147 naufragos
2551 3089 2646 3131 eos
2679 3074 2831 3144 juxta
2870 3070 3028 3126 fidem
3079 3066 3481 3140 pronuntiavit,
3529 3082 3636 3122 non

332 3172 597 3230 habentes
626 3176 873 3231 solatium
914 3177 1065 3232 navis
1106 3171 1381 3233 Ecclesiae.
1412 3176 1520 3231 lllis
1549 3174 1693 3237 enim
1727 3174 1880 3229 venia
1911 3181 2136 3242 negatur
2179 3174 2270 3242 qui
2311 3169 2379 3225 de
2425 3169 2531 3224 fide
2569 3168 2619 3224 in
2664 3164 3049 3243 blasphemiam
3101 3170 3451 3235 negaverunt.
3501 3181 3519 3214 ι
3566 3161 3638 3216 Et

330 3282 449 3339 cap.
481 3270 577 3324 uit.
602 3268 671 3325 de
697 3270 763 3324 iis
790 3270 878 3341 qui
906 3271 1184 3326 tormentis
1212 3279 1537 3341 superantur
1576 3288 1589 3323 :
1639 3277 1658 3320 ι
1704 3268 2068 3337 Quaecumque
2110 3265 2436 3329 auctoritas,
2490 3262 2687 3333 inquit,
2734 3272 3087 3331 quaecumque
3137 3256 3271 3313 ratio
3324 3255 3531 3313 maceho
3582 3267 3636 3311 et

329 3360 640 3419 iornieatori
668 3379 858 3436 pacem
885 3364 1304 3420 ecclesiasncam
1332 3362 1544 3430 reddit,
1576 3361 1762 3418 eadem
1795 3358 2015 3416 debebit
2051 3366 2104 3413 et
2143 3357 2423 3414 homicidae
2452 3365 2507 3414 et
2540 3354 2836 3411 idololatris
2879 3351 3261 3424 pmniteutibus
3311 3350 3631 3415 subvenire,

327 3465 473 3511 certe
497 3458 778 3528 negaturi.
815 3469 872 3513 et
903 3458 1085 3529 utique
1113 3456 1191 3512 illi
1217 3472 1377 3528 quem
1408 3457 1460 3512 in
1506 3455 1691 3527 praelio
1727 3453 2083 3511 confessionis
2139 3453 2422 3507 tormentis
2478 3451 2823 3506 colluctatum
2864 3448 3068 3503 sazvitia
3115 3446 3329 3518 dejecit.
3367 3442 3632 3501 therum

328 3549 601 3623 indignum
631 3552 744 3608 Deo
762 3563 816 3608 et
845 3552 988 3608 illius
1015 3551 1410 3619 misericordia,
1434 3554 1524 3623 qui
1557 3550 1927 3620 pmnitentiam
1959 3551 2261 3621 peccatoris
2317 3549 2475 3604 morti
2513 3548 2820 3618 prmvertit,
2874 3554 2932 3601 ut
2982 3545 3190 3603 facilius
3243 3544 3297 3601 in
3334 3545 3630 3602 Ecclesiam

324 3644 550 3700 redeant
577 3646 668 3716 qui
708 3644 973 3710 subando,
1025 3659 1184 3716 quam
1206 3644 1298 3717 qui
1332 3644 1639 3701 dimicando
1685 3642 2015 3700 ceciderunt.
2064 3642 2229 3714 Urget
2286 3657 2383 3698 nos
2429 3641 2613 3698 dicere
2660 3639 2947 3710 indignitas
2986 3637 3397 3693 :contamiuata
3453 3638 3631 3707 potius

323 3748 552 3806 corpora
581 3735 861 3791 revocabis
897 3751 1057 3805 quam
1094 3735 1416 3791 cruentata?
1452 3735 1582 3804 Qua:
1615 3735 1930 3806 paenitentia
1973 3733 2353 3791 miserabiliter
2403 3732 2666 3787 titillatam
2724 3738 3070 3801 prosternens
3117 3743 3334 3784 carnem
3382 3743 3453 3783 an
3498 3744 3631 3784 vero

322 3827 581 3883 laniatam
609 3829 635 3883 ἲ
683 3847 704 3882 ι
747 3828 844 3885 His
872 3830 923 3884 in
948 3829 1079 3885 locis
1106 3828 1467 3885 Tertullianus
1491 3830 1658 3900 prima
1688 3830 1869 3899 specie
1895 3829 1972 3885 sic
1999 3829 2210 3884 videtur
2235 3824 2616 3898 argumentari,
2669 3824 2817 3895 quasi
2864 3824 2964 3894 ipsi
2987 3838 3110 3879 cum
3158 3821 3451 3879 Catholicis
3497 3837 3627 3877 con-

321 3919 522 3982 veniat,
548 3934 650 3975 nec
677 3919 757 3975 eis
778 3920 871 3990 qui
896 3935 926 3975 a
956 3918 1063 3977 fide
1087 3921 1141 3976 itt
1169 3920 1789 3989 hteresimdeleeerunt,
1825 3937 1927 3978 nec
1961 3922 2027 3978 iis
2049 3921 2280 3994 quicum
2309 3919 2590 3975 tormentis
2616 3918 2889 3975 colluctati
2916 3926 3223 3985 cesserunt,
3256 3917 3625 3990 poenitentiam

319 4013 547 4070 concedi
576 4023 852 4084 oportere;
883 4014 977 4071 sed
1008 4014 1124 4070 hcce
1160 4016 1418 4071 severitas
1461 4017 1539 4072 sic
1581 4017 1836 4072 abhorret
1882 4015 1949 4071 ab
1997 4015 2228 4087 antiqme
2268 4014 2525 4069 Ecclesia:
2572 4012 2834 4077 moribus,
2894 4019 2952 4067 ut
2999 4011 3050 4068 ei
3099 4028 3129 4067 a
3181 4013 3395 4070 nemine
3436 4013 3620 4087 attingi

318 4107 517 4176 possit.
542 4107 762 4163 Fatetur
785 4107 1085 4180 Cyprianus
1113 4108 1166 4163 in
1192 4108 1425 4179 Epistola
1463 4109 1531 4162 ad
1558 4109 1803 4177 Quintum
1827 4151 1842 4174 ,
1872 4107 2219 4164 redeuntibus
2256 4106 2527 4162 haereticis
2579 4106 2670 4177 qui
2723 4105 2777 4161 in
2816 4103 3056 4162 Ecclesia
3091 4104 3341 4178 baptizati
3387 4105 3621 4174 fuerant,

320 4215 549 4255 manum
582 4201 634 4256 in
666 4202 1034 4273 ptenitentiam
1067 4202 1268 4272 imponi
1298 4202 1518 4271 debere,
1545 4214 1707 4273 atque
1734 4201 1895 4273 hujus
1933 4202 2340 4259 consuetudinis
2380 4200 2640 4272 originem
2693 4199 2763 4255 ab
2806 4199 2936 4270 ipsis
2986 4199 3244 4256 Ecclesim
3286 4201 3625 4260 incunabulis

319 4302 575 4362 repetere
596 4309 698 4350 non
729 4294 937 4350 dubitat
966 4313 979 4350 :
1008 4295 1074 4351 iis
1104 4304 1282 4352 autem
1312 4310 1540 4366 quorum
1591 4312 1698 4353 non
1726 4297 1938 4353 animus
1964 4296 2058 4353 sed
2103 4311 2299 4369 Corpus
2330 4297 2381 4352 itt
2409 4295 2596 4352 dolore
2651 4294 2961 4362 defecerat,
3021 4295 3218 4368 quique
3259 4295 3472 4353 veniam
3517 4313 3624 4352 non

324 4387 607 4458 lacrymis,
634 4377 724 4443 sed
755 4403 947 4445 cruore
967 4389 1346 4446 etvuineribus
1370 4391 1641 4461 petebant,
1673 4398 1871 4463 quanta
1911 4390 2214 4446 immanitas
2260 4389 2503 4447 exhiberi
2554 4391 2760 4447 soleret
2804 4390 2856 4446 in
2904 4389 3166 4460 Ecclesia,
3215 4399 3326 4446 tum
3372 4404 3439 4446 ex
3481 4389 3620 4446 libro

325 4480 590 4554 Cypriani
605 4474 666 4538 de
687 4482 893 4554 Lupsis,
923 4483 1121 4555 p.185,
1147 4493 1257 4539 tum
1285 4499 1352 4540 ex
1380 4484 1622 4554 ejusdem
1654 4484 1894 4556 Epistola
1934 4503 2047 4554 LIII,
2082 4483 2306 4555 perspici
2332 4492 2527 4554 potest.

404 4575 542 4642 Quid
574 4576 732 4647 igitur
760 4588 1056 4634 statuemus
1083 4579 1151 4635 de
1172 4578 1538 4636 Tertulliano?
1564 4579 1613 4635 Is
1634 4594 1763 4636 sane
1786 4589 1928 4638 totus
1955 4590 2100 4637 errat
2128 4581 2179 4636 in
2207 4580 2442 4636 Montani
2468 4581 2659 4637 castris
2705 4596 2770 4637 ac
2805 4595 2989 4637 secum
3017 4587 3213 4650 pugnat
3231 4621 3245 4645 ,
3293 4577 3389 4634 sed
3440 4587 3617 4635 tamen

314 4682 614 4738 numquam
641 4669 760 4726 sine
786 4671 963 4742 aliqua
1005 4672 1202 4747 ingenii
1250 4672 1366 4728 luce
1396 4671 1631 4739 delirat;
1662 4688 1762 4729 nec
1785 4689 1908 4731 eum
1935 4673 2071 4731 adeo
2093 4674 2413 4731 crediderim
2453 4673 2773 4744 desipuisse,
2811 4684 2868 4727 ut
2902 4671 3151 4728 omnibus
3195 4670 3504 4730 hominibus
3550 4674 3625 4728 ri-

322 4759 567 4815 dendum
590 4776 650 4817 se
677 4762 729 4816 in
759 4772 950 4833 aperto
976 4763 1258 4820 mendacio
1286 4765 1611 4835 propinaret.
1643 4766 2004 4835 Quamobrem
2034 4766 2162 4822 illud
2195 4765 2411 4823 eflatttm
2440 4807 2454 4829 ,
2502 4785 2520 4818 ι
2569 4780 2744 4836 neque
2784 4764 3099 4820 idololatria:
3151 4779 3327 4837 neque
3375 4765 3627 4837 sanguini

309 4867 421 4924 pax
443 4853 513 4908 ab
538 4854 783 4913 ecclesiis
828 4854 1096 4923 redditur,
1147 4875 1167 4910 ι
1211 4873 1317 4912 non
1380 4858 1449 4914 de
1496 4858 1807 4926 catholicis,
1860 4858 1955 4914 sed
2005 4858 2072 4913 de
2110 4856 2838 4929 Montanistarumecclesiis
2888 4856 3369 4927 interpretandum.
3416 4857 3623 4913 Nomen

314 4948 565 5004 ecclesiae
612 4947 977 5006 Tertullianus
1001 4949 1233 5006 Montani
1266 4960 1428 5007 sectae
1456 4934 1672 5023 proprio
1699 4950 1930 5023 quodam
1952 4951 2228 5022 juresolet
2254 4950 2566 5016 vindicare;
2594 4948 2738 5005 velut
2778 4963 2901 5005 cum
2944 4964 3062 5005 eam
3121 4959 3276 5005 vocat
3326 4949 3623 5006 Ecclesiam

317 5040 582 5111 Spiritus,
608 5040 908 5098 Ecclesiam
935 5041 988 5096 in
1020 5043 1186 5098 tribus
1218 5040 1468 5113 positam,
1499 5059 1618 5115 cap.
1642 5044 1735 5112 2|,
1759 5051 1852 5098 aut
1877 5058 1999 5098 cum
2026 5046 2100 5099 ait
2127 5058 2247 5113 cap.
2290 5043 2390 5099 1ος
2437 5062 2456 5094 ι
2501 5041 2761 5099 Cederem
2812 5041 2905 5097 tibi
2947 5042 2991 5109 si
3040 5042 3303 5115 scriptura
3348 5040 3585 5097 Pastoris
3604 5038 3631 5105 ,ι

308 5149 437 5204 qua:
458 5135 573 5189 sola
617 5135 862 5192 mmchos
905 5145 1087 5201 amat,
1141 5136 1321 5192 divino
1366 5137 1724 5194 instrumento
1775 5140 2060 5203 meruisset
2087 5136 2476 5202 incidi;sinon
2515 5137 2584 5192 ab
2607 5136 2752 5192 omni
2793 5137 3021 5193 concilio
3049 5136 3430 5202 ecclesiarum,
3463 5135 3626 5191 etiam

307 5237 641 5296 vestrarum,
671 5232 814 5285 inter
840 5229 1146 5301 apocrypha
1174 5238 1229 5284 et
1250 5230 1379 5285 falsa
1401 5229 1756 5300 judicaretur.
1806 5249 1826 5283 ι
1875 5227 2097 5285 Videtur
2117 5228 2216 5283 sibi
2240 5228 2464 5284 multum
2507 5228 2726 5285 honoris
2757 5226 3049 5285 Catholicis
3078 5227 3275 5284 habere
3294 5268 3310 5295 ,
3337 5228 3383 5283 si
3429 5242 3616 5284 eorum

307 5321 581 5388 ecclesiis,
599 5330 722 5394 post
745 5322 979 5378 Montani
1008 5334 1230 5387 sectam,
1255 5322 1522 5378 secundas
1552 5322 1827 5379 attribuat.
1857 5321 2018 5378 Aliud
2062 5320 2327 5391 proferam
2357 5323 2672 5391 exemplum
2716 5336 2780 5376 ex
2832 5336 2881 5376 c.
2910 5321 2973 5388 7,
3029 5320 3117 5376 ubi
3164 5320 3356 5390 probat
3403 5321 3521 5377 ovis
3573 5330 3628 5377 ct

308 5414 589 5471 drachma:
622 5416 908 5487 parabolas
933 5431 1039 5472 non
1086 5418 1377 5474 convenire
1408 5417 1460 5472 in
1492 5417 1765 5475 mtechum
1795 5425 1888 5472 aut
1909 5416 2322 5482 fornicatorem,
2371 5416 2496 5487 quia
2540 5435 2558 5467 ι
2606 5415 2762 5471 simul
2790 5414 3073 5488 apparuit,
3113 5414 3293 5471 statim
3344 5414 3506 5472 homo
3557 5414 3625 5469 de

308 5508 562 5564 Ecclesia
589 5507 830 5581 peliitur,
861 5523 961 5565 nec
984 5509 1058 5564 illi
1087 5518 1295 5578 manet,
1326 5525 1426 5566 nec
1453 5509 1706 5580 gaudium
1737 5508 1948 5564 confert
1973 5506 2251 5578 repertrici
2272 5506 2552 5575 Ecclesiae,
2585 5507 2680 5563 sed
2713 5509 2935 5574 luctum,
2963 5522 3064 5563 nec
3105 5508 3620 5579 congratulationem

309 5602 541 5658 advocat
574 5602 894 5668 vicinarum,
923 5602 1017 5658 sed
1044 5602 1514 5659 contristationem
1546 5602 1911 5674 proximarum
1939 5600 2352 5657 fratcrnitatum.
2405 5620 2424 5653 ι
2468 5599 2610 5655 Cave
2641 5608 2792 5672 putes
2823 5598 3083 5656 Ecclesiae
3109 5615 3315 5655 morem
3358 5598 3617 5666 describi,

310 5697 566 5768 quamvis
588 5696 892 5767 generatim
912 5696 1162 5768 loquatur
1183 5697 1581 5764 Tertullianus;
1615 5712 1789 5768 neque
1816 5694 1960 5752 enim
1985 5693 2105 5751 hac
2126 5691 2390 5750 Ecclesiae
2414 5691 2731 5751 charitatem
2755 5690 3032 5759 redolent,
3051 5690 3155 5777 sed
3183 5688 3638 5748 inhumanitatcm

306 5790 801 5859 Montanistarum,
828 5791 920 5861 qui
949 5790 1189 5863 digamos
1214 5789 1343 5846 foris
1372 5788 1650 5855 sistebant,
1685 5802 1747 5844 ac
1791 5807 1810 5840 ι
1858 5787 2103 5848 eumdem
2131 5786 2351 5844 limitem
2383 5784 2582 5841 liminis
2611 5784 2838 5846 moechis
2877 5798 3089 5856 quoque
3115 5794 3176 5845 et
3216 5780 3649 5846 fornicatoribus
