4172 6264
581 342 645 406 5|
1511 339 1533 350 ”
2012 339 2228 398 PII/EF.

2237 340 2397 397 \TIO.
3809 335 3884 401 53

590 463 866 537 figebant;
896 440 1105 536 jejunas
1132 460 1276 533 pacis
1295 459 1560 533 lacrymas
1600 454 1922 531 profusuris,
1953 473 2052 513 nec
2081 457 2310 528 amplius
2357 456 2425 513 ab
2458 454 2697 512 Ecclesia
2753 468 2914 527 quam
2962 452 3383 526 publicationem
3430 451 3720 511 dedecoris
3750 456 3909 512 rela-‘

587 558 746 611 turis.
801 576 819 609 ι
863 555 1053 625 Liquet
1081 554 1132 608 in
1172 551 1438 623 ejusmodi
1466 551 1597 607 locis
1629 566 1733 607 non
1758 550 1956 606 Christi
1991 548 2321 616 Ecclesiam,
2377 548 2474 605 sed
2521 549 2753 604 Montani
2799 547 3203 619 intelligendam
3247 561 3389 603 esse.
3440 547 3618 605 Testis
3656 559 3741 605 est
3783 553 3898 622 ipse

592 647 955 704 Tertullianus
1003 654 1199 716 quanta
1227 644 1558 699 humanitate
1601 644 1653 698 in
1696 643 1938 699 Ecclesia
1987 643 2250 699 catholica
2297 642 2470 713 excipi
2516 642 2752 697 solerent
2789 641 2877 711 qui
2913 640 3279 711 paenitentiam
3323 639 3575 710 petebant
3620 658 3633 695 :
3681 659 3701 692 ι
3749 642 3816 698 Et
3840 653 3899 700 tu

592 742 829 813 quidem,
861 741 1031 810 inquit
1057 754 1175 810 cap.
1219 739 1317 807 15,
1354 738 1721 811 pmnitentiam
1750 736 1949 793 mcechi
1976 736 2041 791 ad
2066 734 2396 792 exorandam
2438 734 2828 790 fraternitatem
2879 735 2933 788 in
2983 732 3279 789 Ecclesiam
3332 733 3624 803 inducens,
3670 738 3898 793 concili-
3978 807 3987 813 .

588 836 788 890 ciatttm
822 843 876 889 et
905 834 1308 888 conciueratum
1336 875 1349 893 ,
1384 847 1503 887 cum
1533 831 1797 886 dedecore
1842 839 1897 885 et
1927 830 2153 885 horrore
2180 828 2539 898 compositum
2589 826 2887 897 prosternis
2940 825 2995 880 in
3035 824 3269 880 medium
3324 834 3449 881 ante
3503 827 3724 894 viduas,
3773 837 3900 885 ante

590 928 943 999 presbyteros
968 969 981 993 ,
1014 927 1252 980 omnium
1288 925 1505 979 lacinias
1546 923 1885 979 invadentem
1910 966 1923 987 ,
1956 923 2196 978 omnium
2226 921 2447 991 vestigia
2482 919 2839 985 lambentem,
2867 918 3105 973 omnium
3135 931 3306 987 genua
3338 917 3704 986 detinentem;
3738 920 3901 992 inque

596 1034 719 1074 eum
748 1018 983 1072 heminis
1014 1018 1217 1073 exitum
1246 1017 1461 1087 quantis
1492 1026 1643 1085 potes
1681 1014 2067 1071 misericordia:
2108 1013 2396 1068 inlecebris
2436 1011 2609 1065 bonus
2652 1020 2837 1081 pastor
2877 1019 2931 1065 et
2974 1009 3289 1065 benedictus
3330 1008 3472 1079 Papa
3517 1011 3897 1081 concienaris,

591 1121 648 1167 cl
675 1112 726 1164 in
776 1110 1027 1181 parabola
1069 1111 1183 1165 ovis
1223 1125 1411 1180 capras
1452 1116 1569 1163 tuas
1608 1109 1835 1178 qttzeris,
1888 1116 1973 1163 tua
2020 1106 2136 1160 ovis
2186 1121 2253 1161 ne
2289 1119 2477 1160 rursus
2513 1102 2581 1158 de
2626 1101 2869 1159 Ecclesia
2912 1100 3157 1164 exsiliat,
3201 1099 3353 1169 quasi
3399 1113 3505 1154 non
3547 1100 3745 1157 exinde
3784 1103 3897 1173 jam

585 1205 748 1261 liceat
793 1204 933 1275 quod
976 1220 1077 1260 nec
1121 1204 1287 1260 semel
1326 1203 1495 1258 licuit.
1546 1221 1564 1254 ι
1609 1200 2070 1269 Quemadmodum
2110 1212 2240 1269 ergo
2265 1198 2640 1253 -Tcrtul|ianus
2682 1196 2751 1251 de
2801 1193 3032 1250 Montani
3068 1192 3297 1249 ecclesia
3344 1192 3611 1262 loquitur,
3657 1206 3781 1248 cum
3825 1197 3898 1252 ait

587 1298 859 1354 moechum
885 1308 938 1354 et
971 1297 1381 1362 fornicatorem,
1417 1297 1575 1351 simul
1602 1296 1881 1366 apparuit,
1911 1295 1975 1349 de
2005 1294 2247 1350 Ecclesia
2290 1293 2452 1363 pelli,
2497 1292 2576 1347 sic
2609 1290 2769 1345 etiam
2816 1289 2882 1344 ad
2924 1287 3368 1343 Montanistarum
3416 1287 3902 1359 synagogasvrefes

585 1384 814 1441 rendtim
861 1388 1002 1458 quod
1034 1389 1127 1455 ait,
1158 1402 1333 1457 neque
1360 1386 1677 1441 idololatria:
1705 1402 1879 1457 neque
1905 1385 2153 1457 sanguini
2187 1399 2371 1455 pacem
2402 1386 2469 1439 ab
2496 1385 2742 1440 ecclesiis
2774 1383 2946 1440 reddi.
2980 1381 3181 1438 Eodem
3226 1380 3389 1436 modo
3432 1380 3899 1449 interpretandum

595 1480 730 1535 illud
762 1496 830 1535 ex
854 1482 998 1537 c.15
1026 1524 1041 1549 ,
1089 1499 1107 1532 ι
1150 1481 1260 1535 Illis
1300 1482 1443 1534 enim
1471 1481 1626 1534 venia
1672 1488 1900 1550 negatur
1948 1480 2039 1549 qui
2075 1478 2144 1533 de
2184 1477 2290 1532 fide
2328 1479 2379 1531 in
2398 1468 2786 1547 hlaSpbemiam
2832 1482 3181 1545 negaverunt.
3230 1491 3251 1524 ι
3295 1472 3743 1528 Montanistarum'
3783 1474 3903 1528 haec

588 1574 890 1638 severitas,
923 1587 1030 1627 non
1057 1571 1457 1627 Catbolicorum
1486 1584 1621 1641 quos
1659 1572 1771 1641 ipse
1812 1570 2177 1627 Tertullianus
2206 1571 2482 1642 impugnat
2519 1585 2641 1642 cap.
2674 1569 2776 1638 i9,
2821 1567 2966 1639 quod
3011 1568 3078 1622 iis
3118 1566 3210 1637 qui
3254 1584 3274 1617 ι
3322 1574 3442 1636 post
3468 1565 3627 1622 fidem
3650 1568 3825 1622 vivam
3866 1578 3898 1629 β

594 1664 648 1719 in
674 1663 919 1718 haeresim
945 1663 1078 1733 lapsi
1104 1663 1333 1729 fuerant,
1366 1665 1572 1718 veniam
1603 1662 1986 1718 concederent.

659 1758 766 1813 Sed
816 1758 917 1811 alia
972 1767 1222 1827 superest
1280 1755 1534 1811 solvenda
1573 1755 1893 1822 difficultas,
1951 1770 2048 1811 cur
2097 1755 2462 1810 Tertullianus
2501 1756 2553 1810 in
2604 1753 2706 1809 hac
2743 1751 3111 1809 controversia
3151 1751 3232 1807 sic
3265 1744 3688 1823 pugnet,'quasi
3727 1752 3898 1822 ipsius

591 1849 887 1905 adversarii
919 1863 1069 1919 spem
1093 1862 1307 1903 omnem
1334 1848 1506 1903 veniae
1530 1847 1827 1902 idololatris
1854 1857 1909 1903 et
1934 1850 2218 1905 homicidis
2254 1849 2616 1920 prtecludant;
2660 1848 2823 1918 idque
2862 1846 3165 1919 argumenti
3208 1845 3330 1900 loco
3366 1846 3625 1916 arripiat,
3671 1857 3728 1901 ut
3770 1862 3897 1903 cum

593 1943 834 2000 moechis
877 1951 932 1995 ct
971 1942 1383 1996 fernicatoribus
1427 1940 1617 1995 eodem
1653 1939 1814 1995 modo
1855 1940 2045 2010 prebet
2086 1955 2207 1997 esse
2249 1941 2537 2013 agendum.
2586 1957 2606 1992 ι
2654 1938 2792 2008 Quid
2814 1940 2960 2010 agit,
3002 1937 3174 2007 inquit
3202 1952 3326 2008 cap.
3372 1937 3443 2004 5,
3489 1938 3806 1994 mollissima
3841 1949 3898 1995 et

588 2040 982 2095 humanissima
1005 2037 1315 2108 disciplina?
1342 2043 1447 2091 Aut
1468 2037 1717 2091 omnibus
1744 2039 1822 2092 eis
1852 2037 1952 2093 hoc
1981 2052 2103 2093 esse
2141 2039 2392 2104 debebis;
2420 2039 2550 2093 beati
2579 2037 2725 2095 enim
2751 2036 2985 2107 paciﬁci;
3024 2046 3115 2090 aut
3153 2035 3197 2089 si
3240 2049 3349 2089 non
3388 2034 3666 2101 omnibus,
3710 2048 3896 2092 nostra

590 2150 732 2190 esse.
767 2132 1114 2188 ldololatram
1147 2132 1362 2202 quidem
1392 2140 1447 2187 et
1478 2132 1825 2189 homicidium
1863 2138 2031 2191 semel
2061 2136 2321 2205 damnas,
2366 2135 2636 2192 moechum
2677 2147 2808 2189 vero
2847 2132 2915 2188 de
2940 2130 3119 2188 medie
3145 2132 3380 2202 excipis,
3416 2132 3736 2188 idololatria:
3777 2149 3899 2193 suc.-

588 2241 885 2292 cessercm,
920 2224 1207 2280 homicida:
1235 2234 1667 2295 antecessorem,
1698 2229 1976 2301 utriusque
2000 2231 2297 2300 collegam?
2327 2230 2579 2285 Persona:
2607 2228 2905 2300 acceptatie
2931 2235 3045 2293 est,
3094 2226 3514 2283 miserabiliores
3552 2228 3899 2298 pmnitentias

587 2318 875 2388 reliquisti.
907 2335 925 2369 ι
962 2317 1027 2371 Et
1046 2331 1165 2387 cap.
1195 2316 1261 2371 6:
1297 2334 1316 2368 ι
1358 2316 1514 2371 Dahis
1543 2333 1671 2389 ergo
1702 2330 1755 2375 et
1785 2320 2100 2377 idololatria:
2130 2332 2183 2376 et
2210 2322 2359 2376 omni
2386 2330 2645 2391 apestata:
2674 2318 3420 2388 veniam...,communicabis
3441 2330 3499 2376 et
3532 2320 3841 2387 homicidze;
3874 2337 3898 2375 ο

592 2411 724 2465 citat
753 2425 871 2479 cap.
910 2408 977 2464 19
996 2452 1010 2476 ,
1048 2410 1211 2464 verba
1242 2407 1463 2465 Joannis
1500 2427 1512 2463 :
1548 2410 1610 2466 Si
1630 2412 1929 2481 conﬁtemur
1955 2414 2139 2467 delicta
2166 2423 2358 2480 nostra,
2388 2416 2556 2483 ﬁdelis
2581 2423 2628 2469 ιί
2643 2415 2818 2484 justus
2846 2423 2940 2477 est,
2971 2422 3026 2466 ut
3062 2413 3282 2467 ditttiuat
3311 2429 3371 2468 ea
3395 2414 3559 2483 nobis,
3591 2425 3638 2469 et
3668 2416 3903 2483 emundet

587 2519 685 2557 nos
720 2503 780 2556 ab
836 2502 972 2555 omni
1006 2502 1253 2571 inju‘stilia
1276 2517 1298 2565 ;
1339 2511 1451 2556 tum
1488 2502 1636 2558 addit
1683 2521 1697 2558 :
1747 2523 1766 2555 ι
1813 2504 2079 2575 Numquid
2118 2508 2186 2561 ab
2225 2506 2595 2562 immunditia?
2640 2507 2748 2563 Aut
2788 2508 2834 2561 si
2875 2508 2949 2561 ita
2989 2514 3105 2571 est,
3152 2521 3280 2577 ergo
3320 2518 3374 2563 et
3408 2507 3475 2563 ab
3509 2507 3838 2565 idololatria.
3874 2493 3903 2566 ι’

586 2597 686 2653 His
724 2597 861 2652 adde
888 2596 1029 2667 quod
1052 2609 1116 2651 ex
1148 2611 1268 2665 cap.
1309 2597 1496 2651 ultimo
1535 2610 1695 2667 supra
1729 2598 2048 2654 retulimus:
2098 2616 2117 2650 ι
2163 2600 2524 2671 Qumcumque
2559 2602 2876 2667 auctoritas,
2910 2614 3258 2671 quacumque
3295 2600 3433 2654 ratio
3471 2601 3686 2656 moecho
3710 2613 3767 2657 et
3787 2602 3901 2660 for-

585 2689 809 2745 nicatori
842 2703 1024 2758 pacem
1065 2689 1485 2745 ecclesiasticam
1518 2691 1722 2759 reddit,
1770 2692 1959 2747 eadem
2012 2693 2230 2749 debebit
2255 2702 2310 2749 et
2369 2694 2665 2749 idOlOlﬂll‘iD
2687 2703 2742 2750 et
2790 2694 3074 2750 homicidis
3115 2696 3495 2767 pmnitentibus
3521 2695 3827 2752 subvenire.
3870 2712 3895 2752 ι

661 2783 767 2838 Sed
793 2784 986 2854 quibus
1014 2793 1199 2839 uotum
1230 2794 1283 2839 et
1321 2794 1700 2856 pcrtractatum
1720 2796 1804 2842 est
1844 2788 2158 2844 Tertulliani
2201 2792 2502 2862 ingenium,
2550 2792 2631 2847 his
2661 2792 2833 2847 facilis
2872 2792 2979 2848 erit
3002 2793 3234 2848 inillius
3266 2797 3586 2850 sententiam
3628 2797 3898 2860 introitus,

588 2878 998 2937 Defendcndum
1044 2890 1358 2953 susceperat
1384 2883 1527 2952 quod
1562 2882 1613 2936 in
1657 2882 2099 2939 Montanistartuu
2132 2900 2291 2941 causa
2326 2889 2561 2943 maxime
2620 2887 2833 2951 nudum
2860 2899 2914 2945 et
2958 2889 3386 2945 adversariorum
3431 2890 3556 2946 telis
3596 2891 3903 2962 expositum

592 2984 730 3031 erat.
760 2974 903 3030 Nihil
928 2974 1070 3029 enim
1101 2975 1228 3030 huic
1248 2986 1410 3031 secta:
1439 2976 1698 3047 majorem
1720 2978 1984 3033 invidiam
2016 2980 2234 3035 creabat
2254 3021 2270 3047 ,
2307 2996 2469 3052 quam
2499 2983 2642 3054 quod
2678 2982 2983 3051 adulteros,
3012 2984 3367 3041 fornicatores
3402 2993 3459 3040 et
3492 2984 3735 3056 digamos
3776 2984 3903 3040 feris

589 3072 878 3137 sisterent,
908 3069 1053 3124 nulla
1093 3083 1188 3139 spe
1228 3070 1375 3139 pacis
1403 3087 1469 3126 ne
1497 3070 1549 3125 in
1587 3080 1830 3127 extremo
1878 3071 2093 3144 quidem
2140 3075 2333 3144 Spiritu
2366 3076 2573 3132 relicta.
2617 3077 2789 3145 Quam
2824 3078 2986 3151 igitur
3018 3080 3158 3133 viam
3201 3080 3411 3134 insistet
3447 3078 3807 3136 Tertullianus
3848 3087 3906 3134 ιιι

591 3184 652 3224 se
679 3183 743 3223 ex
776 3170 1008 3225 molesto
1030 3178 1084 3224 et
1112 3168 1318 3225 difficili
1361 3170 1484 3226 loco
1517 3170 1804 3240 expediat?
1850 3170 2048 3226 Statuit
2097 3171 2291 3242 duplex
2320 3187 2441 3228 esse
2485 3183 2825 3243 peccatorum
2857 3187 3046 3245 genus.
3093 3189 3113 3225 ι
3160 3174 3278 3229 Alia
3318 3180 3476 3228 erunt
3524 3173 3896 3239 remissibilia,

595 3260 913 3331 inquitcap.
943 3261 1001 3327 2,
1030 3260 1130 3314 alia
1162 3262 1571 3316 irrcmissibilia.
1615 3262 1925 3317 Secundum
1966 3262 2107 3332 quod
2149 3263 2350 3318 nemini
2394 3264 2613 3319 dubium
2654 3274 2737 3320 est
2787 3265 2889 3319 alia
2934 3265 3341 3336 castigationem
3370 3265 3588 3330 mereri,
3628 3264 3728 3319 alia
3750 3263 3904 3318 dam-

590 3355 887 3408 nationem.
930 3353 1101 3407 Omne
1131 3353 1385 3407 delictum
1423 3362 1515 3407 aut
1558 3354 1713 3408 venia
1759 3354 2018 3424 expungit
2057 3363 2149 3408 aut
2181 3370 2335 3425 poena
2377 3371 2391 3409 :
2425 3359 2579 3410 venia
2604 3371 2669 3410 ex
2711 3356 3095 3427 castigatione,
3142 3369 3302 3426 pmna
3344 3370 3412 3410 ex
3455 3354 3815 3409 damnatione.
3867 3372 3888 3405 ι

594 3453 777 3509 Utitur
804 3451 998 3509 deinde
1028 3453 1345 3507 auctoritate
1375 3451 1596 3507 Joannis
1628 3452 1871 3522 qua~dam
1905 3461 2118 3523 peccata
2176 3469 2281 3509 non
2312 3453 2379 3509 ad
2424 3460 2653 3510 mortem
2714 3463 2767 3509 et
2812 3454 3056 3525 quzedam
3097 3453 3164 3508 ad
3216 3459 3443 3507 mortem
3489 3451 3888 3522 distinguentis.

602 3566 621 3599 ι
672 3546 979 3603 Secundum
1004 3543 1143 3599 Itane
1186 3543 1544 3600 differentiam
1575 3543 1931 3609 delictorum,
1981 3546 2185 3616 inquit,
2233 3546 2563 3617 pmuitentiae
2603 3559 2816 3616 quoque
2868 3545 3107 3600 conditio
3159 3543 3578 3600 discriminatur.
3626 3542 3740 3597 Alia
3784 3541 3891 3597 erit

596 3655 717 3710 qum
746 3639 953 3692 veniam
993 3638 1249 3707 consequi
1298 3638 1499 3708 possit,
1530 3637 1582 3690 in
1615 3635 1812 3692 delicto
1851 3638 2054 3692 scilicet
2100 3638 2441 3704 remissibili;
2470 3637 2573 3692 alia
2603 3652 2722 3708 quae
2743 3637 2998 3707 consequi
3018 3636 3164 3691 nullo
3186 3634 3346 3690 modo
3371 3635 3567 3704 possit,
3601 3636 3653 3688 iu
3697 3633 3895 3691 delicto

592 3734 798 3787 scilicet
840 3730 1219 3786 irretnissibili.
1251 3749 1269 3780 ι
1310 3728 1420 3785 lloc
1468 3730 1640 3798 posite
1690 3730 1973 3803 principio,
2022 3730 2259 3786 declarat
2285 3732 2382 3787 sibi
2403 3733 2731 3802 propositum
2769 3746 2891 3787 esse
2935 3748 2955 3781 ι
3000 3729 3307 3800 specialiter
3336 3729 3404 3784 de
3425 3727 3671 3783 mwchize
3702 3738 3756 3783 et
3784 3728 3891 3782 ΐιιιιι

597 3828 888 3881 nicationis
921 3832 1062 3879 statu
1092 3825 1402 3880 examinare
1429 3826 1481 3879 in
1510 3839 1670 3895 quam
1698 3823 2015 3879 delictorum
2048 3835 2257 3895 partem
2287 3825 2519 3881 debeant
2548 3825 2741 3897 redigi.
2781 3845 2799 3878 ι
2846 3824 2952 3881 Sed
2991 3824 3114 3894 quia
3151 3823 3352 3878 sciebat
3392 3820 3531 3877 hanc
3557 3832 3899 3893 peccaturum

596 3920 995 3974 distinctionem
1035 3934 1063 3973 a
1096 3916 1384 3973 Catltolieis
1413 3917 1600 3987 rejici,
1652 3916 1888 3973 breviter
1925 3931 2020 3973 eos
2072 3915 2395 3972 refcllendos
2452 3924 2634 3987 putat,
2674 3925 2965 3989 antequam
3008 3915 3293 3971 mmehiam
3349 3915 3401 3969 in
3445 3917 3676 3985 peccatis
3730 3930 3888 3969 nutu-

596 4028 757 4082 quam
789 4010 1125 4065 dimittendis
1172 4009 1473 4065 babendam
1504 4023 1626 4065 esse
1654 4017 1896 4080 pugnet:
1944 4026 1963 4060 ι
2010 4007 2115 4065 Sed
2162 4009 2311 4079 prius
2363 4008 2646 4076 decidam,
2690 4010 2898 4079 inquit,
2943 4007 3364 4064 intercedentem
3407 4020 3475 4062 ex
3539 4006 3755 4060 diverso
3809 4021 3894 4061 rea

597 4103 946 4173 sponsionem
972 4101 1036 4155 ad
1066 4116 1181 4155 eam
1213 4103 1537 4171 pmnitentizc
1567 4101 1825 4171 speciem,
1855 4117 2014 4172 quam
2060 4117 2180 4156 cum
2230 4102 2462 4156 maxime
2490 4101 2831 4157 definivimus
2869 4102 3021 4155 venia
3061 4114 3268 4155 carere.
3300 4098 3354 4153 Si
3382 4099 3555 4160 enim.
3606 4098 3851 4169 inquiunt
3876 4140 3892 4163 ,

596 4194 772 4264 aliqua
806 4194 1119 4263 poenitentia
1151 4202 1297 4247 caret
1336 4196 1522 4261 venia,
1562 4194 1673 4264 jam
1724 4211 1822 4250 uec
1875 4196 2128 4250 intutum
2170 4195 2373 4267 agenda
2422 4195 2513 4249 tibi
2565 4205 2665 4250 est.
2722 4195 2865 4251 Nihil
2910 4196 3051 4250 enim
3080 4193 3344 4264 agendum
3371 4192 3689 4248 cstfrustra.
3722 4191 3893 4247 Porro

598 4287 795 4344 frustra
826 4297 1014 4359 agetur
1044 4287 1383 4357 poenitentia,
1410 4287 1453 4342 si
1476 4295 1626 4343 caret
1654 4289 1827 4359 venia.
1852 4288 2038 4342 Omnis
2059 4298 2235 4344 autem
2265 4290 2581 4359 pmnitentia
2633 4289 2838 4359 agenda
2889 4297 2990 4343 est.
3042 4287 3184 4357 Ergo
3232 4288 3408 4341 omnis
3451 4286 3659 4340 veniam
3706 4299 3897 4339 cense.

592 4394 807 4455 qnatttr,
854 4394 922 4441 ne
945 4385 1136 4441 frustra
1169 4396 1358 4456 agatur
1379 4428 1393 4452 ,
1429 4387 1551 4455 quia
1573 4401 1679 4441 non
1706 4387 1811 4442 erit
1838 4386 2061 4457 agenda,
2089 4388 2135 4442 si
2173 4385 2366 4440 frustra
2395 4394 2599 4456 agatur.
2636 4386 2803 4440 Porro
2845 4384 3039 4439 frustra
3069 4391 3289 4454 agetur,
3345 4382 3388 4436 si
3417 4381 3568 4435 venia
3600 4380 3825 4435 carebit.
3866 4396 3887 4432 ι

594 4476 707 4533 lloc
736 4476 1132 4533 Catbolicorum
1182 4488 1554 4549 argumentum
1599 4494 1705 4535 non
1735 4478 1873 4535 belle
1917 4476 2536 4546 refellitTertullianus;
2594 4479 2687 4534 sed
2720 4486 2922 4546 tamen,
2954 4488 3233 4548 postquam
3291 4474 3420 4530 illud
3476 4475 3578 4531 sibi
3608 4475 3755 4529 visus
3803 4482 3892 4529 est

594 4570 812 4639 optimis
834 4571 1130 4626 rationibus
1152 4572 1433 4639 evertisse,
1467 4580 1578 4627 tum
1606 4587 1737 4628 vero
1766 4573 1919 4643 quasi
1946 4573 2115 4629 instar
2134 4573 2420 4628 certissimi
2447 4574 2702 4645 principii
2729 4580 3001 4628 constaret
3049 4570 3294 4642 quasdam
3330 4577 3544 4639 peccata
3590 4582 3710 4623 esse
3762 4568 3903 4623 ιντερ

599 4660 901 4726 missibilia,
948 4662 998 4716 in
1040 4661 1091 4716 id
1122 4677 1289 4717 unum
1322 4664 1579 4719 incumbit
1609 4672 1665 4718 ut
1690 4665 1975 4721 meecbiam
2003 4674 2057 4720 et
2094 4667 2496 4722 fornicationem
2531 4682 2597 4723 ex
2637 4682 2702 4722 eo
2744 4680 2941 4737 genere
2979 4680 3099 4721 esse
3138 4664 3491 4720 demonstret.
3522 4663 3718 4731 Quare
3768 4676 3893 4717 cum

598 4754 674 4806 ait
703 4771 717 4808 :
758 4771 777 4805 ι
813 4753 1173 4809 ldololatriam
1199 4755 1413 4826 quidem
1441 4763 1494 4811 et
1526 4755 1865 4812 homicidium
1893 4758 2058 4815 semel
2083 4759 2326 4824 damnas,
2366 4778 2386 4813 ι
2419 4774 2526 4816 non
2556 4760 2862 4815 Catbolicos
2890 4760 3097 4830 arguit,
3124 4758 3272 4828 quasi
3304 4771 3488 4826 pacem
3527 4757 3610 4810 bis
3650 4756 3893 4825 peccatis

595 4859 725 4899 vere
746 4844 1014 4915 denegent
1040 4856 1094 4900 et
1121 4861 1241 4901 cum
1269 4847 1524 4903 adulteris
1565 4848 1840 4905 liberalius
1879 4861 2073 4921 agant;
2107 4851 2202 4907 sed
2234 4861 2390 4923 urget
2437 4852 2836 4919 adversarium,
2895 4866 3056 4922 quem
3103 4851 3201 4906 sibi
3247 4850 3390 4905 visus
3431 4860 3512 4905 est
3567 4850 3789 4919 fregisse
3844 4856 3903 4904 et

594 4939 837 5009 coegisse
864 4946 921 4993 ut
945 4946 1164 5009 peccata
1193 4939 1435 5008 qumdam
1467 4941 1733 5010 graviora,
1769 4952 1822 4996 ut
1852 4944 2205 4998 idololatriam
2232 4986 2247 5013 ,
2276 4944 2622 5001 homicidium
2647 4985 2662 5011 ,
2698 4945 2945 5000 haeresim
2980 4952 3099 5014 post
3137 4951 3436 5014 susceptam
3487 4941 3668 5004 fidem,
3705 4938 3903 5001 dimitti

594 5047 701 5087 non
730 5031 929 5087 debere
964 5031 1239 5087 fateretur.
1282 5033 1430 5089 Unde
1475 5034 1836 5091 Tcrtulliauus
1888 5037 2292 5094 accommodate
2335 5038 2412 5093 ‘ad
2462 5038 2757 5094 institutam
2820 5046 3159 5107 peccatorum
3212 5036 3567 5101 divisionem,
3628 5033 3906 5089 contendit

593 5124 939 5189 adulterium,
969 5135 1026 5178 ιιι
1052 5123 1340 5179 homicidio
1365 5135 1420 5181 et
1445 5124 1761 5181 idololatriw
1795 5129 2019 5183 finitimo
2044 5131 2296 5198 vicinum,
2321 5146 2351 5186 a
2379 5145 2478 5201 spe
2503 5132 2680 5187 venite
2700 5129 3091 5187 excludendum
3125 5145 3140 5195 ;
3173 5136 3267 5183 aut
3293 5129 3339 5184 si
3366 5129 3537 5184 lenius
3562 5136 3753 5198 agatur
3778 5142 3901 5181 cum

595 5218 842 5281 meet-liis,
872 5216 1172 5273 homicidas
1217 5226 1272 5272 et
1318 5217 1628 5272 idololatras
1674 5220 1863 5274 eodem
1891 5222 2009 5291 jure
2052 5238 2173 5278 esse
2201 5223 2421 5280 debere.
2446 5224 2534 5278 Ex
2570 5222 2651 5278 his
2679 5223 2893 5278 elucere
2937 5223 3170 5277 arbitror
3199 5220 3581 5291 pmnitenlibus
3628 5221 3682 5274 in
3715 5208 3902 5274 'Africa

596 5312 839 5366 eamdem
880 5329 942 5369 ac
970 5313 1021 5368 in
1064 5313 1185 5367 aliis
1234 5314 1478 5368 ccclesiis
1513 5311 1897 5370 humanitatem
1932 5319 2205 5386 patuisse;
2240 5318 2434 5372 nedum
2465 5332 2529 5371 ex
2559 5316 2644 5371 his
2673 5315 2988 5371 Tertulliani
3033 5315 3356 5369 testimoniis
3405 5311 3664 5383 colligere
3703 5311 3899 5377 liceat,

597 5412 653 5454 ιιι
684 5402 985 5460 doctissimi
1014 5407 1112 5460 viri
1138 5406 1338 5473 fecere,
1363 5408 1499 5462 alias
1529 5409 1689 5461 etiam
1720 5409 1976 5464 ecclesias
1997 5410 2240 5467 severius
2266 5425 2387 5465 cum
2420 5410 2584 5481 lapsis
2609 5412 2805 5481 egisse.

598 5514 744 5573 X.—
768 5533 945 5573 L’TRL'M
973 5534 1105 5575 NOVA
1135 5535 1227 5577 SL'B
1251 5536 1295 5576 S.
1326 5536 1582 5577 CTPRIANO
1605 5536 1831 5577 lNItl'CTA
1857 5536 1938 5577 SIT
1961 5538 2269 5588 DlSClPLlNA,
2287 5536 2350 5578 AC
2379 5510 2933 5579 Ρηιετικλέεγειιιηε
2950 5537 3001 5578 IN
3022 5535 3181 5578 SOLOS
3207 5533 3514 5577 APOSTATAS
3547 5533 3617 5573 ετ
3643 5530 3902 5574 υεειιιτο-

2020 5630 2116 5670 nas
2153 5614 2436 5671 uersam?

668 5701 974 5776 lllustratis,
1000 5715 1060 5762 ιιι
1090 5709 1382 5778 potuimus,
1414 5707 1727 5763 Tertulliani
1759 5709 2101 5775 testimoniis,
2135 5708 2342 5765 facilior
2363 5707 2468 5765 erit
2492 5718 2547 5764 et
2570 5707 3145 5779 solutiorinvestigatio
3177 5707 3457 5763 sententiae
3488 5703 3742 5779 Cypriani
3775 5719 3789 5757 :
3822 5701 3900 5756 fu-

598 5810 719 5850 cum
743 5794 885 5851 enim
918 5797 1161 5868 pluribus
1191 5800 1391 5855 fecerat
1422 5799 1801 5866 'l‘ertullianus,
1831 5806 1887 5855 ttt
1917 5810 1964 5855 et
1997 5798 2248 5872 Cypriani
2278 5815 2493 5857 sensum
2521 5816 2626 5857 non
2660 5801 2799 5859 belle
2823 5803 3149 5873 acciperent.
3180 5798 3304 5857 Tria
3332 5808 3509 5857 autem
3536 5797 3889 5855 examinanda

625 5898 946 5946 occurrunt:
979 5890 1032 5944 1°
1058 5906 1126 5945 an
1156 5890 1435 5963 disciplina
1454 5891 1553 5949 sub
1578 5892 1845 5964 Cypriane
1865 5893 2173 5966 demitigata
2211 5886 2391 5964 fuerit,
2414 5894 2635 5966 pristina
2657 5893 2943 5955 severitate
2972 5896 3024 5952 in
3048 5893 3194 5953 solos
3218 5902 3490 5966 apostatas
3513 5902 3568 5951 et
3591 5893 3896 5950 desertores
