4172 6264
284 320 366 383 £23
1731 322 2118 383 PREFATIO.
3534 332 3609 391 δι

273 451 539 509 retenta;
561 442 620 498 3‘
642 455 711 498 an
735 442 900 514 lapsis
921 442 974 498 in
995 441 1230 498 decursu
1270 444 1599 516 pmaitcntite
1626 443 1981 500 morientibus
2010 452 2200 515 negata
2222 458 2326 516 pax
2358 443 2538 508 fuerit,
2566 446 2665 500 nisi
2697 444 2907 501 libellus
2934 460 2964 500 a
3012 446 3339 519 martyribus
3367 448 3606 518 accepis-

273 550 407 595 sent
441 541 541 606 ;5°
564 556 630 594 an
664 554 769 594 non
793 540 986 593 saltem
1011 540 1323 609 pcenitentia
1359 539 1439 593 his
1462 541 1549 610 qui
1583 539 2017 595 sacrilicaverant
2045 554 2213 610 usque
2264 539 2329 593 ad
2358 549 2588 594 mortem
2632 539 2885 610 imposita
2936 539 3116 608 fuerit,
3161 555 3263 598 nec
3299 542 3608 599 communio

270 633 385 688 nisi
422 633 474 687 in
507 633 697 687 mortis
723 632 951 686 articulo
972 646 1247 688 concessa.

346 727 514 797 Quod
535 734 740 798 spectat
762 726 831 782 ad
850 726 1147 798 disciplinae
1174 728 1621 794 immutationem,
1641 728 1915 784 existimat
1939 728 2330 798 Albaspinreus,
2351 727 2444 784 lib.
2462 727 2506 784 ll
2525 727 2815 794 Observat.,
2845 729 3162 786 idololatrite
3176 737 3232 786 et
3254 729 3374 786 aliis
3398 730 3606 799 gravis-

266 820 438 876 simis
467 820 782 877 criminibus
800 834 987 891 pacem
1010 819 1112 875 sub
1124 819 1397 893 Cypriano
1411 819 1640 876 concedi
1659 820 1912 891 cmpisse,
1934 819 2007 875 ita
2039 828 2218 876 tamen
2263 828 2322 875 ut
2358 820 2618 877 adversus
2644 830 2917 893 apostatas
2958 832 3014 877 et
3042 822 3350 880 desertores
3376 823 3599 893 antiqua

266 916 557 971 severitas
582 916 801 988 vigeret.
834 915 952 971 Non
983 915 1160 971 solum
1189 916 1507 971 Tertulliani
1557 916 1881 972 testimoniis
1908 904 2097 971 nititur
2122 915 2468 972 doctissimus
2507 918 2815 988 episcopus,
2856 933 3041 974 verum
3083 919 3245 974 etiam
3294 918 3605 988 argumenti

264 1008 408 1063 loco
445 1008 615 1063 sumit
652 1008 795 1079 quod
824 1024 927 1066 nec
957 1006 1260 1081 Cyprianus
1281 1022 1381 1065 nec
1406 1008 1597 1066 Clerus
1624 1008 1901 1065 Romanus
1925 1009 1995 1065 de
2016 1009 2178 1080 lapsis
2194 1010 2485 1082 quidquam
2502 1018 2744 1067 statuere
2763 1013 2881 1068 ausi
2901 1012 3027 1077 sint,
3058 1010 3152 1068 sed
3170 1012 3386 1068 concilii
3414 1020 3602 1068 aucto—

264 1101 498 1157 ritatem
529 1102 997 1172 exspectaverint;
1029 1112 1138 1158 tum
1164 1104 1328 1159 etiam
1355 1103 1497 1175 quod
1519 1099 1817 1175 Cyprianus
1852 1104 1997 1158 dicat
2020 1117 2081 1159 se
2116 1121 2137 1156 ‹
2175 1104 2487 1160 necessitati
2529 1113 2830 1177 temporum
2860 1106 3230 1173 succubuisse,
3271 1126 3291 1159 ›
3327 1118 3384 1162 et
3420 1106 3601 1164 nimia:

267 1191 621 1249 remissionis
650 1194 1012 1265 suspicionem
1045 1194 1379 1262 reformidet,
1404 1196 1527 1266 quia
1563 1213 1584 1248 ι
1621 1195 1702 1250 his
1724 1198 1810 1267 qui
1841 1195 2040 1252 libellis
2064 1196 2449 1252 conscientiam
2479 1213 2632 1253 suam
2669 1199 3077 1266 maculaverint,
3113 1201 3197 1255 vel
3240 1198 3467 1254 nefanda
3510 1215 3602 1256 sa-

266 1284 482 1342 crilieia
528 1288 917 1355 commiserint,
950 1289 1227 1345 laxandam
1271 1304 1458 1361 pacem
1497 1299 1775 1362 putaverat
1805 1289 2014 1362 (Epist.
2052 1307 2144 1357 LII,
2174 1307 2296 1363 pag.
2325 1293 2393 1348 67
2420 1294 2463 1363 ).
2503 1314 2523 1347 ι
2582 1294 2737 1351 Unde
2763 1295 3038 1351 contendit
3068 1296 3439 1365 Albaspinaeus
3481 1310 3593 1352 non

280 1388 406 1436 tam
432 1380 648 1435 anxiam
671 1380 830 1451 hujus
854 1383 935 1438 rei
957 1382 1404 1439 deliberationem
1439 1384 1670 1440 futuram
1691 1384 1876 1449 fuisse,
1900 1385 1943 1438 si
1973 1398 2248 1440 concessa:
2284 1387 2432 1456 pacis
2451 1387 2505 1441 in
2534 1387 2902 1457 superioribus
2923 1388 3384 1459 persecutiouibus
3405 1404 3593 1445 exem-

266 1473 365 1544 pla
394 1474 839 1543 praecessissent;
871 1490 974 1531 nec
1003 1477 1424 1533 commissurum
1463 1477 1634 1536 fuisse
1660 1477 2011 1548 Cyprianum,
2058 1487 2117 1532 ut
2154 1479 2295 1549 quod
2325 1478 2588 1549 majorum
2636 1481 2959 1535 auctoritate
2986 1480 3336 1545 .firmaretur,
3369 1480 3421 1536 id
3472 1498 3503 1537 a
3536 1496 3600 1539 se

268 1566 521 1622 laxatum
546 1566 771 1623 diceret.
796 1567 914 1623 Non
938 1568 1203 1624 absimilis
1229 1570 1431 1625 Petavii
1464 1571 1754 1637 sententia,
1784 1581 1839 1626 ut
1864 1585 2028 1641 supra
2052 1571 2307 1626 vidimus.
2335 1572 2441 1628 Sed
2471 1573 2741 1631 eruditum
2790 1576 3107 1646 scriptorem
3157 1574 3502 1646 prtejudicata
3529 1593 3599 1635 cx

276 1659 605 1716 Tertulliani
634 1661 963 1717 testimoniis
993 1662 1176 1732 opinio
1200 1662 1253 1717 in
1278 1677 1516 1719 errorem
1546 1663 1756 1719 induxit
1789 1682 1802 1718 :
1835 1663 2040 1718 nullum
2069 1665 2213 1720 enim
2256 1664 2355 1719 hac
2395 1666 2448 1720 in
2480 1680 2540 1721 re
2570 1667 2854 1738 vestigium
2899 1668 3150 1723 novitatis
3193 1668 3334 1738 apud
3354 1664 3595 1739 Cypria~

270 1767 429 1818 num,
457 1766 567 1824 quo
592 1766 752 1808 nemo
777 1755 981 1810 veteris
1006 1754 1307 1826 disciplinae
1336 1757 1540 1812 exstitit
1561 1754 1898 1813 retinentior.
1939 1757 2202 1814 Observat
2221 1758 2281 1813 S.
2308 1758 2511 1831 Martyr
2534 1759 2585 1813 in
2619 1759 2723 1830 Ep.
2753 1775 2827 1815 ut
2854 1760 2931 1833 (p.
2951 1761 3044 1831 62)
3067 1761 3325 1831 quosdam
3360 1776 3428 1818 ex
3486 1763 3598 1821 suis

271 1848 719 1905 antecessoribus
749 1864 939 1921 pacem
969 1851 1227 1908 adulteris
1250 1852 1571 1925 denegasse,
1594 1864 1649 1910 et
1677 1870 1697 1906 ι
1728 1854 1780 1910 in
1813 1862 1982 1910 totum
2011 1858 2340 1925 poenitentite
2362 1858 2537 1914 locum
2573 1877 2594 1911 ι
2625 1861 2918 1926 clausisse;
2947 1861 3042 1916 sed
3083 1862 3216 1918 satis
3241 1861 3439 1919 iudicat
3458 1864 3600 1922 haue

272 1940 450 2012 legem
476 1950 535 1997 et
557 1957 595 2017 a.
618 1943 804 2014 paucis
832 1944 1101 2014 episcopis
1127 1944 1287 2000 ﬁxam
1316 1944 1504 2011 fuisse,
1559 1955 1686 2002 ante
1729 1963 1862 2018 quos
1893 1949 2037 2004 nulla
2066 1953 2365 2017 exstiterat,
2395 1960 2451 2008 et
2475 1968 2571 2007 sua
2601 1963 2758 2009 :etate
2782 1956 2893 2022 jam
2945 1956 3167 2011 refixum
3197 1967 3253 2012 et
3277 1958 3595 2028 abrogatum

272 2052 418 2093 esse.
450 2037 564 2094 Nec
590 2038 707 2109 ipse
737 2054 839 2095 nec
871 2039 1153 2111 quisquam
1183 2040 1322 2096 alius
1353 2041 1407 2097 in
1436 2042 1615 2098 Africa
1647 2044 1968 2100 meminerat
1993 2059 2143 2116 spem
2172 2048 2319 2116 pacis
2366 2047 2449 2103 his
2478 2050 2566 2118 qui
2615 2049 2667 2103 in
2708 2049 3079 2120 superioribus
3131 2028 3594 2121 persecutionibus

273 2132 606 2201 ceciderant,
634 2135 952 2205 praeclusam
984 2136 1205 2191 omnino
1226 2136 1409 2193 fuisse.
1442 2139 1573 2193 Cum
1622 2137 1837 2210 quidam
1868 2141 2170 2214 presbyteri
2201 2142 2363 2213 lapsis
2395 2145 2826 2199 communionem
2857 2153 2983 2200 ante
3008 2153 3181 2199 actam
3214 2147 3584 2217 pmnitentiam

271 2227 600 2296 dedissent,
631 2244 819 2285 eorum
852 2229 1059 2286 facinus
1086 2240 1365 2287 aversatus
1382 2241 1466 2287 est
1491 2232 1810 2304 Cyprianus,
1839 2248 2041 2306 eosque
2071 2243 2257 2290 contra
2289 2234 2642 2306 Evangelium
2671 2237 2883 2292 venisse
2915 2236 3210 2293 declaravit
3239 2255 3253 2293 :
3281 2238 3378 2296 sed
3408 2240 3460 2294 in
3488 2240 3592 2296 hoc

274 2331 486 2379 tantum
516 2336 614 2378 eos
641 2324 914 2395 vituperat
943 2326 1083 2397 quod
1115 2324 1169 2382 id
1204 2344 1222 2377 ι
1249 2335 1373 2383 ante
1400 2334 1573 2381 actam
1606 2328 1974 2398 pcenitentiam
2010 2347 2029 2381 ι
2065 2329 2489 2395 concessissent,
2544 2349 2564 2382 ι
2595 2330 2809 2400 quando
2830 2339 3078 2400 oporteat
3105 2330 3173 2386 ad
3220 2330 3335 2387 haec
3379 2347 3476 2402 per
3496 2348 3595 2387 or-

276 2416 456 2472 dinem
486 2417 825 2487 pervenirc.)
858 2416 920 2473 In
949 2419 1199 2476 omnibus
1226 2418 1466 2489 epistolis
1485 2435 1618 2490 quas
1644 2421 1857 2492 scripsit
1880 2422 1932 2476 in
1960 2438 2119 2477 causa
2151 2423 2422 2493 lapsorum
2447 2431 2500 2478 et
2528 2424 2581 2477 in
2614 2422 2753 2479 libro
2777 2424 2841 2478 de
2863 2423 3046 2494 Lapsis
3070 2424 3201 2479 nihil
3234 2440 3455 2495 prorsus
3500 2442 3591 2481 rc-

274 2516 454 2585 perias
484 2529 595 2584 quo
623 2512 757 2586 lapsi
786 2515 854 2571 de
882 2526 1013 2587 pace
1043 2516 1095 2570 in
1118 2515 1348 2571 dubium
1376 2526 1657 2584 vocentur,
1684 2517 1845 2573 modo
1865 2533 2048 2590 parem
2074 2517 2307 2589 peccatis
2338 2519 2709 2587 paenitentiam
2733 2528 2923 2589 agant;
2967 2518 3061 2576 sed
3086 2520 3388 2592 Cyprianus
3418 2522 3595 2577 instar

272 2609 523 2680 principii
556 2609 845 2665 certissimi
868 2612 1037 2682 ponit,
1072 2611 1237 2667 Deum
1272 2630 1291 2664 ‹
1327 2612 1628 2682 pcenitenti,
1657 2614 1922 2683 operanti,
1956 2613 2162 2684 roganti
2186 2626 2344 2684 posse
2365 2612 2661 2669 clementer
2690 2613 2992 2683 ignoscere,
3028 2627 3187 2683 posse
3224 2615 3276 2668 in
3307 2624 3587 2685 acceptum

272 2702 480 2759 referre
517 2702 773 2775 quidquid
807 2719 904 2785 pro
929 2704 1121 2760 talibus
1146 2714 1201 2761 et
1250 2705 1499 2776 petierint
1524 2715 1788 2779 martyres
1819 2717 1872 2760 et
1898 2705 2121 2761 fecerint
2142 2705 2449 2762 sacerdotes
2479 2706 2557 2780 (p.
2586 2704 2736 2777 195).
2776 2724 2796 2757 ι
2831 2705 3087 2760 llortatur
3120 2706 3173 2760 in
3202 2706 3393 2762 eodem
3441 2706 3581 2761 libro

276 2799 355 2870 (p.
383 2797 515 2870 190)
551 2817 571 2851 ι
610 2807 670 2854 ιιι
707 2799 1068 2855 confiteantur
1092 2800 1286 2870 singuli
1315 2799 1565 2856 delictum
1596 2816 1750 2856 suum
1772 2800 1898 2856 dum
1927 2800 2219 2857 satisfactio
2245 2811 2295 2856 et
2328 2802 2576 2857 remissio
2608 2800 2743 2856 facta
2771 2815 2871 2871 per
2911 2800 3220 2856 sacerdotes
3245 2811 3394 2871 grata
3421 2809 3524 2856 est.
3561 2819 3582 2854 ι

272 2891 363 2947 Sic
392 2892 553 2946 etiam
587 2889 778 2947 Clerus
805 2891 1080 2948 Romanus
1109 2892 1183 2967 (in
1216 2893 1387 2963 Epist.
1421 2894 1560 2948 inter
1585 2892 1933 2965 Cyprianicas
1962 2894 2114 2965 XXXI)
2164 2903 2220 2947 ιιι
2252 2894 2445 2948 merito
2485 2894 2713 2964 castigat
2761 2914 2779 2947 ι
2820 2905 3102 2965 properata
3149 2894 3306 2949 nimis
3348 2894 3585 2949 remedia

272 2982 715 3038 communionum
747 2984 935 3054 utique
967 2999 1071 3039 non
1106 2983 1379 3055 profutura
1401 3026 1415 3050 ,
1446 3002 1464 3036 ι
1493 2983 1565 3039 ita
1588 2983 1642 3037 in
1670 2983 1834 3054 lapsis
1863 2983 2186 3039 desiderium
2217 2985 2362 3054 pacis
2385 2999 2489 3038 non
2516 2985 2805 3055 improbat,
2828 2984 2990 3039 modo
3012 2984 3225 3052 pulsent
3245 2998 3377 3038 sane
3417 2983 3586 3049 fures,

275 3076 368 3132 sed
401 3090 512 3132 non
542 3077 728 3148 utique
758 3076 1117 3149 confringant,
1152 3087 1205 3132 et
1245 3076 1527 3133 adeantad
1571 3075 1736 3131 limen
1783 3075 2041 3131 Ecclesia:
2086 3075 2180 3131 sed
2213 3092 2319 3130 non
2350 3075 2534 3146 utique
2585 3076 2907 3130 transiliant.
2962 3073 3209 3129 Notanda
3253 3072 3413 3127 etiam
3469 3073 3585 3129 haec

272 3172 434 3227 verba
468 3189 482 3226 :
516 3190 536 3224 ι
568 3172 791 3228 Multum
820 3172 928 3228 illis
958 3172 1200 3244 proficiet
1226 3171 1412 3243 petitio
1456 3169 1717 3237 modesta,
1768 3168 2057 3239 postulatio
2083 3169 2407 3234 verecunda,
2463 3168 2737 3223 humilitas
2783 3167 3113 3232 necessaria,
3161 3165 3415 3235 patientia
3473 3180 3603 3222 non

273 3269 466 3323 otiosa.
506 3288 527 3322 ι
561 3268 676 3324 Mos
698 3278 815 3324 erat
845 3269 897 3323 in
933 3269 1169 3325 Ecclesia
1219 3267 1590 3339 perantiquus,
1624 3277 1681 3321 ut
1732 3274 2029 3337 martyrum
2072 3264 2469 3320 commendatio
2498 3263 2563 3317 ad
2594 3259 3020 3318 contrahendum
3049 3258 3381 3330 paenitentiae
3420 3258 3587 3329 lapsis

274 3359 539 3432 imposita:
564 3371 774 3433 tempus
794 3362 999 3418 valeret
1029 3378 1043 3415 :
1075 3370 1264 3417 testem
1298 3361 1453 3433 hujus
1477 3361 1552 3416 rei
1582 3359 1843 3415 habemus
1874 3358 2259 3413 Tertullianum
2298 3358 2349 3412 in
2382 3357 2521 3411 libro
2551 3356 2620 3410 ad
2642 3356 2896 3423 Martyres
2936 3363 2992 3410 et
3021 3355 3076 3409 in
3105 3354 3243 3409 libro
3272 3352 3336 3406 de
3375 3350 3590 3431 Pudici-

274 3454 359 3510 tia.
397 3454 533 3510 llinc
565 3456 727 3512 etiam
781 3454 1083 3528 Cyprianus
1116 3473 1128 3510 :
1167 3473 1184 3507 ι
1221 3453 1278 3509 in
1330 3455 1659 3525 praeteritum
1689 3468 1925 3524 semper,
1958 3452 2132 3523 inquit
2157 3452 2259 3522 Ep.
2302 3466 2378 3515 ιιι,
2408 3451 2508 3506 sub
2539 3451 2972 3507 antecessoribus
3017 3449 3215 3504 nostris
3247 3447 3441 3503 factum
3469 3456 3550 3501 est
3574 3482 3588 3511 ,

281 3557 339 3602 ut
367 3548 585 3605 diaconi
641 3551 707 3605 ad
739 3563 1013 3605 carcerem
1042 3558 1409 3604 commeantes
1432 3555 1726 3619 martyrum
1759 3544 2026 3601 desideria
2055 3544 2298 3600 consiliis
2326 3545 2439 3599 suis
2474 3549 2531 3599 et
2557 3542 2956 3615 Scripturarum
2993 3539 3279 3611 praeceptis
3316 3537 3585 3610 guberna-

272 3653 414 3699 rent.
456 3663 474 3697 ι
502 3643 597 3699 llis
622 3643 743 3699 addi
775 3652 951 3715 potest
979 3649 1309 3698 memoratus
1357 3657 1387 3697 a
1432 3640 1699 3712 Cypriane
1740 3641 1791 3695 in
1832 3640 1967 3710 Epp.
1998 3653 2090 3706 ιιι,
2121 3654 2303 3703 van,
2353 3639 2543 3704 vani,
2593 3639 2830 3693 omnium
2891 3636 3240 3692 ecclesiarum
3287 3645 3584 3689 consensus

273 3739 324 3793 in
383 3738 679 3793 refellendo
723 3737 1038 3805 Novatiano,
1087 3751 1247 3808 quem
1297 3750 1477 3806 pravae
1537 3734 1786 3789 novitatis
1834 3733 2047 3803 pr0pria
2100 3747 2292 3787 manus
2339 3732 2636 3803 arguebat:
2690 3731 2979 3800 scripserat
3025 3730 3191 3795 enim,
3241 3734 3301 3783 ut
3358 3734 3584 3781 testatur

271 3831 577 3904 Cyprianus
622 3832 790 3902 Epist.
853 3845 947 3896 Lit,
1002 3837 1058 3885 et
1114 3843 1245 3885 voce
1297 3843 1391 3884 sua
1434 3827 1755 3883 recitaverat
1806 3826 2011 3881 litteras
2038 3826 2182 3882 Cleri
2214 3825 2465 3891 Romani,
2510 3826 2564 3879 in
2588 3824 2782 3894 quibus
2806 3830 2924 3878 erat
2958 3840 2976 3874 ι
3004 3830 3066 3876 ut
3088 3821 3256 3890 lapsis
3273 3819 3502 3876 infirmis
3529 3828 3585 3878 et

277 3924 331 3980 in
359 3925 510 3979 exitu
537 3924 845 3979 constitutis
873 3938 974 3995 pax
1005 3922 1227 3979 daretur
1262 3940 1276 3978 :
1312 3938 1330 3973 ι
1368 3920 1716 3976 ecclesiarum
1748 3912 2044 3975 consensus
2072 3918 2125 3972 in
2148 3916 2459 3987 rejiciendis
2484 3915 2821 3972 Montanistis
2836 3914 3040 3985 pariter
3060 3912 3351 3968 enituerat.

353 4019 511 4086 Quod
544 4034 673 4089 ergo
698 4018 1030 4090 Cyprianum
1057 4027 1109 4073 et
1136 4017 1351 4073 Clerum
1382 4016 1683 4070 Romanum
1711 4014 1937 4070 adduxit
1966 4022 2024 4069 ut
2044 4029 2158 4069 rem
2182 4013 2247 4067 ad
2277 4012 2562 4068 concilium
2592 4014 2854 4084 integram
2878 4020 3184 4079 servarent;
3228 4024 3338 4068 non
3378 4024 3442 4067 ea
3484 4011 3583 4067 fuit

274 4112 462 4180 Opinio
489 4127 612 4182 quae
648 4111 753 4168 illis
788 4111 1116 4178 attribuitur,
1145 4111 1241 4167 sed
1264 4110 1406 4181 quod
1430 4110 1631 4165 viribus
1671 4109 1781 4163 suis
1810 4107 2117 4164 difﬁderent
2160 4108 2217 4164 in
2258 4108 2523 4181 ejusmodi
2549 4123 2732 4176 causa,
2763 4123 2904 4181 qua,
2935 4117 2994 4167 ut
3017 4109 3092 4165 ait
3119 4106 3420 4179 Cyprianus
3468 4108 3571 4178 Ep.

272 4222 363 4260 xiv
387 4246 405 4271 ,
458 4224 478 4257 ι
515 4221 622 4261 non
652 4221 967 4277 paucorum,
1000 4220 1101 4262 nec
1146 4206 1388 4261 ecclesiae
1417 4206 1575 4262 unius
1597 4212 1689 4260 aut
1714 4205 1869 4259 unius
1910 4203 2221 4274 provinciae,
2265 4204 2359 4261 sed
2401 4204 2563 4260 totius
2590 4206 2735 4260 orbis
2765 4219 2926 4260 causa
2973 4214 3109 4262 erat.
3140 4222 3159 4257 ι
3194 4203 3583 4263 Examinanda:

278 4307 636 4355 erantcausae
659 4308 713 4355 et
740 4299 1039 4355 voluntates
1061 4299 1414 4376 singulorum,
1460 4305 1514 4352 et
1561 4297 1691 4351 varii
1724 4302 2069 4367 peccatorum
2094 4295 2292 4366 gradus
2333 4297 2445 4353 suis
2496 4298 2697 4370 quique
2745 4298 2976 4353 modulis
3026 4298 3393 4370 ponderandi;
3441 4295 3583 4367 quod

283 4406 510 4447 examen
539 4407 760 4461 prorsus
792 4393 979 4446 inutile
1008 4391 1213 4456 fuisset,
1248 4392 1291 4446 si
1346 4399 1609 4462 quotquot
1655 4388 2108 4456 sacriﬁcaverant,
2157 4389 2305 4444 nullo
2348 4389 2658 4447 discrimine
2709 4388 2908 4448 exclusi
2939 4408 2969 4447 a
2994 4408 3090 4463 spe
3116 4391 3287 4449 venite
3334 4390 3580 4446 fuissent.

280 4484 485 4541 Deinde
516 4500 649 4541 vero
675 4486 727 4541 in
775 4486 1146 4555 persecutione
1188 4485 1332 4540 Decii
1377 4492 1555 4538 tantus
1602 4482 1805 4537 exstitit
1836 4482 2105 4551 lapsorum
2138 4498 2413 4550 numerus,
2459 4499 2521 4539 ac
2552 4493 2757 4540 tantum
2789 4484 3024 4541 dedecus
3044 4484 3248 4541 nomini
3288 4481 3575 4539 christiana

272 4578 538 4647 innssere,
571 4580 682 4652 qui,
713 4581 861 4633 utait
888 4578 1190 4650 Cyprianus
1212 4577 1265 4631 in
1296 4577 1436 4633 libro
1466 4577 1529 4630 de
1557 4574 1739 4644 Lapsis
1768 4574 1844 4646 (p.
1873 4571 1999 4646 i85)
2030 4572 2298 4647 ad'prima
2329 4577 2511 4631 statim
2539 4577 2703 4635 verba
2741 4578 2994 4633 minantis
3016 4576 3217 4632 inimici
3243 4575 3400 4650 [idem
3427 4587 3583 4632 suun:

277 4672 648 4743 prodiderunt,
682 4687 745 4728 ac
776 4672 916 4727 ultro
946 4672 1011 4727 ad
1039 4673 1213 4727 forum
1243 4685 1554 4735 cucurrere,
1583 4683 1747 4740 seque
1778 4666 2132 4724 hortamentis
2159 4669 2365 4725 mutuis
2393 4671 2446 4725 in
2470 4671 2691 4726 exitium
2721 4672 3071 4743 impulerunt,
3100 4678 3161 4726 ut
3186 4685 3293 4725 non
3317 4668 3585 4724 immerito

271 4764 559 4822 deliberari
601 4765 834 4835 potuerit
860 4780 927 4821 an
975 4780 1079 4820 non
1112 4763 1351 4819 severius
1378 4761 1573 4833 aliquid
1606 4776 1764 4832 quam
1812 4760 1863 4813 in
1898 4758 2165 4829 prioribus
2189 4762 2671 4832 persccutionibus,
2704 4762 2755 4817 in
2778 4761 3044 4832 ejusmodi
3092 4760 3338 4816 homines
3381 4766 3586 4815 statue-

275 4870 444 4915 retur.
495 4856 602 4913 Sed
647 4867 823 4913 tamen
880 4856 1128 4913 videntur
1173 4855 1226 4910 in
1274 4854 1503 4909 concilio
1542 4851 1955 4922 Carthagincnsi
1984 4851 2221 4908 lenitatis
2253 4853 2425 4922 potius
2466 4866 2625 4923 quam
2657 4850 2960 4906 severitatis
2995 4849 3239 4922 exempla
3270 4850 3585 4906 constituta.

271 4952 422 5019 Nam,
450 4961 509 5006 ut
531 4950 695 5007 modo
724 4950 1048 5014 videbimus,
1084 4947 1381 5004 Libellatici
1410 4946 1499 5016 qui
1524 4946 1633 5015 jam
1662 4946 2039 5014 paenitentiam
2071 4952 2313 5016 egerant,
2352 4944 2404 4999 in
2432 4943 2549 5015 ipso
2578 4943 2812 4999 concilio
2835 4942 3055 4999 admissi
3077 4950 3239 5009 sunt;
3266 4941 3580 4998 sacrificatis

273 5055 447 5099 autem
473 5044 629 5116 plena
653 5042 971 5115 pmnitcutia
1000 5041 1267 5111 imposita,
1298 5039 1374 5093 sic
1398 5048 1571 5092 tamen
1602 5047 1661 5091 ut
1690 5053 1820 5107 pace
1851 5052 1956 5091 non
2004 5036 2451 5094 defraudarentur
2479 5038 2525 5093 si
2567 5046 2692 5095 ante
2723 5043 2969 5093 exactum
2998 5038 3331 5111 poenitentia:
3372 5047 3585 5107 tempus

273 5132 327 5191 in
359 5136 723 5207 periculosum
752 5133 998 5188 morbum
1028 5131 1348 5188 inciderent.
1372 5129 1515 5187 Nihil
1550 5137 1761 5199 poterat
1794 5128 1966 5184 leuius
1998 5128 2081 5184 his
2110 5129 2436 5201 temporibus
2466 5130 2741 5186 constitui.
2772 5127 2957 5203 Itaque
3012 5128 3131 5187 fieri
3171 5129 3344 5201 potuit
3372 5138 3429 5183 ut
3451 5143 3585 5184 con-

274 5232 381 5287 cilii
433 5231 715 5286 lenitatem
748 5225 1133 5299 reprehensam
1187 5225 1254 5279 ab
1297 5224 1604 5279 Antoniano
1633 5222 1948 5277 defenderet
1972 5221 2294 5295 Cyprianus,
2346 5222 2593 5294 quamvis
2621 5236 2757 5278 nova
2801 5222 2855 5277 in
2884 5222 2987 5277 hoc
3033 5221 3261 5277 concilio
3287 5219 3572 5292 disciplina

273 5325 488 5380 inducta
518 5340 628 5379 non
659 5322 868 5376 fuisset.
899 5317 1194 5390 Utrumque
1222 5327 1401 5372 autem
1422 5331 1450 5370 a
1481 5330 1539 5370 se
1558 5315 1974 5388 Cypriannsuon
1998 5314 2116 5369 sine
2141 5313 2331 5369 librata
2357 5315 2447 5370 diu
2470 5324 2523 5370 et
2549 5313 2845 5385 ponderata
2872 5313 3079 5368 ratione
3118 5310 3315 5368 factum
3342 5309 3583 5369 declarat

274 5426 331 5471 ut
356 5427 406 5472 et
432 5417 649 5488 vigente
671 5411 1054 5485 persecutione
1074 5408 1436 5474 severitatem,
1469 5415 1523 5461 et
1552 5421 1684 5476 pace
1704 5407 1912 5461 reddita
1944 5404 2328 5477 indulgentiam
2358 5405 2660 5461 adhiberet.
2685 5406 2756 5463 At
2776 5404 3117 5461 severitatem
3147 5403 3202 5458 in
3224 5417 3289 5460 eo
3316 5404 3577 5460 enituisse

270 5523 375 5563 non
406 5506 557 5574 dicit,
584 5502 726 5577 quod
757 5518 951 5575 pacem
980 5500 1201 5557 omnino
1229 5499 1395 5571 lapsis
1431 5499 1732 5571 negandum
1773 5498 2119 5566 decrevisset,
2152 5497 2248 5553 sed
2285 5496 2427 5569 quod
2454 5513 2572 5552 eam
2624 5513 2719 5570 per
2761 5498 2840 5554 fas
2871 5507 2923 5553 et
2951 5496 3100 5553 nefas
3143 5498 3447 5570 petentibus
3486 5513 3573 5553 re-

269 5602 515 5666 stitisset,
537 5609 701 5673 atque
721 5595 1331 5655 excommunicationem
1362 5594 1699 5661 intentasset,
1728 5593 1771 5648 si
1801 5593 2050 5665 (priscum
2075 5590 2182 5645 illis
2200 5590 2408 5661 injussu
2436 5604 2536 5645 suo
2558 5591 3011 5647 communicaret:
3047 5592 3125 5649 sic
3156 5593 3315 5648 etiam
3350 5592 3401 5644 in
3435 5588 3576 5645 leni-

273 5704 377 5753 tate
404 5711 525 5768 qua:
552 5693 837 5750 subsecuta
865 5701 969 5760 est,
998 5699 1157 5761 negat
1182 5689 1577 5746 ecclesiasticas
1603 5689 1749 5759 leges
1781 5688 1946 5744 fuisse
1972 5686 2219 5755 violatas,
2246 5686 2342 5744 sed
2373 5687 2648 5759 provisum
2674 5686 2839 5743 fuisse
2886 5687 3163 5744 contendit
3202 5697 3258 5743 ιιι
3303 5701 3402 5742 nec
3442 5686 3582 5756 lapsi

270 5785 653 5858 chperatioue
675 5784 1004 5854 deficerent,
1045 5801 1062 5835 ι
1106 5798 1206 5839 nec
1230 5796 1423 5838 rursus
1452 5797 1679 5838 censura
1717 5781 2026 5853 evangelica
2073 5780 2391 5851 solveretur,
2446 5790 2504 5837 ul
2539 5781 2605 5839 ad
2661 5782 3199 5840 communicationem
3240 5790 3440 5836 temere
3463 5794 3595 5850 pro-

271 5885 513 5942 silirent.
554 5902 573 5936 ι
606 5880 731 5942 Uno
748 5882 918 5941 verbo
943 5890 1153 5953 negata
1184 5895 1243 5939 se
1272 5887 1363 5936 aut
1382 5894 1412 5936 a
1432 5877 1686 5937 Cornelio
1713 5877 2001 5950 quidquam
2026 5876 2222 5936 factum
2253 5893 2372 5937 esse
2394 5886 2589 5950 przetcr
2614 5880 2857 5951 exempla
2883 5877 3145 5950 majorum
3174 5892 3186 5933 :
3225 5895 3243 5930 ι
3283 5874 3416 5934 Nam
3449 5874 3564 5930 sieu
