4200 6262
323 351 394 408 57
1714 271 1982 379 enare

1941 314 2106 376 ιτιο.
2298 332 2299 335 η
3530 291 3600 348 58

314 471 591 528 Romanus
629 460 1139 534 Carthaginensem,
1187 453 1431 510 absente
1456 447 1724 520 Cypriane
1770 448 2053 534 monuerat
2086 457 2127 534 -ι
2164 443 2223 493 ιιι
2275 434 2349 534 iis
2368 431 2462 534 qui
2513 438 2633 505 post
2683 427 2906 534 lapsum‘
2926 417 3253 534 infirmitate

632 507 967 627 pmnitelhtes
993 507 1424 606 communionem
1454 507 1845 600 desiderarent,
1877 530 2254 589 subveniretur
2285 526 2479 599 (Epist.
2503 539 2561 579 ιιι
2573 530 2647 627 _et
2673 519 2795 593 xv).
2828 539 2848 572 ι
2875 516 3051 588 Atque
3073 513 3178 570 hoc
3200 507 3478 567 consilium
3514 517 3621 559 non

320 612 608 711 modio—non
633 612 960 716 improbavit
976 640 1297 714 Cyprianus,
1323 634 1418 692 sed
1437 632 1599 690 etiam
1652 629 1707 685 in
1741 626 1912 699 Epist.
1942 639 2012 681 xv
2038 621 2273 678 declarat
2293 634 2351 675 se
2383 635 2403 671 ι
2435 613 2683 672 standum
2712 632 2731 666 ι
2784 619 2998 684 putasse
3051 625 3070 661 ι
3108 614 3175 716 οι.
3204 617 3325 659 cum
3433 612 3621 655 eorum

323 768 341 803 ι
372 748 658 811 sententia,
683 695 754 799 n'e
773 748 928 796 actus
953 695 1156 799 nosler,
1187 731 1375 803 inquit,
1403 729 1496 801 qui
1523 726 1786 783 adunatus
1813 735 1936 779 esse
1954 726 2009 776 et
2034 715 2341 801 consentire
2367 712 2508 768 circa
2537 708 2718 766 omnia
2758 706 2918 763 debet
2949 744 2965 771 ,
3013 704 3065 758 in
3100 700 3289 808 .ali'quo
3339 695 3623 800 discrepa-

316 851 419 899 ret.
458 859 480 893 ι
506 840 576 894 At
602 788 837 892 immane
856 830 1115 903 quantum
1151 788 1293 882 inter
1328 788 1580 895 Cypriani
1609 826 1666 874 et
1692 817 2057 873 Romanorum
2086 791 2276 882 agendi
2302 807 2565 864 rationem
2593 803 2835 867 distaret,
2876 799 2921 854 si
2947 812 3071 854 eum
3099 794 3186 850 isti
3215 805 3398 903 pacem
3425 788 3609 845 omni-

315 937 422 992 bus
446 948 576 989 vere
603 884 984 1002 paenitentibus
1011 920 1242 978 dandam
1270 884 1392 975 esse
1408 913 1833 976 admonuissent,
1858 899 2615 1002 Cyprianus-indulgentia.et
2664 891 3071 1002 ltumapitate‘iu
3119 902 3214 1002 eos
3271 884 3436 986 solos.
3473 895 3604 1002 usus

319 971 893 1095 Firioss‘e‘t'qtriwpe'ecato
918 1032 1016 1074 suo
1039 971 1571 1087 pmnitenlite'fugam
1618 1011 1675 1060 et
1704 971 1959 1057 Ecclesiae
1989 994 2439 1095 perturbationem
2480 986 2835 1095 adjecerantt
2883 982 2941 1040 3°
2977 979 3096 1095 _Nott
3147 977 3390 1095 obscure.
3425 971 3625 1095 indicat

319 1066 622 1193 Cyprianus
642 1066 704 1173 ir:
715 1115 883 1187 Epist.
905 1127 1020 1178 xm,
1040 1066 1254 1180 rquibus
1277 1118 1383 1159 non
1400 1066 1561 1159 libelli
1599 1097 1692 1154 sed
1739 1090 2065 1166 poenitentiae
2091 1102 2252 1160 opera
2282 1081 2707 1195 suifragabantu'r
2726 1121 2742 1145 ,
2769 1076 2849 1133 eis
2879 1074 3177 1147 periculose
3227 1066 3612 1195 aegrotantibus

367 1183 384 1195 ’
1590 1190 1619 1195 “
2204 1190 2214 1195 -
2361 1177 2375 1195 ε
2416 1176 2494 1195 ιγ’-
2534 1190 2641 1195 μ--μ
2694 1186 2815 1195 ---η
2845 1178 2919 1195 ιη·
2976 1166 3142 1195 :......:.
3198 1177 3403 1195 ηηωη...
3433 1163 3479 1195 ς..
3500 1175 3612 1195 ,ηιρ-

323 1163 516 1282 pavorem
547 1209 709 1264 multo
733 1163 931 1279 pbtiori
952 1163 1215 1274 jure'esse
1242 1195 1492 1252 dandam.
1532 1211 1551 1244 ι
1581 1190 1845 1247 Caeterum
1864 1198 2077 1257 quoque
2101 1190 2307 1254 partem
2328 1176 2498 1249 plebis
2525 1173 2819 1282 (jumql'apsa
2842 1178 2944 1282 est,
2976 1166 3174 1270 inquit,
3198 1163 3483 1282 praesentia
3500 1175 3624 1218 ves-

324 1255 405 1360 {Et
431 1304 622 1369 fovete,
643 1309 698 1357 et
725 1255 783 1355 ut
806 1313 837 1353 a
868 1255 973 1353 fide
999 1304 1054 1350 et
1074 1287 1437 1348 misericordia
1461 1283 1672 1342 Domini
1697 1296 1804 1337 non
1831 1255 2103 1342 deficiant,
2126 1280 2307 1330 vestro
2331 1270 2523 1326 solatio
2553 1265 2812 1323 focillate.
2869 1262 3054 1369 Neque
3089 1257 3233 1315 enim
3309 1255 3628 1360 deserentur

410 1347 810 1468 ξῖξξιιιιιο
841 1347 1049 1446 Domini
1076 1386 1166 1457 qui
1194 1383 1351 1439 mites
1365 1388 1420 1437 et
1445 1375 1674 1460 humiles
1697 1383 1753 1431 et
1781 1371 2147 1445 paenitentiam
2177 1380 2303 1422 vere
2326 1370 2547 1436 agentes
2577 1361 2630 1468 i'n
2662 1359 2817 1463 bonis
2854 1352 3108 1468 operibus
3122 1347 3624 1468 .persevcrayerint:
3722 1379 3739 1397 .

314 1442 603 1559 quonriinus
631 1485 736 1541 illis
763 1495 977 1555 quoque
1001 1442 1182 1535 divino
1204 1471 1444 1531 remedio
1463 1452 1792 1526 consulatur.
1823 1484 1843 1519 ι
1875 1464 2196 1520 Persuasum
2223 1473 2350 1530 ergo
2370 1471 2490 1513 esse
2516 1454 2632 1509 vult
2683 1448 2948 1559 ejusmodi
2996 1443 3376 1559 paenitentibus
3415 1442 3529 1499 fore
3570 1451 3627 1499 ut

322 1538 346 1635 ti
376 1580 483 1635 illis
511 1592 728 1650 quoque
750 1538 932 1631 divino
952 1569 1191 1628 remedio
1216 1565 1558 1631 consulatur;
1588 1580 1608 1614 ι
1640 1573 1801 1631 atque
1830 1557 1933 1614 hoc
1960 1556 2067 1611 illis
2112 1551 2360 1610 concedit
2410 1560 2470 1605 ut
2520 1547 2769 1605 solatium
2807 1541 3066 1601 Ecclesia:
3120 1538 3328 1610 legibus
3342 1546 3627 1595 consenta-

313 1631 497 1739 neum,
516 1631 775 1742 quodque
803 1680 936 1723 nova
968 1663 1185 1720 decreta
1207 1676 1313 1716 non
1341 1656 1692 1715 desideraret.
1724 1651 1910 1724 Neque
1934 1650 2079 1707 enim
2106 1648 2228 1703 data
2278 1660 2441 1717 opera
2493 1641 2763 1699 scribebat
2791 1637 3091 1710 Epistolam
3129 1649 3225 1742 χιιι
3270 1642 3328 1689 ιιι
3361 1631 3627 1704 ejusmodi
3676 1706 3683 1715 ‘

313 1727 496 1839 lapsis,
510 1727 821 1840 provideret
837 1761 1032 1834 quibus
1058 1768 1116 1815 et
1141 1756 1390 1814 Ecclesia:
1417 1749 1749 1810 consuetudo
1775 1758 1828 1804 et
1854 1746 2079 1803 Romani
2112 1742 2255 1800 Cleri
2298 1738 2502 1797 monita
2541 1738 2672 1794 satis
2705 1732 3071 1807 providerant,
3122 1727 3223 1809 sed!
3248 1737 3305 1784 ut
3328 1741 3516 1784 eorum
3545 1738 3630 1784 tu-

314 1825 545 1916 miluum
599 1825 976 1929 comprimeret
1002 1853 1090 1925 qui
1120 1849 1351 1923 querelis
1378 1846 1490 1903 suis
1509 1843 1979 1914 Carthaginiensem
2033 1837 2315 1895 ecclesiam
2364 1832 2737 1890 incendebant.
2771 1830 2948 1901 Atque
2970 1827 3024 1884 id
3051 1840 3227 1884 causa:
3254 1840 3376 1882 esse
3398 1825 3629 1881 arbitror

312 1969 414 2009 cur
440 1918 751 2024 Cyprianus
792 1950 844 2005 in
873 1918 1044 2021 Epist:
1071 1918 1158 2001 xlv
1188 1942 1515 1999 confirmans
1540 1953 1660 2011 qua:
1699 1938 1753 1993 in
1792 1935 1999 1993 decima
2028 1934 2181 2005 tertia
2205 1931 2534 1993 decreverat,
2567 1927 2699 1984 nihil
2729 1922 3042 1982 nominatim
3065 1920 3209 1977 dicat
3232 1918 3300 1975 de
3328 1932 3461 1990 pace
3487 1919 3629 1974 veris

306 2012 700 2119 parthentibus
726 2045 778 2099 in
808 2012 1050 2099 extremo
1074 2037 1314 2110 periculo
1337 2032 1701 2093 concedenda.
1728 2031 2017 2101 Postquam
2046 2028 2187 2084 enim
2218 2026 2428 2081 locutus
2458 2030 2542 2078 cst
2564 2021 2634 2077 de
2658 2021 2722 2075 iis
2751 2018 2841 2090 qui
2869 2016 3083 2072 libellos
3105 2029 3137 2069 a
3166 2012 3496 2087 martyribus
3524 2020 3636 2067 ac-‘

310 2106 593 2212 'ceperant,
627 2137 743 2194 hanc
769 2135 919 2192 addit
947 2152 961 2188 :
996 2153 1016 2187 ι
1052 2106 1246 2187 Caeteri
1274 2144 1406 2186 vero
1436 2129 1547 2199 qui,
1572 2125 1716 2182 nullo
1741 2123 1924 2180 libello
1951 2137 1981 2176 a
2006 2118 2332 2192 martyribus
2359 2125 2603 2186 accepto,
2652 2110 2908 2168 invidiam
2937 2108 3159 2176 faciunt,
3203 2106 3457 2179 quoniam
3510 2122 3618 2183 non

309 2200 606 2305 paucorum
645 2245 747 2287 nec
777 2228 1020 2286 ecclesia:
1043 2224 1200 2281 unius
1226 2232 1318 2279 aut
1354 2221 1510 2278 unius
1560 2219 1867 2291 provincim,
1900 2216 1996 2273 sed
2026 2215 2187 2291 totius
2216 2212 2363 2270 orbis
2385 2211 2502 2267 hazc
2523 2215 2807 2275 causaest,
2840 2212 3154 2277 exspectent
3171 2201 3241 2258 de
3267 2200 3477 2256 Domini
3494 2215 3616 2272 pro-

314 2296 553 2379 lectione
583 2322 846 2379 Ecclesia:
877 2319 1045 2391 ipsius
1072 2317 1338 2389 publicam
1369 2327 1578 2386 pacem.
1618 2331 1639 2366 ι
1693 2310 1810 2367 Νοιι
1837 2310 1889 2366 id
1919 2309 2162 2382 profecto
2188 2307 2362 2364 sancit
2379 2307 2699 2381 Cyprianus,
2730 2311 2788 2358 ut
2814 2300 2956 2357 veris
3009 2296 3391 2370 ptenitentibus
3422 2310 3521 2368 pax
3573 2296 3626 2351 in

310 2418 460 2473 exitu
490 2424 709 2487 negetur
732 2389 933 2487 (neque
957 2412 1100 2468 enim
1131 2409 1324 2466 retexit
1342 2421 1462 2478 quae
1492 2406 1544 2460 in
1579 2404 1857 2477 superiore
1886 2403 2111 2475 epistola
2159 2402 2540 2467 constituerat,
2582 2396 2678 2454 sed
2717 2411 2780 2452 ea
2833 2394 3011 2466 potius
3035 2390 3342 2458 confirmat,
3398 2389 3529 2446 dum
3555 2391 3630 2447 ait

313 2524 374 2565 se
406 2528 424 2560 ι
460 2509 617 2580 plene
638 2507 923 2578 scripsisse
949 2504 1016 2560 ad
1045 2504 1181 2558 hanc
1202 2516 1313 2558 rem
1340 2499 1600 2572 proximis
1628 2499 1868 2570 litteris),
1901 2516 1920 2551 ι
1955 2498 2049 2554 sed
2071 2493 2865 2554 nonnullorumfestinationem
2896 2490 3223 2560 comprimit,
3267 2487 3359 2560 qui
3386 2502 3630 2544 commu-

311 2601 528 2658 nionem
556 2601 809 2672 petebant
834 2609 959 2655 ante
995 2597 1258 2655 redditam
1287 2595 1543 2653 Ecclesia:
1578 2609 1783 2664 pacem,
1814 2602 2103 2665 antequam
2148 2592 2295 2664 gravi
2329 2590 2516 2647 morbo
2579 2596 2952 2653 tentarentur;
2983 2585 3082 2639 hos
3104 2582 3259 2655 jubet
3305 2590 3624 2654 exspectare

210 2684 221 2693 ’
314 2695 440 2751 dum
484 2710 582 2766 pax
613 2694 872 2750 Ecclesia:
898 2690 1155 2748 reddatur
1183 2713 1199 2746 -.
1227 2697 1282 2745 at
1308 2703 1492 2761 pacem
1515 2689 1566 2744 in
1596 2688 1743 2744 exitu
1769 2702 1874 2744 non
1903 2696 2090 2760 negat;
2117 2702 2292 2760 neque
2317 2701 2412 2743 eos
2428 2682 2776 2758 reprehendit
2813 2682 2954 2754 quod
2981 2695 3013 2736 a
3037 2680 3418 2736 communione
3446 2676 3624 2734 arceri

316 2802 381 2843 se
429 2787 485 2841 in
511 2787 655 2842 exitu
706 2785 955 2852 nollent,
1005 2784 1100 2840 sed
1149 2779 1290 2855 quod
1315 2795 1433 2840 eam
1462 2789 1589 2837 ante
1639 2781 1855 2837 exulum
1908 2779 2138 2837 reditum
2182 2787 2458 2852 peterent,
2513 2793 2576 2833 ac
2636 2798 2654 2832 ι
2700 2776 3037 2834 confessores
3086 2774 3233 2846 ipsos
3262 2773 3559 2847 praevenire
3606 2792 3626 2826 ι

318 2878 546 2935 vellent.

397 2973 503 3030 Sed
530 2972 712 3044 objicit
734 2973 969 3028 Petavius
994 2970 1200 3028 meliori
1225 2968 1533 3027 conditione
1556 2967 1630 3023 uti
1649 2966 1899 3023 debuisse
1920 2964 2010 3038 qui
2037 2964 2247 3021 libellos
2273 2974 2616 3035 acceperant,
2632 2979 2788 3036 quam
2812 2963 2902 3035 qui
2918 2977 3026 3017 non
3044 2967 3394 3033 acceperant;
3422 2957 3564 3031 quod
3583 2958 3632 3015 si

322 3067 575 3124 O'nnibus
601 3081 849 3123 concessa
898 3082 1024 3140 pax,
1054 3065 1255 3121 nullum
1288 3077 1506 3135 prorsus
1533 3061 1670 3117 inter
1698 3071 1949 3131 utrosque
1972 3058 2262 3116 discrimen
2284 3059 2574 3115 exstitisse.
2601 3057 2885 3113 Existimat
2907 3053 3277 3112 Tillemontius
3305 3050 3629 3126 Cyprianum

317 3162 593 3232 ingeniosa
623 3160 848 3233 quadam
880 3161 1137 3216 charitate
1166 3157 1378 3223 fecisse,
1414 3164 1471 3212 ut
1494 3171 1616 3211 eum
1645 3153 1911 3226 praecipue
1940 3151 2137 3224 aliquid
2167 3152 2218 3208 in
2250 3151 2511 3207 honorem
2538 3161 2829 3224 martyrum
2860 3146 3157 3205 concedere
3176 3144 3464 3213 videretur,
3499 3143 3632 3200 nihil

318 3266 494 3313 tamen
526 3232 793 3327 praecipue
818 3254 1169 3318 concederet;
1199 3262 1253 3308 et
1281 3266 1402 3307 cum
1432 3264 1616 3320 pacem
1645 3247 1710 3304 iis
1738 3255 1940 3302 tantum
1969 3245 2057 3316 qui
2082 3244 2286 3302 libellos
2317 3236 2583 3301 habebant
2608 3242 2971 3315 polliceretur,
3007 3241 3280 3298 neminem
3298 3232 3529 3310 prorsus
3559 3238 3629 3294 ab

319 3351 418 3407 hac
449 3350 776 3421 indulgentia
803 3348 1137 3414 excluderet,
1158 3348 1356 3420 quippe
1382 3359 1503 3401 cum
1528 3353 1793 3416 martyres
1815 3341 1950 3397 adeo
1975 3340 2279 3401 libellarum
2310 3340 2518 3413 prodigi
2540 3348 2743 3406 essent,
2769 3346 2829 3396 ut
2852 3339 3104 3396 omnibus
3134 3352 3319 3395 eorum
3338 3337 3629 3395 liberalitas

320 3456 543 3519 pateret.
580 3444 689 3502 Sed
740 3446 783 3499 si
810 3459 874 3500 ea
906 3439 1402 3500 accommodatione
1431 3452 1559 3494 usus
1587 3436 1772 3494 fuisset
1801 3452 1904 3507 qua
1945 3434 2091 3491 illum
2119 3434 2489 3490 Tillemontius
2508 3450 2665 3491 usum
2690 3448 2812 3491 esse
2832 3434 3121 3501 existimat,
3176 3447 3241 3490 ac
3266 3433 3428 3490 tacite
3456 3432 3634 3503 lapsos

325 3557 514 3598 omnes
545 3541 735 3597 fuisset
756 3540 999 3596 hortatus
1043 3547 1097 3593 ut
1120 3552 1180 3593 se
1205 3535 1508 3592 libellorum
1535 3531 1782 3605 praesidio
1806 3532 2111 3599 munirent,
2143 3546 2210 3586 an
2241 3530 2398 3602 paulo
2428 3539 2547 3602 post
2574 3540 2716 3587 tanta
2733 3534 2954 3588 arsisset
2975 3530 3338 3603 indignatione
3363 3530 3417 3586 in
3436 3530 3632 3587 Lucia-

320 3652 467 3699 num,
498 3636 586 3706 qui
615 3633 884 3690 universis
910 3631 1074 3703 lapsis
1095 3629 1146 3686 id
1167 3627 1466 3685 concedere
1491 3641 1654 3682 ausus
1681 3634 1764 3682 est
1815 3624 1957 3695 quod
1981 3624 2091 3696 jam
2122 3636 2279 3681 antea
2300 3625 2542 3695 plurimis
2583 3634 2944 3684 concesserat.
2978 3625 3179 3682 Deinde
3204 3640 3331 3681 vero
3359 3624 3634 3696 perinique

319 3729 620 3801 Cyprianus
648 3740 807 3782 veros
832 3725 1152 3796 poenitentes
1180 3720 1442 3794 ejusmodi
1464 3719 1701 3793 periculo
1727 3718 2081 3790 exposuisset,
2113 3726 2170 3774 ut
2189 3734 2319 3790 pace
2346 3718 2649 3776 defraudati
2677 3728 3053 3787 morerentur;
3078 3733 3250 3790 neque
3293 3720 3439 3775 enim
3492 3720 3631 3774 veri-

317 3822 497 3877 simile
522 3830 639 3876 erat
663 3834 760 3877 eos
786 3816 877 3890 qui
902 3818 1157 3874 hactenus
1185 3827 1292 3871 tam
1316 3812 1486 3870 timidi
1511 3828 1574 3869 ac
1606 3810 1866 3884 pudentes
1893 3810 2122 3875 fuerant.
2155 3810 2472 3868 audaciores
2498 3812 2750 3884 deinceps
2780 3812 2833 3867 in
2866 3811 3063 3868 libellis
3090 3810 3339 3884 petendis
3365 3811 3570 3867 futuros
3604 3829 3619 3879 ;

316 3924 413 3969 aut
463 3917 611 3986 ipsos
649 3910 811 3985 etiam
859 3910 1198 3968 confessorcs
1233 3909 1286 3965 in
1314 3904 1673 3964 concedendis
1709 3904 1975 3961 cautiores
1999 3918 2105 3961 non
2139 3905 2252 3960 fore
2277 3912 2559 3976 postquam
2584 3918 2771 3960 eorum
2814 3902 3031 3959 nimiam
3059 3901 3367 3960 facilitatem
3405 3904 3631 3975 castiga-

315 4019 470 4067 verat
499 4009 829 4083 Cyprianus.
2150 4022 2160 4035 ο
2533 4047 2536 4050 .

388 4104 718 4177 Cyprianum
738 4103 816 4158 sic
841 4102 1223 4171 interpretatur
1251 4097 1525 4153 Marinus:
1554 4093 1687 4151 Cum
1710 4093 1800 4149 lex
1823 4100 1969 4148 esset
2017 4100 2077 4147 ut
2109 4104 2293 4160 pacem
2320 4088 2623 4147 moribundi
2655 4089 3164 4174 non.impetrarent
3217 4090 3307 4161 qui
3362 4090 3630 4163 paeniten-

314 4197 449 4253 tiam
478 4198 594 4253 sani
624 4212 731 4251 non
780 4202 1021 4266 egerant,
1050 4191 1322 4249 existimat
1351 4188 1592 4245 eruditus
1617 4187 1848 4257 scriptor
1871 4185 2167 4241 decernere
2196 4182 2522 4269 Cyprianum
2552 4193 2611 4240 ut
2664 4184 2717 4239 in
2775 4184 2840 4241 iis
2865 4184 2955 4255 qui
2978 4184 3188 4242 libellos
3236 4199 3266 4240 a
3309 4184 3634 4257 martyribus

315 4296 665 4358 acceperant,
695 4287 831 4359 legis
860 4286 1119 4342 severitas
1149 4299 1253 4341 non
1284 4290 1528 4339 servetur
1550 4322 1565 4347 ,
1595 4296 1658 4336 ac
1685 4279 1789 4335 illis
1814 4280 1866 4335 in
1892 4278 2154 4334 honorem
2203 4268 2505 4352 martyrum
2546 4294 2648 4351 pax
2675 4268 3007 4336 concedatur
3030 4320 3048 4347 ,
3094 4294 3253 4350 quant
3289 4277 3484 4335 frustm
3532 4279 3634 4336 hoc

322 4381 587 4451 pra-sidio
615 4381 856 4437 destituti
889 4381 1188 4452 petiissent.
1224 4378 1329 4434 Sed
1362 4378 1478 4432 lucc
1499 4374 1871 4447 interpretatio
1900 4388 2000 4430 nec
2019 4388 2140 4430 cum
2169 4373 2346 4430 verbis
2375 4388 2476 4430 nec
2493 4388 2617 4431 cum
2645 4383 2824 4430 mente
2848 4372 3101 4446 Cypriani
3141 4375 3407 4445 congruit.
3446 4374 3497 4429 l°
3528 4374 3635 4429 No-

315 4476 572 4532 minatim
592 4478 811 4548 requirit
827 4476 1125 4549 Cyprianus
1156 4485 1214 4530 ut
1242 4475 1331 4547 qui
1353 4472 1566 4529 libellos
1588 4488 1619 4527 a
1648 4470 1971 4544 martyribus
2002 4479 2342 4541 acceperunt,
2375 4488 2395 4525 ι
2433 4470 2783 4543 praerogativa
2815 4480 2871 4528 et
2896 4470 3094 4527 auxilio
3144 4483 3333 4525 eorum
3394 4466 3633 4537 adjuvari

314 4570 465 4643 apud
495 4569 772 4624 Dominum
804 4570 856 4624 in
882 4567 1093 4624 delictis
1119 4568 1229 4623 suis
1258 4585 1277 4619 ι
1313 4566 1542 4638 possint.
1597 4564 1767 4620 Porro
1791 4563 1844 4618 in
1876 4563 1960 4618 his
1988 4563 2231 4635 epistolis
2282 4572 2336 4620 et
2362 4564 2416 4620 in
2444 4563 2583 4619 libro
2609 4565 2672 4621 de
2705 4563 2886 4637 Leptis
2928 4563 3058 4620 illud
3105 4573 3253 4619 arcte
3283 4569 3425 4618 tenet
3472 4574 3633 4617 accu-

316 4675 545 4737 rateque
564 4657 820 4728 defendit,
852 4678 960 4717 non
992 4660 1248 4733 prodesse
1274 4661 1438 4731 lapsis
1463 4657 1985 4715 commendationem
2016 4667 2307 4729 martyrum
2343 4657 2386 4712 si
2411 4657 2781 4728 paenitentiam
2810 4671 2969 4727 agere
3015 4654 3333 4719 detrectent,
3358 4667 3546 4724 quare,
3580 4653 3627 4709 si

315 4762 478 4831 lapsi,
504 4767 625 4829 post
652 4766 730 4813 tul
756 4757 1004 4831 Cypriani
1035 4767 1088 4812 et
1111 4756 1542 4829 presbyterorum
1570 4753 1794 4820 monita,
1825 4751 1880 4808 in
1906 4749 2173 4806 obstinato
2197 4750 2522 4820 paenitentia:
2551 4764 2657 4805 non
2682 4748 2904 4820 agendae
2940 4747 3166 4804 consilio
3179 4756 3633 4819 perseverassent,

315 4872 388 4909 an
414 4854 686 4926 Cypriane
715 4852 815 4908 visi
840 4860 1022 4909 essent
1049 4851 1226 4907 idonei
1253 4852 1343 4923 qui
1372 4860 1668 4922 martyrum
1697 4846 1897 4904 auxilio
1929 4844 2069 4917 apud
2120 4843 2405 4901 Dominum
2446 4843 2768 4915 juvarentur
2794 4842 2818 4896 Ἰ
2869 4839 3069 4897 Deinde
3099 4854 3246 4907 vero,
3289 4840 3334 4895 si
3379 4840 3630 4901 omnibus

314 4950 530 5005 libellos
559 4947 879 5005 habentibus
901 4962 1083 5018 pacem
1106 4945 1449 5008 decernebat,
1478 4945 1593 4999 sive
1622 4941 1987 5013 paenitentiam
2014 4939 2268 5010 egissent,
2296 4936 2411 4992 sive
2441 4952 2547 4991 non
2582 4936 2819 5006 egissent
2844 4976 2860 5002 ,
2890 4934 3017 5007 quid
3041 4948 3262 4991 necesse
3282 4943 3397 4989 erat
3436 4932 3626 4989 delec-

318 5051 432 5095 tmn
461 5041 685 5103 habere,
711 5054 774 5095 ac
796 5040 848 5094 in
886 5037 1209 5095 conditionis
1234 5036 1353 5093 loco
1376 5035 1669 5107 requirere,
1702 5044 1756 5090 ut
1783 5042 2077 5105 martyrum
2101 5029 2300 5096 auxilio
2326 5028 2567 5101 adjuvari
2597 5028 2857 5100 possent?
2913 5028 3101 5100 Lapsis
3145 5042 3274 5100 ergo
3329 5027 3632 5100 Cyprianus

319 5148 426 5186 non
455 5131 788 5204 pmnitentia:
808 5145 946 5186 onus
973 5116 1159 5185 eximit
1189 5170 1203 5195 ,
1236 5128 1329 5187 sed
1351 5127 1528 5198 potius
1548 5126 1615 5183 ad
1637 5125 2007 5198 paenitentiam
2056 5123 2252 5180 blande
2276 5131 2332 5179 et
2355 5122 2548 5179 leniter
2572 5122 2839 5190 hortatur,
2901 5122 3028 5179 dum
3072 5136 3257 5193 pacem
3313 5120 3469 5177 offert
3521 5135 3637 5176 mo-

316 5229 605 5298 rientibus,
632 5228 793 5285 modo
822 5236 1116 5299 martyrum
1139 5224 1534 5296 meritisjuvari
1560 5222 1786 5294 possint.
1815 5221 1946 5277 llinc
1985 5221 2038 5276 in
2068 5220 2239 5292 Epist.
2270 5236 2364 5277 xtv
2417 5217 2596 5274 laudat
2623 5217 2966 5291 presbyteros
2988 5228 3044 5274 et
3058 5217 3312 5274 diaconus
3355 5216 3498 5288 quod
3526 5216 3637 5287 Iap-

314 5338 406 5379 sos
429 5322 498 5377 ad
522 5320 889 5393 paenitentiam
919 5327 972 5375 et
993 5318 1300 5389 patientiam
1327 5316 1523 5373 hortati
1542 5323 1745 5383 essent,
1773 5330 1837 5371 ac
1861 5314 2226 5385 paenitentiam
2245 5313 2311 5369 ab
2343 5313 2436 5368 illo
2461 5314 2545 5385 agi
2575 5313 2812 5369 declarat
2842 5313 2932 5384 qui
2960 5312 3157 5369 divinis
3178 5312 3462 5383 praeceptis
3489 5311 3634 5366 mitis

317 5426 375 5471 ct
408 5415 627 5485 patiens
668 5423 724 5469 et
743 5409 1115 5469 sacerdotibus
1148 5409 1239 5466 Dei
1258 5410 1657 5479 obtemperans,
1690 5407 1960 5478 obsequiis
1985 5406 2097 5461 suis
2113 5414 2167 5461 et
2195 5405 2450 5476 Operibus
2470 5404 2628 5477 juStis
2681 5405 2959 5461 Dominum
2987 5416 3344 5477 promeretur.
3368 5403 3425 5460 Id
3450 5413 3629 5459 autem

315 5510 535 5566 deferre
563 5509 775 5565 videtur
799 5518 1095 5583 martyrum
1122 5509 1330 5582 meritis
1356 5519 1412 5564 ut
1440 5508 1605 5579 lapsis
1653 5507 1889 5563 nondum
1940 5519 2002 5561 ea
2032 5503 2343 5577 paenitentia
2372 5503 2600 5573 expiatis
2629 5517 2749 5573 quas
2795 5516 2981 5574 pacem
3012 5516 3107 5573 per
3148 5516 3209 5559 se
3238 5502 3349 5573 ipsa
3371 5500 3423 5556 in
3448 5498 3637 5555 mortis

312 5606 635 5663 discrimine
658 5607 926 5677 impetret,
969 5612 1266 5677 martyrum
1290 5603 1709 5679 commendatio
1737 5599 2079 5672 suffragetur.
2131 5596 2241 5652 Nec
2271 5595 2408 5652 levis
2430 5593 2600 5651 videri
2626 5594 2789 5653 debet
2809 5594 2926 5650 haec
2955 5593 3284 5666 indulgentia
3318 5636 3335 5663 ,
3357 5594 3402 5649 si
3432 5600 3638 5662 tempo—

312 5717 440 5757 rmn
466 5700 689 5755 illorum
712 5700 971 5756 severitas
1012 5689 1337 5755 attendatur.
1368 5699 1479 5755 Etsi
1509 5698 1650 5754 enim
1684 5693 2069 5768 pmnitentibus
2095 5688 2397 5763 periculose
2422 5688 2806 5761 aegrotantibus
2848 5704 2949 5760 pax
2974 5688 3088 5744 dari
3115 5688 3324 5744 solebat
3345 5728 3362 5752 ,
3394 5701 3504 5742 non
3557 5693 3637 5740 ta-

311 5811 446 5852 men
470 5794 524 5850 id
546 5795 666 5849 sine
691 5793 899 5850 delectu
921 5803 975 5850 et
996 5794 1202 5865 judicio
1249 5792 1661 5850 concedebatur.
1695 5789 1831 5845 llinc
1874 5786 2064 5843 Clerus
2093 5784 2387 5851 Romanus,
2447 5798 2506 5838 re
2548 5797 2671 5840 cum
2716 5782 2960 5854 pluribus
3008 5782 3276 5854 episcopis
3323 5779 3639 5843 deliberata,

319 5888 543 5948 censuit
580 5907 598 5942 ι
634 5903 818 5947 eorum
848 5903 1077 5960 quorum
1107 5888 1230 5948 vita:
1255 5903 1365 5947 suae
1409 5887 1572 5945 linem
1595 5899 1791 5958 urgens
1839 5881 2015 5941 exitus
2038 5877 2346 5937 dilationem
2377 5891 2482 5935 non
2507 5884 2686 5948 potest
2714 5875 2880 5943 ferre,
2906 5883 3024 5932 acta
3050 5873 3365 5948 pmnitentia
3416 5881 3473 5935 et
3518 5882 3648 5942 pro-
