4200 6262
591 329 661 396 Βῖ)
1969 341 2250 400 Pii/EF“

2244 344 2360 401 l'lO.
2506 400 2509 401 ,
2588 389 2597 392 .
3018 392 3021 397 .
3087 304 3090 308 ’
3830 350 3903 409 re

588 453 732 516 fessa
767 458 1074 534 frequenter
1099 452 1313 517 suorum
1342 458 1699 520 detestatione
1726 463 2007 530 faclomm,
2039 468 2083 520 si
2114 467 2386 539 lacrymis,
2406 467 2447 522 si
2470 466 2773 538 gemitibus,
2801 467 2843 532 si
2866 466 3079 525 lletilms
3104 468 3338 526 dolentis
3365 485 3429 528 ac
3443 485 3570 529 vere
3593 473 3905 544 paenitentis

588 551 752 607 animi
775 554 918 623 signa
952 552 1303 623 prodiderint,
1335 568 1455 610 eum
1474 572 1599 627 spes
1628 557 1839 612 vivendi
1868 560 2163 614 secundum
2202 560 2469 616 hominem
2512 563 2654 616 nulla
2689 562 3012 631 substiterit,
3042 566 3112 618 ita
3143 563 3362 621 demum
3390 575 3546 622 caute
3569 578 3625 622 et
3675 568 3906 625 sollicite

587 647 879 708 subveniri.
911 665 930 698 υ
983 655 1087 704 etc.
1129 648 1323 719 (Epist.
1360 666 1485 706 xxxi
1514 652 1553 723 ).
1588 653 1708 722 Ipse
1734 653 2031 725 Cyprianus
2054 695 2068 721 ,
2104 654 2155 708 in
2189 655 2358 724 Epist.
2416 670 2535 723 xm,
2569 671 2756 727 pacem
2808 657 2874 712 iis
2901 658 3033 712 solis
3060 659 3324 728 promittit.
3350 677 3369 712 ι
3398 661 3485 730 qui
3528 659 3686 715 mites
3723 671 3777 716 et
3805 661 3905 717 bu-

587 739 744 794 miles
772 749 825 793 et
854 739 1223 808 pcenitentiam
1243 758 1368 798 vere
1395 754 1617 814 agentes
1646 746 1695 799 in
1729 746 1881 799 bonis
1911 746 2165 815 eperibus
2192 750 2672 816 perseveraverint.
2707 770 2724 802 ι
2757 750 2835 806 Ex
2866 750 2948 807 his
2978 751 3207 822 perspici
3248 763 3426 823 potest
3475 767 3580 823 quo
3628 754 3904 813 lenitatem

586 839 640 886 et
666 829 1048 901 indulgentiam
1071 833 1325 902 perducat
1351 836 1669 905 Cyprianus.
1699 837 1900 905 Quibus
1922 839 2064 893 enim
2103 840 2404 894 consultum
2457 843 2625 897 voluit
2672 846 2724 899 in
2769 844 3021 914 Epistolis
3071 860 3165 901 xm
3191 844 3245 902 et
3268 862 3376 913 xlv,
3429 846 3482 901 lli
3515 846 3601 903 vel
3631 849 3901 918 paeniten-

589 921 717 996 tiam
747 920 980 993 segniter
1000 934 1237 994 egerant,
1282 926 1363 981 vel
1387 929 1548 983 etiam
1579 931 1895 1000 gravissimo
1914 931 2113 987 delicto
2158 932 2286 988 illud
2310 933 2650 999 addiderant,
2682 946 2740 990 ut
2771 937 3136 1007 peenitentiam
3178 938 3531 1006 declinarent,
3586 957 3651 997 ac
3699 942 3907 1000 diSScn-

591 1013 830 1068 sionibus
854 1022 909 1069 et
936 1015 1170 1087 querelis
1198 1015 1495 1074 Ecclesiam
1524 1022 1911 1091 permiscerent
1936 1040 1948 1076 :
1979 1024 2170 1094 quibus
2218 1026 2371 1081 factis
2420 1039 2728 1083 meruerant
2761 1038 2822 1084 ut
2843 1046 2940 1097 pax
2967 1031 3316 1089 morientibus
3340 1044 3647 1105 negaretur,
3695 1037 3905 1096 etiamsi

592 1110 960 1179 paenitentiam
991 1110 1146 1180 paulo
1173 1121 1296 1168 ante
1319 1114 1561 1169 morbum
1591 1116 1952 1188 incmpissent.
1982 1119 2340 1187 Quamobrem
2364 1122 2549 1192 primis
2568 1124 2813 1179 concedit
2838 1124 2894 1181 S.
2923 1124 3124 1196 Μαι-ινι-
3166 1134 3223 1180 ut
3248 1128 3387 1197 quod
3410 1142 3594 1183 eorum
3636 1129 3910 1200 paeniten-

589 1208 675 1261 tiae
702 1204 767 1259 ad
808 1219 993 1275 pacem
1018 1205 1403 1277 impetrandatn
1433 1206 1639 1276 deerat,
1683 1210 1736 1264 id
1766 1221 2059 1284 martyrum
2091 1215 2299 1269 meritis
2321 1214 2619 1284 expleatur.
2649 1215 2937 1271 Puslremis
2962 1217 3163 1286 pariter
3210 1219 3462 1282 consulit,
3519 1229 3677 1291 atque
3708 1231 3767 1277 ut
3818 1230 3911 1276 tu-

586 1301 811 1357 multum
842 1300 1180 1369 comprimat,
1215 1300 1538 1370 indulgentia
1566 1303 1618 1357 in
1655 1318 1752 1359 eos
1783 1307 1987 1371 utitur;
2016 1316 2070 1360 et
2097 1307 2255 1361 modo
2275 1322 2523 1362 aversum
2548 1309 2874 1378 prettitentia:
2907 1309 3161 1365 remediis
3184 1311 3421 1367 animum
3453 1312 3745 1382 deponant,
3765 1314 3911 1385 quod

584 1409 677 1451 sua
707 1400 898 1463 sponte
937 1406 1183 1447 mancum
1211 1401 1267 1448 et
1294 1394 1600 1449 inchoatum
1671 1395 1964 1465 videretur,
2019 1398 2072 1454 id
2103 1410 2398 1473 martyrum
2452 1402 2657 1459 meritis
2687 1412 3113 1474 compensatum,
3144 1421 3175 1460 a
3206 1406 3534 1482 presbyteris
3576 1417 3749 1466 ratum
3802 1409 3909 1476 lla:-

587 1494 701 1550 bcri
732 1492 902 1564 jubet.

668 1650 787 1709 ΧΠ.
807 1680 877 1694 --
904 1666 1089 1708 ιιτιιιιιι
1114 1664 1397 1710 αοΝοιιιιιιι
1422 1666 1857 1713 οωτωςιιιεκθε
1885 1669 2275 1716 Ρωδιτειιτιιιι
2305 1673 2327 1716 s

2134 1674 2275 1716 lTlAll
2305 1673 2670 1733 SACRIPICA'I‘IS
2699 1671 2803 1718 PER
2837 1677 3019 1720 τοτωι
3047 1677 3191 1721 ἫΤΕ
3222 1679 3432 1722 τῖὶίΡυΒ
3458 1679 3793 1723 ιιιιιοιυιςιιιτ.

601 1869 605 1873 ~
656 1836 809 1892 Nune
834 1836 975 1892 aliud
1002 1836 1414 1893 examinandum
1436 1838 1699 1909 sequitur,
1719 1853 1911 1895 annon
1930 1839 2124 1897 saltem
2152 1848 2311 1897 relate
2336 1840 2589 1915 Cypriani
2620 1844 2953 1917 gravioribus
2980 1847 3215 1916 peccatis
3245 1846 3562 1915 paenitentia
3606 1860 3702 1916 per
3732 1854 3907 1903 totmn

586 1932 708 1987 vitae
731 1942 937 1999 tempus
968 1932 1216 2000 imposita
1246 1930 1426 1997 fuerit,
1450 1940 1505 1988 et
1532 1932 1839 1987 communio
1863 1933 1931 1988 ad
1958 1935 2131 2005 ipsum
2156 1936 2342 1991 mortis
2362 1935 2649 1992 articulum
2681 1937 2862 1991 dilata.
2893 1937 2998 1994 Res
3027 1938 3306 2010 dijudicari
3356 1950 3531 2008 pote5t
3584 1955 3646 1995 ex
3671 1954 3908 1995 consue-

587 2027 771 2081 tudine
797 2040 915 2091 quze
946 2036 1069 2081 tunc
1101 2025 1330 2096 vigebat,
1362 2033 1418 2081 ut
1441 2027 1532 2097 qui
1559 2041 1745 2097 pacem
1768 2026 1821 2081 in
1847 2028 1993 2098 gravi
2025 2029 2211 2084 morbo
2232 2030 2585 2098 accepissent,
2621 2030 2677 2098 ii,
2708 2029 3011 2087 valetudine
3041 2031 3309 2099 restituta,
3343 2030 3604 2103 reliquum
3638 2031 3905 2099 pmniten.

586 2121 673 2175 tiae
705 2131 915 2191 tempus
955 2136 1060 2175 non
1089 2121 1389 2192 explerent,
1412 2119 1508 2177 sed
1536 2120 1725 2177 eodem
1744 2122 1867 2191 jure
1895 2131 2073 2178 essent
2095 2138 2159 2177 ac
2180 2122 2270 2178 alii
2305 2123 2511 2179 ﬁdeles.
2534 2122 2590 2179 Id
2616 2125 2938 2197 perspicitur
2958 2140 3025 2180 cx
3066 2126 3146 2179 bis
3167 2124 3417 2198 Cypriani
3440 2124 3617 2180 verbis
3647 2125 3698 2179 ill
3728 2124 3903 2194 Epist.

594 2230 667 2271 ιιι
696 2216 840 2287 (pag.
875 2214 967 2285 69)
1001 2232 1016 2272 :
1056 2234 1074 2268 ι
1112 2216 1167 2271 Si
1198 2216 1289 2286 qui
1314 2216 1480 2277 enim.
1510 2215 1705 2285 inquit,
1735 2215 2132 2271 inﬁrmitatibus
2155 2227 2504 2288 occupantur,
2531 2217 2654 2285 illis,
2687 2219 2823 2273 sicut
2870 2218 3088 2287 placuit,
3117 2208 3452 2273 subvenitur.
3485 2216 3676 2271 Postea
3730 2226 3910 2272 tamen

585 2324 743 2379 quam
763 2308 1083 2364 subventum
1103 2317 1257 2364 estet
1284 2308 1702 2378 periclitantibus
1735 2325 1835 2379 pax
1857 2308 1977 2363 data
2005 2320 2107 2376 est,
2140 2309 2356 2366 ollocari
2388 2327 2417 2365 a
2447 2311 2602 2367 nobis
2631 2326 2734 2366 nou
2765 2321 2990 2382 possunt
3014 2320 3105 2366 aut
3129 2311 3382 2382 opprimi,
3436 2319 3529 2366 aut
3558 2312 3608 2366 vi
3657 2321 3711 2366 et
3750 2326 3910 2369 manu

586 2403 836 2461 nostrain
861 2402 1061 2457 exitum
1086 2402 1276 2458 mortis
1306 2402 1506 2473 urgeri,
1535 2413 1611 2470 ut,
1635 2400 1886 2472 quoniam
1920 2400 2272 2457 morientibus
2301 2418 2401 2472 pax
2429 2402 2606 2466 datur,
2636 2418 2855 2459 necesse
2884 2404 2951 2458 sit
2975 2403 3109 2458 mori
3135 2418 3228 2459 eos
3251 2404 3341 2474 qui
3368 2403 3661 2473 acciperiut
3686 2419 3866 2474 pacem
3890 2425 3906 2476 ;

584 2511 706 2551 cum
736 2497 905 2567 magis
930 2495 982 2550 in
1011 2496 1111 2551 boc
1138 2495 1388 2550 indictum
1407 2493 1604 2549 divina:
1632 2494 1845 2565 pietatis
1872 2502 1925 2549 et
1958 2503 2193 2564 pzlternre
2222 2495 2459 2550 lenitatis
2487 2505 2762 2567 appareat,
2788 2494 2929 2566 quod
2959 2497 3048 2566 qui
3090 2495 3279 2566 pignus
3328 2495 3450 2549 vita:
3510 2497 3560 2550 in
3604 2495 3727 2550 data
3781 2513 3911 2567 pace

585 2589 1206 2661 percipiunt,biqu0que
1226 2588 1294 2643 ad
1327 2589 1484 2643 vitam
1512 2587 1634 2643 data
1667 2603 1794 2659 pace
1826 2599 2127 2646 teneantur.
2163 2590 2232 2645 Et
2259 2589 2455 2646 idcirco
2486 2591 2555 2655 si,
2586 2601 2801 2660 accepta
2832 2605 2984 2660 pace,
3009 2598 3342 2645 commeatus
3369 2606 3399 2645 a
3420 2589 3529 2649 Deo
3552 2590 3725 2659 datur,
3749 2583 3909 2652 nemo
3936 2658 3939 2659 ν

586 2682 689 2738 hoc
715 2681 875 2737 debet
905 2681 959 2736 in
988 2680 1354 2739 sacerdotibus
1383 2681 1677 2748 criminari,
1705 2698 1825 2739 cum
1852 2686 2018 2750 semel
2052 2684 2306 2756 placuerit
2330 2684 2651 2739 l'ratribusin
2683 2687 2828 2741 exitu
2859 2687 3154 2743 subveniri.
3193 2708 3212 2740 ι
3245 2686 3364 2741 Non
3395 2687 3620 2757 quadrat
3656 2696 3800 2742 tanta
3832 2688 3909 2744 lc-

585 2776 723 2841 nitas
749 2791 872 2832 cum
902 2777 1133 2848 irrogata
1161 2791 1255 2846 per
1286 2783 1453 2831 totum
1494 2777 1623 2831 vita:
1651 2787 1857 2847 tempus
1890 2779 2197 2849 ptenitentia
2224 2794 2238 2843 ;
2272 2778 2510 2853 alioquin
2533 2794 2677 2849 srepe
2706 2794 2805 2834 usu
2838 2781 3130 2847 evenisset,
3165 2790 3221 2835 ut
3247 2781 3335 2851 qui
3362 2790 3484 2850 post
3512 2796 3675 2836 unum
3718 2790 3809 2836 aut
3828 2781 3912 2836 al-

586 2881 761 2928 terum
789 2872 1117 2943 plnaitenlire
1142 2886 1340 2924 annum
1372 2869 1801 2925 communionem
1831 2872 1881 2925 in
1909 2852 2060 2941 gravi
2087 2871 2275 2926 moi-bo
2302 2852 2657 2941 accepissent,
2715 2872 2780 2927 iis
2811 2888 2842 2927 e
2874 2872 3062 2926 morbo
3110 2871 3460 2927 evadentibus
3492 2871 3604 2941 jam
3653 2871 3912 2929 emeritus

584 2977 728 3024 esset
774 2966 1104 3037 poenitentiae
1126 2979 1334 3029 cursus.
1367 2980 1488 3020 cum
1520 2964 1730 3020 interim
1761 2965 1878 3020 aliis
1907 2966 1958 3020 in
1988 2965 2174 3021 cadam
2206 2979 2367 3020 causa
2394 2979 2458 3019 ac
2482 2963 2620 3020 forte
2665 2964 2824 3029 etiam
2849 2964 2901 3019 in
2928 2964 3134 3020 leviore
3175 2964 3331 3033 culpa
3369 2964 3585 3034 triginta
3637 2976 3729 3019 aut
3780 2981 3911 3035 qua-

584 3063 829 3134 draginta
856 3062 981 3117 anui
1010 3068 1355 3132 superessent
1382 3059 1723 3116 decurrendi.
1748 3059 1920 3115 Nimia
1946 3076 2077 3116 sane
2103 3071 2220 3116 erat
2247 3059 2621 3130 episcOperum
2654 3056 2704 3113 in
2728 3058 3017 3129 jndieando
3043 3056 3434 3112 animadversio
3461 3067 3512 3112 et
3561 3071 3742 3113 rerum
3789 3074 3909 3115 om-

584 3158 730 3212 nium
760 3156 1119 3213 consideratio
1147 3164 1200 3212 et
1232 3156 1487 3226 provisio,
1519 3170 1679 3227 quam
1712 3166 1767 3212 ut
1800 3165 1907 3211 tam
1938 3171 2102 3227 grave.
2131 3154 2531 3211 incommodum
2586 3171 2691 3210 non
2723 3152 3037 3223 ell'ugerent.
3090 3151 3195 3210 Sed
3249 3162 3426 3208 tamen
3477 3151 3765 3208 videndum
3811 3168 3911 3208 no-

584 3248 667 3307 bis
696 3259 780 3304 est
804 3248 931 3319 quid
951 3264 1012 3305 ea
1040 3248 1108 3304 de
1131 3263 1191 3303 re
1211 3248 1510 3305 decreverit
1538 3250 1825 3306 concilium
1856 3249 2298 3321 Carthaginiense,
2336 3250 2388 3304 in
2415 3264 2521 3320 quo
2541 3248 2810 3320 lapsorum
2837 3262 2995 3303 causa
3027 3247 3186 3319 paulo
3223 3258 3343 3320 post
3373 3246 3605 3305 reditum
3656 3246 3911 3320 Cypriani

586 3343 871 3415 dijudicata
894 3352 996 3399 cst.

661 3460 942 3513 Decretum
972 3457 1131 3528 hujus
1159 3457 1369 3513 concilii
1403 3458 1482 3514 sic
1505 3458 1723 3529 exponit
1744 3460 1798 3516 S.
1825 3460 2026 3532 Martyr
2056 3460 2107 3514 iu
2139 3460 2235 3531 Ep.
2260 3475 2328 3515 ιιι
2355 3457 2561 3533 (ιι.71)ε
2590 3478 2611 3512 ι
2641 3459 2710 3516 Et
2730 3459 2872 3526 ideo,
2900 3461 3091 3531 inquit,
3113 3461 3328 3533 placuit,
3358 3462 3678 3519 examinatis
3704 3462 3910 3530 causis,

588 3549 915 3621 singulorum
938 3548 1280 3605 Libellatieos
1307 3551 1516 3606 interim
1541 3551 1770 3618 admitti,
1798 3551 2112 3607 sacriﬁcatis
2144 3552 2196 3607 in
2215 3553 2360 3608 exitu
2386 3553 2683 3609 subveniri.
2706 3573 2725 3606 ι
2752 3552 2867 3609 Νοιι
2897 3569 3002 3610 una
3028 3554 3126 3610 fuit
3143 3555 3477 3613 eruditorum
3495 3557 3563 3613 de
3579 3555 3680 3612 boc
3704 3570 3915 3614 canone

589 3645 873 3701 sententia.
931 3645 1137 3701 Auctor
1166 3644 1583 3701 Observationum
1632 3647 1924 3701 criticarum
1951 3649 2004 3700 in
2048 3643 2414 3702 Bibliollwcam
2443 3648 2749 3716 scriptorum
2791 3646 3263 3704 Ecclesiasticorum
3294 3660 3455 3722 negat
3487 3650 3829 3713 Libellaticos
3861 3651 3912 3705 iu

591 3742 643 3794 in
671 3742 788 3811 ipso
817 3741 1051 3796 concilio
1075 3740 1141 3794 ad
1170 3754 1355 3811 pacem
1385 3742 1627 3811 protinus
1653 3740 1918 3796 admissos
1946 3740 2147 3807 fuisse;
2201 3755 2266 3796 ac
2286 3741 2423 3795 inter
2462 3755 2557 3796 eos
2584 3751 2638 3796 et
2667 3740 2995 3798 sacriﬁcales
3023 3741 3074 3797 id
3102 3742 3250 3812 ponit
3273 3743 3619 3810 discriminis,
3651 3742 3792 3815 quod
3824 3743 3914 3799 isti

588 3849 686 3904 per
715 3841 880 3888 totum
910 3834 1032 3889 vitae
1065 3844 1274 3903 tempus
1300 3835 1625 3904 paenitentiae
1646 3835 1842 3889 addicti
1874 3832 2092 3897 fuerint,
2124 3832 2282 3901 primi
2311 3847 2437 3887 vero
2467 3832 2682 3887 interim
2711 3831 2957 3897 admissi,
2993 3831 3045 3888 id
3075 3841 3161 3889 est
3190 3843 3308 3903 post
3331 3844 3536 3890 eertum
3579 3836 3915 3905 pmoitentim

591 3940 800 3999 tempus
837 3938 1105 3986 exactum.
1151 3931 1352 3986 Auctor
1384 3931 1497 4001 ipse
1550 3930 1878 3986 Bibliotheca:
1921 3930 2065 3985 idem
2093 3929 2159 3983 de
2189 3927 2505 3983 sacrilicatis
2553 3938 2758 3992 censet,
2784 3928 3029 3997 quamvis
3078 3943 3269 3998 pacem
3323 3928 3653 3987 Libellaticis
3702 3930 3754 3985 in
3795 3931 3916 4001 ipe

589 4024 816 4076 concilio
859 4037 1169 4077 concessam
1198 4025 1469 4078 existimet
1510 4023 1693 4079 fuisse.
1726 4024 2034 4078 Assentitur
2076 4022 2123 4076 ei
2167 4020 2540 4076 'l‘illeniontius
2567 4021 2632 4077 tle
2662 4020 2987 4075 Libellaticis
3019 4035 3079 4075 ac
3112 4021 3250 4075 illius
3280 4036 3561 4079 censorem
3588 4023 3908 4114 impugnet;

589 4116 685 4169 sed
721 4115 962 4185 pluribus
989 4114 1349 4185 refellitquod
1378 4126 1600 4191 uterque
1627 4124 1900 4194 proicerto
1930 4123 2200 4186 posuerat,
2232 4114 2294 4169 iis
2318 4115 2408 4185 qui
2436 4112 2870 4170 sac'riﬁcaveraut
2905 4128 3009 4170 non
3040 4115 3177 4173 alios
3222 4117 3557 4187 ptenilentiie
3585 4133 3748 4188 quam
3785 4112 3914 4174 vita:

591 4210 722 4264 lines
750 4211 1095 4280 prmscriptos
1119 4210 1300 4265 fuisse.
1337 4210 1461 4265 Hine
1492 4210 1822 4266 Tillemontii
1845 4209 2110 4265 sententia
2143 4209 2325 4265 multis
2352 4208 2659 4265 nominibus
2682 4209 2892 4264 videtur
2917 4209 3316 4278 anteponenda.
3352 4209 3485 4267 Illud
3507 4219 3684 4266 autem
3714 4211 3766 4268 in
3788 4213 3874 4281 pri
3893 4241 3906 4253 -

590 4305 699 4358 mis‘
738 4303 1129 4359 observandum
1158 4287 1241 4359 est
1266 4303 1399 4358 duas
1429 4304 1547 4358 illas
1576 4303 1643 4357 de
1671 4303 1999 4358 Libellaticis
2025 4311 2080 4357 et
2104 4302 2174 4358 de
2204 4303 2517 4358 sacrilicatis
2545 4301 2871 4371 quaestiones
2900 4302 2980 4357 sic
3006 4301 3145 4357 inter
3172 4316 3232 4359 se
3259 4318 3426 4359 nexas
3448 4316 3593 4372 esse,
3617 4313 3673 4361 ut
3700 4320 3819 4374 quae
3843 4304 3910 4363 ale

589 4397 848 4450 alterutra
874 4396 1146 4463 dicantur,
1177 4396 1244 4451 de
1268 4406 1493 4464 utraque
1520 4394 1662 4449 dicta
1687 4394 1851 4450 videri
1890 4394 2138 4450 debeant.
2183 4393 2318 4450 Nam
2358 4395 2406 4449 si
2449 4393 2751 4450 Libellatici
2803 4394 2984 4449 Statim
3018 4395 3070 4449 in
3102 4395 3219 4465 ipso
3248 4396 3477 4453 concilio
3505 4397 3913 4468 perhumaniter

588 4491 819 4545 restituti
840 4489 1381 4554 snatcmumunioni,
1437 4488 1708 4559 probabile
1738 4504 1841 4543 non
1877 4496 1962 4543 est
1989 4487 2317 4544 sacriﬁcales
2347 4492 2401 4543 in
2428 4497 2730 4564 εκιικιιιιιιιι
2764 4487 2888 4541 vitm
2912 4486 3206 4543 discrimen
3237 4489 3467 4560 rejectos
3489 4491 3674 4548 fuisse.
3705 4491 3912 4549 Rursus

590 4586 636 4641 si
666 4584 748 4639 bis
771 4584 970 4649 verbis,
1010 4602 1028 4636 ι
1062 4584 1265 4653 placuit
1293 4577 1609 4638 saerilieatis’
1635 4583 1684 4637 in
1713 4583 1859 4638 exitu
1883 4582 2174 4650 subveniri,
2217 4601 2235 4635 ι
2274 4599 2379 4637 non
2412 4580 2730 4652 prohibetur
2756 4596 2823 4637 ne
2854 4598 2956 4653 pax
2984 4592 3107 4639 ante
3134 4585 3339 4640 exitum
3370 4585 3560 4653 detur,
3594 4587 3688 4643 sed
3723 4589 3905 4657 petitis

590 4678 904 4735 decernitur
952 4689 1010 4732 ut
1055 4678 1350 4747 periculose
1398 4677 1536 4731 intra
1582 4676 1952 4746 prmscriptum
1995 4684 2208 4746 tempus
2230 4676 2612 4746 aegrotantibus
2641 4675 3001 4740 concedatur;
3056 4676 3395 4747 perSpicuum
3425 4681 3528 4734 erit
3556 4680 3909 4749 Libellaticis,

588 4789 813 4845 quorum
839 4772 1005 4828 multo
1036 4772 1206 4827 levior
1225 4781 1341 4827 erat
1365 4771 1558 4838 culpa,
1582 4786 1685 4825 non
1708 4770 2079 4842 pmniteutiam
2108 4769 2161 4824 in
2176 4770 2404 4825 concilio
2432 4769 2735 4839 impositam
2764 4768 2947 4837 fuisse,
2977 4770 3070 4825 sed
3090 4785 3400 4828 concessam
3432 4776 3864 4831 communionem
3889 4791 3905 4843 ;

588 4867 821 4937 alioquin
848 4876 1103 4920 statutum
1133 4865 1338 4931 fuisset,
1369 4872 1425 4919 ut
1447 4865 1563 4919 istis
1588 4879 1798 4935 quoque
1827 4864 1883 4918 in
1911 4865 2054 4920 exitu
2078 4864 2477 4921 subveniretur.

659 4961 809 5029 Quod
850 4957 1054 5029 spectat
1089 4958 1155 5014 ad
1188 4958 1549 5023 Libellatieos,
1585 4958 1753 5027 liquet
1779 4957 1969 5013 borum
2016 4958 2323 5025 verborum,
2364 4978 2380 5013 ι
2418 4958 2618 5029 placuit
2665 4957 3008 5015 Libellaticos
3039 4958 3250 5015 interim
3280 4959 3508 5027 admitti,
3540 4980 3559 5014 ι
3622 4961 3759 5018 lianc
3789 4976 3910 5019 esse

587 5054 930 5121 sententiam,
960 5053 1300 5108 Libellaticos
1324 5052 1535 5106 interim
1561 5051 1825 5105 admissos
1852 5050 1919 5106 ad
1943 5066 2124 5121 pacein
2150 5051 2335 5119 fuisse,
2371 5052 2497 5107 dum
2530 5050 2810 5107 sacriﬁculi
2842 5051 3209 5121 paenitentiam
3244 5066 3483 5124 agerent,
3516 5054 3564 5109 id
3591 5066 3693 5121 est,
3717 5055 3910 5111 eodem

590 5150 808 5204 decreto
835 5159 886 5201 et
919 5160 1099 5216 pacem
1131 5144 1459 5199 Libellaticis
1484 5151 1539 5227 et
1564 5144 1931 5214 paenitentiam
1959 5145 2270 5201 sacrillcatis
2297 5147 2569 5203 decretam
2615 5146 2799 5201 fuisse.
2854 5144 2988 5200 llinc
3015 5142 3315 5216 Cyprianus
3363 5148 3416 5204 in
3475 5148 3643 5217 Epist.
3688 5165 3771 5204 Liv
3799 5159 3908 5206 sta-

591 5250 761 5295 tutmu
793 5241 957 5294 fuisse
983 5240 1058 5293 ait
1088 5237 1139 5292 in
1170 5238 1272 5292 ltoe
1301 5236 1531 5291 concilio
1556 5238 1623 5291 de
1653 5238 1715 5292 iis
1743 5239 1830 5308 qui
1861 5238 2323 5306 sacriﬁcaverunt,
2353 5251 2407 5297 ut
2433 5251 2655 5313 agerent
2682 5241 2772 5297 diu
2807 5241 3172 5311 paenitentiam
3205 5241 3451 5313 plenam:
3478 5251 3532 5298 at
3560 5243 3904 5302 Libellaticos

590 5334 781 5389 eodem
805 5332 1024 5388 decreto
1045 5331 1264 5386 minime
1286 5328 1713 5400 comprehendit.
1745 5330 1900 5386 Anno
1923 5334 2165 5403 sequenti
2188 5334 2603 5403 eumislatuisset
2626 5334 2855 5389 instante
2882 5335 3255 5403 persecutione
3286 5334 3349 5390 iis
3369 5336 3509 5405 quia
3538 5336 3710 5405 primo
3728 5335 3910 5406 lapsus

591 5425 678 5480 die
705 5414 1070 5495 paenitentiam
1094 5431 1333 5494 egerant,
1367 5423 1802 5480 communionem
1841 5425 2168 5489 concedere.
2213 5425 2331 5481 lure
2358 5424 2685 5496 indulgentia
2716 5425 2783 5481 ad
2809 5440 2903 5481 eos
2928 5435 3131 5481 tantum
3160 5427 3436 5497 spectabat
3461 5429 3551 5498 qui
3572 5431 3909 5486 sacriﬁcave-

590 5530 733 5587 rant,
764 5520 1067 5590 quibusque
1097 5518 1341 5589 imposita
1375 5515 1550 5571 fuerat
1570 5516 1725 5587 plena
1753 5518 2085 5588 pmniteutia.
2114 5518 2182 5574 At
2212 5518 2280 5575 de
2314 5517 2641 5573 Libellaticis
2673 5518 2816 5573 nulla
2845 5518 3068 5583 mentio,
3093 5534 3229 5589 quos
3254 5529 3428 5575 tamen
3460 5522 3693 5577 maxime
3725 5537 3888 5592 opor-

594 5616 738 5670 tebat
766 5614 1107 5687 indulgentia:
1130 5616 1416 5686 participes
1452 5616 1590 5682 lieri,
1641 5617 1682 5672 si
1706 5634 1825 5672 eam
1857 5618 2005 5686 prius
2034 5618 2085 5672 in
2113 5617 2339 5673 concilio
2360 5615 2634 5672 consecuti
2663 5631 2769 5671 non
2794 5616 3036 5672 fuissent.
3096 5616 3401 5686 Quinetiam
3439 5602 3760 5689 Cyprianum
3784 5633 3900 5674 cum

589 5712 917 5767 Libellaticis
950 5720 1070 5782 post
1095 5712 1377 5766 concilium
1406 5712 1835 5767 communicasse
1864 5713 2218 5782 perspicuitas
2239 5728 2306 5766 cx
2331 5711 2502 5781 Epist.
2533 5728 2624 5766 ιιι.
2657 5712 2808 5779 Quod
2836 5710 2980 5766 enim
3003 5711 3076 5766 ait
3105 5710 3400 5782 Cyprianus
3420 5726 3479 5766 se
3511 5730 3530 5763 ι
3565 5712 3762 5767 nemini
3785 5712 3903 5782 qui-

592 5807 714 5861 dem
742 5823 806 5860 ex
836 5807 997 5876 lapsis
1029 5807 1174 5875 prius
1202 5806 1653 5872 communicasse,
1682 5824 1699 5857 ι
1735 5804 1989 5875 quamdiu
2021 5807 2194 5861 saeviit
2238 5807 2560 5876 persecutio,
2597 5825 2616 5858 ι
2642 5816 2824 5876 postea
2859 5815 3034 5861 tamen
3059 5803 3363 5861 necessitati
3395 5813 3695 5875 temporum
3721 5820 3910 5861 succu-

590 5897 806 5964 buisse;
843 5916 860 5947 ι
899 5897 949 5951 id
976 5895 1169 5952 referri
1196 5911 1302 5951 non
1352 5904 1525 5966 potest
1548 5895 1618 5951 ad
1645 5896 1975 5953 sacriﬁcales
2021 5895 2149 5967 (liis
2171 5897 2313 5955 enim
2338 5897 2649 5969 poenitentia
2679 5897 2924 5969 imposita
2948 5894 3165 5965 fuerat}
3190 5935 3209 5965 ,
3241 5895 3332 5956 sed
3357 5904 3560 5955 tantum
3591 5896 3655 5957 ad
3675 5895 3905 5959 Libella-
3945 5905 3949 5909 '
