4200 6262
295 277 380 354 ‘ot
1873 277 2266 346 PHIEFATIO.
3540 255 3613 328 tte

300 415 466 470 ticos.
491 410 706 468 Etcum
747 405 866 464 hare
891 402 1308 462 communicatio
1355 404 1408 459 in
1431 400 1684 458 invidiam
1728 415 1759 457 a
1805 397 2103 456 Novatiano
2146 405 2452 465 vocaretur,
2494 395 2574 454 sic
2601 410 2724 454 eum
2773 391 2972 453 refellit
3004 387 3308 468 Cyprianus
3337 389 3390 448 in
3424 389 3614 448 eadem

304 504 571 575 cpistola:
610 521 627 554 ι
659 501 768 556 Αιιι
793 497 838 554 si
869 511 928 554 se
949 497 1151 565 cordis,
1180 495 1373 568 inquit,
1403 504 1458 551 et
1485 495 1631 551 renis
1653 500 2005 551 scrutatorem
2027 491 2375 548 coustituitet
2396 489 2662 562 judieem,
2686 504 2781 562 per
2807 493 2983 546 omnia
3013 489 3290 559 aequaliter
3318 485 3540 556 iudicet,
3563 493 3617 575 et

303 573 430 652 cum
459 596 590 651 sciat
614 593 878 663 scriptum
900 603 1024 648 esse
1054 607 1069 646 :
1111 587 1243 644 Ecce
1295 605 1451 644 sanus
1475 592 1638 660 factus
1663 604 1734 652 es,
1761 587 1868 648 iam
1895 585 2000 640 noli
2027 600 2250 654 peccare,
2281 600 2344 638 ne
2382 583 2507 655 quid
2533 584 2623 638 tibi
2651 583 2870 638 deterius
2897 583 3007 652 fiat,
3039 581 3374 636 fraudatores
3403 589 3456 634 et
3483 573 3620 634 πιωὲ

303 691 440 747 chos
465 706 493 745 a
525 689 695 745 latere
725 698 888 758 atque
907 685 1162 742 comitatu
1191 699 1288 738 suo
1317 691 1553 754 separet,
1584 679 1798 752 quando
1827 679 1995 735 multo
2021 687 2074 734 et
2101 677 2316 749 gravior
2339 685 2394 732 et
2417 676 2571 747 pejor
2595 675 2664 732 sit
2694 674 2893 731 mmchi
2915 689 3076 746 quam
3107 671 3406 728 Libellatici
3431 684 3614 734 causa,

303 797 430 839 cum
458 782 548 838 hic
577 759 924 846 necessitate,
969 776 1060 832 ille
1087 776 1362 832 voluntate
1388 775 1705 846 peccaverit.
1742 791 1762 828 ι
1796 771 2113 844 Exagitabat
2143 781 2272 841 ergo
2302 767 2634 825 Novatianus
2683 767 2980 825 catholicos
3002 769 3282 838 episcopos
3315 763 3454 836 quod
3496 759 3622 819 eum

305 877 638 936 Libellatiris
659 874 1142 931 communicarent.
1171 871 1281 928 Nec
1309 881 1484 926 tamen
1513 872 1762 926 omnibus
1795 869 2126 926 Libellatieis
2147 880 2404 925 concessa
2435 867 2618 938 pax'in
2642 865 2893 932 concilio,
2924 863 3018 920 sed
3047 864 3112 919 iis
3152 872 3354 931 tantum
3385 861 3473 931 qui
3502 875 3619 938 pm-
3648 913 3654 924 ,

306 971 592 1030 nitentiam
613 978 852 1041 egerant.
883 966 1242 1036 Quamobrem
1273 964 1468 1019 frustra
1493 975 1680 1019 auctor
1704 962 2120 1018 Observationum
2150 963 2202 1017 in
2243 959 2612 1016 Bibliotliecam
2651 959 2894 1030 pluribus
2935 957 3146 1029 probat,
3169 953 3313 1028 quod
3337 967 3365 1009 a
3407 933 3624 1010 nenﬁne

306 1075 560 1139 negatur,
592 1063 756 1120 libelli
780 1061 983 1116 crimen
1013 1061 1131 1114 sine
1159 1058 1472 1130 poenitentia
1500 1055 1781 1112 dimissum
1809 1071 1913 1111 non
1944 1055 2126 1112 fuisse.

387 1161 576 1218 Altera
605 1171 722 1230 pars
751 1152 954 1212 decreti
985 1153 1138 1209 facile
1164 1153 1476 1230 illustratur.
1505 1155 1580 1208 Ac
1610 1153 1666 1207 ιο
1686 1153 1901 1224 quidem
1925 1152 2074 1220 illud,
2113 1172 2130 1204 ι
2159 1152 2470 1209 sacrificatis
2502 1149 2553 1207 in
2581 1150 2726 1207 exitu
2754 1149 3079 1215 subveniri,»
3116 1163 3222 1204 non
3255 1143 3624 1219 paenitentiam

325 1255 395 1311 ad
431 1227 721 1309 extremum
745 1247 993 1321 Spiritum
1022 1227 1444 1318 producendam,
1473 1246 1566 1300 sed
1597 1247 1648 1300 in
1671 1247 1814 1316 gravi
1844 1245 2032 1301 morbo
2060 1245 2350 1302 ﬁniendam
2401 1246 2616 1310 indiciit,
2641 1260 2738 1301 nec
2765 1245 2816 1299 in
2847 1257 3020 1316 paenae
3046 1242 3139 1298 sed
3166 1243 3217 1297 in
3245 1239 3488 1296 beneficii
3509 1237 3628 1294 loco

313 1345 593 1402 decretum
618 1342 732 1409 fuit,
761 1340 1033 1411 siquidem
1071 1339 1371 1410 Cyprianus
1415 1339 1468 1392 in
1499 1338 1670 1408 Epist.
1703 1353 1776 1394 ιιι
1819 1339 1994 1394 nimiae
2022 1341 2354 1395 remissionis
2383 1339 2744 1411 suspicionem
2772 1338 2838 1394 ab
2868 1339 2972 1394 hoc
3005 1336 3224 1393 decreto
3252 1343 3512 1399 removet,
3548 1324 3626 1388 ac

309 1443 578 1498 rationem
603 1437 773 1494 reddit
799 1452 894 1492 cur
920 1435 1154 1506 episcopi
1183 1432 1251 1489 ad
1280 1431 1414 1489 hanc
1433 1434 1706 1490 lenitatem
1729 1444 1783 1490 et
1805 1431 2191 1507 indulgentiam
2215 1433 2612 1490 descenderint.
2635 1431 2695 1488 2°
2715 1431 2859 1488 ldem
2881 1431 3158 1487 decretum
3186 1427 3351 1485 refert
3375 1427 3431 1482 in
3455 1425 3624 1496 Epist.

309 1531 534 1600 μηδειί
561 1529 720 1603 paulo
742 1528 971 1584 clarius:
1003 1546 1022 1578 ι
1046 1525 1776 1598 Statueramusjampridem,
1801 1527 1994 1599 inquit,
2015 1528 2178 1584 frater
2191 1527 2524 1590 charissime,
2543 1527 2856 1598 participato
2879 1524 3106 1582 invicem
3135 1523 3416 1580 nobiseum
3446 1521 3626 1576 consi-

298 1621 406 1690 ‘lio,
437 1635 494 1680 ut
517 1625 608 1695 qui
637 1625 688 1678 in
723 1618 1110 1694 persecutionis
1131 1619 1472 1676 infestatioue
1500 1621 1827 1692 supplantati
1855 1623 1924 1678 ab
1945 1622 2255 1678 adversario
2289 1633 2342 1679 et
2370 1621 2506 1694 lapsi
2536 1620 2782 1690 fuissent,
2805 1629 2860 1678 et
2885 1619 3162 1676 sacrificiis
3184 1633 3242 1674 se
3283 1615 3481 1673 illicitis
3507 1627 3626 1671 ma:-

307 1720 607 1785 culasseut,
640 1725 861 1789 agerent
896 1715 986 1776 diu
1021 1715 1389 1787 paenitentiam
1417 1716 1652 1786 plenam,
1695 1726 1750 1773 et
1777 1717 1820 1772 si
1849 1717 2143 1787 perieulum
2173 1715 2498 1772 infirmitatis
2524 1727 2760 1787 urgeret,
2793 1727 2978 1786 pacem
3011 1712 3110 1768 sub
3141 1711 3246 1767 ictu
3274 1710 3462 1764 mortis
3489 1707 3631 1764 acci-

309 1821 520 1884 perent.
552 1832 570 1864 ι
629 1809 762 1866 Tota
810 1823 898 1864 res
925 1823 1054 1878 ergo
1085 1808 1136 1862 iu
1167 1823 1232 1864 eo
1265 1809 1488 1866 vertitur
1527 1810 1728 1889 utquid
1750 1811 1818 1865 sit
1849 1811 2161 1881 poenitentia
2196 1810 2370 1882 plena,
2421 1822 2599 1866 utrum
2624 1819 2790 1866 totum
2820 1811 2943 1864 vitae
2964 1816 3172 1878 tempus
3196 1803 3500 1874 complexa,
3549 1820 3615 1858 an

308 1915 464 1962 eerto
487 1903 720 1977 quodam
742 1903 916 1974 spatio
941 1903 1160 1958 definita
1187 1899 1366 1968 fuerit,
1397 1903 1750 1973 expendatur.
1782 1904 1850 1958 At
1871 1904 1923 1958 id
1945 1903 2101 1958 facile
2131 1904 2450 1974 perspicitur
2475 1918 2540 1958 ex
2593 1901 2760 1974 Epist.
2790 1915 2903 1966 LIX,
2940 1899 3027 1955 ubi
3058 1901 3298 1970 queritur
3323 1893 3628 1968 Cyprianus

305 1999 452 2070 quod
484 1995 706 2063 Victori,
749 1997 1018 2068 quondam
1041 1995 1377 2067 presbytero,
1413 2011 1597 2066 pacem
1620 1997 1983 2052 concessisset
2011 1995 2313 2076 Therapius
2347 2013 2368 2049 ι
2413 2005 2700 2068 antequam
2743 1995 3112 2066 paenitentiam
3149 1991 3364 2063 plenam
3409 1989 3628 2060 egisset,

303 2097 436 2144 ante
464 2087 759 2159 legitimum
788 2097 841 2142 et
874 2088 1087 2156 plenum
1111 2086 1496 2143 satisfactionis
1522 2100 1756 2160 tempus,
1782 2090 1899 2144 sine
1929 2091 2100 2160 petitu
2121 2100 2174 2146 et
2204 2089 2535 2146 conscientia
2567 2089 2760 2160 plebis,
2790 2087 2933 2144 nulla
2958 2087 3270 2142 infirmitate
3297 2099 3360 2140 ac
3389 2084 3628 2140 necessi-

305 2185 418 2235 tate
444 2189 692 2251 cogente.
733 2197 753 2230 ι
789 2177 1068 2249 Eratergo
1101 2178 1423 2250 prtefinitum
1453 2181 1667 2253 aliquod
1697 2184 2027 2252 ptunitentire
2057 2193 2286 2256 tempus.
2325 2186 2476 2257 cujus
2504 2182 2854 2240 imminuendi
2881 2189 3115 2254 potestas
3151 2188 3269 2236 erat
3313 2178 3627 2257 penesepi-

305 2285 552 2345 scopum,
585 2267 746 2325 modo
785 2284 945 2324 causa
972 2270 1146 2340 aliqua
1188 2273 1365 2342 gravis
1401 2273 1696 2330 incidisset.
1731 2275 1988 2332 Eamdem
2017 2254 2344 2347 ptenitentia:
2385 2254 2557 2349 plena:
2595 2277 2868 2333 notiouem
2913 2275 3218 2346 suppeditat
3259 2271 3431 2344 Epist.
3477 2254 3586 2328 ixu
3611 2313 3628 2341 ,

304 2363 361 2416 iu
385 2377 489 2432 qua
509 2359 813 2433 Cyprianus
839 2371 892 2416 et
934 2361 1026 2416 alii
1049 2375 1170 2416 cum
1197 2377 1262 2418 eo
1289 2365 1526 2436 episcopi
1549 2365 1618 2421 de
1645 2368 1939 2440 virginibus
1966 2389 2084 2442 qua:
2110 2387 2232 2426 cmn
2262 2373 2512 2428 masculis
2554 2371 2902 2444 deprehensa:
2930 2372 2981 2426 in
3013 2369 3200 2426 eodem
3229 2369 3370 2426 lecto
3391 2367 3624 2438 fuerant,

304 2454 607 2509 decernunt
635 2461 712 2521 ut,
746 2471 764 2506 ι
788 2453 832 2508 si
862 2454 1237 2524 paenitentiam
1275 2455 1436 2527 hujus
1463 2457 1630 2528 illiciti
1657 2463 1972 2519 concubitus
2003 2466 2084 2520 sui
2117 2466 2326 2536 egerint
2351 2475 2404 2520 et
2447 2479 2476 2520 a
2509 2481 2567 2521 se
2638 2467 2868 2521 invicem
2901 2463 3246 2532 recesserint,
3281 2463 3628 2536 inspiciantur

303 2547 519 2604 interim
541 2547 774 2619 virgines
795 2549 861 2604 ab
878 2547 1250 2605 obstetricibus
1269 2549 1571 2624 diligenter,
1600 2563 1652 2608 et
1671 2557 1714 2608 si
1743 2555 1975 2626 virgines
1995 2557 2226 2613 iuventte
2247 2557 2462 2626 fuerint,
2485 2570 2701 2630 accepta
2725 2557 3209 2614 communicatione
3233 2555 3298 2610 ad
3326 2552 3621 2610 Ec'clesiam

306 2644 786 2711 admittantur....;
817 2645 862 2700 si
889 2654 1067 2701 autem
1096 2645 1164 2702 de
1194 2652 1273 2702 eis
1303 2647 1480 2718 aliqua
1511 2660 1762 2720 corrupta
1799 2649 1957 2706 fuerit
1990 2651 2350 2722 deprehensa,
2383 2663 2505 2724 agat
2533 2651 2903 2724 paenitentiam
2931 2652 3163 2724 plenam,
3214 2652 3335 2722 quia
3365 2663 3483 2721 quae
3523 2648 3626 2704 hoc

301 2741 514 2796 crimen
544 2741 778 2806 admisit,
803 2754 907 2795 non
932 2739 1110 2795 mariti
1131 2739 1228 2797 sed
1241 2739 1439 2798 Christi
1467 2743 1707 2798 adultera
1731 2754 1846 2811 est;
1875 2755 1929 2800 et
1959 2746 2080 2802 ideo
2107 2748 2372 2802 aestimato
2393 2747 2541 2818 juSto
2564 2757 2820 2818 tempore,
2847 2759 3032 2821 postea
3057 2743 3425 2816 exomologesi
3455 2743 3620 2812 facta,

302 2834 378 2888 ad
405 2833 707 2888 Ecclesiam
732 2833 968 2890 redeat.)
998 2825 1184 2890 Brevis
1211 2850 1337 2906 ergo
1365 2837 1676 2906 pmniteutia
1704 2841 1922 2908 integris
1951 2841 2246 2911 virginibus
2285 2842 2598 2912 imponitur,
2647 2843 2912 2912 corruptis
2949 2853 3126 2896 autem
3161 2839 3313 2910 plena
3349 2859 3366 2891 ι
3405 2847 3457 2892 et
3476 2837 3621 2909 justo

309 2937 566 2996 tempore
593 2926 848 2981 aestimato
875 2945 888 2982 :
914 2945 932 2978 ι
951 2935 1003 2983 et
1031 2929 1480 2998 quemadmodum
1511 2929 1563 2984 in
1587 2932 1812 2986 conetlio
1835 2931 2261 3004 Carthaginiensi
2291 2935 2553 2989 sancitum
2585 2944 2640 2990 ut
2665 2935 2794 3004 lapsi
2827 2935 3035 2988 interim
3064 2932 3494 2996 admitterentur,
3528 2946 3618 2985 sa-

309 3018 546 3074 crificati
577 3019 930 3090 ptcxiiteutiam
957 3022 1170 3092 plenam
1195 3032 1449 3094 agerent,
1482 3024 1551 3078 ita
1582 3025 1739 3078 etiam
1773 3025 1874 3081 hoc
1903 3027 2020 3082 loco
2050 3025 2344 3083 decernunt
2375 3029 2608 3098 episcopi
2639 3039 2694 3082 ut
2738 3027 2968 3098 virgines
3001 3025 3211 3080 interim
3243 3025 3613 3094 inspiciantur,

305 3125 362 3168 ct
393 3112 622 3184 integris
653 3111 703 3166 in
731 3112 1021 3168 Ecclesiam
1048 3114 1318 3183 admissis,
1343 3109 1610 3188 corrnptce
1638 3115 2007 3186 pteuitentiam
2040 3119 2250 3190 plenam
2273 3131 2454 3192 agant.
2479 3121 2534 3177 5"
2553 3121 2609 3176 Si
2638 3119 2916 3176 sacrificati
2945 3135 3040 3190 per
3069 3128 3232 3173 totum
3265 3117 3387 3173 vita:
3408 3127 3616 3188 tempus

300 3201 500 3258 addicti
529 3203 1122 3274 pix-nitentichuisscut,
1154 3219 1374 3262 necesse
1396 3221 1501 3260 non
1523 3206 1708 3262 fuisset
1741 3225 1758 3258 ι
1786 3218 1841 3262 ιιι
1869 3210 2303 3268 examinareutur
2331 3227 2506 3268 causa:
2528 3221 2580 3268 et
2605 3212 2902 3266 voluntates
2925 3221 2978 3266 et
3003 3209 3350 3269 necessitates
3369 3210 3578 3283 singulo
3595 3239 3610 3252 ο

303 3313 458 3366 rum;
496 3315 516 3350 ι
548 3295 644 3354 scd
664 3339 680 3368 ,
713 3306 772 3354 ut
792 3297 1453 3370 obscrvat'l‘illemontius,
1489 3300 1691 3356 nullum
1721 3316 1942 3372 prorsus
1964 3305 2250 3362 discrimen
2273 3349 2289 3376 ,
2321 3305 2497 3362 nullus
2527 3305 2764 3364 delectus
2793 3305 3106 3363 exstitisset.
3595 3311 3600 3319 '

1235 3481 1372 3542 XIII.
1405 3513 1478 3525 —
1509 3500 1574 3541 ne
1613 3499 1827 3542 cumsrt
1861 3501 1913 3541 IN
1951 3501 2304 3544 EUCHARISTIA
2343 3499 2678 3544 PRAESENTIA.

380 3697 640 3754 Ecclesia:
665 3697 912 3754 doctrina
942 3697 1008 3754 de
1033 3713 1260 3770 corpore
1291 3707 1344 3755 et
1375 3700 1634 3771 sanguine
1668 3699 1874 3755 Domini
1898 3701 2100 3772 apertis
2131 3699 2382 3774 Cypriani
2414 3700 2734 3756 testimoniis
2762 3699 3087 3770 continetur.
3116 3697 3380 3770 Quidquid
3408 3697 3474 3752 de
3499 3697 3576 3753 Eu
3596 3729 3609 3738 -

298 3789 554 3844 charistia
587 3790 845 3859 praedicat
867 3790 927 3846 S.
960 3789 1182 3862 Martyr,
1213 3807 1278 3846 eo
1307 3802 1515 3862 spectat
1537 3803 1592 3846 ιιι
1618 3793 1764 3847 notio
1796 3793 1880 3846 illa
1927 3794 2274 3847 confirmetur
2303 3809 2459 3862 quam
2507 3793 2675 3863 prima
2699 3792 2968 3846 auditione
2991 3791 3187 3846 Christi
3218 3789 3393 3845 verba.
3415 3791 3608 3844 animis
3681 3781 3688 3789 ”

295 3883 549 3939 afferunt.
575 3881 812 3952 Perspici
850 3893 1024 3953 potest
1064 3883 1206 3938 illius
1227 3887 1491 3940 sententia
1519 3901 1584 3939 ex
1615 3884 1697 3939 bis
1723 3900 1842 3956 qua:
1871 3885 1939 3940 de
1974 3886 2325 3940 sacramentis
2357 3885 2733 3940 luereticorunt
2778 3885 3012 3938 disserit.
3040 3884 3148 3938 Cur
3175 3883 3316 3938 enim
3352 3883 3402 3937 in
3434 3882 3606 3952 Epist.
3641 3938 3644 3942 ,

295 3991 396 4029 cxx
425 4017 440 4041 ,
477 3995 494 4028 ι
555 3973 947 4032 Eucharistiam
977 3977 1093 4032 fieri
1113 3978 1251 4048 apud
1281 3979 1400 4032 illos
1425 3980 1643 4033 otnniuo
1668 3995 1772 4032 nou
1804 3961 2009 4048 posse).
2031 3979 2303 4044 censebat,
2331 3978 2429 4031 nisi
2459 3978 2581 4049 quia
2607 3972 2807 4032 Christi
2837 3975 2996 4031 verba
3019 3975 3219 4032 abillis
3247 3975 3441 4031 frustra
3474 3993 3601 4048 prn-

295 4069 533 4126 nuntiari
563 4072 930 4140 existimabat,
973 4073 1166 4128 frustra
1199 4073 1432 4129 invocari
1476 4074 1732 4144 Spiritum
1762 4081 2027 4138 sanctum,
2073 4085 2130 4128 ut
2168 4088 2359 4142 panem
2419 4083 2473 4128 et
2513 4073 2692 4126 vinum
2735 4071 2896 4126 faciat
2942 4087 3137 4142 corpus
3187 4081 3242 4126 et
3294 4074 3606 4144 sanguinem

295 4163 544 4220 Christi?
587 4164 678 4221 Sic
698 4167 860 4221 etiam
892 4167 1236 4223 Firmiliauus
1260 4177 1314 4221 ut
1342 4166 1529 4237 probet
1555 4184 1658 4221 non
1683 4169 1813 4222 satis
1839 4183 1962 4223 esse
1988 4166 2052 4221 ad
2101 4166 2323 4222 cll'ectus
2347 4175 2806 4220 sacramentorum
2841 4176 2892 4222 ut
2913 4167 3165 4222 Ecclesia:
3195 4183 3382 4238 preces
3403 4179 3455 4223 et
3477 4171 3610 4224 ritus

289 4267 592 4313 serventur
617 4299 634 4326 ,
675 4259 929 4330 exemplo
973 4259 1135 4318 utitur
1167 4265 1364 4314 insana:
1395 4259 1668 4329 cujusdam
1693 4259 2018 4314 muliercula:
2046 4274 2166 4330 quae
2221 4257 2528 4328 frequenter
2549 4273 2677 4316 ausa
2710 4259 2902 4326 fuerat,
2929 4262 3034 4314 ιιιί
3064 4268 3116 4314 et
3137 4260 3474 4315 invocatione
3503 4277 3606 4316 mu

287 4349 685 4419 contemptibili
715 4351 1018 4406 sacrificare
1034 4367 1093 4406 se
1121 4367 1308 4421 panem
1334 4360 1388 4406 et
1417 4350 1806 4406 Eucharistiam
1824 4349 1998 4406 facere
2021 4349 2316 4416 simularet,
2337 4360 2391 4404 et
2420 4349 2740 4404 sacrificium
2764 4349 2988 4407 Domino
3012 4367 3114 4404 non
3133 4339 3251 4405 sine
3271 4365 3609 4406 sacramento

288 4439 486 4496 solita:
518 4442 906 4510 prtcdicationis
933 4441 1176 4498 oll'erret.
1214 4462 1232 4496 ›
1268 4443 1398 4498 Illud
1423 4459 1550 4516 ergo
1575 4442 1901 4497 discriminis
1928 4442 2269 4498 Firmilianus
2286 4440 2649 4514 etCyprianus
2678 4443 2815 4499 inter
2844 4443 3310 4512 Catholicorumet
3333 4443 3609 4500 haeretico-

287 4550 418 4589 rum
465 4533 851 4591 Eucharistiam
881 4537 1168 4606 ponebant,
1215 4536 1356 4608 quod
1401 4535 1669 4592 haereticis
1695 4535 1950 4606 Spiritum
1995 4545 2240 4590 sanctum
2293 4533 2666 4592 invocantibus
2695 4537 2839 4592 nulla
2885 4537 3034 4592 fieret
3061 4535 3322 4591 donorum
3356 4537 3602 4604 mutatio,

284 4613 696 4684 Catholieorum
740 4639 915 4686 autem
967 4645 1156 4700 preces
1187 4645 1474 4701 numquam
1503 4629 1604 4686 hoc
1633 4627 1861 4684 mirabili
1881 4629 2073 4685 effectu
2101 4637 2368 4684 carerent.

368 4721 526 4778 Adeo
550 4738 869 4794 persuasum
893 4729 948 4778 et
972 4722 1304 4793 exploratum
1333 4732 1447 4777 erat
1466 4721 1738 4793 Cypriane
1763 4723 1830 4776 de
1858 4721 2086 4776 mirabili
2119 4721 2210 4776 illo
2237 4706 2616 4775 ecclesiasticam
2641 4719 2996 4775 invocationis
3017 4717 3236 4787 effectu,
3271 4725 3328 4776 ut
3349 4721 3416 4778 de
3439 4721 3604 4794 lapsis

285 4827 417 4874 ante
446 4826 726 4889 purgatam
759 4817 1142 4872 conscientiam
1173 4816 1695 4872 connuuuicantibus
1717 4815 1896 4872 dicere
1921 4831 2024 4870 non
2053 4815 2258 4871 dubitet
2283 4815 2373 4872 lib.
2399 4816 2461 4870 de
2487 4813 2646 4887 Laps.
2670 4816 2746 4889 (p.
2783 4815 2940 4888 186):
2977 4834 2993 4866 ι
3031 4815 3118 4870 Vis
3143 4815 3366 4886 infertur
3395 4819 3606 4890 corpori

285 4913 410 4983 ejus
435 4922 492 4967 ct
519 4912 786 4983 sanguini,
811 4922 866 4966 et
891 4911 1008 4982 plus
1029 4908 1190 4966 modo
1218 4908 1269 4964 in
1297 4909 1580 4966 Dominum
1615 4911 1860 4964 manibus
1891 4918 2050 4980 atque
2081 4925 2175 4964 ore
2198 4908 2540 4978 delinquunt,
2571 4925 2728 4979 quam
2753 4923 2872 4962 cum
2907 4907 3191 4964 Dominum
3216 4922 3599 4979 negaverunt.»

285 5005 409 5060 Non
435 5021 567 5076 ergo
588 5005 705 5059 sola
738 5003 844 5060 fide
863 5019 1058 5076 corpus
1086 5002 1286 5060 Christi
1309 5003 1360 5056 in
1388 5001 1724 5057 Eucharistia
1747 5002 1999 5068 sumitur,
2025 5002 2118 5056 sed
2151 5017 2278 5057 vere
2310 5001 2452 5056 etab
2483 4999 2713 5072 indignis
2747 5000 2874 5071 ipsis
2904 5001 3231 5072 percipitur;
3280 5015 3380 5056 nec
3409 5016 3606 5072 corpus

285 5100 359 5153 ab
391 5099 568 5154 anima
595 5109 648 5153 et
677 5096 954 5152 divinitate
985 5105 1289 5167 separatum
1322 5107 1424 5163 ρει,
1457 5093 1550 5150 sed
1581 5095 1698 5165 ipse
1729 5093 1992 5148 Dominus
2015 5093 2196 5161 adest,
2222 5110 2284 5148 ac
2307 5095 2357 5148 in
2384 5110 2504 5148 eum
2530 5093 2777 5150 manibus
2800 5103 2850 5148 et
2875 5111 2965 5150 ore
2993 5093 3311 5166 delinquunt
3349 5096 3436 5165 qui
3472 5095 3607 5149 imii-

295 5207 408 5263 gne
438 5190 864 5246 communicant.
895 5185 1030 5244 llinc
1053 5191 1222 5262 ipsam
1253 5187 1468 5244 Domini
1497 5187 1829 5258 majestatcm
1859 5187 2048 5242 adesse
2070 5185 2309 5242 declarat
2335 5186 2387 5240 iu
2411 5184 2600 5240 eodem
2625 5185 2760 5240 libro
2785 5209 2794 5238 ;
2815 5186 2894 5240 sic
2919 5186 3059 5241 enim
3084 5185 3319 5256 loquitur
3336 5184 3404 5240 de
3431 5186 3602 5255 puella

289 5299 436 5354 qum,
467 5299 498 5336 a
530 5285 741 5339 nutrice
791 5279 857 5336 ad
885 5279 1105 5349 idolum,
1134 5280 1328 5338 deinde
1349 5297 1376 5334 a
1403 5280 1707 5351 parentibus
1735 5279 1800 5334 ad
1831 5279 2113 5336 ecclesiam
2143 5278 2340 5346 delata,
2370 5280 2681 5352 sanguinem
2707 5277 2936 5345 Domini,
2961 5295 3116 5351 quem
3139 5279 3398 5336 diaconus
3426 5281 3604 5336 reluc-

278 5379 417 5432 tanti
447 5375 738 5444 infuderat,
779 5391 884 5431 nou
916 5373 1036 5432 sine
1063 5375 1298 5447 singultu
1321 5375 1524 5446 rejecit.
1563 5391 1580 5425 ι
1603 5371 1662 5429 In
1691 5388 1914 5444 corpore
1943 5381 2100 5444 atque
2127 5388 2221 5428 ore
2254 5373 2470 5440 violato,
2525 5373 2716 5444 inquit,
2773 5371 3104 5428 Eucharistia
3135 5388 3450 5444 permanere
3483 5389 3586 5428 non

282 5472 488 5542 potuit.
517 5469 898 5526 Sanctificatus
920 5471 971 5525 iu
1002 5470 1210 5525 Domini
1237 5469 1494 5540 sanguine
1515 5475 1674 5540 potus
1701 5466 1769 5521 de
1805 5465 2023 5538 pollutis
2055 5465 2354 5522 visceribus
2395 5465 2593 5536 erupit.
2623 5465 2792 5520 Tanta
2824 5476 2906 5519 est
2931 5471 3165 5535 potestas
3197 5465 3431 5530 Domini,
3458 5474 3602 5521 tanta

280 5562 576 5633 majestas!
608 5581 627 5614 ι
666 5559 824 5632 (Pag.
854 5560 1015 5632 189.)
1043 5560 1232 5615 Narrat
1259 5559 1450 5616 ibidem
1481 5559 1778 5632 Cyprianus
1809 5555 1951 5612 aliud
2003 5557 2313 5612 miraculum
2358 5576 2371 5611 :
2407 5576 2424 5609 ι
2456 5554 2521 5612 Ει
2557 5558 2769 5628 quidem
2797 5556 2969 5626 alius,
3023 5557 3216 5630 inquit,
3244 5561 3367 5628 quia
3397 5570 3452 5614 et
3487 5559 3604 5630 ipse

281 5657 597 5712 maculatus
638 5656 907 5712 sacrificio
928 5673 956 5711 a
995 5655 1275 5712 sacerdote
1298 5655 1572 5712 celebrato
1603 5664 1806 5725 partem
1840 5669 1960 5708 cum
2009 5653 2218 5707 cazteris
2247 5638 2408 5704 ausus
2452 5659 2535 5706 est
2565 5651 2792 5707 latenter
2818 5650 3084 5720 accipere,
3115 5657 3358 5706 sanctum
3389 5650 3602 5705 Domini

279 5749 456 5803 edere
484 5755 540 5802 et
569 5755 908 5803 contrectare
939 5764 1044 5804 non
1067 5749 1261 5822 potuit,
1295 5748 1532 5804 cinerem
1566 5746 1710 5804 ferre
1731 5762 1791 5802 se
1814 5746 2014 5818 apertis
2042 5745 2288 5800 manibus
2311 5744 2532 5800 invenit.
2561 5745 2896 5802 Documento
2923 5744 3079 5800 unius
3100 5755 3373 5800 ostensum
3396 5755 3480 5802 est
3503 5747 3606 5801 Do-

276 5839 494 5896 minum
541 5836 800 5896 recedere
829 5853 950 5895 cum
979 5850 1226 5912 negatur.
1264 5859 1284 5894 ι
1315 5839 1435 5897 Non
1463 5855 1592 5913 ergo
1609 5839 1763 5912 panis
1793 5855 1858 5898 ex
1889 5839 2136 5897 manibus
2164 5837 2321 5909 hujus
2349 5837 2584 5897 hominis
2617 5846 2930 5910 evanuerat,
2961 5837 3056 5897 sed
3087 5838 3201 5911 ipse
3228 5839 3487 5899 Dominus
3518 5857 3606 5897 re-
