  <div class='ocr_page' id='page_1' title='image "/cluster/home/n/w/nwhite01/storage/ocr_20150623/4/hvd.32044048207708/037.png"; bbox 0 0 4200 6262; ppageno 0'>
   <div class='ocr_carea' id='block_1_1' title="bbox 619 281 3920 364">
    <p class='ocr_par' dir='ltr' id='par_1_1' title="bbox 619 281 3920 364">
     <span class='ocr_line' id='line_1_1' title="bbox 619 281 3920 364; baseline 0.007 -25"><span class='ocrx_word' id='word_1_1' title='bbox 619 281 688 339; x_wconf 81' lang='lat'><strong>65</strong></span> <span class='ocrx_word' id='word_1_2' title='bbox 1353 334 1357 336; x_wconf 93' lang='lat'><strong>.</strong></span> <span class='ocrx_word' id='word_1_3' title='bbox 1971 290 2357 352; x_wconf 72' lang='grc' dir='ltr'><strong>ΡΒᾹΞΡΑἸΊΟ.</strong></span> <span class='ocrx_word' id='word_1_4' title='bbox 3852 305 3920 364; x_wconf 66' lang='grc' dir='ltr'><strong>δι</strong></span> 
     </span>
    </p>
   </div>
   <div class='ocr_carea' id='block_1_2' title="bbox 615 395 3917 488">
    <p class='ocr_par' dir='ltr' id='par_1_2' title="bbox 615 395 3917 488">
     <span class='ocr_line' id='line_1_2' title="bbox 615 395 3917 488; baseline 0.008 -36"><span class='ocrx_word' id='word_1_5' title='bbox 615 406 877 454; x_wconf 90' lang='lat' dir='ltr'><strong>cesserat.</strong></span> <span class='ocrx_word' id='word_1_6' title='bbox 909 395 1034 456; x_wconf 74' lang='lat' dir='ltr'><strong>&quot;me</strong></span> <span class='ocrx_word' id='word_1_7' title='bbox 1063 408 1242 472; x_wconf 76' lang='lat' dir='ltr'><strong>autem</strong></span> <span class='ocrx_word' id='word_1_8' title='bbox 1263 397 1566 474; x_wconf 83' lang='lat' dir='ltr'><strong>Cyprianus</strong></span> <span class='ocrx_word' id='word_1_9' title='bbox 1591 415 1652 460; x_wconf 89' lang='lat' dir='ltr'><strong>ea</strong></span> <span class='ocrx_word' id='word_1_10' title='bbox 1699 410 1880 459; x_wconf 90' lang='lat' dir='ltr'><strong>mente</strong></span> <span class='ocrx_word' id='word_1_11' title='bbox 1904 403 2143 474; x_wconf 78' lang='lat' dir='ltr'><strong>disserit,</strong></span> <span class='ocrx_word' id='word_1_12' title='bbox 2167 416 2225 462; x_wconf 90' lang='lat' dir='ltr'><strong>ut</strong></span> <span class='ocrx_word' id='word_1_13' title='bbox 2254 405 2558 464; x_wconf 89' lang='lat' dir='ltr'><strong>hominibus</strong></span> <span class='ocrx_word' id='word_1_14' title='bbox 2595 421 2780 480; x_wconf 90' lang='lat' dir='ltr'><strong>parum</strong></span> <span class='ocrx_word' id='word_1_15' title='bbox 2805 418 2962 468; x_wconf 89' lang='lat' dir='ltr'><strong>caute</strong></span> <span class='ocrx_word' id='word_1_16' title='bbox 2987 409 3527 483; x_wconf 90' lang='lat' dir='ltr'><strong>communicantibus,</strong></span> <span class='ocrx_word' id='word_1_17' title='bbox 3552 415 3679 488; x_wconf 88' lang='lat' dir='ltr'><strong>quid</strong></span> <span class='ocrx_word' id='word_1_18' title='bbox 3722 416 3789 474; x_wconf 88' lang='lat' dir='ltr'><strong>de</strong></span> <span class='ocrx_word' id='word_1_19' title='bbox 3814 418 3917 477; x_wconf 84' lang='lat' dir='ltr'><strong>hoc</strong></span> 
     </span>
    </p>
   </div>
   <div class='ocr_carea' id='block_1_3' title="bbox 618 494 3912 578">
    <p class='ocr_par' dir='ltr' id='par_1_3' title="bbox 618 494 3912 578">
     <span class='ocr_line' id='line_1_3' title="bbox 618 494 3912 578; baseline 0.005 -30"><span class='ocrx_word' id='word_1_20' title='bbox 618 494 881 564; x_wconf 88' lang='lat' dir='ltr'><strong>mysterio</strong></span> <span class='ocrx_word' id='word_1_21' title='bbox 907 495 1243 551; x_wconf 90' lang='lat' dir='ltr'><strong>sentiendum</strong></span> <span class='ocrx_word' id='word_1_22' title='bbox 1271 497 1622 568; x_wconf 82' lang='lat' dir='ltr'><strong>sitexplanet.</strong></span> <span class='ocrx_word' id='word_1_23' title='bbox 1659 498 2018 567; x_wconf 80' lang='lat' dir='ltr'><strong>Quamobrem</strong></span> <span class='ocrx_word' id='word_1_24' title='bbox 2047 501 2204 557; x_wconf 83' lang='lat' dir='ltr'><strong>facile</strong></span> <span class='ocrx_word' id='word_1_25' title='bbox 2235 503 2557 573; x_wconf 78' lang='lat' dir='ltr'><strong>perspicitur</strong></span> <span class='ocrx_word' id='word_1_26' title='bbox 2581 517 2689 574; x_wconf 90' lang='lat' dir='ltr'><strong>quo</strong></span> <span class='ocrx_word' id='word_1_27' title='bbox 2716 519 2875 559; x_wconf 89' lang='lat' dir='ltr'><strong>sensu</strong></span> <span class='ocrx_word' id='word_1_28' title='bbox 2903 503 3088 575; x_wconf 87' lang='lat' dir='ltr'><strong>primis</strong></span> <span class='ocrx_word' id='word_1_29' title='bbox 3113 505 3326 561; x_wconf 63' lang='lat' dir='ltr'><strong>sscculis</strong></span> <span class='ocrx_word' id='word_1_30' title='bbox 3355 505 3472 563; x_wconf 62' lang='lat' dir='ltr'><strong>base</strong></span> <span class='ocrx_word' id='word_1_31' title='bbox 3497 507 3693 565; x_wconf 84' lang='lat' dir='ltr'><strong>Christi</strong></span> <span class='ocrx_word' id='word_1_32' title='bbox 3730 511 3912 578; x_wconf 87' lang='lat' dir='ltr'><strong>verba,</strong></span> 
     </span>
    </p>
   </div>
   <div class='ocr_carea' id='block_1_4' title="bbox 619 596 3922 673">
    <p class='ocr_par' dir='ltr' id='par_1_4' title="bbox 619 596 3922 673">
     <span class='ocr_line' id='line_1_4' title="bbox 619 596 3922 673; baseline 0.005 -30"><span class='ocrx_word' id='word_1_33' title='bbox 619 601 722 644; x_wconf 82' lang='lat' dir='ltr'><strong>nec</strong></span> <span class='ocrx_word' id='word_1_34' title='bbox 747 604 842 644; x_wconf 71' lang='lat' dir='ltr'><strong>nsr</strong></span> <span class='ocrx_word' id='word_1_35' title='bbox 868 604 1067 644; x_wconf 78' lang='lat' dir='ltr'><strong>conpus</strong></span> <span class='ocrx_word' id='word_1_36' title='bbox 1088 606 1253 656; x_wconf 68' lang='lat' dir='ltr'><strong>neua,</strong></span> <span class='ocrx_word' id='word_1_37' title='bbox 1285 607 1372 647; x_wconf 88' lang='lat' dir='ltr'><strong>mc</strong></span> <span class='ocrx_word' id='word_1_38' title='bbox 1414 607 1511 647; x_wconf 72' lang='lat' dir='ltr'><strong>esr</strong></span> <span class='ocrx_word' id='word_1_39' title='bbox 1550 607 1784 659; x_wconf 73' lang='lat' dir='ltr'><strong>SANCUIS,</strong></span> <span class='ocrx_word' id='word_1_40' title='bbox 1819 603 1948 661; x_wconf 93' lang='lat' dir='ltr'><strong>etc.,</strong></span> <span class='ocrx_word' id='word_1_41' title='bbox 2005 596 2241 666; x_wconf 92' lang='lat' dir='ltr'><strong>episcopi</strong></span> <span class='ocrx_word' id='word_1_42' title='bbox 2292 596 2620 667; x_wconf 89' lang='lat' dir='ltr'><strong>accipereut,</strong></span> <span class='ocrx_word' id='word_1_43' title='bbox 2645 612 2768 652; x_wconf 88' lang='lat' dir='ltr'><strong>cum</strong></span> <span class='ocrx_word' id='word_1_44' title='bbox 2799 614 2864 654; x_wconf 87' lang='lat' dir='ltr'><strong>ex</strong></span> <span class='ocrx_word' id='word_1_45' title='bbox 2895 599 2976 654; x_wconf 87' lang='lat' dir='ltr'><strong>his</strong></span> <span class='ocrx_word' id='word_1_46' title='bbox 3020 599 3345 656; x_wconf 91' lang='lat' dir='ltr'><strong>concludant</strong></span> <span class='ocrx_word' id='word_1_47' title='bbox 3373 600 3573 658; x_wconf 87' lang='lat' dir='ltr'><strong>Christi</strong></span> <span class='ocrx_word' id='word_1_48' title='bbox 3624 616 3820 673; x_wconf 91' lang='lat' dir='ltr'><strong>corpus</strong></span> <span class='ocrx_word' id='word_1_49' title='bbox 3867 610 3922 660; x_wconf 91' lang='lat' dir='ltr'><strong>et</strong></span> 
     </span>
    </p>
   </div>
   <div class='ocr_carea' id='block_1_5' title="bbox 618 681 3923 766">
    <p class='ocr_par' dir='ltr' id='par_1_5' title="bbox 618 681 3923 766">
     <span class='ocr_line' id='line_1_5' title="bbox 618 681 3923 766; baseline 0.005 -31"><span class='ocrx_word' id='word_1_50' title='bbox 618 681 938 750; x_wconf 89' lang='lat' dir='ltr'><strong>sanguinem</strong></span> <span class='ocrx_word' id='word_1_51' title='bbox 965 681 1127 749; x_wconf 88' lang='lat' dir='ltr'><strong>sumi,</strong></span> <span class='ocrx_word' id='word_1_52' title='bbox 1161 683 1212 737; x_wconf 93' lang='lat' dir='ltr'><strong>in</strong></span> <span class='ocrx_word' id='word_1_53' title='bbox 1245 683 1416 755; x_wconf 89' lang='lat' dir='ltr'><strong>ipsum</strong></span> <span class='ocrx_word' id='word_1_54' title='bbox 1451 684 1733 740; x_wconf 89' lang='lat' dir='ltr'><strong>Dominum</strong></span> <span class='ocrx_word' id='word_1_55' title='bbox 1775 702 1868 741; x_wconf 90' lang='lat' dir='ltr'><strong>ore</strong></span> <span class='ocrx_word' id='word_1_56' title='bbox 1909 697 1964 741; x_wconf 91' lang='lat' dir='ltr'><strong>et</strong></span> <span class='ocrx_word' id='word_1_57' title='bbox 2012 687 2261 743; x_wconf 89' lang='lat' dir='ltr'><strong>manibus</strong></span> <span class='ocrx_word' id='word_1_58' title='bbox 2290 688 2601 760; x_wconf 90' lang='lat' dir='ltr'><strong>delinquere</strong></span> <span class='ocrx_word' id='word_1_59' title='bbox 2648 691 2735 760; x_wconf 85' lang='lat' dir='ltr'><strong>qui</strong></span> <span class='ocrx_word' id='word_1_60' title='bbox 2777 691 2992 762; x_wconf 90' lang='lat' dir='ltr'><strong>indigne</strong></span> <span class='ocrx_word' id='word_1_61' title='bbox 3019 681 3438 761; x_wconf 86' lang='lat' dir='ltr'><strong>communicant,</strong></span> <span class='ocrx_word' id='word_1_62' title='bbox 3468 703 3786 766; x_wconf 92' lang='lat' dir='ltr'><strong>potestatem</strong></span> <span class='ocrx_word' id='word_1_63' title='bbox 3818 697 3923 751; x_wconf 60' lang='lat' dir='ltr'><strong>Doo</strong></span> 
     </span>
    </p>
   </div>
   <div class='ocr_carea' id='block_1_6' title="bbox 617 771 3924 849">
    <p class='ocr_par' dir='ltr' id='par_1_6' title="bbox 617 771 3924 849">
     <span class='ocr_line' id='line_1_6' title="bbox 617 771 3924 849; baseline 0.006 -22"><span class='ocrx_word' id='word_1_64' title='bbox 617 771 749 827; x_wconf 89' lang='lat' dir='ltr'><strong>mini</strong></span> <span class='ocrx_word' id='word_1_65' title='bbox 769 780 823 827; x_wconf 91' lang='lat' dir='ltr'><strong>et</strong></span> <span class='ocrx_word' id='word_1_66' title='bbox 845 772 1180 841; x_wconf 91' lang='lat' dir='ltr'><strong>majestatem</strong></span> <span class='ocrx_word' id='word_1_67' title='bbox 1203 775 1413 844; x_wconf 87' lang='lat' dir='ltr'><strong>adesse,</strong></span> <span class='ocrx_word' id='word_1_68' title='bbox 1436 792 1497 833; x_wconf 92' lang='lat' dir='ltr'><strong>ac</strong></span> <span class='ocrx_word' id='word_1_69' title='bbox 1520 779 1693 849; x_wconf 89' lang='lat' dir='ltr'><strong>ipsum</strong></span> <span class='ocrx_word' id='word_1_70' title='bbox 1721 780 2002 835; x_wconf 89' lang='lat' dir='ltr'><strong>Dominum</strong></span> <span class='ocrx_word' id='word_1_71' title='bbox 2030 798 2134 835; x_wconf 93' lang='lat' dir='ltr'><strong>non</strong></span> <span class='ocrx_word' id='word_1_72' title='bbox 2158 783 2275 837; x_wconf 86' lang='lat' dir='ltr'><strong>sine</strong></span> <span class='ocrx_word' id='word_1_73' title='bbox 2301 784 2559 840; x_wconf 89' lang='lat' dir='ltr'><strong>miraculo</strong></span> <span class='ocrx_word' id='word_1_74' title='bbox 2577 801 2606 840; x_wconf 95' lang='lat' dir='ltr'><strong>e</strong></span> <span class='ocrx_word' id='word_1_75' title='bbox 2629 786 2874 841; x_wconf 90' lang='lat' dir='ltr'><strong>manibus</strong></span> <span class='ocrx_word' id='word_1_76' title='bbox 2897 788 3276 842; x_wconf 89' lang='lat' dir='ltr'><strong>contaminatis</strong></span> <span class='ocrx_word' id='word_1_77' title='bbox 3303 790 3613 846; x_wconf 87' lang='lat' dir='ltr'><strong>recessisse.</strong></span> <span class='ocrx_word' id='word_1_78' title='bbox 3638 789 3694 845; x_wconf 91' lang='lat' dir='ltr'><strong>Si</strong></span> <span class='ocrx_word' id='word_1_79' title='bbox 3717 789 3924 846; x_wconf 88' lang='lat' dir='ltr'><strong>credita</strong></span> 
     </span>
    </p>
   </div>
   <div class='ocr_carea' id='block_1_7' title="bbox 619 858 3923 953">
    <p class='ocr_par' dir='ltr' id='par_1_7' title="bbox 619 858 3923 953">
     <span class='ocr_line' id='line_1_7' title="bbox 619 858 3923 953; baseline 0.006 -35"><span class='ocrx_word' id='word_1_80' title='bbox 619 871 746 918; x_wconf 90' lang='lat' dir='ltr'><strong>tunc</strong></span> <span class='ocrx_word' id='word_1_81' title='bbox 767 879 873 920; x_wconf 91' lang='lat' dir='ltr'><strong>non</strong></span> <span class='ocrx_word' id='word_1_82' title='bbox 913 863 1104 922; x_wconf 88' lang='lat' dir='ltr'><strong>fuisset</strong></span> <span class='ocrx_word' id='word_1_83' title='bbox 1131 869 1356 924; x_wconf 91' lang='lat' dir='ltr'><strong>mutatio</strong></span> <span class='ocrx_word' id='word_1_84' title='bbox 1385 870 1491 925; x_wconf 89' lang='lat' dir='ltr'><strong>vini</strong></span> <span class='ocrx_word' id='word_1_85' title='bbox 1527 871 1577 926; x_wconf 91' lang='lat' dir='ltr'><strong>in</strong></span> <span class='ocrx_word' id='word_1_86' title='bbox 1607 858 1920 942; x_wconf 84' lang='lat' dir='ltr'><strong>sanguinem</strong></span> <span class='ocrx_word' id='word_1_87' title='bbox 1948 871 2166 940; x_wconf 79' lang='lat' dir='ltr'><strong>Christi,</strong></span> <span class='ocrx_word' id='word_1_88' title='bbox 2201 890 2350 939; x_wconf 89' lang='lat' dir='ltr'><strong>num,</strong></span> <span class='ocrx_word' id='word_1_89' title='bbox 2381 892 2586 944; x_wconf 84' lang='lat' dir='ltr'><strong>quaeso,</strong></span> <span class='ocrx_word' id='word_1_90' title='bbox 2619 887 2741 947; x_wconf 89' lang='lat' dir='ltr'><strong>post</strong></span> <span class='ocrx_word' id='word_1_91' title='bbox 2770 892 2862 932; x_wconf 89' lang='lat' dir='ltr'><strong>eas</strong></span> <span class='ocrx_word' id='word_1_92' title='bbox 2893 893 3079 948; x_wconf 78' lang='lat' dir='ltr'><strong>preces</strong></span> <span class='ocrx_word' id='word_1_93' title='bbox 3121 879 3318 950; x_wconf 87' lang='lat' dir='ltr'><strong>quibus</strong></span> <span class='ocrx_word' id='word_1_94' title='bbox 3347 880 3490 936; x_wconf 89' lang='lat' dir='ltr'><strong>Deus</strong></span> <span class='ocrx_word' id='word_1_95' title='bbox 3517 891 3734 953; x_wconf 81' lang='lat' dir='ltr'><strong>rogatur</strong></span> <span class='ocrx_word' id='word_1_96' title='bbox 3762 891 3821 936; x_wconf 93' lang='lat' dir='ltr'><strong>ut</strong></span> <span class='ocrx_word' id='word_1_97' title='bbox 3841 883 3923 936; x_wconf 85' lang='lat' dir='ltr'><strong>vi-</strong></span> 
     </span>
    </p>
   </div>
   <div class='ocr_carea' id='block_1_8' title="bbox 616 957 3916 1046">
    <p class='ocr_par' dir='ltr' id='par_1_8' title="bbox 616 957 3916 1046">
     <span class='ocr_line' id='line_1_8' title="bbox 616 957 3916 1046; baseline 0.005 -33"><span class='ocrx_word' id='word_1_98' title='bbox 616 969 744 1013; x_wconf 65' lang='lat' dir='ltr'><strong>nunt</strong></span> <span class='ocrx_word' id='word_1_99' title='bbox 775 957 932 1014; x_wconf 89' lang='lat' dir='ltr'><strong>faciat</strong></span> <span class='ocrx_word' id='word_1_100' title='bbox 953 961 1269 1032; x_wconf 90' lang='lat' dir='ltr'><strong>sanguinem</strong></span> <span class='ocrx_word' id='word_1_101' title='bbox 1299 960 1519 1032; x_wconf 88' lang='lat' dir='ltr'><strong>Christi,</strong></span> <span class='ocrx_word' id='word_1_102' title='bbox 1553 966 1684 1021; x_wconf 87' lang='lat' dir='ltr'><strong>nihil</strong></span> <span class='ocrx_word' id='word_1_103' title='bbox 1711 967 1852 1020; x_wconf 85' lang='lat' dir='ltr'><strong>aliud</strong></span> <span class='ocrx_word' id='word_1_104' title='bbox 1870 966 1981 1036; x_wconf 90' lang='lat' dir='ltr'><strong>jam</strong></span> <span class='ocrx_word' id='word_1_105' title='bbox 2009 967 2109 1022; x_wconf 75' lang='lat' dir='ltr'><strong>nisi</strong></span> <span class='ocrx_word' id='word_1_106' title='bbox 2142 969 2358 1039; x_wconf 82' lang='lat' dir='ltr'><strong>sanguis</strong></span> <span class='ocrx_word' id='word_1_107' title='bbox 2385 966 2581 1024; x_wconf 88' lang='lat' dir='ltr'><strong>Christi</strong></span> <span class='ocrx_word' id='word_1_108' title='bbox 2612 970 2665 1024; x_wconf 92' lang='lat' dir='ltr'><strong>in</strong></span> <span class='ocrx_word' id='word_1_109' title='bbox 2689 969 2856 1025; x_wconf 88' lang='lat' dir='ltr'><strong>calice</strong></span> <span class='ocrx_word' id='word_1_110' title='bbox 2883 973 3468 1040; x_wconf 84' lang='lat' dir='ltr'><strong>agnosceretur?Nihil</strong></span> <span class='ocrx_word' id='word_1_111' title='bbox 3498 975 3640 1029; x_wconf 87' lang='lat' dir='ltr'><strong>aliud</strong></span> <span class='ocrx_word' id='word_1_112' title='bbox 3673 974 3916 1046; x_wconf 88' lang='lat' dir='ltr'><strong>profecto</strong></span> 
     </span>
    </p>
   </div>
   <div class='ocr_carea' id='block_1_9' title="bbox 616 1051 3924 1134">
    <p class='ocr_par' dir='ltr' id='par_1_9' title="bbox 616 1051 3924 1134">
     <span class='ocr_line' id='line_1_9' title="bbox 616 1051 3924 1134; baseline 0.004 -28"><span class='ocrx_word' id='word_1_113' title='bbox 616 1052 858 1121; x_wconf 81' lang='lat' dir='ltr'><strong>agnoscit</strong></span> <span class='ocrx_word' id='word_1_114' title='bbox 885 1051 1188 1125; x_wconf 83' lang='lat' dir='ltr'><strong>Cyprianus</strong></span> <span class='ocrx_word' id='word_1_115' title='bbox 1210 1059 1482 1112; x_wconf 85' lang='lat' dir='ltr'><strong>sexcentis</strong></span> <span class='ocrx_word' id='word_1_116' title='bbox 1512 1059 1666 1113; x_wconf 88' lang='lat' dir='ltr'><strong>locis.</strong></span> <span class='ocrx_word' id='word_1_117' title='bbox 1691 1059 1888 1114; x_wconf 81' lang='lat' dir='ltr'><strong>Statuit</strong></span> <span class='ocrx_word' id='word_1_118' title='bbox 1911 1059 2166 1115; x_wconf 88' lang='lat' dir='ltr'><strong>adversus</strong></span> <span class='ocrx_word' id='word_1_119' title='bbox 2193 1076 2288 1116; x_wconf 90' lang='lat' dir='ltr'><strong>eos</strong></span> <span class='ocrx_word' id='word_1_120' title='bbox 2344 1061 2435 1132; x_wconf 85' lang='lat' dir='ltr'><strong>qui</strong></span> <span class='ocrx_word' id='word_1_121' title='bbox 2457 1077 2647 1132; x_wconf 91' lang='lat' dir='ltr'><strong>aquam</strong></span> <span class='ocrx_word' id='word_1_122' title='bbox 2693 1071 2896 1117; x_wconf 89' lang='lat' dir='ltr'><strong>tantum</strong></span> <span class='ocrx_word' id='word_1_123' title='bbox 2928 1063 2980 1117; x_wconf 94' lang='lat' dir='ltr'><strong>in</strong></span> <span class='ocrx_word' id='word_1_124' title='bbox 3010 1063 3283 1120; x_wconf 87' lang='lat' dir='ltr'><strong>matutinis</strong></span> <span class='ocrx_word' id='word_1_125' title='bbox 3305 1065 3582 1121; x_wconf 83' lang='lat' dir='ltr'><strong>sacrificiis</strong></span> <span class='ocrx_word' id='word_1_126' title='bbox 3603 1065 3924 1134; x_wconf 74' lang='lat' dir='ltr'><strong>offerebant,</strong></span> 
     </span>
    </p>
   </div>
   <div class='ocr_carea' id='block_1_10' title="bbox 617 1143 3922 1230">
    <p class='ocr_par' dir='ltr' id='par_1_10' title="bbox 617 1143 3922 1230">
     <span class='ocr_line' id='line_1_10' title="bbox 617 1143 3922 1230; baseline 0.004 -30"><span class='ocrx_word' id='word_1_127' title='bbox 617 1143 892 1216; x_wconf 86' lang='lat' dir='ltr'><strong>indignum</strong></span> <span class='ocrx_word' id='word_1_128' title='bbox 917 1161 1037 1202; x_wconf 90' lang='lat' dir='ltr'><strong>esse</strong></span> <span class='ocrx_word' id='word_1_129' title='bbox 1064 1149 1369 1204; x_wconf 89' lang='lat' dir='ltr'><strong>Christiano</strong></span> <span class='ocrx_word' id='word_1_130' title='bbox 1399 1153 1568 1207; x_wconf 85' lang='lat' dir='ltr'><strong>vereri</strong></span> <span class='ocrx_word' id='word_1_131' title='bbox 1629 1171 1648 1197; x_wconf 75' lang='grc' dir='ltr'><strong><em>ι</em></strong></span> <span class='ocrx_word' id='word_1_132' title='bbox 1673 1168 1739 1208; x_wconf 90' lang='lat' dir='ltr'><strong>ne</strong></span> <span class='ocrx_word' id='word_1_133' title='bbox 1773 1168 1868 1222; x_wconf 91' lang='lat' dir='ltr'><strong>per</strong></span> <span class='ocrx_word' id='word_1_134' title='bbox 1914 1169 2160 1224; x_wconf 89' lang='lat' dir='ltr'><strong>saporem</strong></span> <span class='ocrx_word' id='word_1_135' title='bbox 2189 1155 2295 1209; x_wconf 92' lang='lat' dir='ltr'><strong>vini</strong></span> <span class='ocrx_word' id='word_1_136' title='bbox 2334 1155 2573 1211; x_wconf 80' lang='lat' dir='ltr'><strong>redoleat</strong></span> <span class='ocrx_word' id='word_1_137' title='bbox 2614 1156 2926 1227; x_wconf 89' lang='lat' dir='ltr'><strong>sanguinem</strong></span> <span class='ocrx_word' id='word_1_138' title='bbox 2954 1155 3178 1212; x_wconf 87' lang='lat' dir='ltr'><strong>Christi.</strong></span> <span class='ocrx_word' id='word_1_139' title='bbox 3211 1157 3299 1213; x_wconf 92' lang='lat' dir='ltr'><strong>Sic</strong></span> <span class='ocrx_word' id='word_1_140' title='bbox 3325 1172 3474 1230; x_wconf 91' lang='lat' dir='ltr'><strong>ergo,</strong></span> <span class='ocrx_word' id='word_1_141' title='bbox 3508 1159 3700 1230; x_wconf 89' lang='lat' dir='ltr'><strong>inquit,</strong></span> <span class='ocrx_word' id='word_1_142' title='bbox 3731 1159 3922 1229; x_wconf 81' lang='lat' dir='ltr'><strong>incipit</strong></span> 
     </span>
    </p>
   </div>
   <div class='ocr_carea' id='block_1_11' title="bbox 619 1240 3926 1322">
    <p class='ocr_par' dir='ltr' id='par_1_11' title="bbox 619 1240 3926 1322">
     <span class='ocr_line' id='line_1_11' title="bbox 619 1240 3926 1322; baseline 0.004 -29"><span class='ocrx_word' id='word_1_143' title='bbox 619 1248 676 1294; x_wconf 90' lang='lat' dir='ltr'><strong>et</strong></span> <span class='ocrx_word' id='word_1_144' title='bbox 699 1253 727 1293; x_wconf 94' lang='lat' dir='ltr'><strong>a</strong></span> <span class='ocrx_word' id='word_1_145' title='bbox 763 1241 1011 1310; x_wconf 87' lang='lat' dir='ltr'><strong>passione</strong></span> <span class='ocrx_word' id='word_1_146' title='bbox 1033 1240 1233 1300; x_wconf 87' lang='lat' dir='ltr'><strong>Christi</strong></span> <span class='ocrx_word' id='word_1_147' title='bbox 1275 1245 1327 1300; x_wconf 90' lang='lat' dir='ltr'><strong>in</strong></span> <span class='ocrx_word' id='word_1_148' title='bbox 1357 1246 1818 1316; x_wconf 87' lang='lat' dir='ltr'><strong>persecutionibus</strong></span> <span class='ocrx_word' id='word_1_149' title='bbox 1867 1246 2172 1304; x_wconf 79' lang='lat' dir='ltr'><strong>fraternitas</strong></span> <span class='ocrx_word' id='word_1_150' title='bbox 2207 1248 2489 1314; x_wconf 90' lang='lat' dir='ltr'><strong>retardari,</strong></span> <span class='ocrx_word' id='word_1_151' title='bbox 2524 1249 2652 1304; x_wconf 77' lang='lat' dir='ltr'><strong>dum</strong></span> <span class='ocrx_word' id='word_1_152' title='bbox 2700 1249 2752 1304; x_wconf 92' lang='lat' dir='ltr'><strong>in</strong></span> <span class='ocrx_word' id='word_1_153' title='bbox 2782 1249 3143 1306; x_wconf 91' lang='lat' dir='ltr'><strong>oblationibus</strong></span> <span class='ocrx_word' id='word_1_154' title='bbox 3164 1250 3324 1310; x_wconf 86' lang='lat' dir='ltr'><strong>discit</strong></span> <span class='ocrx_word' id='word_1_155' title='bbox 3353 1249 3418 1305; x_wconf 92' lang='lat' dir='ltr'><strong>de</strong></span> <span class='ocrx_word' id='word_1_156' title='bbox 3441 1251 3699 1322; x_wconf 82' lang='lat' dir='ltr'><strong>sanguine</strong></span> <span class='ocrx_word' id='word_1_157' title='bbox 3723 1251 3840 1321; x_wconf 89' lang='lat' dir='ltr'><strong>ejus</strong></span> <span class='ocrx_word' id='word_1_158' title='bbox 3867 1258 3926 1306; x_wconf 91' lang='lat' dir='ltr'><strong>et</strong></span> 
     </span>
    </p>
   </div>
   <div class='ocr_carea' id='block_1_12' title="bbox 623 1335 3926 1413">
    <p class='ocr_par' dir='ltr' id='par_1_12' title="bbox 623 1335 3926 1413">
     <span class='ocr_line' id='line_1_12' title="bbox 623 1335 3926 1413; baseline 0.002 -26"><span class='ocrx_word' id='word_1_159' title='bbox 623 1348 819 1390; x_wconf 89' lang='lat' dir='ltr'><strong>cruore</strong></span> <span class='ocrx_word' id='word_1_160' title='bbox 849 1335 1243 1393; x_wconf 90' lang='lat' dir='ltr'><strong>confundi......</strong></span> <span class='ocrx_word' id='word_1_161' title='bbox 1276 1338 1557 1407; x_wconf 86' lang='lat' dir='ltr'><strong>Quomodo</strong></span> <span class='ocrx_word' id='word_1_162' title='bbox 1586 1349 1764 1396; x_wconf 91' lang='lat' dir='ltr'><strong>autem</strong></span> <span class='ocrx_word' id='word_1_163' title='bbox 1792 1355 2077 1410; x_wconf 90' lang='lat' dir='ltr'><strong>possumus</strong></span> <span class='ocrx_word' id='word_1_164' title='bbox 2101 1351 2318 1412; x_wconf 89' lang='lat' dir='ltr'><strong>propter</strong></span> <span class='ocrx_word' id='word_1_165' title='bbox 2338 1341 2608 1398; x_wconf 84' lang='lat' dir='ltr'><strong>Christum</strong></span> <span class='ocrx_word' id='word_1_166' title='bbox 2641 1343 2956 1412; x_wconf 89' lang='lat' dir='ltr'><strong>sanguinem</strong></span> <span class='ocrx_word' id='word_1_167' title='bbox 2989 1342 3238 1410; x_wconf 89' lang='lat' dir='ltr'><strong>fundere,</strong></span> <span class='ocrx_word' id='word_1_168' title='bbox 3267 1343 3357 1413; x_wconf 91' lang='lat' dir='ltr'><strong>qui</strong></span> <span class='ocrx_word' id='word_1_169' title='bbox 3383 1344 3696 1413; x_wconf 89' lang='lat' dir='ltr'><strong>sanguinem</strong></span> <span class='ocrx_word' id='word_1_170' title='bbox 3727 1340 3926 1398; x_wconf 83' lang='lat' dir='ltr'><strong>Christi</strong></span> 
     </span>
    </p>
   </div>
   <div class='ocr_carea' id='block_1_13' title="bbox 619 1428 3929 1507">
    <p class='ocr_par' dir='ltr' id='par_1_13' title="bbox 619 1428 3929 1507">
     <span class='ocr_line' id='line_1_13' title="bbox 619 1428 3929 1507; baseline 0.001 -23"><span class='ocrx_word' id='word_1_171' title='bbox 619 1428 996 1485; x_wconf 85' lang='lat' dir='ltr'><strong>erubescimus</strong></span> <span class='ocrx_word' id='word_1_172' title='bbox 1031 1430 1214 1487; x_wconf 91' lang='lat' dir='ltr'><strong>bibere</strong></span> <span class='ocrx_word' id='word_1_173' title='bbox 1243 1433 1261 1502; x_wconf 92' lang='lat'>(</span> <span class='ocrx_word' id='word_1_174' title='bbox 1287 1449 1340 1503; x_wconf 94' lang='lat' dir='ltr'><strong>p.</strong></span> <span class='ocrx_word' id='word_1_175' title='bbox 1369 1434 1468 1489; x_wconf 82' lang='grc'><strong>109</strong></span> <span class='ocrx_word' id='word_1_176' title='bbox 1490 1434 1508 1503; x_wconf 82' lang='lat'><strong>)</strong></span> <span class='ocrx_word' id='word_1_177' title='bbox 1534 1434 1557 1488; x_wconf 88' lang='lat'><strong>?</strong></span> <span class='ocrx_word' id='word_1_178' title='bbox 1586 1452 1603 1485; x_wconf 72' lang='grc' dir='ltr'><em>ι</em></span> <span class='ocrx_word' id='word_1_179' title='bbox 1638 1434 1752 1488; x_wconf 85' lang='lat' dir='ltr'><strong>Non</strong></span> <span class='ocrx_word' id='word_1_180' title='bbox 1783 1434 1957 1489; x_wconf 79' lang='lat' dir='ltr'><strong>Solum</strong></span> <span class='ocrx_word' id='word_1_181' title='bbox 1983 1436 2298 1506; x_wconf 86' lang='lat' dir='ltr'><strong>sanguinem</strong></span> <span class='ocrx_word' id='word_1_182' title='bbox 2328 1447 2503 1502; x_wconf 86' lang='lat' dir='ltr'><strong>vocat,</strong></span> <span class='ocrx_word' id='word_1_183' title='bbox 2528 1435 2621 1492; x_wconf 91' lang='lat' dir='ltr'><strong>scd</strong></span> <span class='ocrx_word' id='word_1_184' title='bbox 2649 1437 2808 1490; x_wconf 91' lang='lat' dir='ltr'><strong>etiam</strong></span> <span class='ocrx_word' id='word_1_185' title='bbox 2839 1450 3104 1500; x_wconf 89' lang='lat' dir='ltr'><strong>cruorem,</strong></span> <span class='ocrx_word' id='word_1_186' title='bbox 3157 1431 3210 1490; x_wconf 87' lang='lat' dir='ltr'><strong>et</strong></span> <span class='ocrx_word' id='word_1_187' title='bbox 3249 1451 3371 1492; x_wconf 90' lang='lat' dir='ltr'><strong>eum</strong></span> <span class='ocrx_word' id='word_1_188' title='bbox 3399 1449 3465 1490; x_wconf 94' lang='lat' dir='ltr'><strong>eo</strong></span> <span class='ocrx_word' id='word_1_189' title='bbox 3489 1434 3748 1507; x_wconf 90' lang='lat' dir='ltr'><strong>sanguine</strong></span> <span class='ocrx_word' id='word_1_190' title='bbox 3777 1449 3929 1490; x_wconf 90' lang='lat' dir='ltr'><strong>com-</strong></span> 
     </span>
    </p>
   </div>
   <div class='ocr_carea' id='block_1_14' title="bbox 620 1524 3926 1598">
    <p class='ocr_par' dir='ltr' id='par_1_14' title="bbox 620 1524 3926 1598">
     <span class='ocr_line' id='line_1_14' title="bbox 620 1524 3926 1598; baseline 0.001 -22"><span class='ocrx_word' id='word_1_191' title='bbox 620 1536 812 1592; x_wconf 89' lang='lat' dir='ltr'><strong>parare</strong></span> <span class='ocrx_word' id='word_1_192' title='bbox 853 1539 959 1578; x_wconf 94' lang='lat' dir='ltr'><strong>non</strong></span> <span class='ocrx_word' id='word_1_193' title='bbox 1001 1524 1207 1580; x_wconf 88' lang='lat' dir='ltr'><strong>dubitat</strong></span> <span class='ocrx_word' id='word_1_194' title='bbox 1230 1526 1320 1596; x_wconf 90' lang='lat' dir='ltr'><strong>qui</strong></span> <span class='ocrx_word' id='word_1_195' title='bbox 1352 1525 1403 1580; x_wconf 93' lang='lat' dir='ltr'><strong>in</strong></span> <span class='ocrx_word' id='word_1_196' title='bbox 1449 1527 1601 1582; x_wconf 84' lang='lat' dir='ltr'><strong>venis</strong></span> <span class='ocrx_word' id='word_1_197' title='bbox 1635 1526 1833 1582; x_wconf 92' lang='lat' dir='ltr'><strong>nostris</strong></span> <span class='ocrx_word' id='word_1_198' title='bbox 1876 1526 2010 1583; x_wconf 83' lang='lat' dir='ltr'><strong>linit.</strong></span> <span class='ocrx_word' id='word_1_199' title='bbox 2062 1527 2150 1582; x_wconf 82' lang='lat' dir='ltr'><strong>Ait</strong></span> <span class='ocrx_word' id='word_1_200' title='bbox 2178 1528 2361 1591; x_wconf 88' lang='lat' dir='ltr'><strong>etiam,</strong></span> <span class='ocrx_word' id='word_1_201' title='bbox 2395 1543 2514 1598; x_wconf 91' lang='lat' dir='ltr'><strong>pag.</strong></span> <span class='ocrx_word' id='word_1_202' title='bbox 2551 1529 2651 1582; x_wconf 78' lang='grc'><strong>106</strong></span> <span class='ocrx_word' id='word_1_203' title='bbox 2688 1545 2700 1581; x_wconf 88' lang='lat'>:</span> <span class='ocrx_word' id='word_1_204' title='bbox 2745 1547 2762 1580; x_wconf 77' lang='grc' dir='ltr'><strong><em>ι</em></strong></span> <span class='ocrx_word' id='word_1_205' title='bbox 2797 1527 3079 1596; x_wconf 84' lang='lat' dir='ltr'><strong>Quomodo</strong></span> <span class='ocrx_word' id='word_1_206' title='bbox 3122 1527 3186 1582; x_wconf 92' lang='lat' dir='ltr'><strong>ad</strong></span> <span class='ocrx_word' id='word_1_207' title='bbox 3221 1526 3509 1598; x_wconf 86' lang='lat' dir='ltr'><strong>potandum</strong></span> <span class='ocrx_word' id='word_1_208' title='bbox 3542 1526 3722 1580; x_wconf 88' lang='lat' dir='ltr'><strong>vinum</strong></span> <span class='ocrx_word' id='word_1_209' title='bbox 3754 1524 3926 1579; x_wconf 82' lang='lat' dir='ltr'><strong>veniri</strong></span> 
     </span>
    </p>
   </div>
   <div class='ocr_carea' id='block_1_15' title="bbox 617 1616 3932 1692">
    <p class='ocr_par' dir='ltr' id='par_1_15' title="bbox 617 1616 3932 1692">
     <span class='ocr_line' id='line_1_15' title="bbox 617 1616 3932 1692; baseline 0.002 -25"><span class='ocrx_word' id='word_1_210' title='bbox 617 1628 723 1669; x_wconf 92' lang='lat' dir='ltr'><strong>non</strong></span> <span class='ocrx_word' id='word_1_211' title='bbox 756 1624 932 1685; x_wconf 90' lang='lat' dir='ltr'><strong>potest</strong></span> <span class='ocrx_word' id='word_1_212' title='bbox 963 1618 1064 1671; x_wconf 88' lang='lat' dir='ltr'><strong>nisi</strong></span> <span class='ocrx_word' id='word_1_213' title='bbox 1096 1617 1282 1674; x_wconf 91' lang='lat' dir='ltr'><strong>botrus</strong></span> <span class='ocrx_word' id='word_1_214' title='bbox 1301 1617 1539 1674; x_wconf 89' lang='lat' dir='ltr'><strong>calcetur</strong></span> <span class='ocrx_word' id='word_1_215' title='bbox 1566 1629 1692 1675; x_wconf 91' lang='lat' dir='ltr'><strong>ante</strong></span> <span class='ocrx_word' id='word_1_216' title='bbox 1719 1631 1773 1675; x_wconf 90' lang='lat' dir='ltr'><strong>et</strong></span> <span class='ocrx_word' id='word_1_217' title='bbox 1804 1629 2097 1692; x_wconf 90' lang='lat' dir='ltr'><strong>prematur,</strong></span> <span class='ocrx_word' id='word_1_218' title='bbox 2127 1622 2206 1675; x_wconf 92' lang='lat' dir='ltr'><strong>sic</strong></span> <span class='ocrx_word' id='word_1_219' title='bbox 2256 1636 2352 1676; x_wconf 92' lang='lat' dir='ltr'><strong>nos</strong></span> <span class='ocrx_word' id='word_1_220' title='bbox 2393 1637 2494 1676; x_wconf 90' lang='lat' dir='ltr'><strong>nec</strong></span> <span class='ocrx_word' id='word_1_221' title='bbox 2523 1623 2834 1692; x_wconf 89' lang='lat' dir='ltr'><strong>sanguinem</strong></span> <span class='ocrx_word' id='word_1_222' title='bbox 2865 1621 3065 1676; x_wconf 91' lang='lat' dir='ltr'><strong>Christi</strong></span> <span class='ocrx_word' id='word_1_223' title='bbox 3095 1635 3376 1692; x_wconf 91' lang='lat' dir='ltr'><strong>possemus</strong></span> <span class='ocrx_word' id='word_1_224' title='bbox 3405 1622 3612 1687; x_wconf 89' lang='lat' dir='ltr'><strong>bibere,</strong></span> <span class='ocrx_word' id='word_1_225' title='bbox 3644 1621 3743 1676; x_wconf 89' lang='lat' dir='ltr'><strong>nisi</strong></span> <span class='ocrx_word' id='word_1_226' title='bbox 3771 1616 3932 1674; x_wconf 83' lang='lat' dir='ltr'><strong>Chri—</strong></span> 
     </span>
    </p>
   </div>
   <div class='ocr_carea' id='block_1_16' title="bbox 616 1710 3510 1785">
    <p class='ocr_par' dir='ltr' id='par_1_16' title="bbox 616 1710 3510 1785">
     <span class='ocr_line' id='line_1_16' title="bbox 616 1710 3510 1785; baseline 0.001 -21"><span class='ocrx_word' id='word_1_227' title='bbox 616 1718 732 1764; x_wconf 89' lang='lat' dir='ltr'><strong>stus</strong></span> <span class='ocrx_word' id='word_1_228' title='bbox 765 1710 1001 1765; x_wconf 86' lang='lat' dir='ltr'><strong>calcatus</strong></span> <span class='ocrx_word' id='word_1_229' title='bbox 1032 1713 1176 1780; x_wconf 88' lang='lat' dir='ltr'><strong>prius</strong></span> <span class='ocrx_word' id='word_1_230' title='bbox 1209 1711 1396 1768; x_wconf 89' lang='lat' dir='ltr'><strong>fuisset</strong></span> <span class='ocrx_word' id='word_1_231' title='bbox 1423 1724 1474 1767; x_wconf 91' lang='lat' dir='ltr'><strong>et</strong></span> <span class='ocrx_word' id='word_1_232' title='bbox 1505 1728 1741 1783; x_wconf 86' lang='lat' dir='ltr'><strong>pressus,</strong></span> <span class='ocrx_word' id='word_1_233' title='bbox 1774 1723 1826 1770; x_wconf 92' lang='lat' dir='ltr'><strong>et</strong></span> <span class='ocrx_word' id='word_1_234' title='bbox 1847 1715 2069 1770; x_wconf 82' lang='lat' dir='ltr'><strong>calicem</strong></span> <span class='ocrx_word' id='word_1_235' title='bbox 2094 1715 2244 1784; x_wconf 89' lang='lat' dir='ltr'><strong>prior</strong></span> <span class='ocrx_word' id='word_1_236' title='bbox 2272 1713 2500 1781; x_wconf 90' lang='lat' dir='ltr'><strong>biberet,</strong></span> <span class='ocrx_word' id='word_1_237' title='bbox 2529 1713 2712 1785; x_wconf 92' lang='lat' dir='ltr'><strong>inquo</strong></span> <span class='ocrx_word' id='word_1_238' title='bbox 2739 1713 3081 1770; x_wconf 88' lang='lat' dir='ltr'><strong>credentibus</strong></span> <span class='ocrx_word' id='word_1_239' title='bbox 3107 1713 3453 1785; x_wconf 87' lang='lat' dir='ltr'><strong>propinaret?</strong></span> <span class='ocrx_word' id='word_1_240' title='bbox 3491 1731 3510 1764; x_wconf 69' lang='grc' dir='ltr'><strong><em>ι</em></strong></span> 
     </span>
    </p>
   </div>
   <div class='ocr_carea' id='block_1_17' title="bbox 688 1801 3912 1879">
    <p class='ocr_par' dir='ltr' id='par_1_17' title="bbox 688 1801 3912 1879">
     <span class='ocr_line' id='line_1_17' title="bbox 688 1801 3912 1879; baseline 0.002 -25"><span class='ocrx_word' id='word_1_241' title='bbox 688 1801 1149 1868; x_wconf 89' lang='lat' dir='ltr'><strong>Quemadmodum</strong></span> <span class='ocrx_word' id='word_1_242' title='bbox 1173 1804 1471 1875; x_wconf 86' lang='lat' dir='ltr'><strong>Cyprianus</strong></span> <span class='ocrx_word' id='word_1_243' title='bbox 1491 1807 1901 1863; x_wconf 89' lang='lat' dir='ltr'><strong>communiones</strong></span> <span class='ocrx_word' id='word_1_244' title='bbox 1930 1807 2172 1879; x_wconf 89' lang='lat' dir='ltr'><strong>indignas</strong></span> <span class='ocrx_word' id='word_1_245' title='bbox 2199 1808 2518 1874; x_wconf 86' lang='lat' dir='ltr'><strong>detestatur,</strong></span> <span class='ocrx_word' id='word_1_246' title='bbox 2568 1809 2692 1878; x_wconf 87' lang='lat' dir='ltr'><strong>quia</strong></span> <span class='ocrx_word' id='word_1_247' title='bbox 2727 1826 2746 1860; x_wconf 84' lang='grc'><strong>‹</strong></span> <span class='ocrx_word' id='word_1_248' title='bbox 2786 1819 3034 1864; x_wconf 87' lang='lat' dir='ltr'><strong>sanetum</strong></span> <span class='ocrx_word' id='word_1_249' title='bbox 3067 1807 3277 1864; x_wconf 90' lang='lat' dir='ltr'><strong>Domini</strong></span> <span class='ocrx_word' id='word_1_250' title='bbox 3305 1822 3505 1878; x_wconf 88' lang='lat' dir='ltr'><strong>corpus</strong></span> <span class='ocrx_word' id='word_1_251' title='bbox 3543 1826 3560 1860; x_wconf 75' lang='grc' dir='ltr'><strong><em>ι</em></strong></span> <span class='ocrx_word' id='word_1_252' title='bbox 3595 1803 3912 1877; x_wconf 78' lang='lat' dir='ltr'><strong>profanatur</strong></span> 
     </span>
    </p>
   </div>
   <div class='ocr_carea' id='block_1_18' title="bbox 628 1895 3928 1978">
    <p class='ocr_par' dir='ltr' id='par_1_18' title="bbox 628 1895 3928 1978">
     <span class='ocr_line' id='line_1_18' title="bbox 628 1895 3928 1978; baseline 0.001 -27"><span class='ocrx_word' id='word_1_253' title='bbox 628 1895 705 1966; x_wconf 94' lang='lat' dir='ltr'><strong>(p.</strong></span> <span class='ocrx_word' id='word_1_254' title='bbox 735 1895 848 1967; x_wconf 73' lang='lat'><strong>20),</strong></span> <span class='ocrx_word' id='word_1_255' title='bbox 882 1899 1004 1968; x_wconf 90' lang='lat' dir='ltr'><strong>quia</strong></span> <span class='ocrx_word' id='word_1_256' title='bbox 1041 1918 1060 1951; x_wconf 85' lang='grc'><strong><em>‹</em></strong></span> <span class='ocrx_word' id='word_1_257' title='bbox 1095 1899 1176 1955; x_wconf 91' lang='lat' dir='ltr'><strong>vis</strong></span> <span class='ocrx_word' id='word_1_258' title='bbox 1205 1901 1432 1959; x_wconf 84' lang='lat' dir='ltr'><strong>infertur</strong></span> <span class='ocrx_word' id='word_1_259' title='bbox 1461 1905 1673 1974; x_wconf 82' lang='lat' dir='ltr'><strong>corpori</strong></span> <span class='ocrx_word' id='word_1_260' title='bbox 1706 1913 1760 1957; x_wconf 80' lang='lat' dir='ltr'><strong>et</strong></span> <span class='ocrx_word' id='word_1_261' title='bbox 1782 1907 2026 1978; x_wconf 82' lang='lat' dir='ltr'><strong>sanguini</strong></span> <span class='ocrx_word' id='word_1_262' title='bbox 2059 1908 2290 1974; x_wconf 90' lang='lat' dir='ltr'><strong>Domini,</strong></span> <span class='ocrx_word' id='word_1_263' title='bbox 2315 1916 2368 1962; x_wconf 92' lang='lat' dir='ltr'><strong>et</strong></span> <span class='ocrx_word' id='word_1_264' title='bbox 2399 1908 2450 1962; x_wconf 94' lang='lat' dir='ltr'><strong>in</strong></span> <span class='ocrx_word' id='word_1_265' title='bbox 2484 1907 2772 1964; x_wconf 91' lang='lat' dir='ltr'><strong>Dominum</strong></span> <span class='ocrx_word' id='word_1_266' title='bbox 2797 1907 3045 1964; x_wconf 91' lang='lat' dir='ltr'><strong>manibus</strong></span> <span class='ocrx_word' id='word_1_267' title='bbox 3071 1914 3126 1960; x_wconf 92' lang='lat' dir='ltr'><strong>et</strong></span> <span class='ocrx_word' id='word_1_268' title='bbox 3146 1920 3240 1961; x_wconf 91' lang='lat' dir='ltr'><strong>ore</strong></span> <span class='ocrx_word' id='word_1_269' title='bbox 3267 1923 3286 1958; x_wconf 73' lang='grc' dir='ltr'><strong><em>ι</em></strong></span> <span class='ocrx_word' id='word_1_270' title='bbox 3315 1903 3639 1974; x_wconf 89' lang='lat' dir='ltr'><strong>delinquitur</strong></span> <span class='ocrx_word' id='word_1_271' title='bbox 3663 1903 3742 1972; x_wconf 90' lang='lat' dir='ltr'><strong>(p.</strong></span> <span class='ocrx_word' id='word_1_272' title='bbox 3774 1899 3928 1973; x_wconf 80' lang='lat' dir='ltr'><strong>lSG),</strong></span> 
     </span>
    </p>
   </div>
   <div class='ocr_carea' id='block_1_19' title="bbox 618 1990 3929 2072">
    <p class='ocr_par' dir='ltr' id='par_1_19' title="bbox 618 1990 3929 2072">
     <span class='ocr_line' id='line_1_19' title="bbox 618 1990 3929 2072; baseline 0.001 -29"><span class='ocrx_word' id='word_1_273' title='bbox 618 1990 1067 2060; x_wconf 89' lang='lat' dir='ltr'><strong>quemadmodum</strong></span> <span class='ocrx_word' id='word_1_274' title='bbox 1100 1993 1443 2050; x_wconf 82' lang='lat' dir='ltr'><strong>Firmilianns</strong></span> <span class='ocrx_word' id='word_1_275' title='bbox 1477 1996 1646 2052; x_wconf 90' lang='lat' dir='ltr'><strong>instar</strong></span> <span class='ocrx_word' id='word_1_276' title='bbox 1675 1997 1868 2064; x_wconf 84' lang='lat' dir='ltr'><strong>piaculi</strong></span> <span class='ocrx_word' id='word_1_277' title='bbox 1894 1999 2122 2055; x_wconf 87' lang='lat' dir='ltr'><strong>ducebat</strong></span> <span class='ocrx_word' id='word_1_278' title='bbox 2148 2001 2290 2071; x_wconf 90' lang='lat' dir='ltr'><strong>quod</strong></span> <span class='ocrx_word' id='word_1_279' title='bbox 2321 2001 2570 2056; x_wconf 87' lang='lat' dir='ltr'><strong>homines</strong></span> <span class='ocrx_word' id='word_1_280' title='bbox 2596 2045 2610 2066; x_wconf 97' lang='lat'><strong>,</strong></span> <span class='ocrx_word' id='word_1_281' title='bbox 2639 2009 2697 2056; x_wconf 90' lang='lat' dir='ltr'><strong>ut</strong></span> <span class='ocrx_word' id='word_1_282' title='bbox 2744 2002 2844 2072; x_wconf 91' lang='lat' dir='ltr'><strong>ipsi</strong></span> <span class='ocrx_word' id='word_1_283' title='bbox 2873 2000 3175 2059; x_wconf 87' lang='lat' dir='ltr'><strong>videbatur,</strong></span> <span class='ocrx_word' id='word_1_284' title='bbox 3204 2014 3308 2052; x_wconf 90' lang='lat' dir='ltr'><strong>non</strong></span> <span class='ocrx_word' id='word_1_285' title='bbox 3340 1994 3588 2067; x_wconf 83' lang='lat' dir='ltr'><strong>baptizati</strong></span> <span class='ocrx_word' id='word_1_286' title='bbox 3615 2012 3635 2046; x_wconf 85' lang='grc'><em>‹</em></span> <span class='ocrx_word' id='word_1_287' title='bbox 3671 2002 3929 2063; x_wconf 88' lang='lat' dir='ltr'><strong>usurpata</strong></span> 
     </span>
    </p>
   </div>
   <div class='ocr_carea' id='block_1_20' title="bbox 620 2087 3930 2168">
    <p class='ocr_par' dir='ltr' id='par_1_20' title="bbox 620 2087 3930 2168">
     <span class='ocr_line' id='line_1_20' title="bbox 620 2087 3930 2168; baseline 0.001 -30"><span class='ocrx_word' id='word_1_288' title='bbox 620 2093 824 2141; x_wconf 89' lang='lat' dir='ltr'><strong>temere</strong></span> <span class='ocrx_word' id='word_1_289' title='bbox 854 2089 1339 2145; x_wconf 84' lang='lat' dir='ltr'><strong>communicatione</strong></span> <span class='ocrx_word' id='word_1_290' title='bbox 1368 2091 1684 2162; x_wconf 85' lang='lat' dir='ltr'><strong>contingant</strong></span> <span class='ocrx_word' id='word_1_291' title='bbox 1712 2106 1908 2163; x_wconf 91' lang='lat' dir='ltr'><strong>corpus</strong></span> <span class='ocrx_word' id='word_1_292' title='bbox 1928 2103 1982 2148; x_wconf 93' lang='lat' dir='ltr'><strong>et</strong></span> <span class='ocrx_word' id='word_1_293' title='bbox 2003 2094 2318 2165; x_wconf 90' lang='lat' dir='ltr'><strong>sanguinem</strong></span> <span class='ocrx_word' id='word_1_294' title='bbox 2347 2094 2556 2150; x_wconf 91' lang='lat' dir='ltr'><strong>Domini</strong></span> <span class='ocrx_word' id='word_1_295' title='bbox 2593 2096 2669 2166; x_wconf 87' lang='lat' dir='ltr'><strong>(p.</strong></span> <span class='ocrx_word' id='word_1_296' title='bbox 2704 2095 2852 2168; x_wconf 77' lang='lat' dir='ltr'><strong>H9),</strong></span> <span class='ocrx_word' id='word_1_297' title='bbox 2885 2114 2904 2148; x_wconf 87' lang='grc'><strong>›</strong></span> <span class='ocrx_word' id='word_1_298' title='bbox 2941 2095 3018 2150; x_wconf 84' lang='lat' dir='ltr'><strong>sic</strong></span> <span class='ocrx_word' id='word_1_299' title='bbox 3045 2095 3233 2166; x_wconf 71' lang='lat' dir='ltr'><strong>gratia:</strong></span> <span class='ocrx_word' id='word_1_300' title='bbox 3280 2092 3421 2148; x_wconf 90' lang='lat' dir='ltr'><strong>dona</strong></span> <span class='ocrx_word' id='word_1_301' title='bbox 3453 2105 3571 2162; x_wconf 65' lang='lat' dir='ltr'><strong>quae</strong></span> <span class='ocrx_word' id='word_1_302' title='bbox 3604 2104 3672 2145; x_wconf 79' lang='lat' dir='ltr'><strong>ex</strong></span> <span class='ocrx_word' id='word_1_303' title='bbox 3711 2087 3930 2142; x_wconf 61' lang='lat' dir='ltr'><strong>Eucha.</strong></span> 
     </span>
    </p>
   </div>
   <div class='ocr_carea' id='block_1_21' title="bbox 619 2180 3928 2260">
    <p class='ocr_par' dir='ltr' id='par_1_21' title="bbox 619 2180 3928 2260">
     <span class='ocr_line' id='line_1_21' title="bbox 619 2180 3928 2260; baseline -0.001 -23"><span class='ocrx_word' id='word_1_304' title='bbox 619 2180 768 2237; x_wconf 92' lang='lat' dir='ltr'><strong>ristia</strong></span> <span class='ocrx_word' id='word_1_305' title='bbox 798 2181 997 2252; x_wconf 87' lang='lat' dir='ltr'><strong>percipi</strong></span> <span class='ocrx_word' id='word_1_306' title='bbox 1027 2183 1225 2250; x_wconf 89' lang='lat' dir='ltr'><strong>solent,</strong></span> <span class='ocrx_word' id='word_1_307' title='bbox 1257 2199 1320 2238; x_wconf 72' lang='lat' dir='ltr'><strong>ex</strong></span> <span class='ocrx_word' id='word_1_308' title='bbox 1350 2200 1576 2254; x_wconf 90' lang='lat' dir='ltr'><strong>corpore</strong></span> <span class='ocrx_word' id='word_1_309' title='bbox 1604 2196 1658 2241; x_wconf 95' lang='lat' dir='ltr'><strong>et</strong></span> <span class='ocrx_word' id='word_1_310' title='bbox 1684 2188 1945 2259; x_wconf 83' lang='lat' dir='ltr'><strong>sanguine</strong></span> <span class='ocrx_word' id='word_1_311' title='bbox 1973 2185 2172 2242; x_wconf 88' lang='lat' dir='ltr'><strong>Christi</strong></span> <span class='ocrx_word' id='word_1_312' title='bbox 2200 2189 2559 2258; x_wconf 64' lang='lat' dir='ltr'><strong>prtesentibus</strong></span> <span class='ocrx_word' id='word_1_313' title='bbox 2588 2199 2922 2260; x_wconf 91' lang='lat' dir='ltr'><strong>repetuntur.</strong></span> <span class='ocrx_word' id='word_1_314' title='bbox 2956 2190 3123 2244; x_wconf 91' lang='lat' dir='ltr'><strong>Docet</strong></span> <span class='ocrx_word' id='word_1_315' title='bbox 3155 2187 3453 2259; x_wconf 91' lang='lat' dir='ltr'><strong>Cyprianus</strong></span> <span class='ocrx_word' id='word_1_316' title='bbox 3483 2185 3682 2242; x_wconf 89' lang='lat' dir='ltr'><strong>milites</strong></span> <span class='ocrx_word' id='word_1_317' title='bbox 3729 2181 3928 2238; x_wconf 82' lang='lat' dir='ltr'><strong>Christi</strong></span> 
     </span>
    </p>
   </div>
   <div class='ocr_carea' id='block_1_22' title="bbox 618 2273 3923 2353">
    <p class='ocr_par' dir='ltr' id='par_1_22' title="bbox 618 2273 3923 2353">
     <span class='ocr_line' id='line_1_22' title="bbox 618 2273 3923 2353; baseline -0.001 -23"><span class='ocrx_word' id='word_1_318' title='bbox 618 2273 962 2330; x_wconf 87' lang='lat' dir='ltr'><strong>considerare</strong></span> <span class='ocrx_word' id='word_1_319' title='bbox 981 2275 1179 2332; x_wconf 89' lang='lat' dir='ltr'><strong>debere</strong></span> <span class='ocrx_word' id='word_1_320' title='bbox 1207 2297 1223 2326; x_wconf 77' lang='grc' dir='ltr'>ι</span> <span class='ocrx_word' id='word_1_321' title='bbox 1263 2277 1464 2334; x_wconf 91' lang='lat' dir='ltr'><strong>idcirco</strong></span> <span class='ocrx_word' id='word_1_322' title='bbox 1492 2293 1552 2333; x_wconf 91' lang='lat' dir='ltr'><strong>se</strong></span> <span class='ocrx_word' id='word_1_323' title='bbox 1580 2279 1820 2349; x_wconf 91' lang='lat' dir='ltr'><strong>quotidie</strong></span> <span class='ocrx_word' id='word_1_324' title='bbox 1844 2280 2068 2336; x_wconf 93' lang='lat' dir='ltr'><strong>calicem</strong></span> <span class='ocrx_word' id='word_1_325' title='bbox 2099 2281 2377 2352; x_wconf 86' lang='lat' dir='ltr'><strong>sanguinis</strong></span> <span class='ocrx_word' id='word_1_326' title='bbox 2407 2280 2608 2337; x_wconf 87' lang='lat' dir='ltr'><strong>Christi</strong></span> <span class='ocrx_word' id='word_1_327' title='bbox 2641 2282 2843 2347; x_wconf 89' lang='lat' dir='ltr'><strong>bibere,</strong></span> <span class='ocrx_word' id='word_1_328' title='bbox 2871 2293 2926 2336; x_wconf 92' lang='lat' dir='ltr'><strong>ut</strong></span> <span class='ocrx_word' id='word_1_329' title='bbox 2956 2281 3163 2353; x_wconf 84' lang='lat' dir='ltr'><strong>possint</strong></span> <span class='ocrx_word' id='word_1_330' title='bbox 3188 2290 3241 2335; x_wconf 91' lang='lat' dir='ltr'><strong>et</strong></span> <span class='ocrx_word' id='word_1_331' title='bbox 3268 2280 3367 2351; x_wconf 90' lang='lat' dir='ltr'><strong>ipsi</strong></span> <span class='ocrx_word' id='word_1_332' title='bbox 3407 2287 3626 2349; x_wconf 89' lang='lat' dir='ltr'><strong>propter</strong></span> <span class='ocrx_word' id='word_1_333' title='bbox 3653 2275 3923 2331; x_wconf 89' lang='lat' dir='ltr'><strong>Christum</strong></span> 
     </span>
    </p>
   </div>
   <div class='ocr_carea' id='block_1_23' title="bbox 619 2366 3925 2445">
    <p class='ocr_par' dir='ltr' id='par_1_23' title="bbox 619 2366 3925 2445">
     <span class='ocr_line' id='line_1_23' title="bbox 619 2366 3925 2445; baseline 0 -24"><span class='ocrx_word' id='word_1_334' title='bbox 619 2367 934 2437; x_wconf 87' lang='lat' dir='ltr'><strong>sanguinem</strong></span> <span class='ocrx_word' id='word_1_335' title='bbox 955 2366 1197 2425; x_wconf 85' lang='lat' dir='ltr'><strong>fundere.</strong></span> <span class='ocrx_word' id='word_1_336' title='bbox 1223 2388 1241 2422; x_wconf 79' lang='grc' dir='ltr'><strong><em>ι</em></strong></span> <span class='ocrx_word' id='word_1_337' title='bbox 1267 2369 1416 2436; x_wconf 93' lang='lat' dir='ltr'><strong>llinc,</strong></span> <span class='ocrx_word' id='word_1_338' title='bbox 1437 2387 1580 2438; x_wconf 89' lang='lat' dir='ltr'><strong>cum,</strong></span> <span class='ocrx_word' id='word_1_339' title='bbox 1609 2373 1840 2428; x_wconf 89' lang='lat' dir='ltr'><strong>instante</strong></span> <span class='ocrx_word' id='word_1_340' title='bbox 1857 2371 1992 2428; x_wconf 87' lang='lat' dir='ltr'><strong>Galli</strong></span> <span class='ocrx_word' id='word_1_341' title='bbox 2021 2373 2368 2429; x_wconf 84' lang='lat' dir='ltr'><strong>et&#39;Volusiani</strong></span> <span class='ocrx_word' id='word_1_342' title='bbox 2395 2376 2792 2445; x_wconf 90' lang='lat' dir='ltr'><strong>persecutione,</strong></span> <span class='ocrx_word' id='word_1_343' title='bbox 2813 2374 3247 2430; x_wconf 91' lang='lat' dir='ltr'><strong>communionem</strong></span> <span class='ocrx_word' id='word_1_344' title='bbox 3272 2373 3334 2427; x_wconf 87' lang='lat' dir='ltr'><strong>iis</strong></span> <span class='ocrx_word' id='word_1_345' title='bbox 3357 2373 3443 2441; x_wconf 91' lang='lat' dir='ltr'><strong>qui</strong></span> <span class='ocrx_word' id='word_1_346' title='bbox 3467 2371 3566 2425; x_wconf 89' lang='lat' dir='ltr'><strong>sub</strong></span> <span class='ocrx_word' id='word_1_347' title='bbox 3595 2367 3756 2423; x_wconf 89' lang='lat' dir='ltr'><strong>Decio</strong></span> <span class='ocrx_word' id='word_1_348' title='bbox 3786 2367 3925 2438; x_wconf 89' lang='lat' dir='ltr'><strong>lapsi</strong></span> 
     </span>
    </p>
   </div>
   <div class='ocr_carea' id='block_1_24' title="bbox 622 2458 3920 2538">
    <p class='ocr_par' dir='ltr' id='par_1_24' title="bbox 622 2458 3920 2538">
     <span class='ocr_line' id='line_1_24' title="bbox 622 2458 3920 2538; baseline 0.002 -26"><span class='ocrx_word' id='word_1_349' title='bbox 622 2458 850 2524; x_wconf 89' lang='lat' dir='ltr'><strong>fuerant,</strong></span> <span class='ocrx_word' id='word_1_350' title='bbox 878 2461 1175 2518; x_wconf 90' lang='lat' dir='ltr'><strong>concedere</strong></span> <span class='ocrx_word' id='word_1_351' title='bbox 1203 2463 1568 2532; x_wconf 89' lang='lat' dir='ltr'><strong>decrevisset,</strong></span> <span class='ocrx_word' id='word_1_352' title='bbox 1617 2465 1960 2536; x_wconf 61' lang='lat' dir='ltr'><strong>indulgentiae</strong></span> <span class='ocrx_word' id='word_1_353' title='bbox 1999 2465 2138 2521; x_wconf 90' lang='lat' dir='ltr'><strong>hanc</strong></span> <span class='ocrx_word' id='word_1_354' title='bbox 2162 2467 2423 2522; x_wconf 89' lang='lat' dir='ltr'><strong>rationem</strong></span> <span class='ocrx_word' id='word_1_355' title='bbox 2452 2467 2626 2524; x_wconf 90' lang='lat' dir='ltr'><strong>reddit</strong></span> <span class='ocrx_word' id='word_1_356' title='bbox 2683 2468 2734 2522; x_wconf 93' lang='lat' dir='ltr'><strong>in</strong></span> <span class='ocrx_word' id='word_1_357' title='bbox 2787 2466 2886 2536; x_wconf 94' lang='lat' dir='ltr'><strong>Ep.</strong></span> <span class='ocrx_word' id='word_1_358' title='bbox 2921 2482 3004 2520; x_wconf 75' lang='grc' dir='ltr'><strong>ων</strong></span> <span class='ocrx_word' id='word_1_359' title='bbox 3041 2464 3118 2537; x_wconf 88' lang='lat' dir='ltr'><strong>(p.</strong></span> <span class='ocrx_word' id='word_1_360' title='bbox 3157 2463 3281 2538; x_wconf 91' lang='lat'><strong>78):</strong></span> <span class='ocrx_word' id='word_1_361' title='bbox 3311 2482 3328 2515; x_wconf 88' lang='grc'><em>‹</em></span> <span class='ocrx_word' id='word_1_362' title='bbox 3365 2463 3496 2517; x_wconf 85' lang='lat' dir='ltr'><strong>Nam</strong></span> <span class='ocrx_word' id='word_1_363' title='bbox 3520 2463 3809 2532; x_wconf 92' lang='lat' dir='ltr'><strong>quomodo,</strong></span> <span class='ocrx_word' id='word_1_364' title='bbox 3835 2465 3920 2516; x_wconf 86' lang='lat' dir='ltr'><strong>iu-</strong></span> 
     </span>
    </p>
   </div>
   <div class='ocr_carea' id='block_1_25' title="bbox 620 2553 3928 2632">
    <p class='ocr_par' dir='ltr' id='par_1_25' title="bbox 620 2553 3928 2632">
     <span class='ocr_line' id='line_1_25' title="bbox 620 2553 3928 2632; baseline 0.001 -24"><span class='ocrx_word' id='word_1_365' title='bbox 620 2553 758 2624; x_wconf 84' lang='lat' dir='ltr'><strong>quit,</strong></span> <span class='ocrx_word' id='word_1_366' title='bbox 797 2553 1054 2609; x_wconf 89' lang='lat' dir='ltr'><strong>docemus</strong></span> <span class='ocrx_word' id='word_1_367' title='bbox 1075 2565 1164 2610; x_wconf 87' lang='lat' dir='ltr'><strong>aut</strong></span> <span class='ocrx_word' id='word_1_368' title='bbox 1195 2563 1546 2626; x_wconf 84' lang='lat' dir='ltr'><strong>provocamus</strong></span> <span class='ocrx_word' id='word_1_369' title='bbox 1573 2574 1666 2614; x_wconf 92' lang='lat' dir='ltr'><strong>eos</strong></span> <span class='ocrx_word' id='word_1_370' title='bbox 1695 2561 1747 2615; x_wconf 91' lang='lat' dir='ltr'><strong>in</strong></span> <span class='ocrx_word' id='word_1_371' title='bbox 1769 2561 2108 2617; x_wconf 89' lang='lat' dir='ltr'><strong>confessione</strong></span> <span class='ocrx_word' id='word_1_372' title='bbox 2145 2562 2376 2616; x_wconf 90' lang='lat' dir='ltr'><strong>nominis</strong></span> <span class='ocrx_word' id='word_1_373' title='bbox 2393 2562 2704 2632; x_wconf 84' lang='lat' dir='ltr'><strong>sanguinem</strong></span> <span class='ocrx_word' id='word_1_374' title='bbox 2734 2577 2888 2616; x_wconf 88' lang='lat' dir='ltr'><strong>suum</strong></span> <span class='ocrx_word' id='word_1_375' title='bbox 2921 2559 3164 2622; x_wconf 90' lang='lat' dir='ltr'><strong>fundere,</strong></span> <span class='ocrx_word' id='word_1_376' title='bbox 3201 2560 3244 2614; x_wconf 92' lang='lat' dir='ltr'><strong>si</strong></span> <span class='ocrx_word' id='word_1_377' title='bbox 3286 2559 3364 2614; x_wconf 89' lang='lat' dir='ltr'><strong>eis</strong></span> <span class='ocrx_word' id='word_1_378' title='bbox 3393 2557 3695 2612; x_wconf 90' lang='lat' dir='ltr'><strong>militaturis</strong></span> <span class='ocrx_word' id='word_1_379' title='bbox 3723 2556 3928 2612; x_wconf 77' lang='lat' dir='ltr'><strong>Christi</strong></span> 
     </span>
    </p>
   </div>
   <div class='ocr_carea' id='block_1_26' title="bbox 621 2645 3928 2726">
    <p class='ocr_par' dir='ltr' id='par_1_26' title="bbox 621 2645 3928 2726">
     <span class='ocr_line' id='line_1_26' title="bbox 621 2645 3928 2726; baseline -0 -23"><span class='ocrx_word' id='word_1_380' title='bbox 621 2647 933 2718; x_wconf 86' lang='lat' dir='ltr'><strong>sanguinem</strong></span> <span class='ocrx_word' id='word_1_381' title='bbox 978 2647 1328 2720; x_wconf 83' lang='lat' dir='ltr'><strong>denegamus?</strong></span> <span class='ocrx_word' id='word_1_382' title='bbox 1351 2651 1456 2706; x_wconf 83' lang='lat' dir='ltr'><strong>Aut</strong></span> <span class='ocrx_word' id='word_1_383' title='bbox 1479 2652 1752 2723; x_wconf 92' lang='lat' dir='ltr'><strong>quomodo</strong></span> <span class='ocrx_word' id='word_1_384' title='bbox 1779 2653 1845 2708; x_wconf 92' lang='lat' dir='ltr'><strong>ad</strong></span> <span class='ocrx_word' id='word_1_385' title='bbox 1876 2655 2115 2726; x_wconf 78' lang='lat' dir='ltr'><strong>martyrii</strong></span> <span class='ocrx_word' id='word_1_386' title='bbox 2149 2653 2400 2724; x_wconf 92' lang='lat' dir='ltr'><strong>poculum</strong></span> <span class='ocrx_word' id='word_1_387' title='bbox 2432 2655 2653 2709; x_wconf 90' lang='lat' dir='ltr'><strong>idoneos</strong></span> <span class='ocrx_word' id='word_1_388' title='bbox 2679 2652 2926 2716; x_wconf 71' lang='lat' dir='ltr'><strong>fat-imus,</strong></span> <span class='ocrx_word' id='word_1_389' title='bbox 2959 2652 3004 2706; x_wconf 89' lang='lat' dir='ltr'><strong>si</strong></span> <span class='ocrx_word' id='word_1_390' title='bbox 3032 2665 3138 2705; x_wconf 87' lang='lat' dir='ltr'><strong>non</strong></span> <span class='ocrx_word' id='word_1_391' title='bbox 3160 2663 3254 2704; x_wconf 93' lang='lat' dir='ltr'><strong>eos</strong></span> <span class='ocrx_word' id='word_1_392' title='bbox 3284 2648 3428 2719; x_wconf 90' lang='lat' dir='ltr'><strong>prius</strong></span> <span class='ocrx_word' id='word_1_393' title='bbox 3454 2647 3518 2701; x_wconf 88' lang='lat' dir='ltr'><strong>ad</strong></span> <span class='ocrx_word' id='word_1_394' title='bbox 3551 2645 3838 2701; x_wconf 89' lang='lat' dir='ltr'><strong>bibendum</strong></span> <span class='ocrx_word' id='word_1_395' title='bbox 3873 2646 3928 2702; x_wconf 89' lang='lat' dir='ltr'><strong>iu</strong></span> 
     </span>
    </p>
   </div>
   <div class='ocr_carea' id='block_1_27' title="bbox 621 2739 3932 2815">
    <p class='ocr_par' dir='ltr' id='par_1_27' title="bbox 621 2739 3932 2815">
     <span class='ocr_line' id='line_1_27' title="bbox 621 2739 3932 2815; baseline -0.001 -19"><span class='ocrx_word' id='word_1_396' title='bbox 621 2740 850 2796; x_wconf 89' lang='lat' dir='ltr'><strong>ecclesia</strong></span> <span class='ocrx_word' id='word_1_397' title='bbox 879 2741 1124 2811; x_wconf 88' lang='lat' dir='ltr'><strong>poculum</strong></span> <span class='ocrx_word' id='word_1_398' title='bbox 1153 2743 1359 2798; x_wconf 86' lang='lat' dir='ltr'><strong>Domini</strong></span> <span class='ocrx_word' id='word_1_399' title='bbox 1383 2745 1503 2814; x_wconf 82' lang='lat' dir='ltr'><strong>jure</strong></span> <span class='ocrx_word' id='word_1_400' title='bbox 1531 2747 2039 2802; x_wconf 89' lang='lat' dir='ltr'><strong>communicationis</strong></span> <span class='ocrx_word' id='word_1_401' title='bbox 2064 2745 2446 2801; x_wconf 83' lang='lat' dir='ltr'><strong>admittimus?</strong></span> <span class='ocrx_word' id='word_1_402' title='bbox 2485 2765 2501 2798; x_wconf 70' lang='grc' dir='ltr'><em>ι</em></span> <span class='ocrx_word' id='word_1_403' title='bbox 2534 2745 2598 2800; x_wconf 83' lang='grc' dir='ltr'><strong>Ει</strong></span> <span class='ocrx_word' id='word_1_404' title='bbox 2647 2746 2697 2799; x_wconf 94' lang='lat' dir='ltr'><strong>in</strong></span> <span class='ocrx_word' id='word_1_405' title='bbox 2738 2745 2837 2814; x_wconf 88' lang='lat' dir='ltr'><strong>Ep.</strong></span> <span class='ocrx_word' id='word_1_406' title='bbox 2883 2759 3008 2798; x_wconf 79' lang='lat' dir='ltr'><strong>ant</strong></span> <span class='ocrx_word' id='word_1_407' title='bbox 3045 2742 3121 2815; x_wconf 89' lang='lat' dir='ltr'><strong>(p.</strong></span> <span class='ocrx_word' id='word_1_408' title='bbox 3182 2741 3306 2811; x_wconf 73' lang='lat' dir='ltr'><strong>l0?)</strong></span> <span class='ocrx_word' id='word_1_409' title='bbox 3337 2759 3350 2796; x_wconf 90' lang='lat'>:</span> <span class='ocrx_word' id='word_1_410' title='bbox 3391 2760 3409 2794; x_wconf 88' lang='grc'><em>‹</em></span> <span class='ocrx_word' id='word_1_411' title='bbox 3442 2740 3590 2796; x_wconf 80' lang='lat' dir='ltr'><strong>Calix</strong></span> <span class='ocrx_word' id='word_1_412' title='bbox 3617 2739 3932 2795; x_wconf 90' lang='lat' dir='ltr'><strong>Dominicus</strong></span> 
     </span>
    </p>
   </div>
   <div class='ocr_carea' id='block_1_28' title="bbox 620 2831 3931 2909">
    <p class='ocr_par' dir='ltr' id='par_1_28' title="bbox 620 2831 3931 2909">
     <span class='ocr_line' id='line_1_28' title="bbox 620 2831 3931 2909; baseline -0.001 -21"><span class='ocrx_word' id='word_1_413' title='bbox 620 2833 698 2888; x_wconf 87' lang='lat' dir='ltr'><strong>sic</strong></span> <span class='ocrx_word' id='word_1_414' title='bbox 725 2833 971 2891; x_wconf 87' lang='lat' dir='ltr'><strong>bibentes</strong></span> <span class='ocrx_word' id='word_1_415' title='bbox 994 2836 1222 2892; x_wconf 89' lang='lat' dir='ltr'><strong>inebriat</strong></span> <span class='ocrx_word' id='word_1_416' title='bbox 1246 2846 1302 2893; x_wconf 92' lang='lat' dir='ltr'><strong>ut</strong></span> <span class='ocrx_word' id='word_1_417' title='bbox 1329 2839 1540 2895; x_wconf 90' lang='lat' dir='ltr'><strong>sobrios</strong></span> <span class='ocrx_word' id='word_1_418' title='bbox 1568 2839 1744 2906; x_wconf 88' lang='lat' dir='ltr'><strong>faciat,</strong></span> <span class='ocrx_word' id='word_1_419' title='bbox 1770 2851 1827 2894; x_wconf 93' lang='lat' dir='ltr'><strong>ut</strong></span> <span class='ocrx_word' id='word_1_420' title='bbox 1857 2849 2068 2896; x_wconf 91' lang='lat' dir='ltr'><strong>mentes</strong></span> <span class='ocrx_word' id='word_1_421' title='bbox 2113 2839 2180 2894; x_wconf 88' lang='lat' dir='ltr'><strong>ad</strong></span> <span class='ocrx_word' id='word_1_422' title='bbox 2231 2839 2526 2909; x_wconf 90' lang='lat' dir='ltr'><strong>spiritalem</strong></span> <span class='ocrx_word' id='word_1_423' title='bbox 2559 2838 2876 2908; x_wconf 89' lang='lat' dir='ltr'><strong>sapientiam</strong></span> <span class='ocrx_word' id='word_1_424' title='bbox 2922 2836 3114 2905; x_wconf 82' lang='lat' dir='ltr'><strong>dirigat</strong></span> <span class='ocrx_word' id='word_1_425' title='bbox 3148 2876 3163 2900; x_wconf 94' lang='lat'><strong>,</strong></span> <span class='ocrx_word' id='word_1_426' title='bbox 3196 2843 3308 2889; x_wconf 90' lang='lat' dir='ltr'><strong>uta</strong></span> <span class='ocrx_word' id='word_1_427' title='bbox 3337 2848 3530 2903; x_wconf 88' lang='lat' dir='ltr'><strong>sapore</strong></span> <span class='ocrx_word' id='word_1_428' title='bbox 3561 2833 3662 2888; x_wconf 83' lang='lat' dir='ltr'><strong>isto</strong></span> <span class='ocrx_word' id='word_1_429' title='bbox 3683 2831 3931 2888; x_wconf 65' lang='lat' dir='ltr'><strong>sarculari</strong></span> 
     </span>
    </p>
   </div>
   <div class='ocr_carea' id='block_1_29' title="bbox 619 2925 3929 3004">
    <p class='ocr_par' dir='ltr' id='par_1_29' title="bbox 619 2925 3929 3004">
     <span class='ocr_line' id='line_1_29' title="bbox 619 2925 3929 3004; baseline 0.001 -25"><span class='ocrx_word' id='word_1_430' title='bbox 619 2925 687 2980; x_wconf 88' lang='lat' dir='ltr'><strong>ad</strong></span> <span class='ocrx_word' id='word_1_431' title='bbox 721 2926 1048 2983; x_wconf 90' lang='lat' dir='ltr'><strong>intellectum</strong></span> <span class='ocrx_word' id='word_1_432' title='bbox 1084 2929 1176 2985; x_wconf 90' lang='lat' dir='ltr'><strong>Dei</strong></span> <span class='ocrx_word' id='word_1_433' title='bbox 1206 2931 1574 3003; x_wconf 87' lang='lat' dir='ltr'><strong>unusquisque</strong></span> <span class='ocrx_word' id='word_1_434' title='bbox 1608 2933 1888 3004; x_wconf 89' lang='lat' dir='ltr'><strong>resipiscat</strong></span> <span class='ocrx_word' id='word_1_435' title='bbox 1920 2951 1932 2984; x_wconf 90' lang='lat'>:</span> <span class='ocrx_word' id='word_1_436' title='bbox 1963 2942 2019 2989; x_wconf 93' lang='lat' dir='ltr'><strong>et</strong></span> <span class='ocrx_word' id='word_1_437' title='bbox 2059 2931 2515 3004; x_wconf 89' lang='lat' dir='ltr'><strong>quemadmodum</strong></span> <span class='ocrx_word' id='word_1_438' title='bbox 2545 2931 2672 2985; x_wconf 90' lang='lat' dir='ltr'><strong>vino</strong></span> <span class='ocrx_word' id='word_1_439' title='bbox 2701 2931 2802 2985; x_wconf 87' lang='lat' dir='ltr'><strong>isto</strong></span> <span class='ocrx_word' id='word_1_440' title='bbox 2826 2931 3096 2984; x_wconf 89' lang='lat' dir='ltr'><strong>communi</strong></span> <span class='ocrx_word' id='word_1_441' title='bbox 3127 2944 3279 2983; x_wconf 88' lang='lat' dir='ltr'><strong>mens</strong></span> <span class='ocrx_word' id='word_1_442' title='bbox 3307 2927 3540 2983; x_wconf 85' lang='lat' dir='ltr'><strong>solvitur</strong></span> <span class='ocrx_word' id='word_1_443' title='bbox 3559 2934 3613 2981; x_wconf 93' lang='lat' dir='ltr'><strong>et</strong></span> <span class='ocrx_word' id='word_1_444' title='bbox 3637 2926 3815 2980; x_wconf 89' lang='lat' dir='ltr'><strong>anima</strong></span> <span class='ocrx_word' id='word_1_445' title='bbox 3845 2941 3929 2981; x_wconf 82' lang='lat' dir='ltr'><strong>re-</strong></span> 
     </span>
    </p>
   </div>
   <div class='ocr_carea' id='block_1_30' title="bbox 635 3016 3932 3097">
    <p class='ocr_par' dir='ltr' id='par_1_30' title="bbox 635 3016 3932 3097">
     <span class='ocr_line' id='line_1_30' title="bbox 635 3016 3932 3097; baseline -0.002 -22"><span class='ocrx_word' id='word_1_446' title='bbox 635 3021 870 3090; x_wconf 76' lang='lat' dir='ltr'><strong>laxatur,</strong></span> <span class='ocrx_word' id='word_1_447' title='bbox 904 3024 1192 3080; x_wconf 86' lang='lat' dir='ltr'><strong>ettristitia</strong></span> <span class='ocrx_word' id='word_1_448' title='bbox 1241 3025 1417 3080; x_wconf 91' lang='lat' dir='ltr'><strong>omnis</strong></span> <span class='ocrx_word' id='word_1_449' title='bbox 1443 3027 1767 3096; x_wconf 84' lang='lat' dir='ltr'><strong>exponitur,</strong></span> <span class='ocrx_word' id='word_1_450' title='bbox 1822 3027 1891 3081; x_wconf 92' lang='lat' dir='ltr'><strong>ita</strong></span> <span class='ocrx_word' id='word_1_451' title='bbox 1932 3034 2148 3097; x_wconf 89' lang='lat' dir='ltr'><strong>epotato</strong></span> <span class='ocrx_word' id='word_1_452' title='bbox 2188 3025 2448 3095; x_wconf 87' lang='lat' dir='ltr'><strong>sanguine</strong></span> <span class='ocrx_word' id='word_1_453' title='bbox 2503 3024 2712 3078; x_wconf 90' lang='lat' dir='ltr'><strong>Domini</strong></span> <span class='ocrx_word' id='word_1_454' title='bbox 2767 3037 2796 3075; x_wconf 89' lang='lat' dir='ltr'><strong>e</strong></span> <span class='ocrx_word' id='word_1_455' title='bbox 2824 3019 3018 3091; x_wconf 90' lang='lat' dir='ltr'><strong>poculo</strong></span> <span class='ocrx_word' id='word_1_456' title='bbox 3047 3019 3290 3083; x_wconf 91' lang='lat' dir='ltr'><strong>salutari,</strong></span> <span class='ocrx_word' id='word_1_457' title='bbox 3321 3027 3624 3086; x_wconf 78' lang='lat' dir='ltr'><strong>exponatur</strong></span> <span class='ocrx_word' id='word_1_458' title='bbox 3671 3016 3932 3072; x_wconf 91' lang='lat' dir='ltr'><strong>memoria</strong></span> 
     </span>
    </p>
   </div>
   <div class='ocr_carea' id='block_1_31' title="bbox 628 3109 3930 3190">
    <p class='ocr_par' dir='ltr' id='par_1_31' title="bbox 628 3109 3930 3190">
     <span class='ocr_line' id='line_1_31' title="bbox 628 3109 3930 3190; baseline -0.001 -23"><span class='ocrx_word' id='word_1_459' title='bbox 628 3115 824 3171; x_wconf 82' lang='lat' dir='ltr'><strong>veteris</strong></span> <span class='ocrx_word' id='word_1_460' title='bbox 854 3115 1114 3184; x_wconf 88' lang='lat' dir='ltr'><strong>hominis,</strong></span> <span class='ocrx_word' id='word_1_461' title='bbox 1141 3129 1193 3174; x_wconf 93' lang='lat' dir='ltr'><strong>et</strong></span> <span class='ocrx_word' id='word_1_462' title='bbox 1223 3119 1313 3173; x_wconf 84' lang='lat' dir='ltr'><strong>fiat</strong></span> <span class='ocrx_word' id='word_1_463' title='bbox 1340 3119 1544 3174; x_wconf 87' lang='lat' dir='ltr'><strong>oblivio</strong></span> <span class='ocrx_word' id='word_1_464' title='bbox 1577 3121 2000 3176; x_wconf 87' lang='lat' dir='ltr'><strong>conversationis</strong></span> <span class='ocrx_word' id='word_1_465' title='bbox 2033 3118 2269 3190; x_wconf 70' lang='lat' dir='ltr'><strong>pristinze</strong></span> <span class='ocrx_word' id='word_1_466' title='bbox 2298 3117 2591 3184; x_wconf 77' lang='lat' dir='ltr'><strong>saecularis,</strong></span> <span class='ocrx_word' id='word_1_467' title='bbox 2620 3126 2673 3171; x_wconf 93' lang='lat' dir='ltr'><strong>et</strong></span> <span class='ocrx_word' id='word_1_468' title='bbox 2711 3125 2960 3171; x_wconf 74' lang='lat' dir='ltr'><strong>rnmstum</strong></span> <span class='ocrx_word' id='word_1_469' title='bbox 3007 3122 3191 3184; x_wconf 80' lang='lat' dir='ltr'><strong>pectus</strong></span> <span class='ocrx_word' id='word_1_470' title='bbox 3232 3128 3295 3166; x_wconf 89' lang='lat' dir='ltr'><strong>ac</strong></span> <span class='ocrx_word' id='word_1_471' title='bbox 3343 3112 3514 3177; x_wconf 91' lang='lat' dir='ltr'><strong>triste,</strong></span> <span class='ocrx_word' id='word_1_472' title='bbox 3573 3109 3714 3181; x_wconf 92' lang='lat' dir='ltr'><strong>quod</strong></span> <span class='ocrx_word' id='word_1_473' title='bbox 3779 3110 3930 3180; x_wconf 91' lang='lat' dir='ltr'><strong>prius</strong></span> 
     </span>
    </p>
   </div>
   <div class='ocr_carea' id='block_1_32' title="bbox 621 3204 3932 3283">
    <p class='ocr_par' dir='ltr' id='par_1_32' title="bbox 621 3204 3932 3283">
     <span class='ocr_line' id='line_1_32' title="bbox 621 3204 3932 3283; baseline -0.001 -20"><span class='ocrx_word' id='word_1_474' title='bbox 621 3209 858 3280; x_wconf 73' lang='lat' dir='ltr'><strong>peccatis</strong></span> <span class='ocrx_word' id='word_1_475' title='bbox 910 3212 1231 3282; x_wconf 81' lang='lat' dir='ltr'><strong>augentibus</strong></span> <span class='ocrx_word' id='word_1_476' title='bbox 1286 3214 1650 3282; x_wconf 89' lang='lat' dir='ltr'><strong>premebatur,</strong></span> <span class='ocrx_word' id='word_1_477' title='bbox 1681 3214 1874 3268; x_wconf 71' lang='lat' dir='ltr'><strong>divina:</strong></span> <span class='ocrx_word' id='word_1_478' title='bbox 1946 3213 2288 3283; x_wconf 81' lang='lat' dir='ltr'><strong>indulgentiae</strong></span> <span class='ocrx_word' id='word_1_479' title='bbox 2347 3211 2526 3264; x_wconf 70' lang='lat' dir='ltr'><strong>laetitia</strong></span> <span class='ocrx_word' id='word_1_480' title='bbox 2583 3209 2898 3263; x_wconf 88' lang='lat' dir='ltr'><strong>resolvatur.</strong></span> <span class='ocrx_word' id='word_1_481' title='bbox 2932 3226 2951 3259; x_wconf 76' lang='grc' dir='ltr'><strong><em>ι</em></strong></span> <span class='ocrx_word' id='word_1_482' title='bbox 3011 3206 3278 3276; x_wconf 88' lang='lat' dir='ltr'><strong>Quidquid</strong></span> <span class='ocrx_word' id='word_1_483' title='bbox 3321 3221 3452 3274; x_wconf 83' lang='lat' dir='ltr'><strong>ergo</strong></span> <span class='ocrx_word' id='word_1_484' title='bbox 3491 3206 3648 3261; x_wconf 86' lang='lat' dir='ltr'><strong>docet</strong></span> <span class='ocrx_word' id='word_1_485' title='bbox 3688 3204 3932 3260; x_wconf 76' lang='lat' dir='ltr'><strong>Ecclesia</strong></span> 
     </span>
    </p>
   </div>
   <div class='ocr_carea' id='block_1_33' title="bbox 620 3299 3933 3376">
    <p class='ocr_par' dir='ltr' id='par_1_33' title="bbox 620 3299 3933 3376">
     <span class='ocr_line' id='line_1_33' title="bbox 620 3299 3933 3376; baseline -0.001 -19"><span class='ocrx_word' id='word_1_486' title='bbox 620 3302 881 3358; x_wconf 85' lang='lat' dir='ltr'><strong>catholica</strong></span> <span class='ocrx_word' id='word_1_487' title='bbox 925 3303 991 3358; x_wconf 90' lang='lat' dir='ltr'><strong>de</strong></span> <span class='ocrx_word' id='word_1_488' title='bbox 1019 3305 1310 3360; x_wconf 88' lang='lat' dir='ltr'><strong>mutatione</strong></span> <span class='ocrx_word' id='word_1_489' title='bbox 1347 3309 1496 3375; x_wconf 89' lang='lat' dir='ltr'><strong>panis</strong></span> <span class='ocrx_word' id='word_1_490' title='bbox 1541 3315 1596 3361; x_wconf 89' lang='lat' dir='ltr'><strong>et</strong></span> <span class='ocrx_word' id='word_1_491' title='bbox 1641 3305 1750 3360; x_wconf 91' lang='lat' dir='ltr'><strong>vini</strong></span> <span class='ocrx_word' id='word_1_492' title='bbox 1792 3307 1842 3360; x_wconf 93' lang='lat' dir='ltr'><strong>in</strong></span> <span class='ocrx_word' id='word_1_493' title='bbox 1883 3321 2080 3376; x_wconf 89' lang='lat' dir='ltr'><strong>corpus</strong></span> <span class='ocrx_word' id='word_1_494' title='bbox 2099 3316 2152 3359; x_wconf 89' lang='lat' dir='ltr'><strong>et</strong></span> <span class='ocrx_word' id='word_1_495' title='bbox 2182 3303 2496 3373; x_wconf 86' lang='lat' dir='ltr'><strong>sanguinem</strong></span> <span class='ocrx_word' id='word_1_496' title='bbox 2520 3301 2739 3364; x_wconf 89' lang='lat' dir='ltr'><strong>Christi,</strong></span> <span class='ocrx_word' id='word_1_497' title='bbox 2764 3299 3018 3371; x_wconf 89' lang='lat' dir='ltr'><strong>quidquid</strong></span> <span class='ocrx_word' id='word_1_498' title='bbox 3039 3300 3219 3355; x_wconf 87' lang='lat' dir='ltr'><strong>animo</strong></span> <span class='ocrx_word' id='word_1_499' title='bbox 3249 3299 3346 3356; x_wconf 89' lang='lat' dir='ltr'><strong>bac</strong></span> <span class='ocrx_word' id='word_1_500' title='bbox 3379 3300 3482 3357; x_wconf 88' lang='lat' dir='ltr'><strong>fide</strong></span> <span class='ocrx_word' id='word_1_501' title='bbox 3509 3299 3714 3356; x_wconf 87' lang='lat' dir='ltr'><strong>imbuto</strong></span> <span class='ocrx_word' id='word_1_502' title='bbox 3739 3299 3933 3355; x_wconf 88' lang='lat' dir='ltr'><strong>obser—</strong></span> 
     </span>
    </p>
   </div>
   <div class='ocr_carea' id='block_1_34' title="bbox 621 3395 2926 3468">
    <p class='ocr_par' dir='ltr' id='par_1_34' title="bbox 621 3395 2926 3468">
     <span class='ocr_line' id='line_1_34' title="bbox 621 3395 2926 3468; baseline -0.002 -16"><span class='ocrx_word' id='word_1_503' title='bbox 621 3397 734 3452; x_wconf 84' lang='lat' dir='ltr'><strong>vari</strong></span> <span class='ocrx_word' id='word_1_504' title='bbox 767 3405 962 3466; x_wconf 91' lang='lat' dir='ltr'><strong>potest,</strong></span> <span class='ocrx_word' id='word_1_505' title='bbox 997 3397 1048 3452; x_wconf 92' lang='lat' dir='ltr'><strong>id</strong></span> <span class='ocrx_word' id='word_1_506' title='bbox 1079 3398 1326 3467; x_wconf 79' lang='lat' dir='ltr'><strong>Cypriani</strong></span> <span class='ocrx_word' id='word_1_507' title='bbox 1360 3400 1523 3452; x_wconf 92' lang='lat' dir='ltr'><strong>menti</strong></span> <span class='ocrx_word' id='word_1_508' title='bbox 1556 3399 1873 3468; x_wconf 91' lang='lat' dir='ltr'><strong>impressum</strong></span> <span class='ocrx_word' id='word_1_509' title='bbox 1905 3406 1959 3452; x_wconf 86' lang='lat' dir='ltr'><strong>et</strong></span> <span class='ocrx_word' id='word_1_510' title='bbox 1989 3398 2308 3467; x_wconf 81' lang='lat' dir='ltr'><strong>insculptum</strong></span> <span class='ocrx_word' id='word_1_511' title='bbox 2355 3395 2517 3449; x_wconf 80' lang='lat' dir='ltr'><strong>fuisse</strong></span> <span class='ocrx_word' id='word_1_512' title='bbox 2549 3395 2926 3464; x_wconf 77' lang='lat' dir='ltr'><strong>perSpieimus.</strong></span> 
     </span>
    </p>
   </div>
   <div class='ocr_carea' id='block_1_35' title="bbox 693 3484 3925 3559">
    <p class='ocr_par' dir='ltr' id='par_1_35' title="bbox 693 3484 3925 3559">
     <span class='ocr_line' id='line_1_35' title="bbox 693 3484 3925 3559; baseline -0.002 -15"><span class='ocrx_word' id='word_1_513' title='bbox 693 3489 888 3557; x_wconf 87' lang='lat' dir='ltr'><strong>Objicit</strong></span> <span class='ocrx_word' id='word_1_514' title='bbox 918 3488 1070 3542; x_wconf 90' lang='lat' dir='ltr'><strong>nobis</strong></span> <span class='ocrx_word' id='word_1_515' title='bbox 1107 3487 1281 3542; x_wconf 89' lang='lat' dir='ltr'><strong>editor</strong></span> <span class='ocrx_word' id='word_1_516' title='bbox 1307 3487 1626 3544; x_wconf 75' lang='lat' dir='ltr'><strong>Oxoniensis</strong></span> <span class='ocrx_word' id='word_1_517' title='bbox 1649 3487 1790 3543; x_wconf 92' lang='lat' dir='ltr'><strong>hunc</strong></span> <span class='ocrx_word' id='word_1_518' title='bbox 1812 3489 1985 3544; x_wconf 89' lang='lat' dir='ltr'><strong>locmn</strong></span> <span class='ocrx_word' id='word_1_519' title='bbox 2027 3505 2092 3543; x_wconf 82' lang='lat' dir='ltr'><strong>ex</strong></span> <span class='ocrx_word' id='word_1_520' title='bbox 2141 3487 2312 3559; x_wconf 90' lang='lat' dir='ltr'><strong>Epist.</strong></span> <span class='ocrx_word' id='word_1_521' title='bbox 2346 3503 2474 3543; x_wconf 74' lang='lat' dir='ltr'><strong>um</strong></span> <span class='ocrx_word' id='word_1_522' title='bbox 2518 3503 2532 3540; x_wconf 92' lang='lat'><strong>:</strong></span> <span class='ocrx_word' id='word_1_523' title='bbox 2575 3506 2594 3538; x_wconf 85' lang='grc'><em>‹</em></span> <span class='ocrx_word' id='word_1_524' title='bbox 2623 3486 2712 3542; x_wconf 88' lang='lat' dir='ltr'><strong>Sic</strong></span> <span class='ocrx_word' id='word_1_525' title='bbox 2745 3494 2925 3541; x_wconf 85' lang='lat' dir='ltr'><strong>autem</strong></span> <span class='ocrx_word' id='word_1_526' title='bbox 2956 3485 3008 3540; x_wconf 93' lang='lat' dir='ltr'><strong>in</strong></span> <span class='ocrx_word' id='word_1_527' title='bbox 3035 3484 3417 3542; x_wconf 87' lang='lat' dir='ltr'><strong>sanctificando</strong></span> <span class='ocrx_word' id='word_1_528' title='bbox 3446 3486 3612 3541; x_wconf 87' lang='lat' dir='ltr'><strong>calice</strong></span> <span class='ocrx_word' id='word_1_529' title='bbox 3635 3486 3868 3552; x_wconf 86' lang='lat' dir='ltr'><strong>Domini,</strong></span> <span class='ocrx_word' id='word_1_530' title='bbox 3907 3504 3925 3537; x_wconf 72' lang='grc' dir='ltr'>ι</span> 
     </span>
    </p>
   </div>
   <div class='ocr_carea' id='block_1_36' title="bbox 623 3579 3931 3655">
    <p class='ocr_par' dir='ltr' id='par_1_36' title="bbox 623 3579 3931 3655">
     <span class='ocr_line' id='line_1_36' title="bbox 623 3579 3931 3655; baseline -0.001 -18"><span class='ocrx_word' id='word_1_531' title='bbox 623 3582 796 3653; x_wconf 90' lang='lat' dir='ltr'><strong>inqttit</strong></span> <span class='ocrx_word' id='word_1_532' title='bbox 822 3583 909 3655; x_wconf 89' lang='lat' dir='ltr'><strong>(p.</strong></span> <span class='ocrx_word' id='word_1_533' title='bbox 949 3581 1075 3653; x_wconf 78' lang='grc'><strong>108)</strong></span> <span class='ocrx_word' id='word_1_534' title='bbox 1101 3581 1415 3652; x_wconf 84' lang='lat' dir='ltr'><strong>Cyprianus,</strong></span> <span class='ocrx_word' id='word_1_535' title='bbox 1470 3600 1488 3633; x_wconf 73' lang='lat' dir='ltr'><strong>c</strong></span> <span class='ocrx_word' id='word_1_536' title='bbox 1509 3582 1690 3637; x_wconf 76' lang='lat' dir='ltr'><strong>oll&#39;erri</strong></span> <span class='ocrx_word' id='word_1_537' title='bbox 1733 3599 1868 3650; x_wconf 90' lang='lat' dir='ltr'><strong>aqua</strong></span> <span class='ocrx_word' id='word_1_538' title='bbox 1899 3583 2010 3637; x_wconf 86' lang='lat' dir='ltr'><strong>sola</strong></span> <span class='ocrx_word' id='word_1_539' title='bbox 2064 3599 2171 3637; x_wconf 79' lang='lat' dir='ltr'><strong>non</strong></span> <span class='ocrx_word' id='word_1_540' title='bbox 2203 3591 2396 3652; x_wconf 89' lang='lat' dir='ltr'><strong>potest,</strong></span> <span class='ocrx_word' id='word_1_541' title='bbox 2427 3581 2698 3652; x_wconf 89' lang='lat' dir='ltr'><strong>quomodo</strong></span> <span class='ocrx_word' id='word_1_542' title='bbox 2727 3596 2824 3638; x_wconf 89' lang='lat' dir='ltr'><strong>nec</strong></span> <span class='ocrx_word' id='word_1_543' title='bbox 2853 3581 3034 3634; x_wconf 91' lang='lat' dir='ltr'><strong>vinum</strong></span> <span class='ocrx_word' id='word_1_544' title='bbox 3065 3579 3238 3635; x_wconf 91' lang='lat' dir='ltr'><strong>solum</strong></span> <span class='ocrx_word' id='word_1_545' title='bbox 3269 3581 3480 3651; x_wconf 86' lang='lat' dir='ltr'><strong>potest?</strong></span> <span class='ocrx_word' id='word_1_546' title='bbox 3508 3579 3637 3634; x_wconf 81' lang='lat' dir='ltr'><strong>Nam</strong></span> <span class='ocrx_word' id='word_1_547' title='bbox 3668 3580 3711 3634; x_wconf 91' lang='lat' dir='ltr'><strong>si</strong></span> <span class='ocrx_word' id='word_1_548' title='bbox 3745 3580 3931 3633; x_wconf 87' lang='lat' dir='ltr'><strong>vinum</strong></span> 
     </span>
    </p>
   </div>
   <div class='ocr_carea' id='block_1_37' title="bbox 624 3671 3934 3746">
    <p class='ocr_par' dir='ltr' id='par_1_37' title="bbox 624 3671 3934 3746">
     <span class='ocr_line' id='line_1_37' title="bbox 624 3671 3934 3746; baseline -0.001 -16"><span class='ocrx_word' id='word_1_549' title='bbox 624 3685 824 3731; x_wconf 91' lang='lat' dir='ltr'><strong>tantum</strong></span> <span class='ocrx_word' id='word_1_550' title='bbox 851 3675 970 3746; x_wconf 87' lang='lat' dir='ltr'><strong>quis</strong></span> <span class='ocrx_word' id='word_1_551' title='bbox 995 3675 1213 3740; x_wconf 71' lang='lat' dir='ltr'><strong>offerat,</strong></span> <span class='ocrx_word' id='word_1_552' title='bbox 1243 3675 1460 3746; x_wconf 89' lang='lat' dir='ltr'><strong>sanguis</strong></span> <span class='ocrx_word' id='word_1_553' title='bbox 1491 3675 1689 3730; x_wconf 87' lang='lat' dir='ltr'><strong>Christi</strong></span> <span class='ocrx_word' id='word_1_554' title='bbox 1722 3675 1908 3746; x_wconf 90' lang='lat' dir='ltr'><strong>incipit</strong></span> <span class='ocrx_word' id='word_1_555' title='bbox 1947 3690 2066 3730; x_wconf 91' lang='lat' dir='ltr'><strong>esse</strong></span> <span class='ocrx_word' id='word_1_556' title='bbox 2122 3675 2240 3730; x_wconf 91' lang='lat' dir='ltr'><strong>sine</strong></span> <span class='ocrx_word' id='word_1_557' title='bbox 2271 3675 2441 3729; x_wconf 85' lang='lat' dir='ltr'><strong>nobis.</strong></span> <span class='ocrx_word' id='word_1_558' title='bbox 2487 3674 2540 3728; x_wconf 92' lang='lat' dir='ltr'><strong>Si</strong></span> <span class='ocrx_word' id='word_1_559' title='bbox 2591 3689 2716 3728; x_wconf 91' lang='lat' dir='ltr'><strong>vero</strong></span> <span class='ocrx_word' id='word_1_560' title='bbox 2771 3687 2906 3743; x_wconf 88' lang='lat' dir='ltr'><strong>aqua</strong></span> <span class='ocrx_word' id='word_1_561' title='bbox 2951 3673 3020 3726; x_wconf 91' lang='lat' dir='ltr'><strong>sit</strong></span> <span class='ocrx_word' id='word_1_562' title='bbox 3069 3671 3204 3736; x_wconf 87' lang='lat' dir='ltr'><strong>sola,</strong></span> <span class='ocrx_word' id='word_1_563' title='bbox 3253 3672 3405 3742; x_wconf 90' lang='lat' dir='ltr'><strong>plebs</strong></span> <span class='ocrx_word' id='word_1_564' title='bbox 3436 3672 3618 3743; x_wconf 90' lang='lat' dir='ltr'><strong>incipit</strong></span> <span class='ocrx_word' id='word_1_565' title='bbox 3653 3687 3774 3726; x_wconf 86' lang='lat' dir='ltr'><strong>esse</strong></span> <span class='ocrx_word' id='word_1_566' title='bbox 3813 3673 3934 3726; x_wconf 87' lang='lat' dir='ltr'><strong>sine</strong></span> 
     </span>
    </p>
   </div>
   <div class='ocr_carea' id='block_1_38' title="bbox 622 3765 3934 3840">
    <p class='ocr_par' dir='ltr' id='par_1_38' title="bbox 622 3765 3934 3840">
     <span class='ocr_line' id='line_1_38' title="bbox 622 3765 3934 3840; baseline -0.001 -17"><span class='ocrx_word' id='word_1_567' title='bbox 622 3769 864 3824; x_wconf 87' lang='lat' dir='ltr'><strong>Christo.</strong></span> <span class='ocrx_word' id='word_1_568' title='bbox 888 3767 1112 3839; x_wconf 89' lang='lat' dir='ltr'><strong>Quando</strong></span> <span class='ocrx_word' id='word_1_569' title='bbox 1143 3777 1319 3823; x_wconf 90' lang='lat' dir='ltr'><strong>autem</strong></span> <span class='ocrx_word' id='word_1_570' title='bbox 1345 3779 1630 3840; x_wconf 89' lang='lat' dir='ltr'><strong>utrumque</strong></span> <span class='ocrx_word' id='word_1_571' title='bbox 1651 3771 1926 3834; x_wconf 89' lang='lat' dir='ltr'><strong>miscetur,</strong></span> <span class='ocrx_word' id='word_1_572' title='bbox 1958 3779 2084 3824; x_wconf 93' lang='lat' dir='ltr'><strong>tunc</strong></span> <span class='ocrx_word' id='word_1_573' title='bbox 2100 3778 2494 3825; x_wconf 82' lang='lat' dir='ltr'><strong>sacramentum</strong></span> <span class='ocrx_word' id='word_1_574' title='bbox 2524 3767 2763 3836; x_wconf 90' lang='lat' dir='ltr'><strong>spiritale</strong></span> <span class='ocrx_word' id='word_1_575' title='bbox 2791 3777 2844 3822; x_wconf 92' lang='lat' dir='ltr'><strong>et</strong></span> <span class='ocrx_word' id='word_1_576' title='bbox 2874 3767 3096 3822; x_wconf 64' lang='lat' dir='ltr'><strong>caeleste</strong></span> <span class='ocrx_word' id='word_1_577' title='bbox 3123 3766 3415 3836; x_wconf 87' lang='lat' dir='ltr'><strong>perficitur.</strong></span> <span class='ocrx_word' id='word_1_578' title='bbox 3456 3785 3475 3819; x_wconf 69' lang='grc' dir='ltr'>ι</span> <span class='ocrx_word' id='word_1_579' title='bbox 3504 3766 3580 3821; x_wconf 76' lang='lat' dir='ltr'><strong>Ex</strong></span> <span class='ocrx_word' id='word_1_580' title='bbox 3613 3765 3695 3822; x_wconf 91' lang='lat' dir='ltr'><strong>his</strong></span> <span class='ocrx_word' id='word_1_581' title='bbox 3724 3767 3934 3837; x_wconf 89' lang='lat' dir='ltr'><strong>colligit</strong></span> 
     </span>
    </p>
   </div>
   <div class='ocr_carea' id='block_1_39' title="bbox 622 3862 3930 3939">
    <p class='ocr_par' dir='ltr' id='par_1_39' title="bbox 622 3862 3930 3939">
     <span class='ocr_line' id='line_1_39' title="bbox 622 3862 3930 3939; baseline 0 -19"><span class='ocrx_word' id='word_1_582' title='bbox 622 3866 937 3934; x_wconf 88' lang='lat' dir='ltr'><strong>sanguinem</strong></span> <span class='ocrx_word' id='word_1_583' title='bbox 1017 3864 1214 3919; x_wconf 88' lang='lat' dir='ltr'><strong>Christi</strong></span> <span class='ocrx_word' id='word_1_584' title='bbox 1283 3880 1403 3920; x_wconf 86' lang='lat' dir='ltr'><strong>esse</strong></span> <span class='ocrx_word' id='word_1_585' title='bbox 1467 3865 1517 3918; x_wconf 91' lang='lat' dir='ltr'><strong>in</strong></span> <span class='ocrx_word' id='word_1_586' title='bbox 1583 3865 1769 3932; x_wconf 88' lang='lat' dir='ltr'><strong>calice,</strong></span> <span class='ocrx_word' id='word_1_587' title='bbox 1827 3864 2280 3936; x_wconf 88' lang='lat' dir='ltr'><strong>quemadmodum</strong></span> <span class='ocrx_word' id='word_1_588' title='bbox 2354 3866 2464 3936; x_wconf 90' lang='lat' dir='ltr'><strong>ipsa</strong></span> <span class='ocrx_word' id='word_1_589' title='bbox 2541 3863 2689 3934; x_wconf 87' lang='lat' dir='ltr'><strong>plebs</strong></span> <span class='ocrx_word' id='word_1_590' title='bbox 2745 3863 2934 3918; x_wconf 87' lang='lat' dir='ltr'><strong>eodem</strong></span> <span class='ocrx_word' id='word_1_591' title='bbox 2994 3863 3193 3939; x_wconf 29' lang='lat' dir='ltr'><strong>calice.</strong></span> <span class='ocrx_word' id='word_1_592' title='bbox 3229 3864 3493 3920; x_wconf 89' lang='lat' dir='ltr'><strong>contineri</strong></span> <span class='ocrx_word' id='word_1_593' title='bbox 3549 3863 3763 3920; x_wconf 91' lang='lat' dir='ltr'><strong>dicitur.</strong></span> <span class='ocrx_word' id='word_1_594' title='bbox 3821 3862 3930 3920; x_wconf 86' lang='lat' dir='ltr'><strong>Sed</strong></span> 
     </span>
    </p>
   </div>
   <div class='ocr_carea' id='block_1_40' title="bbox 623 3961 3933 4031">
    <p class='ocr_par' dir='ltr' id='par_1_40' title="bbox 623 3961 3933 4031">
     <span class='ocr_line' id='line_1_40' title="bbox 623 3961 3933 4031; baseline -0.001 -13"><span class='ocrx_word' id='word_1_595' title='bbox 623 3961 759 4018; x_wconf 89' lang='lat' dir='ltr'><strong>adeo</strong></span> <span class='ocrx_word' id='word_1_596' title='bbox 812 3963 1153 4018; x_wconf 84' lang='lat' dir='ltr'><strong>manifestum</strong></span> <span class='ocrx_word' id='word_1_597' title='bbox 1214 3971 1296 4017; x_wconf 89' lang='lat' dir='ltr'><strong>est</strong></span> <span class='ocrx_word' id='word_1_598' title='bbox 1351 3963 1661 4031; x_wconf 92' lang='lat' dir='ltr'><strong>discrimen,</strong></span> <span class='ocrx_word' id='word_1_599' title='bbox 1722 3973 1779 4020; x_wconf 92' lang='lat' dir='ltr'><strong>ut</strong></span> <span class='ocrx_word' id='word_1_600' title='bbox 1821 3966 1983 4020; x_wconf 91' lang='lat' dir='ltr'><strong>mirer</strong></span> <span class='ocrx_word' id='word_1_601' title='bbox 2043 3964 2312 4018; x_wconf 90' lang='lat' dir='ltr'><strong>hominem</strong></span> <span class='ocrx_word' id='word_1_602' title='bbox 2351 3963 2658 4019; x_wconf 88' lang='lat' dir='ltr'><strong>.eruditum</strong></span> <span class='ocrx_word' id='word_1_603' title='bbox 2714 3964 2766 4018; x_wconf 92' lang='lat' dir='ltr'><strong>in</strong></span> <span class='ocrx_word' id='word_1_604' title='bbox 2822 3965 2902 4018; x_wconf 93' lang='lat' dir='ltr'><strong>his</strong></span> <span class='ocrx_word' id='word_1_605' title='bbox 2951 3963 3376 4018; x_wconf 80' lang='lat' dir='ltr'><strong>cavillationibus</strong></span> <span class='ocrx_word' id='word_1_606' title='bbox 3440 3962 3734 4017; x_wconf 90' lang='lat' dir='ltr'><strong>immorari.</strong></span> <span class='ocrx_word' id='word_1_607' title='bbox 3797 3961 3933 4028; x_wconf 84' lang='lat' dir='ltr'><strong>Quis</strong></span> 
     </span>
    </p>
   </div>
   <div class='ocr_carea' id='block_1_41' title="bbox 625 4054 3935 4126">
    <p class='ocr_par' dir='ltr' id='par_1_41' title="bbox 625 4054 3935 4126">
     <span class='ocr_line' id='line_1_41' title="bbox 625 4054 3935 4126; baseline -0 -17"><span class='ocrx_word' id='word_1_608' title='bbox 625 4058 769 4109; x_wconf 85' lang='lat' dir='ltr'><strong>enim</strong></span> <span class='ocrx_word' id='word_1_609' title='bbox 811 4070 1060 4125; x_wconf 82' lang='lat' dir='ltr'><strong>umquam</strong></span> <span class='ocrx_word' id='word_1_610' title='bbox 1109 4054 1238 4109; x_wconf 82' lang='lat' dir='ltr'><strong>dixit</strong></span> <span class='ocrx_word' id='word_1_611' title='bbox 1280 4056 1530 4126; x_wconf 89' lang='lat' dir='ltr'><strong>populum</strong></span> <span class='ocrx_word' id='word_1_612' title='bbox 1584 4057 1636 4111; x_wconf 92' lang='lat' dir='ltr'><strong>in</strong></span> <span class='ocrx_word' id='word_1_613' title='bbox 1663 4058 1828 4113; x_wconf 87' lang='lat' dir='ltr'><strong>calice</strong></span> <span class='ocrx_word' id='word_1_614' title='bbox 1854 4057 1984 4123; x_wconf 90' lang='lat' dir='ltr'><strong>bibi,</strong></span> <span class='ocrx_word' id='word_1_615' title='bbox 2017 4072 2112 4112; x_wconf 91' lang='lat' dir='ltr'><strong>ore</strong></span> <span class='ocrx_word' id='word_1_616' title='bbox 2162 4065 2212 4112; x_wconf 92' lang='lat' dir='ltr'><strong>et</strong></span> <span class='ocrx_word' id='word_1_617' title='bbox 2246 4057 2490 4111; x_wconf 90' lang='lat' dir='ltr'><strong>manibus</strong></span> <span class='ocrx_word' id='word_1_618' title='bbox 2517 4056 2771 4126; x_wconf 89' lang='lat' dir='ltr'><strong>contingi,</strong></span> <span class='ocrx_word' id='word_1_619' title='bbox 2796 4056 3048 4126; x_wconf 76' lang='lat' dir='ltr'><strong>populum</strong></span> <span class='ocrx_word' id='word_1_620' title='bbox 3073 4055 3324 4110; x_wconf 89' lang='lat' dir='ltr'><strong>recedere</strong></span> <span class='ocrx_word' id='word_1_621' title='bbox 3352 4069 3472 4108; x_wconf 89' lang='lat' dir='ltr'><strong>cum</strong></span> <span class='ocrx_word' id='word_1_622' title='bbox 3500 4054 3708 4124; x_wconf 89' lang='lat' dir='ltr'><strong>species</strong></span> <span class='ocrx_word' id='word_1_623' title='bbox 3737 4055 3935 4109; x_wconf 86' lang='lat' dir='ltr'><strong>immn-</strong></span> 
     </span>
    </p>
   </div>
   <div class='ocr_carea' id='block_1_42' title="bbox 623 4145 3924 4219">
    <p class='ocr_par' dir='ltr' id='par_1_42' title="bbox 623 4145 3924 4219">
     <span class='ocr_line' id='line_1_42' title="bbox 623 4145 3924 4219; baseline 0 -19"><span class='ocrx_word' id='word_1_624' title='bbox 623 4157 746 4200; x_wconf 80' lang='lat' dir='ltr'><strong>tata:</strong></span> <span class='ocrx_word' id='word_1_625' title='bbox 777 4156 918 4212; x_wconf 91' lang='lat' dir='ltr'><strong>sunt,</strong></span> <span class='ocrx_word' id='word_1_626' title='bbox 944 4157 998 4201; x_wconf 93' lang='lat' dir='ltr'><strong>et</strong></span> <span class='ocrx_word' id='word_1_627' title='bbox 1018 4146 1118 4200; x_wconf 91' lang='lat' dir='ltr'><strong>alia</strong></span> <span class='ocrx_word' id='word_1_628' title='bbox 1143 4146 1401 4214; x_wconf 85' lang='lat' dir='ltr'><strong>ejusmodi</strong></span> <span class='ocrx_word' id='word_1_629' title='bbox 1431 4163 1548 4217; x_wconf 60' lang='lat' dir='ltr'><strong>quae</strong></span> <span class='ocrx_word' id='word_1_630' title='bbox 1573 4153 1638 4203; x_wconf 88' lang='lat' dir='ltr'><strong>de</strong></span> <span class='ocrx_word' id='word_1_631' title='bbox 1666 4147 1860 4204; x_wconf 90' lang='lat' dir='ltr'><strong>Christi</strong></span> <span class='ocrx_word' id='word_1_632' title='bbox 1884 4149 2142 4219; x_wconf 90' lang='lat' dir='ltr'><strong>sanguine</strong></span> <span class='ocrx_word' id='word_1_633' title='bbox 2167 4148 2306 4202; x_wconf 88' lang='lat' dir='ltr'><strong>dicta</strong></span> <span class='ocrx_word' id='word_1_634' title='bbox 2336 4146 2496 4201; x_wconf 91' lang='lat' dir='ltr'><strong>modo</strong></span> <span class='ocrx_word' id='word_1_635' title='bbox 2525 4146 2843 4201; x_wconf 82' lang='lat' dir='ltr'><strong>retulimus?</strong></span> <span class='ocrx_word' id='word_1_636' title='bbox 2859 4145 3240 4213; x_wconf 88' lang='lat' dir='ltr'><strong>Quamobrem,</strong></span> <span class='ocrx_word' id='word_1_637' title='bbox 3266 4160 3384 4206; x_wconf 90' lang='lat' dir='ltr'><strong>cum</strong></span> <span class='ocrx_word' id='word_1_638' title='bbox 3409 4145 3603 4201; x_wconf 92' lang='lat' dir='ltr'><strong>dicitur</strong></span> <span class='ocrx_word' id='word_1_639' title='bbox 3623 4145 3771 4215; x_wconf 90' lang='lat' dir='ltr'><strong>plebs</strong></span> <span class='ocrx_word' id='word_1_640' title='bbox 3801 4160 3924 4200; x_wconf 88' lang='lat' dir='ltr'><strong>esse</strong></span> 
     </span>
    </p>
   </div>
   <div class='ocr_carea' id='block_1_43' title="bbox 620 4225 3915 4311">
    <p class='ocr_par' dir='ltr' id='par_1_43' title="bbox 620 4225 3915 4311">
     <span class='ocr_line' id='line_1_43' title="bbox 620 4225 3915 4311; baseline -0 -16"><span class='ocrx_word' id='word_1_641' title='bbox 620 4225 676 4295; x_wconf 90' lang='lat' dir='ltr'><strong>in</strong></span> <span class='ocrx_word' id='word_1_642' title='bbox 700 4241 887 4307; x_wconf 92' lang='lat' dir='ltr'><strong>calice,</strong></span> <span class='ocrx_word' id='word_1_643' title='bbox 921 4239 1200 4295; x_wconf 86' lang='lat' dir='ltr'><strong>manifesta</strong></span> <span class='ocrx_word' id='word_1_644' title='bbox 1230 4250 1311 4295; x_wconf 91' lang='lat' dir='ltr'><strong>cst</strong></span> <span class='ocrx_word' id='word_1_645' title='bbox 1342 4239 1506 4310; x_wconf 82' lang='lat' dir='ltr'><strong>figura</strong></span> <span class='ocrx_word' id='word_1_646' title='bbox 1554 4257 1671 4311; x_wconf 85' lang='lat' dir='ltr'><strong>qn-.e</strong></span> <span class='ocrx_word' id='word_1_647' title='bbox 1698 4242 1964 4296; x_wconf 90' lang='lat' dir='ltr'><strong>neminem</strong></span> <span class='ocrx_word' id='word_1_648' title='bbox 1994 4242 2160 4296; x_wconf 89' lang='lat' dir='ltr'><strong>latere</strong></span> <span class='ocrx_word' id='word_1_649' title='bbox 2183 4284 2198 4306; x_wconf 95' lang='lat'><strong>,</strong></span> <span class='ocrx_word' id='word_1_650' title='bbox 2228 4241 2496 4296; x_wconf 87' lang='lat' dir='ltr'><strong>neminem</strong></span> <span class='ocrx_word' id='word_1_651' title='bbox 2527 4241 2578 4296; x_wconf 91' lang='lat' dir='ltr'><strong>in</strong></span> <span class='ocrx_word' id='word_1_652' title='bbox 2603 4241 2802 4295; x_wconf 88' lang='lat' dir='ltr'><strong>erroris</strong></span> <span class='ocrx_word' id='word_1_653' title='bbox 2844 4240 3136 4308; x_wconf 87' lang='lat' dir='ltr'><strong>periculum</strong></span> <span class='ocrx_word' id='word_1_654' title='bbox 3166 4241 3439 4310; x_wconf 88' lang='lat' dir='ltr'><strong>conjicere</strong></span> <span class='ocrx_word' id='word_1_655' title='bbox 3479 4241 3666 4310; x_wconf 92' lang='lat' dir='ltr'><strong>possit.</strong></span> <span class='ocrx_word' id='word_1_656' title='bbox 3705 4242 3771 4294; x_wconf 84' lang='lat' dir='ltr'><strong>At</strong></span> <span class='ocrx_word' id='word_1_657' title='bbox 3794 4250 3915 4310; x_wconf 88' lang='lat' dir='ltr'><strong>post</strong></span> 
     </span>
    </p>
   </div>
   <div class='ocr_carea' id='block_1_44' title="bbox 621 4331 3923 4416">
    <p class='ocr_par' dir='ltr' id='par_1_44' title="bbox 621 4331 3923 4416">
     <span class='ocr_line' id='line_1_44' title="bbox 621 4331 3923 4416; baseline -0 -27"><span class='ocrx_word' id='word_1_658' title='bbox 621 4331 824 4390; x_wconf 74' lang='lat' dir='ltr'><strong>Clitiin</strong></span> <span class='ocrx_word' id='word_1_659' title='bbox 855 4335 1015 4390; x_wconf 91' lang='lat' dir='ltr'><strong>verba</strong></span> <span class='ocrx_word' id='word_1_660' title='bbox 1039 4375 1054 4400; x_wconf 95' lang='lat'><strong>,</strong></span> <span class='ocrx_word' id='word_1_661' title='bbox 1081 4334 1166 4416; x_wconf 66' lang='lat' dir='ltr'><strong>[tie</strong></span> <span class='ocrx_word' id='word_1_662' title='bbox 1196 4343 1266 4386; x_wconf 86' lang='lat' dir='ltr'><strong>est</strong></span> <span class='ocrx_word' id='word_1_663' title='bbox 1294 4334 1523 4404; x_wconf 80' lang='lat' dir='ltr'><strong>sanguis,</strong></span> <span class='ocrx_word' id='word_1_664' title='bbox 1549 4342 1677 4396; x_wconf 89' lang='lat' dir='ltr'><strong>etc.,</strong></span> <span class='ocrx_word' id='word_1_665' title='bbox 1705 4335 1946 4405; x_wconf 91' lang='lat' dir='ltr'><strong>quotidie</strong></span> <span class='ocrx_word' id='word_1_666' title='bbox 1971 4342 2388 4389; x_wconf 87' lang='lat' dir='ltr'><strong>commemorata</strong></span> <span class='ocrx_word' id='word_1_667' title='bbox 2429 4345 2484 4388; x_wconf 86' lang='lat' dir='ltr'><strong>et</strong></span> <span class='ocrx_word' id='word_1_668' title='bbox 2513 4333 2798 4399; x_wconf 86' lang='lat' dir='ltr'><strong>inculcata,</strong></span> <span class='ocrx_word' id='word_1_669' title='bbox 2824 4342 2943 4402; x_wconf 88' lang='lat' dir='ltr'><strong>post</strong></span> <span class='ocrx_word' id='word_1_670' title='bbox 2973 4332 3309 4403; x_wconf 86' lang='lat' dir='ltr'><strong>quotidianas</strong></span> <span class='ocrx_word' id='word_1_671' title='bbox 3337 4333 3387 4386; x_wconf 93' lang='lat' dir='ltr'><strong>in</strong></span> <span class='ocrx_word' id='word_1_672' title='bbox 3417 4333 3678 4388; x_wconf 85' lang='lat' dir='ltr'><strong>sacrificio</strong></span> <span class='ocrx_word' id='word_1_673' title='bbox 3703 4349 3923 4406; x_wconf 81' lang='lat' dir='ltr'><strong>preces,</strong></span> 
     </span>
    </p>
   </div>
   <div class='ocr_carea' id='block_1_45' title="bbox 623 4427 3928 4502">
    <p class='ocr_par' dir='ltr' id='par_1_45' title="bbox 623 4427 3928 4502">
     <span class='ocr_line' id='line_1_45' title="bbox 623 4427 3928 4502; baseline 0.001 -19"><span class='ocrx_word' id='word_1_674' title='bbox 623 4439 680 4484; x_wconf 82' lang='grc' dir='ltr'><strong>ιιι</strong></span> <span class='ocrx_word' id='word_1_675' title='bbox 707 4429 886 4483; x_wconf 88' lang='lat' dir='ltr'><strong>vinum</strong></span> <span class='ocrx_word' id='word_1_676' title='bbox 916 4428 1002 4482; x_wconf 87' lang='lat' dir='ltr'><strong>fiat</strong></span> <span class='ocrx_word' id='word_1_677' title='bbox 1025 4431 1240 4500; x_wconf 87' lang='lat' dir='ltr'><strong>sanguis</strong></span> <span class='ocrx_word' id='word_1_678' title='bbox 1267 4427 1486 4494; x_wconf 86' lang='lat' dir='ltr'><strong>Christi,</strong></span> <span class='ocrx_word' id='word_1_679' title='bbox 1507 4432 1625 4501; x_wconf 89' lang='lat' dir='ltr'><strong>quis</strong></span> <span class='ocrx_word' id='word_1_680' title='bbox 1646 4431 1868 4502; x_wconf 86' lang='lat' dir='ltr'><strong>figuram</strong></span> <span class='ocrx_word' id='word_1_681' title='bbox 1888 4432 2145 4502; x_wconf 89' lang='lat' dir='ltr'><strong>suspicari</strong></span> <span class='ocrx_word' id='word_1_682' title='bbox 2171 4431 2429 4501; x_wconf 88' lang='lat' dir='ltr'><strong>potuisset</strong></span> <span class='ocrx_word' id='word_1_683' title='bbox 2459 4430 2588 4484; x_wconf 89' lang='lat' dir='ltr'><strong>nihil</strong></span> <span class='ocrx_word' id='word_1_684' title='bbox 2611 4429 2754 4484; x_wconf 88' lang='lat' dir='ltr'><strong>aliud</strong></span> <span class='ocrx_word' id='word_1_685' title='bbox 2783 4431 3006 4485; x_wconf 89' lang='lat' dir='ltr'><strong>audiens</strong></span> <span class='ocrx_word' id='word_1_686' title='bbox 3034 4429 3132 4484; x_wconf 89' lang='lat' dir='ltr'><strong>nisi</strong></span> <span class='ocrx_word' id='word_1_687' title='bbox 3160 4428 3356 4485; x_wconf 91' lang='lat' dir='ltr'><strong>Christi</strong></span> <span class='ocrx_word' id='word_1_688' title='bbox 3385 4429 3696 4500; x_wconf 86' lang='lat' dir='ltr'><strong>sanguinem</strong></span> <span class='ocrx_word' id='word_1_689' title='bbox 3727 4445 3848 4486; x_wconf 90' lang='lat' dir='ltr'><strong>esse</strong></span> <span class='ocrx_word' id='word_1_690' title='bbox 3877 4432 3928 4486; x_wconf 92' lang='lat' dir='ltr'><strong>in</strong></span> 
     </span>
    </p>
   </div>
   <div class='ocr_carea' id='block_1_46' title="bbox 619 4519 3930 4592">
    <p class='ocr_par' dir='ltr' id='par_1_46' title="bbox 619 4519 3930 4592">
     <span class='ocr_line' id='line_1_46' title="bbox 619 4519 3930 4592; baseline -0 -14"><span class='ocrx_word' id='word_1_691' title='bbox 619 4525 806 4589; x_wconf 89' lang='lat' dir='ltr'><strong>calice,</strong></span> <span class='ocrx_word' id='word_1_692' title='bbox 835 4525 1013 4580; x_wconf 86' lang='lat' dir='ltr'><strong>oll&#39;erri</strong></span> <span class='ocrx_word' id='word_1_693' title='bbox 1053 4525 1104 4579; x_wconf 92' lang='lat' dir='ltr'><strong>in</strong></span> <span class='ocrx_word' id='word_1_694' title='bbox 1134 4525 1324 4591; x_wconf 92' lang='lat' dir='ltr'><strong>calice,</strong></span> <span class='ocrx_word' id='word_1_695' title='bbox 1355 4535 1409 4580; x_wconf 92' lang='lat' dir='ltr'><strong>et</strong></span> <span class='ocrx_word' id='word_1_696' title='bbox 1430 4525 1560 4590; x_wconf 94' lang='lat' dir='ltr'><strong>bibi,</strong></span> <span class='ocrx_word' id='word_1_697' title='bbox 1598 4541 1661 4580; x_wconf 92' lang='lat' dir='ltr'><strong>ac</strong></span> <span class='ocrx_word' id='word_1_698' title='bbox 1682 4526 1887 4581; x_wconf 90' lang='lat' dir='ltr'><strong>animas</strong></span> <span class='ocrx_word' id='word_1_699' title='bbox 1917 4535 2134 4581; x_wconf 86' lang='lat' dir='ltr'><strong>nostras</strong></span> <span class='ocrx_word' id='word_1_700' title='bbox 2159 4523 2512 4580; x_wconf 83' lang='lat' dir='ltr'><strong>corroborarc</strong></span> <span class='ocrx_word' id='word_1_701' title='bbox 2541 4534 2596 4578; x_wconf 91' lang='lat' dir='ltr'><strong>ut</strong></span> <span class='ocrx_word' id='word_1_702' title='bbox 2619 4533 2857 4577; x_wconf 78' lang='lat' dir='ltr'><strong>nostrum</strong></span> <span class='ocrx_word' id='word_1_703' title='bbox 2889 4523 3198 4592; x_wconf 89' lang='lat' dir='ltr'><strong>sanguinem</strong></span> <span class='ocrx_word' id='word_1_704' title='bbox 3229 4536 3326 4591; x_wconf 90' lang='lat' dir='ltr'><strong>pro</strong></span> <span class='ocrx_word' id='word_1_705' title='bbox 3354 4519 3579 4578; x_wconf 78' lang='lat' dir='ltr'><strong>Christd</strong></span> <span class='ocrx_word' id='word_1_706' title='bbox 3601 4523 3882 4578; x_wconf 87' lang='lat' dir='ltr'><strong>lundamus</strong></span> <span class='ocrx_word' id='word_1_707' title='bbox 3908 4523 3930 4574; x_wconf 69' lang='lat'><strong>1’</strong></span> 
     </span>
    </p>
   </div>
   <div class='ocr_carea' id='block_1_47' title="bbox 697 4615 3930 4690">
    <p class='ocr_par' dir='ltr' id='par_1_47' title="bbox 697 4615 3930 4690">
     <span class='ocr_line' id='line_1_47' title="bbox 697 4615 3930 4690; baseline -0.002 -14"><span class='ocrx_word' id='word_1_708' title='bbox 697 4619 803 4676; x_wconf 88' lang='lat' dir='ltr'><strong>Sed</strong></span> <span class='ocrx_word' id='word_1_709' title='bbox 835 4619 1071 4674; x_wconf 91' lang='lat' dir='ltr'><strong>breviter</strong></span> <span class='ocrx_word' id='word_1_710' title='bbox 1101 4619 1256 4675; x_wconf 89' lang='lat' dir='ltr'><strong>nobis</strong></span> <span class='ocrx_word' id='word_1_711' title='bbox 1284 4619 1696 4674; x_wconf 80' lang='lat' dir='ltr'><strong>ex:uninandum</strong></span> <span class='ocrx_word' id='word_1_712' title='bbox 1725 4619 1854 4690; x_wconf 87' lang='lat' dir='ltr'><strong>quid</strong></span> <span class='ocrx_word' id='word_1_713' title='bbox 1883 4619 2094 4674; x_wconf 90' lang='lat' dir='ltr'><strong>intersit</strong></span> <span class='ocrx_word' id='word_1_714' title='bbox 2118 4619 2372 4690; x_wconf 72' lang='lat' dir='ltr'><strong>intereas</strong></span> <span class='ocrx_word' id='word_1_715' title='bbox 2415 4617 2651 4672; x_wconf 88' lang='lat' dir='ltr'><strong>rationes</strong></span> <span class='ocrx_word' id='word_1_716' title='bbox 2679 4615 2872 4688; x_wconf 90' lang='lat' dir='ltr'><strong>quibus</strong></span> <span class='ocrx_word' id='word_1_717' title='bbox 2899 4632 3089 4687; x_wconf 86' lang='lat' dir='ltr'><strong>aquam</strong></span> <span class='ocrx_word' id='word_1_718' title='bbox 3122 4615 3419 4687; x_wconf 86' lang='lat' dir='ltr'><strong>Cyprianus</strong></span> <span class='ocrx_word' id='word_1_719' title='bbox 3447 4616 3598 4671; x_wconf 90' lang='lat' dir='ltr'><strong>calici</strong></span> <span class='ocrx_word' id='word_1_720' title='bbox 3647 4615 3930 4672; x_wconf 88' lang='lat' dir='ltr'><strong>infunden—</strong></span> 
     </span>
    </p>
   </div>
   <div class='ocr_carea' id='block_1_48' title="bbox 622 4707 3924 4783">
    <p class='ocr_par' dir='ltr' id='par_1_48' title="bbox 622 4707 3924 4783">
     <span class='ocr_line' id='line_1_48' title="bbox 622 4707 3924 4783; baseline -0.002 -15"><span class='ocrx_word' id='word_1_721' title='bbox 622 4713 770 4779; x_wconf 89' lang='lat' dir='ltr'><strong>dam,</strong></span> <span class='ocrx_word' id='word_1_722' title='bbox 791 4723 847 4769; x_wconf 90' lang='lat' dir='ltr'><strong>et</strong></span> <span class='ocrx_word' id='word_1_723' title='bbox 866 4729 930 4769; x_wconf 91' lang='lat' dir='ltr'><strong>ea</strong></span> <span class='ocrx_word' id='word_1_724' title='bbox 961 4716 1152 4783; x_wconf 88' lang='lat' dir='ltr'><strong>quibus</strong></span> <span class='ocrx_word' id='word_1_725' title='bbox 1178 4715 1360 4769; x_wconf 88' lang='lat' dir='ltr'><strong>vimun</strong></span> <span class='ocrx_word' id='word_1_726' title='bbox 1383 4714 1602 4768; x_wconf 90' lang='lat' dir='ltr'><strong>omnino</strong></span> <span class='ocrx_word' id='word_1_727' title='bbox 1627 4713 1990 4768; x_wconf 85' lang='lat' dir='ltr'><strong>necessarium</strong></span> <span class='ocrx_word' id='word_1_728' title='bbox 2021 4727 2140 4766; x_wconf 89' lang='lat' dir='ltr'><strong>esse</strong></span> <span class='ocrx_word' id='word_1_729' title='bbox 2173 4710 2480 4780; x_wconf 86' lang='lat' dir='ltr'><strong>persuadet.</strong></span> <span class='ocrx_word' id='word_1_730' title='bbox 2511 4710 2602 4764; x_wconf 88' lang='lat' dir='ltr'><strong>Sic</strong></span> <span class='ocrx_word' id='word_1_731' title='bbox 2634 4710 2778 4764; x_wconf 91' lang='lat' dir='ltr'><strong>enim</strong></span> <span class='ocrx_word' id='word_1_732' title='bbox 2810 4718 2865 4763; x_wconf 92' lang='lat' dir='ltr'><strong>ct</strong></span> <span class='ocrx_word' id='word_1_733' title='bbox 2891 4707 3149 4762; x_wconf 86' lang='lat' dir='ltr'><strong>Domiuiei</strong></span> <span class='ocrx_word' id='word_1_734' title='bbox 3179 4709 3454 4780; x_wconf 89' lang='lat' dir='ltr'><strong>sanguinis</strong></span> <span class='ocrx_word' id='word_1_735' title='bbox 3483 4709 3682 4764; x_wconf 90' lang='lat' dir='ltr'><strong>veritas</strong></span> <span class='ocrx_word' id='word_1_736' title='bbox 3703 4708 3924 4780; x_wconf 90' lang='lat' dir='ltr'><strong>patebit,</strong></span> 
     </span>
    </p>
   </div>
   <div class='ocr_carea' id='block_1_49' title="bbox 621 4800 3925 4878">
    <p class='ocr_par' dir='ltr' id='par_1_49' title="bbox 621 4800 3925 4878">
     <span class='ocr_line' id='line_1_49' title="bbox 621 4800 3925 4878; baseline -0.003 -16"><span class='ocrx_word' id='word_1_737' title='bbox 621 4816 676 4862; x_wconf 90' lang='lat' dir='ltr'><strong>et</strong></span> <span class='ocrx_word' id='word_1_738' title='bbox 697 4807 869 4862; x_wconf 91' lang='lat' dir='ltr'><strong>obiter</strong></span> <span class='ocrx_word' id='word_1_739' title='bbox 895 4807 1209 4862; x_wconf 88' lang='lat' dir='ltr'><strong>refellentur</strong></span> <span class='ocrx_word' id='word_1_740' title='bbox 1235 4808 1322 4878; x_wconf 92' lang='lat' dir='ltr'><strong>qui</strong></span> <span class='ocrx_word' id='word_1_741' title='bbox 1350 4822 1541 4878; x_wconf 88' lang='lat' dir='ltr'><strong>aquam</strong></span> <span class='ocrx_word' id='word_1_742' title='bbox 1567 4821 1596 4860; x_wconf 93' lang='lat' dir='ltr'><strong>a</strong></span> <span class='ocrx_word' id='word_1_743' title='bbox 1625 4806 1912 4878; x_wconf 85' lang='lat' dir='ltr'><strong>Cypriane,</strong></span> <span class='ocrx_word' id='word_1_744' title='bbox 1933 4814 1990 4860; x_wconf 94' lang='lat' dir='ltr'><strong>ut</strong></span> <span class='ocrx_word' id='word_1_745' title='bbox 2009 4805 2132 4873; x_wconf 90' lang='lat' dir='ltr'><strong>jure</strong></span> <span class='ocrx_word' id='word_1_746' title='bbox 2153 4804 2355 4870; x_wconf 89' lang='lat' dir='ltr'><strong>divino,</strong></span> <span class='ocrx_word' id='word_1_747' title='bbox 2399 4819 2503 4858; x_wconf 91' lang='lat' dir='ltr'><strong>non</strong></span> <span class='ocrx_word' id='word_1_748' title='bbox 2524 4802 2696 4858; x_wconf 82' lang='lat' dir='ltr'><strong>Solum</strong></span> <span class='ocrx_word' id='word_1_749' title='bbox 2731 4801 3132 4866; x_wconf 89' lang='lat' dir='ltr'><strong>ecclesiastico,</strong></span> <span class='ocrx_word' id='word_1_750' title='bbox 3167 4801 3529 4870; x_wconf 81' lang='lat' dir='ltr'><strong>praescriptam</strong></span> <span class='ocrx_word' id='word_1_751' title='bbox 3557 4800 3925 4857; x_wconf 89' lang='lat' dir='ltr'><strong>commendari</strong></span> 
     </span>
    </p>
   </div>
   <div class='ocr_carea' id='block_1_50' title="bbox 619 4893 3913 4972">
    <p class='ocr_par' dir='ltr' id='par_1_50' title="bbox 619 4893 3913 4972">
     <span class='ocr_line' id='line_1_50' title="bbox 619 4893 3913 4972; baseline -0.002 -18"><span class='ocrx_word' id='word_1_752' title='bbox 619 4902 827 4956; x_wconf 91' lang='lat' dir='ltr'><strong>volunt.</strong></span> <span class='ocrx_word' id='word_1_753' title='bbox 849 4901 908 4957; x_wconf 91' lang='lat' dir='ltr'><strong>S.</strong></span> <span class='ocrx_word' id='word_1_754' title='bbox 931 4901 1129 4972; x_wconf 87' lang='lat' dir='ltr'><strong>Martyr</strong></span> <span class='ocrx_word' id='word_1_755' title='bbox 1156 4910 1396 4958; x_wconf 90' lang='lat' dir='ltr'><strong>evertere</strong></span> <span class='ocrx_word' id='word_1_756' title='bbox 1419 4910 1670 4956; x_wconf 80' lang='lat' dir='ltr'><strong>statuerat</strong></span> <span class='ocrx_word' id='word_1_757' title='bbox 1699 4901 1981 4969; x_wconf 89' lang='lat' dir='ltr'><strong>pessimam</strong></span> <span class='ocrx_word' id='word_1_758' title='bbox 2013 4898 2474 4960; x_wconf 85' lang='lat' dir='ltr'><strong>consuetudinem,</strong></span> <span class='ocrx_word' id='word_1_759' title='bbox 2506 4913 2624 4967; x_wconf 66' lang='lat' dir='ltr'><strong>qua:</strong></span> <span class='ocrx_word' id='word_1_760' title='bbox 2647 4894 2784 4966; x_wconf 89' lang='lat' dir='ltr'><strong>apud</strong></span> <span class='ocrx_word' id='word_1_761' title='bbox 2809 4894 3094 4949; x_wconf 89' lang='lat' dir='ltr'><strong>nonnullos</strong></span> <span class='ocrx_word' id='word_1_762' title='bbox 3118 4893 3450 4964; x_wconf 87' lang='lat' dir='ltr'><strong>obrepserat.</strong></span> <span class='ocrx_word' id='word_1_763' title='bbox 3482 4905 3538 4949; x_wconf 92' lang='lat' dir='ltr'><strong>ut</strong></span> <span class='ocrx_word' id='word_1_764' title='bbox 3556 4909 3692 4963; x_wconf 90' lang='lat' dir='ltr'><strong>aqua</strong></span> <span class='ocrx_word' id='word_1_765' title='bbox 3721 4895 3833 4948; x_wconf 90' lang='lat' dir='ltr'><strong>sola</strong></span> <span class='ocrx_word' id='word_1_766' title='bbox 3864 4893 3913 4948; x_wconf 89' lang='lat' dir='ltr'><strong>iu</strong></span> 
     </span>
    </p>
   </div>
   <div class='ocr_carea' id='block_1_51' title="bbox 626 4983 3911 5061">
    <p class='ocr_par' dir='ltr' id='par_1_51' title="bbox 626 4983 3911 5061">
     <span class='ocr_line' id='line_1_51' title="bbox 626 4983 3911 5061; baseline -0.003 -11"><span class='ocrx_word' id='word_1_767' title='bbox 626 4995 888 5050; x_wconf 90' lang='lat' dir='ltr'><strong>matutino</strong></span> <span class='ocrx_word' id='word_1_768' title='bbox 918 4994 1180 5049; x_wconf 82' lang='lat' dir='ltr'><strong>sacrificio</strong></span> <span class='ocrx_word' id='word_1_769' title='bbox 1209 4994 1510 5050; x_wconf 71' lang='lat' dir='ltr'><strong>offerretur.</strong></span> <span class='ocrx_word' id='word_1_770' title='bbox 1540 4992 1902 5061; x_wconf 90' lang='lat' dir='ltr'><strong>Quamobrem</strong></span> <span class='ocrx_word' id='word_1_771' title='bbox 1923 4991 2258 5047; x_wconf 77' lang='lat' dir='ltr'><strong>demonstrat</strong></span> <span class='ocrx_word' id='word_1_772' title='bbox 2278 5004 2468 5060; x_wconf 88' lang='lat' dir='ltr'><strong>aquam</strong></span> <span class='ocrx_word' id='word_1_773' title='bbox 2503 5003 2606 5042; x_wconf 92' lang='lat' dir='ltr'><strong>non</strong></span> <span class='ocrx_word' id='word_1_774' title='bbox 2630 4986 2682 5043; x_wconf 93' lang='lat' dir='ltr'><strong>in</strong></span> <span class='ocrx_word' id='word_1_775' title='bbox 2713 4986 3046 5042; x_wconf 80' lang='lat' dir='ltr'><strong>Eucharistia</strong></span> <span class='ocrx_word' id='word_1_776' title='bbox 3071 5027 3086 5049; x_wconf 87' lang='lat'><strong>,</strong></span> <span class='ocrx_word' id='word_1_777' title='bbox 3119 4983 3211 5039; x_wconf 91' lang='lat' dir='ltr'><strong>sed</strong></span> <span class='ocrx_word' id='word_1_778' title='bbox 3238 4995 3440 5040; x_wconf 91' lang='lat' dir='ltr'><strong>tantum</strong></span> <span class='ocrx_word' id='word_1_779' title='bbox 3469 4986 3520 5041; x_wconf 92' lang='lat' dir='ltr'><strong>in</strong></span> <span class='ocrx_word' id='word_1_780' title='bbox 3551 4987 3825 5056; x_wconf 75' lang='lat' dir='ltr'><strong>ltaptismo</strong></span> <span class='ocrx_word' id='word_1_781' title='bbox 3847 4986 3911 5040; x_wconf 92' lang='lat' dir='ltr'><strong>ad</strong></span> 
     </span>
    </p>
   </div>
   <div class='ocr_carea' id='block_1_52' title="bbox 636 5078 3928 5162">
    <p class='ocr_par' dir='ltr' id='par_1_52' title="bbox 636 5078 3928 5162">
     <span class='ocr_line' id='line_1_52' title="bbox 636 5078 3928 5162; baseline -0.003 -18"><span class='ocrx_word' id='word_1_782' title='bbox 636 5090 912 5162; x_wconf 87' lang='lat' dir='ltr'><strong>pr0prium</strong></span> <span class='ocrx_word' id='word_1_783' title='bbox 940 5088 1262 5144; x_wconf 89' lang='lat' dir='ltr'><strong>sacramenti</strong></span> <span class='ocrx_word' id='word_1_784' title='bbox 1291 5086 1537 5142; x_wconf 83' lang='lat' dir='ltr'><strong>eli&#39;eetnm</strong></span> <span class='ocrx_word' id='word_1_785' title='bbox 1567 5086 1906 5142; x_wconf 75' lang='lat' dir='ltr'><strong>essentialem</strong></span> <span class='ocrx_word' id='word_1_786' title='bbox 1927 5099 2047 5140; x_wconf 70' lang='lat' dir='ltr'><strong>e:se</strong></span> <span class='ocrx_word' id='word_1_787' title='bbox 2075 5083 2375 5148; x_wconf 90' lang='lat' dir='ltr'><strong>materiam,</strong></span> <span class='ocrx_word' id='word_1_788' title='bbox 2397 5091 2450 5137; x_wconf 91' lang='lat' dir='ltr'><strong>et</strong></span> <span class='ocrx_word' id='word_1_789' title='bbox 2477 5100 2494 5132; x_wconf 88' lang='grc'><em>‹</em></span> <span class='ocrx_word' id='word_1_790' title='bbox 2525 5081 2968 5150; x_wconf 84' lang='lat' dir='ltr'><strong>quotiescumque</strong></span> <span class='ocrx_word' id='word_1_791' title='bbox 2995 5093 3129 5148; x_wconf 88' lang='lat' dir='ltr'><strong>aqua</strong></span> <span class='ocrx_word' id='word_1_792' title='bbox 3159 5078 3272 5132; x_wconf 88' lang='lat' dir='ltr'><strong>sola</strong></span> <span class='ocrx_word' id='word_1_793' title='bbox 3299 5078 3349 5133; x_wconf 89' lang='lat' dir='ltr'><strong>in</strong></span> <span class='ocrx_word' id='word_1_794' title='bbox 3374 5079 3661 5150; x_wconf 90' lang='lat' dir='ltr'><strong>Scripturis</strong></span> <span class='ocrx_word' id='word_1_795' title='bbox 3682 5081 3928 5135; x_wconf 84' lang='lat' dir='ltr'><strong>nomina-</strong></span> 
     </span>
    </p>
   </div>
   <div class='ocr_carea' id='block_1_53' title="bbox 637 5173 3923 5259">
    <p class='ocr_par' dir='ltr' id='par_1_53' title="bbox 637 5173 3923 5259">
     <span class='ocr_line' id='line_1_53' title="bbox 637 5173 3923 5259; baseline -0.005 -15"><span class='ocrx_word' id='word_1_796' title='bbox 637 5197 742 5253; x_wconf 87' lang='lat' dir='ltr'><strong>tur,</strong></span> <span class='ocrx_word' id='word_1_797' title='bbox 775 5188 1046 5259; x_wconf 86' lang='lat' dir='ltr'><strong>Baptisma</strong></span> <span class='ocrx_word' id='word_1_798' title='bbox 1078 5185 1352 5256; x_wconf 72' lang='lat' dir='ltr'><strong>praedicari</strong></span> <span class='ocrx_word' id='word_1_799' title='bbox 1379 5226 1394 5252; x_wconf 91' lang='lat'><strong>,</strong></span> <span class='ocrx_word' id='word_1_800' title='bbox 1426 5193 1480 5238; x_wconf 92' lang='lat' dir='ltr'><strong>et</strong></span> <span class='ocrx_word' id='word_1_801' title='bbox 1513 5181 1869 5253; x_wconf 88' lang='lat' dir='ltr'><strong>appellatione</strong></span> <span class='ocrx_word' id='word_1_802' title='bbox 1900 5195 2050 5250; x_wconf 70' lang='lat' dir='ltr'><strong>aquae</strong></span> <span class='ocrx_word' id='word_1_803' title='bbox 2079 5178 2348 5250; x_wconf 87' lang='lat' dir='ltr'><strong>Baptisma</strong></span> <span class='ocrx_word' id='word_1_804' title='bbox 2395 5176 2752 5248; x_wconf 84' lang='lat' dir='ltr'><strong>significatum</strong></span> <span class='ocrx_word' id='word_1_805' title='bbox 2797 5189 3011 5243; x_wconf 87' lang='lat' dir='ltr'><strong>semper</strong></span> <span class='ocrx_word' id='word_1_806' title='bbox 3036 5187 3189 5239; x_wconf 86' lang='lat' dir='ltr'><strong>esse;</strong></span> <span class='ocrx_word' id='word_1_807' title='bbox 3230 5192 3248 5225; x_wconf 84' lang='grc'>›</span> <span class='ocrx_word' id='word_1_808' title='bbox 3279 5183 3332 5228; x_wconf 92' lang='lat' dir='ltr'><strong>at</strong></span> <span class='ocrx_word' id='word_1_809' title='bbox 3355 5189 3480 5229; x_wconf 89' lang='lat' dir='ltr'><strong>vero</strong></span> <span class='ocrx_word' id='word_1_810' title='bbox 3507 5175 3559 5229; x_wconf 92' lang='lat' dir='ltr'><strong>in</strong></span> <span class='ocrx_word' id='word_1_811' title='bbox 3592 5173 3923 5229; x_wconf 86' lang='lat' dir='ltr'><strong>Eucharistia</strong></span> 
     </span>
    </p>
   </div>
   <div class='ocr_carea' id='block_1_54' title="bbox 635 5267 3927 5350">
    <p class='ocr_par' dir='ltr' id='par_1_54' title="bbox 635 5267 3927 5350">
     <span class='ocr_line' id='line_1_54' title="bbox 635 5267 3927 5350; baseline -0.005 -13"><span class='ocrx_word' id='word_1_812' title='bbox 635 5302 654 5337; x_wconf 72' lang='grc' dir='ltr'><strong><em>ι</em></strong></span> <span class='ocrx_word' id='word_1_813' title='bbox 689 5283 910 5340; x_wconf 89' lang='lat' dir='ltr'><strong>calicem</strong></span> <span class='ocrx_word' id='word_1_814' title='bbox 940 5282 1162 5336; x_wconf 77' lang='lat' dir='ltr'><strong>mixtum</strong></span> <span class='ocrx_word' id='word_1_815' title='bbox 1187 5279 1355 5335; x_wconf 85' lang='lat' dir='ltr'><strong>fuisse</strong></span> <span class='ocrx_word' id='word_1_816' title='bbox 1383 5293 1542 5350; x_wconf 91' lang='lat' dir='ltr'><strong>quem</strong></span> <span class='ocrx_word' id='word_1_817' title='bbox 1572 5276 1826 5332; x_wconf 91' lang='lat' dir='ltr'><strong>Dominus</strong></span> <span class='ocrx_word' id='word_1_818' title='bbox 1856 5273 2068 5338; x_wconf 91' lang='lat' dir='ltr'><strong>obtulit,</strong></span> <span class='ocrx_word' id='word_1_819' title='bbox 2100 5281 2154 5328; x_wconf 91' lang='lat' dir='ltr'><strong>ct</strong></span> <span class='ocrx_word' id='word_1_820' title='bbox 2175 5273 2353 5327; x_wconf 87' lang='lat' dir='ltr'><strong>vinum</strong></span> <span class='ocrx_word' id='word_1_821' title='bbox 2380 5271 2540 5326; x_wconf 91' lang='lat' dir='ltr'><strong>fuisse</strong></span> <span class='ocrx_word' id='word_1_822' title='bbox 2561 5269 2702 5341; x_wconf 91' lang='lat' dir='ltr'><strong>quod</strong></span> <span class='ocrx_word' id='word_1_823' title='bbox 2731 5267 3042 5338; x_wconf 89' lang='lat' dir='ltr'><strong>sanguinem</strong></span> <span class='ocrx_word' id='word_1_824' title='bbox 3075 5282 3226 5321; x_wconf 88' lang='lat' dir='ltr'><strong>sntnn</strong></span> <span class='ocrx_word' id='word_1_825' title='bbox 3255 5267 3406 5330; x_wconf 80' lang='lat' dir='ltr'><strong>dixit,</strong></span> <span class='ocrx_word' id='word_1_826' title='bbox 3430 5281 3662 5338; x_wconf 90' lang='lat' dir='ltr'><strong>eumque</strong></span> <span class='ocrx_word' id='word_1_827' title='bbox 3682 5267 3927 5324; x_wconf 75' lang='lat' dir='ltr'><strong>docuisse</strong></span> 
     </span>
    </p>
   </div>
   <div class='ocr_carea' id='block_1_55' title="bbox 637 5359 3924 5446">
    <p class='ocr_par' dir='ltr' id='par_1_55' title="bbox 637 5359 3924 5446">
     <span class='ocr_line' id='line_1_55' title="bbox 637 5359 3924 5446; baseline -0.006 -12"><span class='ocrx_word' id='word_1_828' title='bbox 637 5376 890 5445; x_wconf 78' lang='lat' dir='ltr'><strong>exemplo</strong></span> <span class='ocrx_word' id='word_1_829' title='bbox 919 5375 1210 5446; x_wconf 87' lang='lat' dir='ltr'><strong>magisterii</strong></span> <span class='ocrx_word' id='word_1_830' title='bbox 1242 5373 1322 5427; x_wconf 88' lang='lat' dir='ltr'><strong>sui</strong></span> <span class='ocrx_word' id='word_1_831' title='bbox 1353 5372 1574 5427; x_wconf 90' lang='lat' dir='ltr'><strong>calicem</strong></span> <span class='ocrx_word' id='word_1_832' title='bbox 1604 5371 1712 5425; x_wconf 89' lang='lat' dir='ltr'><strong>vini</strong></span> <span class='ocrx_word' id='word_1_833' title='bbox 1740 5378 1792 5424; x_wconf 90' lang='lat' dir='ltr'><strong>et</strong></span> <span class='ocrx_word' id='word_1_834' title='bbox 1821 5383 1974 5440; x_wconf 68' lang='lat' dir='ltr'><strong>aquae.</strong></span> <span class='ocrx_word' id='word_1_835' title='bbox 2000 5365 2376 5436; x_wconf 88' lang='lat' dir='ltr'><strong>conjunctione</strong></span> <span class='ocrx_word' id='word_1_836' title='bbox 2405 5363 2636 5419; x_wconf 91' lang='lat' dir='ltr'><strong>misceri.</strong></span> <span class='ocrx_word' id='word_1_837' title='bbox 2672 5381 2688 5412; x_wconf 74' lang='grc' dir='ltr'><strong><em>ι</em></strong></span> <span class='ocrx_word' id='word_1_838' title='bbox 2727 5361 2863 5416; x_wconf 90' lang='lat' dir='ltr'><strong>llinc</strong></span> <span class='ocrx_word' id='word_1_839' title='bbox 2893 5375 3082 5432; x_wconf 91' lang='lat' dir='ltr'><strong>aquam</strong></span> <span class='ocrx_word' id='word_1_840' title='bbox 3109 5359 3174 5414; x_wconf 90' lang='lat' dir='ltr'><strong>ad</strong></span> <span class='ocrx_word' id='word_1_841' title='bbox 3205 5361 3457 5431; x_wconf 87' lang='lat' dir='ltr'><strong>mystieas</strong></span> <span class='ocrx_word' id='word_1_842' title='bbox 3485 5368 3689 5415; x_wconf 91' lang='lat' dir='ltr'><strong>tantum</strong></span> <span class='ocrx_word' id='word_1_843' title='bbox 3721 5360 3924 5431; x_wconf 86' lang='lat' dir='ltr'><strong>signifi-</strong></span> 
     </span>
    </p>
   </div>
   <div class='ocr_carea' id='block_1_56' title="bbox 642 5453 3924 5534">
    <p class='ocr_par' dir='ltr' id='par_1_56' title="bbox 642 5453 3924 5534">
     <span class='ocr_line' id='line_1_56' title="bbox 642 5453 3924 5534; baseline -0.006 -8"><span class='ocrx_word' id='word_1_844' title='bbox 642 5470 884 5527; x_wconf 90' lang='lat' dir='ltr'><strong>cationes</strong></span> <span class='ocrx_word' id='word_1_845' title='bbox 904 5467 1145 5524; x_wconf 89' lang='lat' dir='ltr'><strong>adhiberi</strong></span> <span class='ocrx_word' id='word_1_846' title='bbox 1171 5466 1507 5522; x_wconf 90' lang='lat' dir='ltr'><strong>demonstrat</strong></span> <span class='ocrx_word' id='word_1_847' title='bbox 1552 5481 1565 5518; x_wconf 90' lang='lat'>:</span> <span class='ocrx_word' id='word_1_848' title='bbox 1609 5483 1627 5516; x_wconf 70' lang='grc' dir='ltr'><strong>ε</strong></span> <span class='ocrx_word' id='word_1_849' title='bbox 1660 5464 1842 5534; x_wconf 84' lang='lat' dir='ltr'><strong>Aquas</strong></span> <span class='ocrx_word' id='word_1_850' title='bbox 1869 5476 2101 5532; x_wconf 92' lang='lat' dir='ltr'><strong>namque</strong></span> <span class='ocrx_word' id='word_1_851' title='bbox 2142 5459 2390 5531; x_wconf 76' lang='lat' dir='ltr'><strong>populos,</strong></span> <span class='ocrx_word' id='word_1_852' title='bbox 2424 5457 2590 5528; x_wconf 90' lang='lat' dir='ltr'><strong>inquit</strong></span> <span class='ocrx_word' id='word_1_853' title='bbox 2620 5456 2696 5527; x_wconf 91' lang='lat' dir='ltr'><strong>(p.</strong></span> <span class='ocrx_word' id='word_1_854' title='bbox 2729 5454 2876 5525; x_wconf 68' lang='lat'><strong>{08),</strong></span> <span class='ocrx_word' id='word_1_855' title='bbox 2905 5453 3206 5525; x_wconf 83' lang='lat' dir='ltr'><strong>signiﬁcare</strong></span> <span class='ocrx_word' id='word_1_856' title='bbox 3236 5454 3288 5508; x_wconf 92' lang='lat' dir='ltr'><strong>in</strong></span> <span class='ocrx_word' id='word_1_857' title='bbox 3319 5454 3628 5526; x_wconf 78' lang='lat' dir='ltr'><strong>Apocalypsi</strong></span> <span class='ocrx_word' id='word_1_858' title='bbox 3657 5454 3924 5525; x_wconf 74' lang='lat' dir='ltr'><strong>Scriptura</strong></span> 
     </span>
    </p>
   </div>
   <div class='ocr_carea' id='block_1_57' title="bbox 631 5546 3926 5630">
    <p class='ocr_par' dir='ltr' id='par_1_57' title="bbox 631 5546 3926 5630">
     <span class='ocr_line' id='line_1_57' title="bbox 631 5546 3926 5630; baseline -0.005 -11"><span class='ocrx_word' id='word_1_859' title='bbox 631 5564 812 5620; x_wconf 84' lang='lat' dir='ltr'><strong>divina</strong></span> <span class='ocrx_word' id='word_1_860' title='bbox 841 5561 1082 5618; x_wconf 86' lang='lat' dir='ltr'><strong>declarat</strong></span> <span class='ocrx_word' id='word_1_861' title='bbox 1107 5561 1292 5616; x_wconf 87' lang='lat' dir='ltr'><strong>dicens</strong></span> <span class='ocrx_word' id='word_1_862' title='bbox 1325 5576 1338 5612; x_wconf 90' lang='lat'>:</span> <span class='ocrx_word' id='word_1_863' title='bbox 1369 5559 1529 5630; x_wconf 71' lang='lat' dir='ltr'><strong>Aqua:</strong></span> <span class='ocrx_word' id='word_1_864' title='bbox 1557 5575 1684 5629; x_wconf 78' lang='lat' dir='ltr'><strong>quas</strong></span> <span class='ocrx_word' id='word_1_865' title='bbox 1707 5555 1896 5621; x_wconf 73' lang='lat' dir='ltr'><strong>vidisti,</strong></span> <span class='ocrx_word' id='word_1_866' title='bbox 1929 5570 2083 5621; x_wconf 82' lang='lat' dir='ltr'><strong>super</strong></span> <span class='ocrx_word' id='word_1_867' title='bbox 2101 5570 2227 5624; x_wconf 85' lang='lat' dir='ltr'><strong>quas</strong></span> <span class='ocrx_word' id='word_1_868' title='bbox 2252 5551 2387 5606; x_wconf 78' lang='lat' dir='ltr'><strong>sedet</strong></span> <span class='ocrx_word' id='word_1_869' title='bbox 2425 5551 2662 5604; x_wconf 79' lang='lat' dir='ltr'><strong>meretrix</strong></span> <span class='ocrx_word' id='word_1_870' title='bbox 2711 5549 2804 5602; x_wconf 74' lang='lat' dir='ltr'><strong>illa</strong></span> <span class='ocrx_word' id='word_1_871' title='bbox 2827 5590 2840 5613; x_wconf 96' lang='lat'><strong>,</strong></span> <span class='ocrx_word' id='word_1_872' title='bbox 2874 5547 3050 5618; x_wconf 83' lang='lat' dir='ltr'><strong>populi</strong></span> <span class='ocrx_word' id='word_1_873' title='bbox 3084 5556 3131 5601; x_wconf 81' lang='lat' dir='ltr'><strong>et</strong></span> <span class='ocrx_word' id='word_1_874' title='bbox 3162 5546 3319 5601; x_wconf 80' lang='lat' dir='ltr'><strong>turst</strong></span> <span class='ocrx_word' id='word_1_875' title='bbox 3345 5557 3390 5600; x_wconf 84' lang='lat' dir='ltr'><strong>et</strong></span> <span class='ocrx_word' id='word_1_876' title='bbox 3420 5557 3588 5618; x_wconf 82' lang='lat' dir='ltr'><strong>gentes</strong></span> <span class='ocrx_word' id='word_1_877' title='bbox 3614 5549 3926 5603; x_wconf 82' lang='lat' dir='ltr'><strong>ethnicorum</strong></span> 
     </span>
    </p>
   </div>
   <div class='ocr_carea' id='block_1_58' title="bbox 623 5639 3925 5730">
    <p class='ocr_par' dir='ltr' id='par_1_58' title="bbox 623 5639 3925 5730">
     <span class='ocr_line' id='line_1_58' title="bbox 623 5639 3925 5730; baseline -0.006 -16"><span class='ocrx_word' id='word_1_878' title='bbox 623 5668 741 5714; x_wconf 78' lang='lat' dir='ltr'><strong>sum</strong></span> <span class='ocrx_word' id='word_1_879' title='bbox 771 5667 817 5711; x_wconf 86' lang='lat' dir='ltr'><strong>et</strong></span> <span class='ocrx_word' id='word_1_880' title='bbox 845 5655 1050 5730; x_wconf 71' lang='lat' dir='ltr'><strong>(iugum.</strong></span> <span class='ocrx_word' id='word_1_881' title='bbox 1083 5656 1233 5724; x_wconf 89' lang='lat' dir='ltr'><strong>Quod</strong></span> <span class='ocrx_word' id='word_1_882' title='bbox 1275 5654 1474 5710; x_wconf 87' lang='lat' dir='ltr'><strong>scilicet</strong></span> <span class='ocrx_word' id='word_1_883' title='bbox 1517 5651 1867 5723; x_wconf 80' lang='lat' dir='ltr'><strong>perSpicimus</strong></span> <span class='ocrx_word' id='word_1_884' title='bbox 1889 5657 1942 5704; x_wconf 92' lang='lat' dir='ltr'><strong>et</strong></span> <span class='ocrx_word' id='word_1_885' title='bbox 1987 5648 2041 5702; x_wconf 92' lang='lat' dir='ltr'><strong>in</strong></span> <span class='ocrx_word' id='word_1_886' title='bbox 2083 5651 2422 5702; x_wconf 90' lang='lat' dir='ltr'><strong>sacramento</strong></span> <span class='ocrx_word' id='word_1_887' title='bbox 2464 5642 2645 5698; x_wconf 88' lang='lat' dir='ltr'><strong>calieis</strong></span> <span class='ocrx_word' id='word_1_888' title='bbox 2687 5641 2970 5696; x_wconf 88' lang='lat' dir='ltr'><strong>contineri.</strong></span> <span class='ocrx_word' id='word_1_889' title='bbox 2998 5639 3150 5706; x_wconf 74' lang='lat' dir='ltr'><strong>Nam,</strong></span> <span class='ocrx_word' id='word_1_890' title='bbox 3181 5640 3302 5711; x_wconf 89' lang='lat' dir='ltr'><strong>quia</strong></span> <span class='ocrx_word' id='word_1_891' title='bbox 3337 5655 3434 5696; x_wconf 90' lang='lat' dir='ltr'><strong>nos</strong></span> <span class='ocrx_word' id='word_1_892' title='bbox 3457 5656 3651 5696; x_wconf 91' lang='lat' dir='ltr'><strong>omnes</strong></span> <span class='ocrx_word' id='word_1_893' title='bbox 3675 5641 3925 5712; x_wconf 84' lang='lat' dir='ltr'><strong>portabat</strong></span> 
     </span>
    </p>
   </div>
   <div class='ocr_carea' id='block_1_59' title="bbox 620 5733 3923 5824">
    <p class='ocr_par' dir='ltr' id='par_1_59' title="bbox 620 5733 3923 5824">
     <span class='ocr_line' id='line_1_59' title="bbox 620 5733 3923 5824; baseline -0.005 -14"><span class='ocrx_word' id='word_1_894' title='bbox 620 5754 890 5815; x_wconf 89' lang='lat' dir='ltr'><strong>Christus.</strong></span> <span class='ocrx_word' id='word_1_895' title='bbox 920 5753 1009 5824; x_wconf 93' lang='lat' dir='ltr'><strong>qui</strong></span> <span class='ocrx_word' id='word_1_896' title='bbox 1035 5759 1088 5807; x_wconf 91' lang='lat' dir='ltr'><strong>et</strong></span> <span class='ocrx_word' id='word_1_897' title='bbox 1115 5758 1330 5822; x_wconf 88' lang='lat' dir='ltr'><strong>peccata</strong></span> <span class='ocrx_word' id='word_1_898' title='bbox 1362 5755 1544 5803; x_wconf 91' lang='lat' dir='ltr'><strong>nostra</strong></span> <span class='ocrx_word' id='word_1_899' title='bbox 1573 5747 1836 5816; x_wconf 90' lang='lat' dir='ltr'><strong>portabat,</strong></span> <span class='ocrx_word' id='word_1_900' title='bbox 1870 5743 2111 5801; x_wconf 88' lang='lat' dir='ltr'><strong>videmus</strong></span> <span class='ocrx_word' id='word_1_901' title='bbox 2139 5742 2191 5796; x_wconf 90' lang='lat' dir='ltr'><strong>iu</strong></span> <span class='ocrx_word' id='word_1_902' title='bbox 2227 5753 2360 5811; x_wconf 88' lang='lat' dir='ltr'><strong>aqua</strong></span> <span class='ocrx_word' id='word_1_903' title='bbox 2406 5735 2656 5808; x_wconf 86' lang='lat' dir='ltr'><strong>populum</strong></span> <span class='ocrx_word' id='word_1_904' title='bbox 2686 5733 2943 5806; x_wconf 77' lang='lat' dir='ltr'><strong>intelligi.</strong></span> <span class='ocrx_word' id='word_1_905' title='bbox 2974 5733 3028 5788; x_wconf 84' lang='lat' dir='ltr'><strong>in</strong></span> <span class='ocrx_word' id='word_1_906' title='bbox 3059 5734 3183 5788; x_wconf 83' lang='lat' dir='ltr'><strong>\‘itto</strong></span> <span class='ocrx_word' id='word_1_907' title='bbox 3209 5749 3336 5790; x_wconf 79' lang='lat' dir='ltr'><strong>vero</strong></span> <span class='ocrx_word' id='word_1_908' title='bbox 3360 5734 3578 5790; x_wconf 79' lang='lat' dir='ltr'><strong>ostendi</strong></span> <span class='ocrx_word' id='word_1_909' title='bbox 3611 5735 3923 5806; x_wconf 74' lang='lat' dir='ltr'><strong>sanguinth</strong></span> 
     </span>
    </p>
   </div>
   <div class='ocr_carea' id='block_1_60' title="bbox 644 5826 3922 5915">
    <p class='ocr_par' dir='ltr' id='par_1_60' title="bbox 644 5826 3922 5915">
     <span class='ocr_line' id='line_1_60' title="bbox 644 5826 3922 5915; baseline -0.007 -12"><span class='ocrx_word' id='word_1_910' title='bbox 644 5849 864 5904; x_wconf 87' lang='lat' dir='ltr'><strong>Christi.</strong></span> <span class='ocrx_word' id='word_1_911' title='bbox 896 5867 912 5899; x_wconf 76' lang='grc' dir='ltr'><strong><em>ι</em></strong></span> <span class='ocrx_word' id='word_1_912' title='bbox 949 5848 1212 5903; x_wconf 76' lang='lat' dir='ltr'><strong>llaetcnus</strong></span> <span class='ocrx_word' id='word_1_913' title='bbox 1241 5843 1534 5915; x_wconf 76' lang='lat' dir='ltr'><strong>Cyprianus</strong></span> <span class='ocrx_word' id='word_1_914' title='bbox 1563 5840 1937 5898; x_wconf 87' lang='lat' dir='ltr'><strong>necessitatem</strong></span> <span class='ocrx_word' id='word_1_915' title='bbox 1959 5852 2111 5911; x_wconf 74' lang='lat' dir='ltr'><strong>aqute</strong></span> <span class='ocrx_word' id='word_1_916' title='bbox 2129 5836 2304 5893; x_wconf 88' lang='lat' dir='ltr'><strong>elevat</strong></span> <span class='ocrx_word' id='word_1_917' title='bbox 2329 5830 2505 5904; x_wconf 90' lang='lat' dir='ltr'><strong>potius</strong></span> <span class='ocrx_word' id='word_1_918' title='bbox 2524 5844 2680 5903; x_wconf 83' lang='lat' dir='ltr'><strong>quam</strong></span> <span class='ocrx_word' id='word_1_919' title='bbox 2712 5827 3073 5886; x_wconf 76' lang='lat' dir='ltr'><strong>Commendat.</strong></span> <span class='ocrx_word' id='word_1_920' title='bbox 3100 5826 3202 5884; x_wconf 80' lang='lat' dir='ltr'><strong>Sed</strong></span> <span class='ocrx_word' id='word_1_921' title='bbox 3226 5836 3399 5884; x_wconf 86' lang='lat' dir='ltr'><strong>tamen</strong></span> <span class='ocrx_word' id='word_1_922' title='bbox 3425 5836 3608 5899; x_wconf 88' lang='lat' dir='ltr'><strong>postea</strong></span> <span class='ocrx_word' id='word_1_923' title='bbox 3634 5827 3708 5883; x_wconf 86' lang='lat' dir='ltr'><strong>ait</strong></span> <span class='ocrx_word' id='word_1_924' title='bbox 3735 5841 3922 5898; x_wconf 90' lang='lat' dir='ltr'><strong>aquam</strong></span> 
     </span>
    </p>
   </div>
  </div>
