4172 6264
227 386 308 441 50
1619 377 1988 437 PREFATIO
3475 370 3544 427 06

229 496 409 551 solam
441 496 619 551 offerri
651 508 754 550 non
776 508 934 565 posse
972 514 990 546 ι
1030 494 1299 567 quomodo
1327 508 1425 551 nec
1448 495 1628 551 vinum
1654 497 1828 551 solum
1856 504 2049 566 potest,
2084 516 2101 548 ι
2133 503 2187 552 et
2209 492 2606 565 copulationem
2632 501 2686 549 et
2707 490 3145 563 conjunctionem
3178 502 3332 559 aqua:
3354 495 3408 543 et
3445 488 3554 543 vini

232 590 315 645 sic
345 590 563 644 misceri
590 590 641 643 in
667 589 835 644 calice
869 588 1099 653 Domini,
1139 607 1157 639 ι
1188 598 1243 642 ιιι
1275 588 1586 643 commixtio
1625 589 1713 643 illa
1736 603 1839 643 non
1872 587 2042 659 possit
2076 587 2144 642 ab
2173 587 2401 646 invicem
2432 585 2727 657 separari»
2764 580 3307 639 Animadvertendum
3335 592 3417 635 est
3444 578 3552 651 Cy-

232 684 413 754 priani
444 665 749 738 consilium.
777 683 1058 738 Dissercns
1082 698 1202 739 cum
1226 683 1533 740 hominibus
1555 700 1744 755 aquam
1776 684 1946 740 solam
1971 682 2369 750 adhibentibus,
2400 682 2566 736 utitur
2597 681 2856 751 principio
2886 678 3026 749 quod
3058 678 3214 733 facile
3237 675 3553 732 concessuri

234 787 417 840 erant,
455 794 523 832 ne
546 777 727 831 vinum
750 776 963 846 quidem
985 777 1160 832 solum
1188 776 1428 833 adhiberi
1452 776 1667 833 debere.
1737 776 1891 833 Nulla
1940 792 2069 832 sane
2097 776 2202 831 illis
2227 775 2473 832 obstabat
2495 774 2781 844 anticipata
2812 773 2992 843 Opinio
3020 770 3304 841 quominus
3333 769 3383 825 id
3412 770 3553 824 fate-

239 881 478 936 rentur;
526 870 873 940 quamobrem
932 869 1233 940 Cyprianus
1272 871 1452 925 statuit
1487 886 1679 940 aquam
1721 871 1889 926 solam
1922 870 2163 925 adhiberi
2192 885 2297 925 non
2324 869 2543 934 debere,
2576 866 2847 939 quomodo
2870 881 2970 922 nec
2995 866 3176 920 vinum
3204 863 3417 930 solum;
3449 877 3558 918 non

234 961 389 1033 quod
417 970 683 1017 metueret
711 976 778 1017 ne
810 960 1073 1031 ejusmodi
1097 961 1343 1017 homines
1366 962 1543 1016 vinum
1564 962 1739 1016 Solum
1762 962 2048 1029 offerrent;
2083 978 2188 1018 non
2245 962 2386 1033 quod
2416 976 2606 1033 aquam
2635 976 2785 1031 mque
2813 976 2876 1015 ac
2917 960 3097 1014 vinum
3129 973 3159 1012 a
3186 956 3399 1013 Christo
3422 972 3557 1027 pra:-

235 1055 506 1125 scriptam
541 1063 595 1109 et
613 1054 677 1107 ad
704 1055 994 1109 essentiam
1016 1054 1335 1109 sacramenti
1371 1054 1640 1125 pertinere
1678 1056 1915 1119 duceret,
1961 1055 2090 1109 satis
2118 1055 2259 1110 enim
2284 1054 2573 1110 declaravit
2597 1070 2715 1110 eam
2758 1053 2824 1109 ad
2853 1052 3108 1124 mysticas
3139 1049 3560 1122 significationes

234 1147 493 1203 adhiberi
520 1165 533 1213 ;
563 1149 655 1204 sed
682 1148 807 1221 quia
837 1146 951 1202 haec
976 1151 1303 1218 comparatio
1324 1147 1390 1203 ad
1417 1149 1523 1203 vini
1552 1148 1923 1203 necessitatem
1944 1146 2417 1204 demonstrandam
2437 1148 2676 1218 apposita
2695 1156 2810 1202 erat
2839 1188 2854 1214 ,
2888 1154 2943 1200 et
2971 1160 3036 1200 ex
3064 1143 3414 1200 incommodis
3436 1158 3557 1213 qua:

239 1245 374 1299 vino
402 1244 523 1299 solo
546 1243 784 1299 adhibito
814 1251 1289 1313 consequerentur,
1324 1242 1492 1297 multo
1512 1244 1756 1313 graviora
1782 1242 2036 1313 consequi
2074 1242 2291 1312 patebat
2318 1243 2373 1303 si
2394 1257 2529 1313 aqua
2561 1242 2675 1297 sola
2704 1240 3040 1296 adhibeatur.
3096 1240 3232 1295 Hinc
3263 1238 3473 1311 quoties
3505 1236 3559 1292 in

237 1334 345 1389 hac
370 1334 597 1405 epistola
623 1334 842 1390 calicem
875 1333 1252 1389 mixtum‘esse
1279 1333 1481 1389 debere
1522 1335 1739 1399 statuit,
1787 1348 1891 1389 non
1931 1334 1984 1391 id
2023 1334 2240 1405 proprie
2280 1333 2444 1390 refert
2482 1333 2548 1389 ad
2592 1349 2809 1405 aquam,
2839 1333 2933 1389 sed
2962 1332 3028 1388 ad
3059 1336 3237 1389 vinum
3262 1372 3278 1400 ,
3308 1330 3450 1403 quod
3506 1320 3561 1384 hi

236 1441 380 1496 quos
408 1423 709 1490 refellebat,
738 1424 1079 1481 omittebant.

315 1521 709 1579 Necessitatem
744 1522 850 1576 vini
883 1521 1041 1591 longe
1068 1519 1222 1574 aliter
1251 1519 1487 1575 defendit
1531 1520 1847 1592 Cyprianus.
1896 1521 2239 1577 Demonstrat
2289 1524 2342 1577 1ο
2383 1524 2672 1596 Scriptura:
2726 1524 3079 1591 testimoniis,
3132 1533 3187 1579 ut
3254 1536 3445 1593 aquam
3510 1523 3563 1577 in

246 1619 564 1691 Baptismo,
603 1620 673 1674 ita
716 1620 897 1673 vinum
948 1616 998 1669 in
1033 1613 1371 1668 Eucharistia
1404 1614 1712 1686 designari;
1744 1615 1802 1668 2°
1836 1624 2161 1684 prmceptunt
2199 1617 2396 1673 Christi
2442 1620 2601 1690 longe
2629 1620 3001 1690 gravissimum
3044 1618 3254 1685 violari,
3299 1618 3342 1674 si
3377 1617 3559 1674 viuum

249 1717 555 1772 omittatur.
596 1732 615 1764 ι
649 1714 780 1770 Cum
805 1730 953 1786 ergo,
990 1717 1259 1789 inqttit(p.
1292 1718 1446 1787 £07),
1475 1732 1649 1788 neque
1676 1718 1789 1788 ipse
1815 1718 2105 1789 Apostolus
2137 1732 2309 1786 neque
2338 1716 2574 1787 Angelus
2604 1716 2671 1771 de
2705 1716 2843 1771 cmlo
2868 1714 3184 1769 aununtiare
3212 1714 3380 1783 possit
3407 1713 3567 1768 aliter

252 1822 351 1865 aut
378 1810 573 1863 docere
601 1818 958 1880 praeterquam
997 1811 1138 1880 quod
1162 1812 1326 1867 semel
1355 1811 1601 1865 Christus
1626 1810 1806 1866 docuit
1826 1819 1880 1865 et
1912 1810 2153 1880 Apostoli
2205 1810 2321 1879 ejus
2364 1810 2847 1873 auuuntiaverunt,
2882 1808 3046 1861 miror
3088 1807 3217 1860 satis
3267 1804 3408 1861 unde
3455 1806 3555 1860 hoc

247 1909 570 1971 usurpatum
604 1901 691 1965 sit,
717 1910 797 1969 ut,
822 1912 1009 1957 contra
1054 1904 1414 1974 evangelicam
1433 1914 1487 1958 et
1512 1902 1860 1972 apostolicam
1889 1901 2248 1971 disciplinam,
2271 1898 2589 1972 quibusdam
2622 1900 2673 1954 in
2706 1898 2838 1953 locis
2852 1913 2988 1968 aqua
3020 1895 3276 1951 offeratur
3299 1896 3350 1950 iu
3380 1895 3558 1950 Domi-

252 1996 374 2051 nico
401 1995 598 2061 calice,
621 2010 739 2065 qua:
756 1995 869 2050 sola
896 1994 1097 2051 Christi
1124 1997 1437 2069 sanguinem
1487 2012 1593 2051 non
1643 1996 1809 2066 possit
1840 1995 2168 2067 exprimere.
2210 2014 2228 2047 ι
2262 1993 2330 2049 Ει
2355 2010 2407 2065 p.
2439 1993 2579 2049 100:
2612 2011 2629 2043 ‹
2667 1991 2823 2061 Quod
2859 1993 2903 2047 si
2942 2007 3041 2048 ncc
3072 1992 3295 2046 minima
3319 1991 3387 2047 de
3416 2006 3569 2046 man-

254 2089 387 2145 datis
413 2089 708 2145 Dominicis
734 2088 858 2145 licet
888 2090 1121 2158 solvere,
1159 2101 1359 2161 quanto
1386 2092 1554 2162 magis
1593 2100 1701 2146 tam
1744 2106 1957 2162 magna,
1994 2100 2101 2144 tam
2148 2090 2391 2159 grandia,
2434 2099 2540 2144 tam
2575 2090 2641 2144 ad
2688 2090 2863 2160 ipsum
2897 2090 3185 2144 Dominica:
3214 2088 3479 2160 passionis
3510 2097 3567 2143 et

256 2192 453 2238 nostra:
487 2181 876 2252 redemptionis
915 2195 1308 2239 sacramentum
1358 2185 1678 2254 pertinentia
1705 2184 1784 2239 fas
1813 2200 1918 2239 non
1949 2192 2033 2239 est
2065 2182 2354 2253 infringere
2376 2224 2389 2245 .
2420 2192 2511 2237 aut
2551 2184 2602 2238 in
2634 2184 2777 2238 aliud
2834 2199 2993 2254 quam
3020 2182 3163 2254 quod
3187 2183 3442 2237 divinitus
3473 2183 3559 2237 in-

262 2278 508 2331 stitutum
532 2276 624 2340 sit,
647 2273 877 2331 humana
909 2274 1194 2331 traditione
1220 2278 1467 2331 mutare?
1511 2296 1528 2328 ι
1560 2277 1615 2331 5ο
1647 2277 1723 2331 Ex
1750 2277 1853 2331 hac
1891 2276 2054 2331 divini
2098 2276 2321 2330 instituti
2373 2274 2655 2331 temeraria
2684 2276 3053 2331 immutatione
3083 2291 3329 2346 quaenam
3360 2275 3569 2332 incom-

260 2368 413 2423 moda
441 2367 1003 2437 consequivexistimat
1018 2368 1313 2440 Cyprianus
1336 2368 1357 2421 ?
1383 2369 1641 2423 «Calicem
1669 2370 1888 2435 etenim,
1916 2368 2090 2438 inquit
2119 2367 2195 2439 (p.
2224 2367 2375 2437 106),
2400 2369 2498 2424 sub
2522 2368 2608 2425 die
2629 2369 2888 2438 passionis
2912 2370 3197 2439 accipiens,
3220 2369 3489 2425 benedixit
3514 2380 3570 2427 et

262 2460 702 2530 deditdiscipulis
728 2459 839 2515 suis
865 2459 1051 2516 dicens
1083 2478 1095 2514 :
1131 2460 1295 2515 Bibitc
1316 2478 1377 2515 ea;
1407 2462 1499 2515 hoc
1525 2478 1716 2515 omnes.
1752 2461 1849 2515 llic
1875 2472 1948 2516 est
1976 2462 2108 2515 enim
2148 2462 2355 2533 sanguis
2394 2462 2508 2517 novi
2536 2462 2865 2530 Testameuti,
2901 2475 3006 2519 etc.
3057 2464 3172 2532 Qua
3206 2464 3256 2518 in
3296 2475 3446 2534 parte
3484 2465 3569 2517 in-

260 2556 508 2610 venimus
537 2554 764 2609 calicem
807 2554 1034 2608 mixtum
1075 2553 1239 2609 fuisse
1282 2570 1440 2624 quem
1496 2554 1753 2609 Dominus
1781 2555 1993 2618 obtulit,
2024 2564 2079 2609 et
2105 2553 2289 2609 vinum
2314 2554 2479 2610 fuisse
2517 2556 2656 2623 quod
2688 2557 3001 2628 sanguinem
3038 2572 3191 2611 suum
3222 2556 3373 2611 dixit.
3406 2555 3561 2612 Unde

262 2658 483 2719 apparet
511 2649 823 2718 sanguinem
846 2646 1043 2703 Christi
1084 2663 1191 2703 non
1238 2647 1444 2713 offerri,
1473 2649 1515 2702 si
1548 2649 1686 2704 desit
1715 2645 2117 2714 vinum'calici;
2148 2664 2249 2704 nec
2268 2649 2587 2704 sacrificium
2620 2650 2952 2705 Dominicum
2996 2650 3229 2720 legitima
3257 2649 3566 2705 sanctifica-

268 2743 409 2797 tione
430 2740 717 2805 celebrari,
751 2740 852 2795 nisi
885 2740 1083 2796 oblatio
1133 2750 1187 2795 et
1232 2740 1552 2796 sacrificium
1598 2751 1838 2795 noslrum
1880 2742 2220 2813 responderit
2260 2742 2515 2811 passioni.
2564 2742 2747 2798 Passio
2789 2752 2872 2799 est
2913 2744 3056 2799 enim
3094 2744 3321 2809 Domini,
3351 2764 3369 2796 ι
3410 2752 3465 2798 ιιι
3496 2745 3569 2799 ait

276 2840 356 2905 (p.
390 2834 540 2904 109),
580 2853 599 2885 ‹
622 2832 943 2889 sacrificium
976 2834 1115 2904 quod
1145 2833 1440 2889 offerimus.
1466 2854 1484 2886 ι
1515 2833 1712 2891 Idcirco
1731 2850 1861 2905 ergo
1889 2850 1955 2889 ex
1978 2834 2245 2906 Cypriane
2266 2836 2821 2893 vinumadltibendum
2846 2839 2895 2892 in
2916 2839 3100 2903 calice,
3120 2838 3242 2908 quia
3265 2854 3385 2893 cum
3410 2837 3573 2893 Chri-

272 2939 394 2981 stus
427 2935 638 2995 accepto
667 2926 793 2980 vino
821 2924 1047 2981 dixerit:
1086 2924 1187 2979 llic
1217 2936 1287 2979 cst
1317 2927 1545 2997 sanguis,
1581 2936 1711 2992 etc.,
1754 2926 1799 2981 si
1827 2940 1963 2996 aqua
2004 2926 2116 2981 sola
2146 2928 2484 2995 adhibeatur,
2532 2944 2667 2998 aqua
2699 2930 3020 2995 remanebit,
3052 2946 3151 2984 nec
3174 2930 3284 2999 jam
3315 2930 3577 2986 offeretur

272 3020 486 3075 Christi
506 3021 713 3089 sanguis
739 3060 752 3083 ,
791 3034 896 3074 non
927 3020 1030 3074 erit
1062 3020 1238 3089 passio
1280 3019 1488 3074 Domini
1529 3020 1848 3075 sacrificium
1894 3028 2135 3075 nostrum
2156 3062 2170 3087 ,
2211 3036 2310 3077 nec
2336 3022 2477 3077 idem
2504 3020 2759 3078 offeretur
2788 3022 2930 3093 quod
2962 3024 3013 3078 iu
3056 3024 3304 3093 passione
3334 3024 3573 3080 oblatum

263 3124 368 3170 est.
401 3114 465 3169 4ο
485 3112 881 3169 Commemorat
909 3114 1069 3169 etiam
1126 3112 1428 3185 Cyprianus
1455 3122 1583 3184 quot
1607 3123 1661 3170 et
1683 3124 1875 3185 quanta
1902 3113 2160 3171 beneficia
2181 3134 2199 3165 ι
2234 3125 2450 3185 epotato
2481 3118 2740 3188 sanguine
2771 3118 2977 3173 Domini
3008 3128 3061 3174 et
3093 3118 3281 3188 poculo
3312 3119 3528 3175 salutari
3551 3138 3568 3172 ι

262 3208 645 3279 percipiamus,
672 3218 731 3264 ut
758 3208 1095 3264 demonstret
1120 3224 1277 3279 quam
1305 3208 1623 3265 damnosum
1646 3210 1924 3280 sitaquam
1951 3209 2119 3265 solam
2146 3208 2420 3266 adhibere.
2447 3210 2611 3265 Addit
2634 3212 2841 3282 grande
2861 3210 3113 3267 delictum
3133 3227 3255 3268 esse
3280 3212 3349 3267 de
3372 3212 3575 3269 Christi

280 3322 298 3353 ι
344 3304 607 3373 sanguine
629 3312 682 3358 et
710 3318 906 3359 cruore
936 3302 1207 3368 confundi,
1246 3322 1265 3354 ›
1301 3318 1398 3358 nec
1423 3303 1532 3372 jam
1559 3318 1656 3358 eos
1686 3318 1843 3374 posse
1886 3323 1904 3355 ι
1936 3313 2154 3375 propter
2182 3303 2451 3359 Christum
2494 3307 2809 3377 sanguinem
2856 3306 3081 3363 fundere
3124 3309 3217 3379 qui
3262 3312 3578 3381 sanguinem

271 3394 471 3452 Christi
499 3396 826 3452 erubescunt
852 3396 1058 3453 bibere.
1096 3417 1115 3448 ι
1171 3396 1290 3452 Jam
1324 3412 1450 3451 vero
1484 3396 1638 3453 facile
1670 3397 1991 3467 perspicitur
2048 3413 2156 3468 quo
2185 3412 2346 3451 sensu
2377 3397 2611 3467 plebem,
2644 3414 2751 3469 quo
2805 3414 2967 3455 sensu
3012 3402 3327 3472 sanguinem
3379 3400 3581 3458 Christi

259 3488 314 3545 in
368 3490 540 3545 calice
596 3505 717 3545 esse
766 3490 1036 3545 existimet
1087 3488 1409 3560 Cyprianus.
1462 3489 1639 3544 Plebis
1692 3504 1813 3544 cum
1861 3489 2078 3544 Christo
2137 3490 2571 3560 conjuncuonem
2639 3507 2793 3563 aqua:
2840 3508 2962 3549 cum
3030 3496 3153 3552 vino
3200 3497 3581 3567 conjunctione

277 3586 569 3656 significari
599 3585 788 3649 docet;
814 3593 887 3650 et,
924 3600 1057 3654 aqua
1088 3585 1309 3649 omissa,
1335 3584 1534 3639 Christi
1554 3582 1770 3653 quidem
1808 3584 2124 3654 sanguinem
2164 3583 2344 3639 offerri
2375 3593 2429 3639 et
2463 3585 2764 3654 passionem
2806 3591 3214 3644 commemorari
3246 3592 3576 3657 fatetur,sed

276 3689 450 3733 tamen
476 3694 582 3733 non
600 3678 719 3734 leve
734 3679 1126 3732 incommodum
1144 3679 1257 3732 fore
1271 3678 1316 3733 si
1346 3676 1483 3733 desit
1499 3677 1667 3747 plebis
1691 3693 1813 3732 cum
1838 3677 2049 3733 Christo
2070 3677 2397 3749 conjunctio.
2420 3680 2488 3735 At
2508 3696 2634 3735 vero
2654 3682 2969 3752 sanguinem
2991 3684 3185 3739 Christi
3217 3685 3266 3740 in
3283 3686 3449 3743 calice
3462 3704 3583 3745 esse

271 3776 533 3844 declarat,
569 3779 693 3847 quia
725 3775 973 3830 Christus
996 3775 1159 3829 dixit:
1194 3773 1295 3827 Hic
1314 3783 1383 3828 est
1406 3774 1611 3841 sanguis
1630 3816 1644 3840 ,
1662 3783 1790 3840 etc.,
1811 3788 1909 3827 nec
1929 3774 2039 3843 jam
2060 3814 2073 3838 ,
2100 3774 2144 3830 si
2171 3776 2388 3845 sanguis
2418 3776 2575 3843 desit,
2600 3776 2919 3831 sacrificium
2941 3778 3121 3834 offerri
3140 3781 3307 3849 possit
3321 3790 3375 3836 et
3404 3784 3582 3852 passio

271 3871 483 3928 Domini
522 3871 787 3928 celebrari
814 3886 827 3937 ;
860 3869 1149 3940 quinetiam
1176 3868 1349 3935 donis,
1385 3884 1503 3937 qum
1518 3868 1833 3947 sanguinem
1864 3866 2062 3922 Christi
2082 3868 2387 3939 potantibus
2408 3868 2672 3938 promissa
2698 3877 2855 3939 sunt,
2881 3871 3093 3942 penitus
3120 3872 3577 3949 defraudabimttr.

1288 4048 1431 4107 XIV.
1457 4078 1528 4089 —-
1556 4064 1623 4104 ne
1662 4061 2004 4105 COIIUNIONB
2042 4060 2136 4102 sun
2190 4062 2438 4112 orasque
2477 4062 2680 4105 sema.

349 4241 611 4311 Quamvis
638 4239 935 4312 Cyprianus
960 4236 1277 4295 sacrificium
1304 4235 1406 4291 sub
1437 4243 1659 4306 utraque
1688 4240 1869 4305 specie
1894 4232 2227 4290 offerendum
2256 4248 2411 4301 esse,
2459 4233 2619 4306 idque
2664 4250 2695 4289 a
2743 4234 2964 4291 Christo
3006 4236 3303 4293 institutum
3335 4248 3391 4293 et
3444 4255 3585 4309 pra:-

286 4338 544 4407 scriptum
567 4348 690 4389 esse
715 4330 1022 4398 contendat,
1052 4346 1157 4385 non
1189 4340 1364 4384 tamen
1392 4327 1824 4383 communionem
1850 4326 1951 4381 sub
1981 4334 2203 4396 utraque
2226 4327 2404 4396 specie
2429 4326 2787 4383 necessariam
2807 4327 3101 4398 judicabat,
3123 4339 3181 4385 ut
3206 4346 3271 4386 ex
3293 4330 3412 4401 ejus
3439 4332 3589 4400 priu-

284 4431 436 4501 cipiis
449 4437 581 4483 etex
604 4425 992 4483 consuetudine
1014 4424 1153 4478 illius
1174 4425 1345 4478 aetatis
1357 4422 1590 4494 perspici
1615 4430 1808 4491 potest.
1830 4420 2013 4491 Neque
2035 4422 2176 4477 enim
2197 4436 2547 4493 quaecumque
2568 4420 2813 4481 Christus
2833 4425 2959 4482 fecit
2980 4426 3032 4481 in
3052 4426 3383 4482 inStitutione
3409 4440 3589 4482 sacra-

288 4522 556 4585 utenti,ea
582 4520 761 4574 omnia
792 4521 959 4573 instar
985 4516 1116 4586 legis
1146 4514 1479 4570 observanda
1506 4513 1754 4579 ducebat,
1779 4513 1874 4569 sed
1896 4529 1959 4569 ea
1991 4523 2193 4569 tantum
2218 4530 2337 4585 qua:
2358 4515 2423 4571 ad
2442 4518 2732 4573 essentiam
2764 4520 3083 4575 sacramenti
3112 4521 3398 4590 pertinuit.
3427 4519 3586 4589 Nam,

276 4632 402 4671 cum
434 4615 480 4670 ei
504 4615 831 4684 objiceretur
854 4610 1136 4665 Dominum
1168 4618 1287 4678 post
1314 4622 1522 4663 castram
1544 4606 1822 4673 obtulisse,
1854 4606 1933 4660 sic
1955 4606 2247 4677 respondet
2269 4607 2395 4679 (Ep.
2431 4624 2585 4674 Lxm,
2620 4628 2672 4681 p.
2702 4609 2828 4682 109)
2856 4628 2871 4666 :
2910 4630 2927 4663 ι
2965 4611 3230 4681 Numquid
3259 4628 3388 4683 ergo
3417 4614 3591 4669 domi-

284 4711 463 4765 nicum
491 4718 613 4779 post
637 4720 845 4761 cumam
872 4702 1147 4759 celebrare
1191 4701 1481 4767 debemus,
1524 4710 1581 4754 ut
1614 4700 1693 4755 sic
1722 4699 1944 4755 mixtum
1974 4701 2196 4755 calicem
2220 4700 2623 4772 frequentandis
2655 4704 2938 4759 dominicis
2959 4704 3285 4761 offeramus?
3311 4706 3587 4765 Christum

286 4805 485 4861 offerre
508 4802 790 4873 oportebat
817 4801 959 4856 circa
988 4812 1267 4868 vesperam
1290 4797 1417 4863 diei,
1449 4806 1504 4851 ut
1538 4795 1669 4851 hora
1708 4797 1823 4867 ipsa
1859 4796 2107 4852 sacrificii
2136 4797 2448 4855 ostenderet
2471 4814 2721 4855 occasum
2752 4810 2806 4856 et
2836 4816 3113 4871 vesperam
3144 4804 3449 4862 mttudi.....
3480 4806 3588 4864 Nos

290 4910 470 4955 autem
498 4896 955 4953 resurrectionem
988 4892 1199 4947 Domini
1227 4906 1383 4946 mane
1409 4889 1763 4946 celebramus.
1803 4910 1821 4943 ι
1850 4890 1957 4945 Cur
1992 4907 2119 4962 ergo
2151 4894 2520 4963 praascriptum
2552 4908 2673 4951 esse
2695 4904 2852 4965 negat
2878 4906 2935 4951 ut
2966 4896 3104 4953 idem
3138 4900 3235 4954 hac
3261 4900 3312 4954 in
3343 4917 3400 4955 re
3431 4900 3592 4956 facia-

280 5011 401 5051 mus
428 4991 571 5065 quod
611 4990 856 5046 Christus
887 4987 1046 5053 fecit;
1078 4986 1129 5041 iu
1151 4985 1421 5042 obla‘tionc
1443 4994 1624 5039 autem
1654 4984 1803 5053 panis
1831 4994 1885 5039 et
1911 4985 2017 5039 vini
2046 5001 2169 5040 eum
2188 4985 2522 5043 sacerdOtem
2554 4986 2756 5044 Christi
2786 4990 2904 5046 vice
2934 5006 3062 5048 vere
3093 4992 3237 5064 fungi
3266 4996 3543 5051 contendit
3570 5039 3585 5064 ,

291 5106 309 5138 ι
347 5086 439 5158 qui
463 5086 514 5140 id
546 5083 690 5155 quod
717 5082 962 5138 Christus
987 5079 1110 5135 fecit
1134 5078 1401 5140 imitatur,
1425 5087 1481 5133 et
1519 5076 1676 5131 offert
1704 5076 1999 5132 secundum
2029 5079 2171 5149 quod
2204 5081 2376 5150 ipsum
2406 5080 2682 5138 Christum
2713 5083 2892 5141 videat
2919 5086 3219 5147 obtulisse?
3252 5108 3271 5141 ι
3307 5090 3461 5146 Ratio
3493 5090 3592 5145 ltu-

283 5181 368 5249 jus
390 5178 468 5234 rei
495 5184 623 5231 ante
649 5174 835 5230 oculos
862 5171 1053 5243 posita.
1090 5168 1231 5224 Nihil
1278 5167 1443 5225 refert
1470 5168 1537 5223 ad
1574 5178 1817 5223 naturam
1857 5169 2141 5237 sacrificii,
2185 5183 2361 5227 utrum
2402 5188 2559 5230 mane
2583 5190 2650 5230 an
2687 5188 3036 5246 pOStcoenam
3066 5180 3344 5239 offeratur.
3378 5183 3507 5250 Sed,
3545 5185 3593 5240 si

284 5289 423 5343 aqua
455 5289 554 5343 pro
582 5274 711 5325 vino
737 5268 1012 5333 offeratur,
1045 5266 1344 5321 institutum
1362 5282 1393 5319 a
1416 5263 1627 5319 Christo
1654 5263 1972 5319 sacrificium
1998 5265 2207 5333 penitus
2230 5267 2511 5328 evertitur,
2533 5283 2631 5323 nec
2648 5270 2765 5339 ejus
2792 5272 2970 5341 passio
2992 5272 3316 5341 celebratur,
3336 5291 3433 5331 nec
3456 5290 3584 5331 san-

281 5368 400 5436 guis
432 5366 481 5419 in
516 5364 686 5421 calice
736 5360 990 5416 offeretur
1017 5366 1109 5412 aut
1133 5357 1361 5421 hibetur,
1396 5354 1490 5409 sed
1529 5370 1664 5426 aqua
1691 5356 2013 5411 communis.
2046 5356 2122 5411 Ex
2168 5355 2249 5410 his
2280 5358 2557 5429 principiis
2594 5362 2824 5431 perspici
2865 5374 3038 5433 potest
3066 5364 3194 5435 quid
3242 5365 3311 5423 de
3353 5382 3594 5425 commu-

287 5461 453 5515 nione
473 5458 573 5513 sub
599 5468 827 5526 utraque
855 5453 1033 5523 specie
1061 5450 1291 5507 senserit
1318 5450 1635 5521 Cyprianus.
1667 5448 2036 5507 Necessariam
2060 5460 2110 5505 et
2132 5449 2392 5506 aChristo
2409 5463 2735 5524 praeceptam
2763 5456 2985 5514 credere
3006 5472 3112 5513 non
3148 5462 3319 5530 potuit
3344 5504 3358 5529 ,
3389 5464 3591 5535 quippe

280 5569 405 5608 cum
432 5552 497 5607 ad
533 5549 827 5607 essentiam
856 5545 1175 5601 sacramenti
1204 5560 1308 5599 non
1338 5542 1618 5613 pertineat.
1648 5542 1842 5598 Totum
1871 5542 2014 5597 enim
2048 5540 2324 5597 Christum
2356 5544 2457 5599 sub
2492 5555 2714 5616 utraque
2770 5549 2951 5618 specie
2979 5556 3225 5621 agnoscit
3266 5554 3589 5627 Cyprianus,

287 5647 438 5702 illius
480 5645 822 5717 majestatem
877 5644 930 5695 in
981 5640 1149 5696 calice
1204 5647 1504 5704 reveretur,
1572 5653 1801 5709 eumque
1853 5637 2139 5695 recessisse
2185 5636 2423 5694 declarat
2473 5654 2505 5695 e
2563 5641 2810 5700 manibus
2870 5644 3105 5703 hominis
3133 5650 3504 5720 contaminati,
3534 5650 3591 5710 in

280 5745 485 5817 quibus
515 5744 636 5799 loco
666 5738 1017 5796 Eucharistia:
1046 5735 1181 5791 cinis
1212 5735 1457 5790 inventus
1477 5741 1579 5789 est.

349 5838 715 5895 Consentium
761 5832 996 5903 antiqua:
1022 5828 1279 5885 Ecclesiae
1305 5826 1720 5884 consuetudines
1743 5842 1864 5883 cum
1891 5827 2059 5899 ipsius
2088 5826 2191 5883 fide
2221 5835 2273 5884 et
2312 5826 2578 5897 doctrina,
2605 5829 2716 5900 jam
2744 5831 2978 5891 vidimus
3005 5850 3067 5892 ex
3099 5837 3371 5910 Cypriane
3397 5854 3587 5898 exem~

272 5935 430 6013 plum
480 5931 677 6006 puellae
725 5944 791 5986 ex
842 5925 959 5983 solo
1012 5922 1179 5981 calice
1223 5920 1689 5993 communicantis,
1735 5936 1893 5994 quam
1951 5919 2397 5981 consuetudinem
2435 5937 2594 5981 nemo
2645 5926 2815 5987 nescit
2860 5926 2915 5985 in
2960 5928 3251 5992 Occidente
3297 5947 3469 6007 usque
3520 5932 3589 5996 ad
