4172 6264
646 357 719 419 67
2005 356 2389 419 PR.EFAT10.
3877 366 3948 427 es

644 474 1029 535 duodecimum
1074 473 1329 530 saeculum
1376 486 1773 544 perseverasse.
1826 474 1968 531 [arce
1996 475 2194 531 clarius
2221 486 2305 531 est
2357 475 2493 531 hanc
2522 473 2750 545 puellam
2791 471 2894 530 sub
2945 472 3126 541 specie
3154 472 3309 544 panis
3339 471 3470 529 'non
3499 477 3944 549 communicasse;

644 573 786 630 hanc
812 575 955 629 enim
1011 570 1287 625 historiam
1339 569 1504 626 refert
1543 571 1843 644 Cyprianus
1882 580 1942 626 ut
1997 579 2175 641 pateat
2227 571 2277 624 in
2325 584 2552 640 corpore
2584 578 2743 639 atque
2792 581 2886 623 ore
2949 565 3151 623 violato
3191 567 3589 626 Eucharistiam
3633 587 3959 649 permanere

644 680 749 721 non
774 665 1039 736 potuisse:
1080 671 1155 730 at,
1201 663 1246 717 si
1275 662 1509 733 speciem
1560 664 1713 735 panis
1763 672 1918 719 antea
1959 664 2312 733 sumpsisset,
2369 662 2573 717 nullum
2605 676 2824 731 prorsus
2853 660 3192 726 miraculum,
3226 661 3368 717 nulla
3397 662 3650 736 Cypriani
3682 668 3823 724 ratio
3850 684 3946 724 ex-

642 760 882 814 stitisset.
927 756 1220 813 Attulimus
1262 757 1427 813 etiam
1476 757 1784 830 exemplum
1813 758 1956 813 illius
1994 757 2088 829 qui
2130 757 2186 813 in
2216 757 2467 813 manilius
2500 752 2854 811 Eucharistiae
2883 752 3003 808 loco
3027 753 3264 810 cinerem
3296 749 3501 811 invenit
3539 772 3554 809 :
3604 756 3749 813 aliud
3780 768 3951 819 exstat

636 852 971 911 simillimum
1017 850 1072 905 in
1126 849 1319 905 eodem
1367 849 1432 904 de
1477 848 1827 921 Lapsislibro
1853 850 2093 906 mulieris
2138 848 2422 920 cujusdam
2472 860 2615 917 quae,
2662 860 2785 900 cum
2826 859 3047 901 caream
3093 856 3266 909 suam,
3301 847 3355 905 in
3396 863 3506 918 qua
3538 848 3748 904 Domini
3792 865 3947 908 sane.

636 959 753 1003 tum
795 943 912 1013 fuit,
963 941 1209 999 manibus
1250 941 1484 1014 indignis
1532 952 1793 1007 tentasset
1842 943 2071 1016 aperire,
2131 946 2250 1015 igne
2275 943 2399 1000 inde
2435 948 2689 1011 surgente
2724 940 2984 998 deterrita
3012 948 3096 998 est
3132 956 3200 998 ne
3226 944 3452 1020 auderet
3475 932 3757 1017 attingere.
3782 966 3801 1000 ι

894 1138 1009 1198 XV.
1039 1172 1112 1186 —
1135 1157 1182 1199 s.
1212 1158 1463 1201 cremat
1501 1156 1797 1200 sumsum
1828 1157 1895 1197 ne
1936 1153 2252 1209 SACRIFICIO,
2284 1154 2353 1195 ne
2383 1150 2719 1195 consumo
2760 1151 2828 1192 er
2856 1148 3216 1192 mvecsrsonn
3255 1147 3590 1190 sucronem.

708 1316 1100 1376 Eucharistiam
1146 1337 1330 1378 verum
1380 1335 1502 1378 esse
1545 1336 1608 1376 ac
1644 1320 1862 1390 proprie
1913 1319 2117 1375 dictum
2151 1317 2473 1373 sacriﬁcium
2506 1315 2815 1372 testimonio
2859 1328 2958 1371 suo
3006 1312 3294 1371 conﬁrmat
3341 1312 3663 1383 Cyprianus.
3703 1333 3722 1367 ι
3769 1312 3954 1372 Domi-

640 1414 773 1468 nicm
832 1414 1020 1469 hostia:
1046 1415 1323 1470 veritatem
1359 1435 1378 1468 ›
1411 1415 1781 1471 schismaticos
1816 1434 1835 1467 ι
1863 1430 1956 1485 per
1986 1416 2115 1470 falsa
2144 1412 2405 1469 sacriﬁcia
2450 1412 2731 1483 profanare
2759 1431 2777 1464 ι
2842 1414 2917 1466 ait
2968 1412 3020 1466 in
3071 1412 3210 1468 libro
3259 1410 3326 1467 de
3372 1407 3521 1465 Uuit.
3568 1410 3764 1468 Eccles.
3796 1410 3945 1482 (pag.

636 1505 786 1579 9.00).
840 1506 979 1563 Vera
1035 1507 1122 1563 illa
1165 1507 1339 1564 hostia
1383 1524 1541 1579 quam
1580 1508 1878 1581 Cyprianus
1902 1490 2104 1567 .oﬁerri
2158 1508 2439 1563 contendit
2486 1508 2542 1562 in
2587 1507 2698 1564 sola
2754 1507 3028 1575 Ecclesia,
3083 1508 3197 1578 ipse
3230 1507 3491 1563 Christus
3536 1519 3621 1562 est
3666 1506 3721 1562 in
3776 1503 3937 1560 altari

644 1602 806 1658 modo
841 1603 1122 1659 incruento
1163 1604 1488 1660 immolatus.
1534 1603 1734 1660 «Iesus
1762 1603 2005 1658 Christus
2047 1603 2302 1657 Dominus
2341 1610 2396 1656 ct
2422 1602 2563 1657 Deus
2608 1611 2813 1667 noster,
2845 1600 3013 1671 inquit
3040 1599 3144 1670 Ep.
3193 1614 3323 1654 utut
3381 1598 3460 1671 (p.
3513 1598 3664 1666 lOO),
3692 1597 3807 1667 ipse
3857 1603 3943 1651 cst

638 1709 887 1749 summus
930 1694 1185 1751 sacerdos
1223 1696 1317 1752 Dei
1355 1695 1551 1762 Patris,
1599 1704 1653 1751 et
1679 1695 2000 1750 sacriﬁcium
2054 1695 2198 1751 Patri
2240 1694 2478 1764 seipsum
2506 1694 2717 1763 primus
2761 1692 2975 1759 obtulit,
3031 1690 3214 1748 ethoc
3242 1691 3357 1747 ﬁeri
3402 1691 3453 1745 in
3497 1690 3580 1746 sui
3615 1705 3947 1747 cetnmetno-

635 1787 899 1844 rationem
939 1789 1216 1860 praecepit.
1242 1807 1262 1841 ι
1310 1787 1443 1844 Cum
1480 1804 1610 1859 ergo
1650 1787 1839 1845 eadem
1894 1789 2104 1843 victima
2154 1791 2273 1857 quin
2318 1789 2371 1843 in
2402 1802 2561 1843 cruce
2607 1787 2783 1842 oblata
2837 1794 2921 1843 cst
2956 1826 2971 1851 ,
3020 1784 3284 1843 offeratur
3324 1785 3380 1847 in
3424 1782 3613 1848 altari,
3675 1797 3781 1838 non
3832 1782 3935 1835 itu-

634 1883 835 1937 merito
861 1882 936 1936 ait
984 1880 1323 1954 Cyprianus:
1378 1900 1398 1934 ι
1418 1881 1606 1937 Passio
1635 1893 1715 1937 εει
1740 1882 1954 1937 Domini
1992 1881 2318 1937 sacriﬁcium
2351 1879 2493 1948 quod
2519 1878 2816 1935 oderimus.
2848 1899 2867 1931 ο
2908 1877 3075 1948 Negat
3118 1876 3170 1931 in
3216 1875 3405 1932 eadem
3433 1873 3660 1945 epistola
3693 1872 3940 1930 «sacriﬁ—

630 1974 773 2029 cium
804 1973 1136 2030 Dominicum
1166 1975 1402 2046 legitima
1426 1975 1849 2037 sanctificatione
1880 1973 2159 2041 celebrari,
2196 1974 2295 2031 nisi
2324 1974 2530 2031 oblatio
2556 1982 2611 2029 ct
2637 1973 2959 2033 sacriﬁcium
2990 1980 3232 2031 nostrum
3263 1971 3602 2040 responderit
3628 1969 3886 2039 passioni.
3910 1986 3935 2025 ι

632 2067 897 2124 Sacriﬁcii
939 2085 968 2125 s
1010 2070 1228 2127 Christo
1258 2070 1483 2126 instituti
1515 2071 1792 2126 veritatem
1837 2068 1961 2124 inde
2010 2068 2171 2125 etiam
2216 2067 2568 2132 demonstrat,
2616 2067 2757 2137 quod
2811 2082 2840 2120 a
2870 2066 3150 2122 sacerdote
3195 2064 3587 2121 Melchisedech
3626 2065 3944 2135 prmﬁgura-

631 2169 743 2215 tum
786 2161 966 2217 fuerit.
1004 2180 1023 2215 ι
1046 2161 1175 2218 item
1209 2163 1264 2217 in
1292 2161 1573 2217 sacerdote
1602 2160 2016 2227 Melchisedech,
2052 2159 2225 2231 inquit
2251 2160 2326 2231 (p.
2354 2158 2505 2232 105),
2540 2160 2789 2217 sacriﬁcii
2820 2159 3083 2215 Dominici
3111 2167 3507 2217 sacramentum
3538 2156 3943 2228 praeﬁguratum

629 2252 906 2321 videmus,
946 2254 1238 2311 secundum
1265 2254 1408 2326 quod
1455 2254 1730 2323 Scriptura
1778 2253 1957 2309 divina
2009 2261 2232 2309 testatur
2266 2262 2321 2309 et
2366 2252 2495 2308 dicit
2519 2270 2531 2305 :
2555 2252 2618 2306 Et
2650 2251 3041 2317 Melchisedech,
3094 2269 3186 2311 rex
3204 2253 3408 2319 Solem,
3440 2254 3651 2324 protulit
3677 2270 3862 2319 panem
3892 2262 3942 2315 et

626 2328 819 2404 uiuunt.
867 2348 990 2404 Fuit
1026 2357 1204 2405 autem
1254 2346 1509 2404 sacerdos
1557 2346 1654 2402 Dei
1693 2346 1912 2411 summi,
1964 2355 2018 2400 et
2048 2332 2323 2407 benedixit
2350 2345 2646 2401 Abraham.
2688 2345 2842 2413 Quod
2881 2354 3056 2401 autem
3086 2344 3475 2403 Melchisedech
3520 2355 3701 2417 typum
3729 2344 3932 2402 Christi

632 2451 870 2512 portaret
911 2442 1149 2498 declarat
1192 2442 1247 2496 in
1276 2440 1505 2520 Psalmis
1546 2437 1777 2510 Spiritus
1824 2448 2039 2495 sanctus
2064 2454 2128 2493 ex
2160 2452 2386 2506 persona
2417 2438 2591 2493 Patris
2634 2438 2699 2492 ad
2728 2437 2918 2492 Filium
2950 2437 3137 2493 dicens
3171 2456 3183 2492 :
3215 2437 3343 2491 Ante
3370 2436 3638 2506 hiciferum
3666 2438 3816 2507 genui
3848 2446 3925 2493 te.

630 2534 707 2590 Tu
734 2551 785 2590 es
810 2534 1047 2589 sacerdos
1086 2535 1141 2588 in
1188 2543 1433 2589 retentum
1459 2533 1736 2589 secundum
1762 2532 1997 2587 ordinem
2050 2529 2444 2586 Melchisedech.
2496 2529 2595 2598 Qui
2642 2529 2777 2585 ordo
2817 2531 2998 2600 utique
3038 2530 3124 2589 hic
3172 2539 3256 2587 est
3309 2529 3376 2584 de
3399 2529 3666 2584 sacriﬁcio
3694 2530 3786 2585 illo
3826 2545 3931 2586 ve-

627 2629 780 2684 niens
807 2638 863 2685 et
913 2628 1041 2685 inde
1080 2628 1417 2685 descendens
1439 2628 1581 2699 quod
1604 2627 1995 2685 Melchisedech
2039 2627 2294 2683 sacerdos
2324 2627 2418 2681 Dei
2445 2628 2640 2683 sunnni
2678 2629 2782 2682 fuit
2808 2668 2823 2693 ,
2855 2627 2999 2698 quod
3022 2644 3209 2698 panem
3233 2637 3287 2682 et
3320 2628 3498 2682 vinum
3528 2625 3750 2692 obtulit,
3781 2622 3934 2694 quod

624 2719 897 2775 Abraham
941 2720 1237 2776 benedixit.
1283 2718 1415 2775 Nam
1461 2721 1583 2790 quis
1610 2719 1780 2789 magis
1805 2719 2065 2775 sacerdos
2113 2719 2206 2774 Dei
2237 2719 2432 2773 summi
2460 2733 2619 2786 quam
2664 2720 2923 2774 Dominus
2970 2728 3154 2775 noster
3190 2719 3347 2777 Jesus
3395 2717 3664 2782 Christus,
3718 2718 3811 2787 qui
3838 2731 3931 2772 sa-

622 2812 887 2887 criﬁcium
938 2814 1047 2869 Deo
1086 2814 1231 2869 Patri
1264 2813 1508 2877 obtulit;
1546 2822 1603 2868 et
1643 2812 1836 2868 obtulit
1875 2811 1983 2869 hoc
2009 2811 2151 2869 idem
2186 2813 2328 2882 quod
2373 2811 2762 2868 Melchisedech
2794 2812 3093 2881 obtulerat,
3142 2813 3194 2869 id
3244 2822 3326 2869 est
3386 2828 3574 2885 panem
3602 2821 3659 2868 et
3723 2811 3942 2883 viuum,

618 2919 778 2959 suum
816 2903 1021 2963 scilicet
1044 2921 1242 2977 corpus
1286 2915 1344 2962 et
1389 2906 1727 2977 sanguinem.
1758 2924 1779 2959 ι
2989 2913 2994 2917 ·

656 2981 1029 3054 ’διιοιηίίὶοὶυω
1072 3014 1172 3070 pro
1223 3002 1466 3056 vivorum
1504 3009 1560 3056 et
1606 3008 1941 3055 mortuorum
1974 3001 2207 3071 peccatis
2251 3000 2498 3057 offertur.
2552 3000 2692 3057 Hinc
2739 3003 2980 3071 queritur
3024 3001 3324 3075 Cyprianus
3352 3004 3402 3058 in
3447 3002 3587 3059 libro
3634 3002 3703 3057 de
3752 3000 3945 3074 Lapsis

622 3090 702 3163 (p.
751 3091 909 3163 186),
933 3091 1078 3163 quod
1120 3092 1394 3162 lapsorum
1434 3093 1705 3149 nonnullis
1745 3095 2055 3149 communio
2097 3093 2222 3149 data
2252 3095 2325 3151 sit
2358 3115 2377 3147 s
2400 3104 2523 3150 ante
2558 3106 2834 3166 purgatam
2859 3097 3241 3152 conscientiam
3274 3097 3545 3152 sacriﬁcio
3577 3107 3634 3154 et
3666 3113 3825 3153 manu
3848 3113 3942 3152 sa-

616 3183 877 3252 cerdotis,
929 3195 1053 3242 ante
1080 3185 1338 3243 oﬁensam
1380 3188 1642 3258 placatam
1664 3188 1992 3260 indignantis
2028 3190 2240 3245 Domini
2283 3201 2341 3247 ct
2387 3192 2662 3248 minantis.
2687 3211 2707 3245 ι
2742 3192 3059 3263 Cyprianus,
3096 3193 3149 3247 in
3196 3193 3435 3264 Epistula
3478 3209 3545 3248 1.x
3568 3194 3637 3247 ad
3663 3192 3930 3263 episcopos

624 3275 911 3343 Numidas,
956 3288 1179 3335 testatur
1202 3295 1262 3337 se
1289 3281 1621 3350 singulorum
1650 3282 1740 3352 qui
1761 3282 1825 3337 ad
1854 3282 2281 3352 redemptionem
2312 3283 2645 3353 captivorum
2679 3293 2926 3354 prompte
2954 3300 3017 3340 ac
3055 3284 3348 3341 liberaliter
3372 3285 3576 3354 operati
3625 3296 3781 3353 sunt,
3834 3299 3943 3341 no-

616 3371 764 3429 mina
793 3372 1130 3438 subdidisse,
1165 3383 1222 3428 ut
1244 3389 1339 3430 eos
1368 3374 1606 3443 episcopi
1656 3375 1708 3429 in
1752 3385 1934 3430 mente
1960 3375 2192 3432 habeant
2232 3375 2290 3431 in
2320 3376 2652 3433 orationibus
2701 3378 2814 3433 suis
2832 3421 2845 3444 ,
2885 3396 2904 3430 ι
2925 3388 2980 3435 et
3006 3377 3086 3434 eis
3116 3378 3288 3433 vicem
3314 3377 3444 3435 boni
3474 3379 3654 3448 operis
3682 3378 3736 3432 iu
3765 3377 3943 3433 sacri-

622 3465 759 3520 ﬁciis
805 3475 860 3520 et
897 3466 1141 3535 precibus
1168 3475 1570 3535 repraesentant.
1598 3486 1617 3519 ›
1667 3468 1821 3535 Quod
1846 3479 2053 3538 spectat
2093 3471 2157 3524 ad
2192 3479 2454 3540 mortuos,
2500 3473 2773 3544 egregium
2816 3472 3183 3529 testimonium
3222 3473 3479 3529 habemus
3523 3473 3577 3528 in
3623 3472 3725 3544 Ep;
3765 3488 3893 3528 ωινι
3920 3514 3941 3543 ,

620 3559 690 3613 ad
712 3558 904 3614 elciunt
929 3569 975 3615 et
1002 3560 1196 3630 plebem
1220 3550 1415 3615 Fin-riis
1441 3560 1811 3616 consistentem.
1847 3563 2232 3618 Antecessores
2257 3564 2515 3635 Cypriani
2541 3575 2845 3621 statuerant
2876 3580 2943 3621 ne
2970 3565 3093 3635 quis
3117 3563 3284 3619 frater
3304 3564 3577 3622 excedens
3604 3565 3669 3621 ad
3699 3564 3930 3622 tutelam

602 3650 704 3721 .vel
742 3666 924 3707 curam
980 3654 1235 3709 clericum
1271 3651 1607 3718 nominaret;
1646 3668 1709 3708 ac
1755 3654 1800 3708 si
1842 3654 1962 3724 quis
2013 3658 2115 3711 hoc
2149 3656 2402 3724 fecisset,
2458 3672 2563 3712 non
2616 3656 2901 3713 offerretur
2931 3673 3027 3728 pro
3056 3673 3153 3724 eo,
3179 3673 3244 3714 ne
3290 3658 3614 3715 sacrificium
3657 3674 3754 3728 pro
3801 3657 3945 3713 dor-

620 3746 842 3800 mitione
869 3745 987 3816 ejus
1029 3745 1414 3803 celebraretur.
1456 3745 1644 3816 Neque
1680 3747 1824 3802 enim
1869 3747 2011 3818 apud
2055 3749 2226 3804 altare
2278 3749 2373 3805 Dei
2422 3759 2661 3806 meretur
2696 3750 2961 3806 nominari
3010 3751 3062 3805 in
3115 3751 3455 3809 sacerdotum
3487 3767 3679 3822 prece,
3729 3752 3819 3823 qui
3871 3752 3949 3810 ab

608 3839 770 3909 ,altari
794 3838 1102 3897 sacerdotes
1125 3850 1177 3896 et
1219 3840 1494 3897 ministres
1522 3840 1689 3896 voluit
1713 3855 1957 3897 evocare.
2001 3842 2387 3910 Quamobrem,
2417 3859 2538 3899 eum
2568 3844 2747 3900 Victor
2792 3845 3009 3916 quidam
3055 3843 3358 3903 Geminium
3416 3846 3725 3905 Faustinum
3774 3860 3945 3918 pres-

618 3931 862 4001 byterum
912 3946 1073 3986 ausus
1118 3941 1262 3987 esset
1305 3939 1534 3987 tutorem
1577 3933 1926 3997 consuluere,
1967 3942 2109 3988 vetat
2139 3932 2434 4010 Cyprianus
2466 3952 2533 3990 ne
2564 3954 2582 3987 ι
2619 3952 2714 4005 pro
2739 3937 3061 3993 dormitione
3085 3938 3202 4008 ejus
3236 3938 3325 3993 ﬁat
3353 3938 3573 4006 oblatio,
3626 3948 3717 3994 aut
3741 3940 3946 4011 depre-

617 4024 758 4080 catio
785 4024 963 4093 aliqua
993 4026 1210 4079 nomine
1254 4025 1370 4095 ejus
1411 4026 1462 4080 in
1494 4027 1720 4085 ecclesia
1748 4025 2140 4096 Irequentetnr.
2179 4048 2201 4082 ι
2235 4028 2454 4085 Frustra
2482 4030 2761 4087 contendit
2785 4041 2968 4086 auctor
3012 4032 3263 4087 editionis
3291 4032 3609 4089 Oxonicnsis
3662 4052 3679 4085 ι
3716 4033 3832 4088 btec
3884 4036 3945 4091 in

619 4118 763 4185 ﬁdei,
809 4118 923 4187 spei
957 4125 1011 4172 et
1037 4117 1315 4173 charitatis
1361 4128 1641 4184 tesseram,
1697 4136 1802 4175 non
1845 4130 2024 4175 autem
2067 4122 2117 4175 in
2168 4122 2466 4177 animarum
2520 4123 2840 4191 subsidium,
2871 4136 2963 4178 aut
2992 4126 3281 4197 purgatorii
3326 4126 3463 4196 ignis
3506 4127 3789 4182 ardoribus
3833 4143 3947 4184 ms-

618 4213 878 4268 tuentium
904 4211 1240 4282 refrigerium
1268 4214 1514 4282 praestita
1548 4213 1750 4281 fuisse,
1803 4215 1927 4284 quia
1976 4215 2092 4288 hmo
2122 4217 2186 4272 ad
2228 4226 2499 4289 martyres
2546 4219 2809 4288 imprimis
2850 4222 3185 4290 Spectabant.
3226 4241 3246 4274 ›
3289 4221 3434 4277 Nihil
3462 4223 3571 4293 agit
3599 4222 3945 4296 hoemarty-

617 4320 736 4360 rum
775 4305 1113 4375 exemplum;
1150 4318 1262 4359 non
1290 4304 1618 4361 oﬂerebatur
1662 4307 1981 4362 sacriﬁcium
2015 4325 2111 4379 pro
2135 4307 2372 4380 peccatis
2413 4314 2961 4383 martyrum,'quippe
2990 4330 3112 4369 cum
3140 4316 3391 4372 omnibus
3415 4316 3755 4387 explorMum
3784 4328 3944 4375 esset

600 4411 710 4453 .eos
749 4397 804 4453 in
835 4397 973 4454 colo
998 4392 1171 4453 Deum
1194 4396 1396 4455 videre.
1424 4396 1787 4464 Quamobrem
1838 4417 1945 4456 non
1986 4402 2174 4457 eodem
2204 4403 2324 4458 loco
2369 4404 2783 4461 nominabantur
2827 4422 2888 4462 ac
2926 4404 3018 4462 alii
3057 4408 3110 4462 in
3142 4408 3403 4465 Ecclesia:
3453 4426 3582 4481 pace
3610 4412 3843 4479 mortui;
3879 4423 3940 4470 et

599 4490 755 4560 ,quod
809 4491 883 4549 ait
922 4490 1230 4562 Cyprianus
1292 4490 1347 4545 in
1396 4490 1498 4561 Ep.
1561 4508 1719 4547 xxxiv
1749 4535 1763 4559 ,
1810 4494 2072 4550 sacriﬁcia
2120 4511 2215 4565 pro
2260 4497 2368 4553 illis
2412 4497 2591 4553 offerri
2628 4499 2809 4567 solita,
2864 4501 2913 4555 id
2961 4502 3077 4571 ipse
3102 4503 3402 4573 Cyprianus
3446 4505 3679 4575 explicat
3724 4506 3777 4561 in
3820 4506 3936 4577 Ep.

610 4598 823 4649 xxxvtt,
882 4582 973 4640 ubi
1019 4584 1096 4639 ait
1142 4584 1443 4641 oblationes
1482 4594 1537 4639 et
1580 4584 1843 4640 sacrificia
1881 4604 1903 4637 ι
1960 4587 2030 4641 ob
2084 4593 2624 4646 commemoratinnes
2661 4607 2892 4647 eorum»
2943 4595 3229 4651 celebrari.
3277 4596 3395 4652 Alia
3462 4597 3568 4653 fuit
3608 4598 3744 4654 ratio
3800 4615 3937 4656 mo-

610 4680 862 4736 rientium
889 4680 942 4734 in
968 4678 1225 4735 Ecclesia:
1257 4693 1408 4754 pace.
1459 4678 1563 4734 l’ro
1609 4694 1796 4734 eorum
1851 4682 2083 4751 peccatis
2129 4682 2447 4738 sacrificium
2477 4684 2804 4741 oﬂ‘erebatur
2823 4728 2837 4753 ,
2879 4698 2940 4742 ut
2968 4688 3150 4745 videre
3175 4700 3257 4745 est
3286 4690 3342 4745 in
3369 4690 3583 4762 liturgia
3604 4708 3728 4763 qua:
3779 4689 3942 4749 catat

609 4772 703 4830 lib.
750 4788 867 4829 vnt.
907 4772 1181 4830 Constitut.
1210 4774 1414 4844 Apost.,
1445 4787 1547 4845 cap
1575 4774 1667 4840 di,
1716 4773 1807 4831 ubi
1839 4773 1956 4830 hazc
2010 4776 2259 4846 leguntur
2301 4794 2315 4830 :
2354 4797 2372 4830 ι
2399 4778 2502 4834 Pro
2527 4778 2780 4836 fratribus
2809 4784 3006 4838 nostris
3056 4784 3144 4853 qui
3174 4783 3232 4839 in
3280 4784 3503 4841 Christo
3546 4788 3940 4858 requieverunt

592 4883 860 4934 .oremus,
914 4875 973 4923 ut
1015 4868 1293 4923 hominum
1332 4881 1519 4927 amans
1558 4867 1732 4933 .Deus,
1787 4868 1878 4939 qui
1928 4868 2165 4924 ιιιιὶιιιτιιιι
2200 4867 2437 4926 defuncti
2492 4874 2767 4943 suscepit,
2812 4876 2862 4930 ei
2909 4876 3149 4931 remittat
3182 4892 3353 4933 omne
3398 4888 3690 4949 peccatum
3734 4879 3939 4937 volun-

613 4964 804 5021 larium
832 4980 896 5021 ac
925 4979 1032 5021 non
1064 4964 1422 5022 voluntarium
1454 5006 1470 5033 ,
1520 4974 1577 5023 et
1614 4965 1883 5034 propitius
1926 4966 2273 5037 clemensque
2306 4966 2476 5023 foetus
2516 4970 2742 5025 collucet
2770 4987 2892 5027 eum
2921 4972 2972 5027 in
3015 4972 3235 5042 regione
3265 4972 3497 5043 piorum,
3527 4982 3634 5030 etc.
3658 4993 3681 5027 ι

677 5056 789 5115 Nec
816 5057 1013 5113 mirum
1040 5071 1171 5113 sane
1197 5057 1367 5114 estsi
1416 5065 1627 5113 veteres
1668 5056 1970 5117 Christiani
2016 5056 2272 5115 ﬁdelibus
2305 5058 2575 5115 defunctis
2600 5063 2926 5117 sacriﬁcium
2967 5063 3305 5133 profuturum
3346 5062 3670 5133 sperabant;
3719 5063 3940 5134 quippe

596 5166 732 5210 (cum
774 5164 1088 5222 persuasum
1127 5149 1376 5206 omnibus
1429 5157 1589 5221 atque
1630 5150 1972 5220 exploratum
2022 5160 2166 5207 esset
2206 5152 2475 5221 iustorum
2528 5154 2737 5210 animas
2788 5171 2909 5226 qum
2958 5170 2995 5211 e
3032 5171 3267 5226 corpore
3308 5143 3593 5228 solvuntur
3632 5165 3936 5227 antequam

610 5254 823 5314 peccata
875 5245 1052 5302 omnia
1083 5243 1448 5313 expiaverint,
1484 5243 1658 5313 pomis
1705 5243 1847 5299 afﬁci
1897 5244 1949 5299 in
1988 5245 2160 5300 altera
2186 5245 2292 5300 vita
2359 5261 2652 5317 eorumque
2680 5246 3069 5305 beatitudinem
3113 5248 3343 5305 dilferri.
3386 5250 3524 5304 lliuc
3548 5248 3614 5304 iis
3649 5250 3939 5317 metuebat

605 5335 795 5394 Clerus
846 5338 1119 5396 Romanus
1146 5336 1238 5409 qui
1266 5345 1392 5394 ante
1428 5346 1682 5393 exactam
1736 5338 2105 5408 pmnitentiam
2154 5340 2552 5409 moriebantur,
2590 5359 2619 5395 η
2669 5341 2782 5397 Deo
2826 5341 3063 5408 sciente,
3120 5344 3290 5414 inquit
3352 5344 3526 5413 Epist.
3570 5359 3742 5409 xm,
3788 5343 3935 5414 quid

604 5430 673 5488 de
724 5432 919 5489 talibus
967 5435 1148 5501 faciat,
1178 5443 1234 5491 et
1261 5434 1491 5506 qualiter
1529 5432 1717 5504 judicii
1738 5436 1830 5491 sui
1872 5434 2111 5506 pondera
2165 5434 2454 5491 examinet.
2478 5455 2503 5489 η»
2540 5434 2818 5506 Ejusmodi
2872 5437 3120 5492 homines
3164 5438 3247 5493 sic
3283 5447 3564 5508 comparat
3611 5437 3926 5509 Cyprianus

606 5540 730 5583 eum
780 5525 851 5582 iis
876 5527 967 5597 qui
992 5528 1104 5584 vita
1134 5543 1230 5598 pro
1257 5526 1474 5587 Christo
1502 5526 1720 5597 profusa
1748 5536 1842 5582 aut
1870 5528 2062 5584 saltem
2091 5539 2276 5584 sancte
2322 5539 2512 5584 exacta
2543 5531 2865 5584 moriuntur.
2924 5549 2944 5582 ι
2992 5530 3152 5585 Aliud
3208 5539 3326 5598 est,
3359 5530 3533 5601 inquit
3560 5530 3617 5586 in
3638 5529 3813 5601 Epist.
3846 5528 3933 5586 ιιι

594 5622 683 5691 τα).
717 5620 831 5693 72),
862 5621 931 5681 ad
968 5622 1178 5678 veniam
1205 5631 1387 5690 stare,
1424 5620 1571 5678 aliud
1616 5621 1684 5677 ad
1712 5622 1936 5692 gloriam
1986 5622 2300 5693 pervenire;
2333 5621 2478 5677 aliud
2522 5622 2747 5679 missum
2794 5623 2846 5677 in
2895 5636 3169 5679 carcerem
3219 5636 3324 5678 non
3371 5623 3521 5679 exire
3576 5620 3703 5678 inde
3744 5620 3931 5678 donec

601 5715 775 5770 solvat
814 5717 1167 5771 novissimum
1192 5716 1565 5786 qttadrant‘tn,
1612 5715 1754 5768 aliud
1801 5716 1977 5770 statim
2026 5716 2146 5770 lidei
2185 5723 2241 5770 et
2268 5716 2479 5769 virtutis
2505 5716 2751 5785 accipere
2779 5715 3125 5780 mercedem;
3178 5714 3323 5770 aliud
3353 5731 3449 5785 pro
3479 5715 3718 5785 peccatis
3757 5714 3935 5784 longo

600 5805 785 5865 dolore
836 5808 1130 5867 cruciatum
1189 5807 1470 5863 emundari
1507 5818 1561 5865 et
1603 5807 1816 5878 purgari
1867 5807 1956 5863 diu
2012 5808 2165 5876 igne,
2195 5808 2340 5865 aliud
2392 5817 2608 5878 peccata
2641 5809 2821 5866 omnia
2868 5810 3123 5881 passione
3148 5824 3417 5883 purgasse
3461 5809 3653 5871 :aliud
3685 5807 3936 5877 denique

593 5898 838 5975 pendere
871 5899 934 5957 in
958 5900 1112 5959 diem
1134 5900 1324 5974 iudicii
1364 5899 1433 5959 ad
1454 5899 1780 5958 sententiam
1806 5900 2061 5974 tDumiui,
2087 5901 2231 5961 aliud
2282 5904 2463 5963 statim
2503 5918 2533 5961 a
2582 5905 2811 5964 Domino
2841 5904 3113 5967 coronari.
3142 5923 3165 5961 ι
3201 5902 3411 5963 inutilis
3440 5918 3668 5979 prorsus
3686 5899 3926 5979 Βιβλιιῇ
