4172 6264
221 265 308 331 '60
1708 320 1717 354 τ
1782 291 1865 346 PB

1912 282 2170 352 EFA‘rto.
3491 314 3559 370 πθ

237 405 296 450 et
347 396 586 451 editoris
637 395 961 478 Oxoniensis
1007 398 1160 455 labor
1214 400 1266 456 in
1305 402 1410 459 hoc
1461 405 1768 461 testimonio
1811 409 2098 464 eludendo.
2150 410 2302 466 Hunc
2356 427 2626 470 carcerem
2663 423 2718 470 et
2745 417 2890 487 longi
2931 419 3130 478 doloris
3178 424 3467 481 cruciatum
3501 440 3559 486 et

241 491 434 562 ignem
489 490 580 544 diu
630 504 941 562 purgantem
974 493 1295 564 detorquent
1337 499 1401 552 ad
1437 501 1804 568 pmnitcutiam
1841 504 2003 573 lapsis
2038 504 2235 573 imponi
2270 506 2480 559 solitam
2513 524 2539 560 a
2572 512 2956 566 sacerdotibus.
2993 513 3096 568 Sed
3135 517 3184 570 ιο
3217 515 3341 572 illud
3367 521 3557 576 saltem

242 582 410 637 f.-.teri
451 584 752 638 debentcx
803 584 1056 654 Cypriani
1108 589 1287 642 verbis
1314 595 1602 660 eouscqui,
1647 595 1973 662 temporales
2018 613 2202 664 pteuas
2259 598 2322 652 iis
2376 601 2755 666 persolventlas
2797 620 3080 672 superesse
3133 611 3324 678 quibus
3376 615 3568 668 remis-

242 690 322 728 sa:
370 685 504 730 sunt
541 685 775 732 :eternae.
819 677 876 729 22°
923 677 977 732 Si
1029 681 1354 748 pmnitcntia:
1407 684 1616 739 labores
1671 683 1973 756 Cyprianus
2025 687 2317 755 describit,
2372 693 2543 746 multo
2576 694 2624 748 id
2671 699 2840 764 magis
2888 699 2952 752 iis
3017 705 3265 772 congruit
3312 707 3401 775 qui
3447 719 3571 766 ante

241 783 506 825 exactum
551 771 875 840 pcenitentiae
910 787 1127 826 cursum
1171 774 1489 830 moriuntur.
1523 776 1691 832 Nemo
1723 780 1863 832 enim
1895 779 2034 833 hanc
2074 782 2381 850 Opinionem
2415 784 2636 856 afﬁnget
2675 786 2974 859 Cypriane,
3020 793 3284 862 ejusmodi
3327 797 3572 858 homines

241 880 360 919 non
393 864 464 919 ad
507 866 716 921 veniam
753 875 926 932 stare,
976 867 1070 922 sed
1116 867 1181 922 ad
1214 870 1419 924 veniam
1449 873 1761 940 pervenire;
1816 889 1920 927 non
1961 875 2096 928 mitti
2145 878 2522 946 incarcerem,
2574 879 2745 936 donec
2789 884 3002 938 solvant
3043 888 3392 944 novissimum
3439 908 3574 962 qua-

239 957 536 1024 drantem,
586 957 681 1012 sed
722 958 900 1012 statim
929 957 1054 1013 ﬁdei
1081 966 1135 1014 et
1160 959 1376 1015 virtutis
1415 963 1661 1031 accipere
1701 964 2004 1020 mercedem
2031 982 2046 1032 ;
2079 981 2185 1021 non
2217 983 2312 1037 pro
2342 973 2574 1038 peccatis
2601 972 2759 1045 longo
2787 974 2975 1031 dolore
3004 980 3274 1038 cruciatos
3327 986 3572 1043 mundari

239 1059 303 1105 et
347 1050 568 1120 purgari
609 1049 700 1104 diu
733 1050 885 1120 igne,
945 1065 1049 1105 non
1082 1051 1318 1121 pendere
1347 1051 1402 1106 in
1433 1053 1574 1108 diem
1601 1053 1784 1122 judicii
1804 1095 1818 1119 ,
1847 1056 1942 1110 sed
1993 1059 2172 1112 statim
2204 1076 2232 1112 a
2261 1060 2494 1118 Domino
2524 1068 2792 1122 coronari.
2824 1069 2881 1124 5°
2911 1069 3209 1142 Cyprianus
3263 1092 3367 1131 non
3399 1081 3572 1139 solum

242 1121 248 1125 .
1605 1121 1613 1122 ί
2829 1121 2848 1124 _
2923 1121 3208 1142 Ἰνὼ---
3263 1121 3367 1131 ..-η
3399 1121 3572 1139 πω...

243 1155 528 1217 martyres
551 1161 669 1200 cum
691 1146 874 1215 lapsis,
907 1145 1001 1209 sed
1030 1147 1188 1200 etiam
1213 1147 1445 1218 virgines
1467 1163 1590 1203 cum
1619 1149 1881 1207 adulteris
1911 1165 2206 1224 comparat.
2242 1157 2467 1213 Dubium
2501 1177 2607 1217 non
2637 1175 2719 1219 est
2744 1166 2870 1236 quin
2899 1168 2965 1222 de
2993 1173 3314 1242 martyribus
3329 1185 3384 1231 et
3415 1179 3574 1251 virgi-

243 1239 412 1294 nibus
467 1240 695 1295 mortuis
739 1239 1014 1308 loquatur,
1064 1254 1186 1294 cum
1234 1255 1488 1296 coronam
1519 1242 1621 1296 illis
1659 1245 1836 1297 statim
1878 1244 2066 1299 donari
2117 1251 2442 1316 pronuntiat.
2478 1252 2584 1308 Cttr
2623 1271 2750 1327 ergo
2781 1275 2904 1313 eum
2931 1260 2997 1315 de
3023 1265 3396 1333 pmnitentium
3429 1239 3570 1328 ειςῖιιι

241 1332 297 1385 in
332 1331 436 1387 hac
467 1339 675 1385 tantum
719 1335 825 1385 vita
865 1330 1097 1386 locutum
1147 1331 1466 1387 credamus?
1498 1333 1757 1390 Praeclara
1786 1352 1915 1393 sane
1945 1336 2088 1395 esset
2116 1351 2275 1412 atque
2301 1347 2512 1416 egregia
2540 1353 2904 1421 comparatio,
2939 1330 3203 1427 martyres
3250 1372 3304 1418 et
3339 1365 3571 1435 virgines

237 1438 371 1478 eum
399 1423 706 1478 idololatris
732 1432 785 1477 ct
825 1421 1110 1479 adulteriS'
1131 1424 1183 1478 in
1214 1425 1313 1479 hoe
1355 1424 1633 1493 conferre,
1666 1428 1805 1496 quod
1839 1431 1992 1498 primi
2023 1432 2205 1487 statim
2244 1435 2296 1488 in
2343 1437 2508 1493 altera
2542 1442 2648 1495 vita
2693 1458 3050 1517 coronentur,
3079 1421 3389 1521 postremis
3420 1421 3570 1519 vvere

239 1519 585 1590 mitentia:
613 1517 762 1572 labor
785 1517 837 1570 in
890 1516 988 1571 hac
1023 1515 1132 1570 vita
1164 1517 1472 1572 subeundus
1503 1520 1590 1572 sit.
1634 1520 1737 1574 Sed
1778 1524 1818 1575 si
1852 1523 1937 1576 isti
1997 1525 2294 1583 idolol-itrae
2324 1539 2378 1584 et
2423 1532 2652 1590 adulteri
2684 1549 2803 1606 post
2829 1515 3134 1602 inchontam
3198 1554 3569 1619 paenitentiam

243 1614 587 1678 moriantur,
637 1627 702 1664 an
737 1610 952 1676 statim,
1007 1620 1064 1664 ut
1111 1623 1374 1681 martyres
1417 1620 1474 1665 ct
1515 1612 1777 1682 virgines,
1836 1617 2136 1670 mercedem
2165 1631 2216 1672 et
2245 1635 2497 1677 coronam
2545 1627 2837 1697 accipient,
2886 1643 2940 1688 et
2969 1648 3187 1704 peceata
3220 1646 3400 1699 omnia
3453 1664 3570 1718 pce-

237 1706 471 1760 nitentia
530 1718 783 1774 purgasse
814 1702 1171 1756 videbuntur?
1215 1702 1346 1768 Quis
1376 1721 1478 1756 non
1511 1704 1653 1758 videt
1681 1706 1975 1760 institutam
2007 1725 2035 1761 a
2069 1711 2336 1781 Cypriauo
2374 1722 2835 1785 Comparationum
2863 1727 2929 1779 ad
2958 1702 3188 1788 futuram
3219 1702 3561 1803 potissimum

250 1806 412 1857 vitam
465 1799 698 1856 referri?
744 1797 938 1869 quippe.
982 1805 1102 1852 cum
1137 1797 1187 1850 in
1221 1799 1319 1852 hac
1344 1798 1445 1851 vita
1480 1800 1850 1867 ptenitcntium
1878 1803 2113 1858 laborem
2167 1823 2336 1862 sacra:
2369 1811 2632 1879 virgines,
2665 1831 2888 1884 quarum
2911 1832 3028 1876 erat
3053 1837 3324 1884 austerum
3359 1834 3570 1892 vivendi

241 1914 448 1967 genus,
494 1897 872 1966 adaequarent,
917 1907 1183 1966 martyres
1215 1909 1342 1948 vero
1369 1896 1526 1966 longe
1555 1908 1894 1965 superarent.
1959 1900 2017 1954 li"
2046 1901 2178 1956 Illud
2215 1923 2233 1952 ‹
2256 1906 2492 1973 pendere
2525 1909 2576 1962 in
2603 1909 2749 1964 diem
2792 1914 2980 1982 judicii
3001 1937 3021 1970 ι
3061 1922 3215 1978 valde
3245 1929 3568 1987 adversariis

243 1991 561 2043 molestum.
605 1988 800 2042 Putant
853 1987 1102 2044 Nicolaus
1131 1987 1300 2042 Faber
1330 1998 1383 2042 et
1412 1987 1672 2057 iiigaltius
1715 1990 2100 2048 beatitudinem
2147 1996 2415 2060 justorum
2447 2016 2475 2054 a
2505 2001 2774 2072 Cypriane
2811 2008 2867 2064 in
2911 2010 3052 2066 diem
3074 2015 3292 2085 judicii,
3325 2026 3565 2092 exceptis

243 2082 612 2152 martyribus,
661 2080 884 2135 dili'erri.
935 2081 1038 2135 Sed
1073 2080 1186 2135 haec
1216 2081 1395 2150 opinio
1417 2082 1599 2152 aliingi
1625 2083 1892 2154 Cypriane
1923 2103 2026 2140 non
2059 2098 2264 2158 potest,
2314 2093 2399 2161 qui
2433 2093 2534 2149 hoc
2571 2097 2726 2164 loco,
2769 2111 2824 2155 ut
2846 2104 2954 2171 jam
2989 2108 3300 2179 observavi,
3336 2133 3442 2172 non
3462 2080 3566 2176 ‘50-.

244 2174 350 2228 lum
393 2174 466 2228 de
498 2175 859 2245 martyribus,
887 2173 979 2228 sed
1022 2176 1181 2228 etiam
1215 2173 1281 2227 de
1313 2174 1604 2244 virginibus
1638 2176 1892 2246 loquitur.
1938 2178 2094 2250 Stepe
2123 2183 2254 2238 alias
2304 2185 2491 2253 docet,
2537 2193 2807 2261 prtecipue
2837 2214 2961 2253 vero
2989 2201 3040 2256 in
3092 2205 3231 2260 libro
3261 2209 3324 2263 de
3357 2210 3566 2269 Morta-

249 2270 420 2332 Iitate,
473 2284 584 2322 non
634 2269 805 2322 solum
843 2278 1135 2339 martyres,
1183 2268 1276 2323 sed
1317 2268 1453 2323 alios
1481 2270 1638 2324 etiam
1694 2281 1939 2337 sanctos,
1989 2288 2110 2327 cum
2151 2291 2213 2329 ex
2259 2279 2356 2332 hac
2398 2280 2501 2334 vita
2551 2281 2843 2354 decedunt,
2883 2306 3004 2347 cum
3061 2295 3275 2352 Christo
3325 2301 3566 2373 incipere

241 2379 514 2434 regnare;
546 2363 781 2434 virgines
808 2372 863 2416 ct
893 2376 1087 2432 pueros
1117 2361 1186 2416 ad
1223 2362 1567 2417 continentia:
1609 2362 1669 2418 cf
1709 2363 2031 2421 innocentia:
2062 2371 2338 2436 praemium
2373 2371 2599 2430 feliciter
2649 2384 2958 2450 pervenire,
3012 2387 3184 2458 justus,
3219 2391 3285 2446 ad
3334 2361 3562 2466 rcfl:ige_

247 2460 382 2513 rium
429 2459 644 2513 vocari.
693 2456 829 2512 Illud
859 2472 989 2528 ergo
1017 2457 1381 2511 testimonium
1440 2456 1509 2512 de
1549 2474 1653 2528 quo
1683 2475 1821 2514 nunc
1843 2459 2081 2531 agimus,
2111 2463 2177 2517 ad
2229 2480 2322 2519 eos
2355 2466 2542 2522 referri
2586 2471 2744 2528 debet
2797 2492 2932 2546 quos
2977 2493 3100 2536 ante
3127 2483 3338 2552 plenam
3387 2490 3562 2558 pruni-

247 2552 468 2605 tentiam
507 2558 750 2604 mortuos
777 2549 828 2602 in
855 2549 997 2604 diem
1036 2548 1220 2619 indicii
1261 2550 1525 2620 generalis
1571 2553 1837 2608 reservari
1869 2555 2142 2609 cxisumat
2189 2556 2508 2628 Cyprianus.
2543 2562 2654 2619 Nec
2697 2568 2893 2624 mirum
2921 2572 2964 2627 si
2993 2575 3258 2644 ejusmodi
3285 2580 3564 2641 hominum

245 2645 632 2701 beatitudinem
661 2659 834 2715 usque
865 2645 930 2698 ad
981 2645 1082 2699 hoc
1121 2655 1332 2714 tempus
1369 2645 1610 2709 diﬂ‘erat;
1659 2663 1778 2701 cum
1814 2653 1956 2704 enim
1989 2651 2189 2707 instare
2219 2655 2468 2710 crederet
2517 2657 2806 2717 adventum
2851 2665 3094 2736 Domini,
3149 2675 3408 2742 temporis
3433 2691 3562 2745 δρα.

245 2740 377 2792 tium
421 2739 568 2807 iusto
599 2737 813 2808 longius
851 2752 957 2791 non
1001 2746 1208 2806 poterat
1238 2737 1420 2792 videri.
1467 2739 1636 2793 Porro
1677 2737 1930 2810 Cypriani
1964 2745 2228 2799 sententia
2261 2746 2383 2802 inde
2413 2751 2573 2806 etiam
2608 2753 2905 2812 illustratur
2934 2800 2949 2824 ,
2995 2761 3142 2832 quod
3181 2765 3235 2818 in
3259 2737 3351 2823 die
3372 2737 3564 2838 judicii

241 2845 546 2904 martyrum
591 2833 779 2886 merita
828 2830 1071 2901 pluribus
1121 2831 1173 2884 in
1208 2830 1348 2888 hunc
1383 2832 1525 2886 diem
1575 2834 1926 2901 pendentibus
1973 2836 2245 2904 profutura
2279 2841 2549 2899 declaret:
2590 2847 2912 2907 (Credimus
2961 2830 3245 2927 quidem,»
3301 2830 3478 2935 inquit
3510 2867 3561 2921 in

241 2924 394 2980 libro
423 2927 488 2979 de
517 2924 688 2994 Lapsis
723 2924 867 2997 (pag.
917 2923 1069 2994 187),
1123 2943 1140 2975 ι
1167 2939 1324 3007 posse
1362 2926 1500 2994 apud
1526 2925 1758 2994 judicent
1791 2927 2075 2996 plurimum
2110 2944 2402 3004 martyrum
2441 2940 2626 2995 merita
2673 2954 2725 2997 et
2747 2960 2909 3013 Opera
2948 2923 3250 3018 justorum,
3298 2923 3396 3010 sed
3440 2975 3564 3018 cum

237 3017 437 3087 iudicii
465 3017 579 3072 dies
605 3016 850 3082 venerit,
881 3030 1002 3071 cum
1036 3024 1156 3084 post
1182 3031 1432 3071 occa-sunt
1465 3018 1644 3071 saeculi
1675 3018 1833 3085 hujus
1863 3032 1917 3073 et
1945 3022 2124 3075 mundi
2155 3035 2278 3078 ante
2324 3026 2552 3084 tribunal
2583 3030 2780 3088 Christi
2811 3016 3034 3106 populus
3060 3042 3176 3111 ejus
3202 3016 3498 3102 adsisterit.
3527 3069 3548 3108 ι

248 3113 423 3184 Atque
471 3115 585 3167 htec
619 3111 836 3181 quidem
879 3111 948 3165 de
985 3110 1049 3164 iis
1077 3115 1165 3180 qui
1193 3125 1312 3165 sese
1343 3110 1394 3164 iu
1446 3111 1682 3165 Ecclesia
1717 3112 2044 3180 ptenitentia‘:
2075 3117 2425 3184 submittunt;
2474 3123 2561 3189 qui
2589 3133 2766 3179 autem
2800 3138 2949 3185 extra
2999 3110 3291 3191 Ecclesiam
3319 3142 3564 3197 moriun-

247 3217 364 3275 tur,
395 3221 495 3262 eos
512 3204 816 3276 Cyprianus
842 3203 1107 3268 declarat,
1155 3203 1362 3256 etiamsi
1411 3218 1505 3272 pro
1536 3204 1750 3258 nomine
1778 3206 1940 3259 occisi
1991 3209 2128 3270 sint,
2161 3225 2450 3280 numquam
2483 3213 2547 3268 ad
2582 3215 2961 3288 indulgentiam
2993 3225 3110 3280 aliis
3140 3230 3191 3282 in
3222 3231 3341 3285 sinu
3371 3233 3565 3290 Eccle-

247 3301 340 3356 sia:
381 3298 745 3355 Inorientibus
795 3297 1112 3365 promissam
1143 3303 1518 3365 perventuros.
1559 3315 1578 3346 ς
1612 3295 1677 3349 Et.
1703 3297 1822 3367 quia
1860 3297 2002 3368 apud
2030 3298 2234 3354 inferos
2271 3303 2540 3360 Confessio
2569 3325 2674 3362 non
2705 3321 2817 3374 cst,
2869 3315 3037 3386 inquit
3070 3319 3119 3372 in
3158 3321 3344 3376 eadem
3390 3327 3560 3397 lipist.

250 3409 346 3458 ut,
403 3407 510 3447 nec
569 3388 966 3457 exomologesis
1012 3387 1120 3441 illic
1167 3386 1280 3442 tieri
1339 3395 1548 3456 potest,
1582 3389 1689 3456 {qui
1744 3404 1809 3443 ex
1866 3397 1976 3444 toto
2041 3392 2203 3447 corde
2257 3396 2601 3464 pteuitueriut
2667 3412 2720 3458 ct
2774 3410 3078 3477 rogaret-int
3134 3414 3184 3468 in
3257 3386 3558 3479 Ecclesium

243 3487 444 3542 debent
487 3482 720 3538 interius
758 3480 956 3550 suscipi
993 3489 1048 3534 et
1075 3479 1128 3534 in
1170 3480 1281 3549 ipsa
1313 3479 1537 3534 Domino
1561 3481 1847 3549 reservari,
1894 3483 2008 3552 qui,
2043 3485 2107 3539 ad
2140 3486 2434 3542 Eccleriam
2490 3507 2639 3548 suam
2673 3507 2960 3568 venturus,
2996 3503 3064 3558 de
3091 3505 3191 3562 illis
3220 3511 3401 3580 utique
3430 3529 3565 3582 quos

252 3583 300 3637 in
342 3599 406 3638 ea
449 3586 599 3638 intus
641 3579 934 3645 invenerit,
965 3579 1244 3649 judicabit.
1277 3579 1550 3648 Apostatze
1587 3593 1712 3633 vero
1754 3587 1808 3632 et
1840 3577 2146 3635 desertores
2176 3589 2229 3636 et
2272 3583 2568 3639 adversarii
2615 3598 2666 3641 et
2709 3589 2889 3646 hostes
2941 3605 2993 3649 ct
3037 3594 3234 3654 Christi
3264 3577 3563 3664 ECClcs-iattl

240 3681 614 3750 dissimules,
666 3695 766 3735 nec
811 3666 870 3734 si.
906 3678 1067 3734 occisi
1121 3695 1214 3747 pro
1259 3676 1476 3731 nomine
1504 3673 1734 3738 fuerint,
1779 3673 1988 3728 admitti
2032 3676 2326 3730 secundum
2357 3680 2675 3748 Apostolum
2711 3696 2932 3751 possunt
2961 3688 3027 3742 ad
3058 3692 3310 3748 Ecclesia:
3350 3714 3563 3768 pacem,

245 3773 462 3842 quando
517 3787 618 3828 nec
653 3772 886 3842 Spiritus
941 3785 1041 3825 nec
1093 3769 1349 3824 Ecclesiae
1397 3775 1684 3823 tenuerunt
1728 3766 2007 3820 unitatem.
2037 3786 2058 3818 ›
2116 3767 2307 3822 Merito
2351 3781 2511 3848 negat
2559 3771 2859 3843 Cyprianus
2905 3783 3311 3854 exomologesin
3361 3807 3479 3859 qua:

249 3864 348 3920 hc
369 3866 484 3919 vita
534 3864 924 3935 prmscribitur,
981 3863 1031 3916 in
1057 3861 1224 3916 altera
1261 3860 1440 3930 perlici
1485 3873 1667 3929 posse.
1715 3857 1818 3913 Sed
1876 3860 2214 3932 perspicuum
2265 3870 2347 3916 est
2377 3863 2442 3917 ab
2475 3880 2538 3918 eo
2585 3870 2797 3937 agnosci
2852 3871 3235 3945 indulgentiam
3278 3886 3564 3951 quamdam

250 3968 302 4012 et
348 3973 573 4026 pacem,
617 3972 734 4026 qua:
778 3955 1133 4014 schismaticis
1180 3963 1234 4008 et
1283 3953 1549 4007 lucreticis
1591 3963 1743 4006 extra
1791 3952 2082 4006 Ecclesiam
2137 3956 2392 4020 mortuis,
2437 3957 2667 4012 etiamsi-
2703 3977 2799 4030 pro
2845 3968 3060 4024 nomine
3106 3973 3270 4029 occisi
3327 3979 3559 4058 fuerint,

247 4050 516 4120 praeclusa
541 4057 605 4104 et
641 4049 938 4118 denegata,
977 4046 1095 4100 aliis
1145 4047 1196 4100 in
1227 4045 1468 4102 Ecclesia
1508 4046 1738 4102 mortuis
1789 4055 1842 4101 et
1871 4047 1923 4100 in
1965 4048 2253 4103 adventum
2303 4051 2512 4106 Domini
2543 4060 2831 4112 reservatis
2858 4064 3205 4123 concedetur.
3540 4045 3566 4114 ’.

321 4143 402 4197 Ex
445 4143 535 4196 his
581 4151 725 4212 patet
766 4141 1198 4197 communionem
1231 4139 1378 4194 illam
1441 4154 1597 4209 quam
1631 4138 1869 4193 Ecclesia
1915 4139 2174 4195 catholica
2213 4157 2336 4196 cum
2381 4146 2579 4202 sanctis
2640 4160 2695 4204 ct
2745 4157 3066 4225 martyribus
3122 4169 3177 4215 et
3236 4178 3355 4219 cum
3401 4167 3561 4238 jttslis

247 4247 376 4294 ante
407 4238 623 4308 plenam
673 4237 1039 4307 pmaitentiam
1071 4236 1296 4291 mortuis
1339 4236 1514 4302 fovet,
1572 4251 1675 4290 non
1721 4251 1918 4291 novum
1949 4252 2069 4292 esse
2098 4250 2494 4307 eommcntum,
2528 4245 2623 4300 sed
2672 4247 2862 4316 dogma
2905 4252 3090 4320 primis
3132 4259 3348 4320 saeculis
3379 4276 3563 4333 uotum

249 4343 306 4386 et
335 4331 623 4388 credituri).
667 4330 776 4387 Nec
817 4331 1012 4385 mirum
1044 4331 1085 4383 si
1109 4330 1229 4384 .lttttc
1259 4328 1576 4383 ‘connnuuio
1621 4328 1702 4381 bis
1734 4345 1838 4383 nou
1882 4329 2057 4400 placet
2084 4333 2171 4400 qui
2203 4333 2269 4387 ab
2317 4337 2518 4393 unitate
2561 4338 2820 4397 Ecclesia:
2878 4344 3282 4419 discesserunt;-
3328 4357 3421 4410 sed
3453 4359 3563 4430 Cy-

251 4427 507 4497 primus,
553 4425 710 4496 cujus
753 4425 895 4480 inter
923 4425 1218 4493 praecipuas
1249 4424 1471 4477 virtutes
1495 4422 1688 4476 enituit
1718 4423 1934 4476 unitatis
1965 4439 2117 4478 amor
2137 4465 2151 4490 ,
2190 4438 2382 4494 pneter
2410 4445 2471 4482 ea
2515 4448 2631 4501 qua:
2666 4435 2733 4489 ab
2765 4436 2852 4489 illo
2883 4439 2932 4492 in
2965 4439 3224 4498 honorem
3262 4422 3561 4520 martyrum

247 4522 472 4574 decreta
501 4519 819 4583 retulimus,
865 4517 1076 4572 duobus
1102 4517 1223 4572 aliis
1268 4517 1320 4570 in
1370 4517 1501 4570 locis
1550 4526 1774 4571 testatur
1811 4528 2160 4586 quamarcta
2207 4520 2503 4578 intercedat
2549 4527 2803 4584 Ecclesiae
2840 4538 3090 4602 praesenti
3117 4554 3236 4593 cum
3282 4517 3482 4600 sanctis
3510 4559 3566 4604 et

249 4611 588 4682 martyribus
626 4608 982 4667 necessitudo.
1035 4608 1250 4663 Primus
1301 4615 1476 4662 exstat
1523 4608 1572 4661 iu
1605 4607 1742 4662 libro
1781 4608 1843 4661 de
1875 4607 2015 4662 Hal).
2053 4608 2220 4682 νίν-9.,
2270 4630 2429 4684 quem
2473 4618 2551 4672 sic
2595 4622 2867 4679 concludit
2916 4627 3246 4697 Cyprianus;
3291 4653 3309 4686 ε
3335 4635 3565 4699 Tantum

245 4712 592 4760 mementote
619 4712 744 4758 tunc
789 4701 957 4757 nostri
1012 4717 1132 4756 cum
1181 4701 1399 4769 incipiet
1431 4701 1481 4753 in
1533 4701 1681 4754 vobis
1735 4701 2013 4772 virginitas
2045 4704 2367 4761 honorari.»
2425 4712 2666 4767 Alterum
2719 4719 3080 4790 testitnoaiuin
3145 4727 3338 4798 legitur
3370 4733 3422 4787 in
3462 4735 3563 4808 Ep.

249 4813 358 4852 Lvu
389 4795 462 4849 ad
491 4795 802 4858 Cornelium,
848 4809 1006 4864 quem
1051 4794 1129 4848 sic
1155 4793 1445 4862 alloquitur
1483 4790 1781 4863 Cyprianus
1821 4811 1832 4846 :
1871 4812 1891 4845 ι
1923 4794 2187 4852 Mcmores
2221 4802 2388 4855 nostri
2418 4803 2644 4859 invicem
2676 4811 2872 4878 simus,
2917 4817 3213 4874 concordes
3240 4832 3399 4895 atque
3437 4790 3568 4886 ιιιιέι..

251 4889 453 4953 nimes,
503 4888 783 4958 utrobique
813 4901 910 4956 pro
941 4885 1094 4941 nobis
1123 4900 1338 4955 semper
1387 4901 1631 4950 oremus,
1684 4903 1959 4955 pressuras
1987 4900 2041 4945 et
2063 4894 2344 4966 angustias
2372 4906 2549 4951 mutua
2592 4899 2852 4960 cbaritate
2904 4908 3206 4969 relevemus
3229 4959 3242 4984 ,
3292 4885 3345 4974 et
3373 4922 3417 4975 si
3445 4926 3566 4995 quis

251 4985 414 5040 istinc
459 4991 698 5037 nostrum
746 4981 893 5050 prior
929 4980 1124 5036 divina:
1172 4979 1495 5050 dignationis
1528 4981 1802 5035 celeritate
1835 4986 2204 5053 praecesserit,
2255 5001 2563 5057 perseveret
2602 4995 2742 5062 apud
2794 4997 3080 5058 Dominum
3113 5019 3290 5066 nostra
3322 4979 3564 5088 tlilec‘tio,

251 5091 353 5146 pro
400 5073 660 5129 fratribus
698 5082 754 5129 et
806 5072 1097 5130 sororibus
1133 5074 1330 5127 nostris
1369 5072 1509 5144 apud
1549 5072 1975 5129 misericordiam
2039 5077 2209 5134 Patris
2259 5096 2365 5136 non
2415 5096 2593 5140 cesset
2641 5091 2881 5146 oratio.»
2945 5095 3165 5155 Frustra
3216 5101 3331 5160 [nec
3389 5072 3565 5167 οαίιοιῖ

251 5166 582 5222 01mieusis
619 5165 848 5221 eludere
897 5173 1140 5220 conatur.
1178 5165 1544 5236 Virginitatem
1573 5170 1648 5221 ait
1687 5166 1927 5238 incipere
1961 5169 2230 5231 .honorari
2285 5190 2404 5230 cmn
2438 5179 2504 5233 ad
2555 5182 2908 5244 Confessiouis
2961 5190 3123 5248 decus
3153 5202 3432 5270 pervenit;
3466 5207 3564 5264 sed

245 5259 556 5332 Cyprianus
600 5259 838 5330 virgines
884 5274 1072 5315 omnes
1117 5259 1409 5329 generatim
1461 5259 1785 5329 alloquitur,
1843 5276 1948 5316 non
2003 5265 2145 5320 solas
2171 5281 2469 5340 martyres,
2529 5291 2625 5331 nec
2669 5280 2897 5353 proinde
2945 5292 3184 5359 martyrii
3221 5295 3316 5352 sed
3350 5297 3568 5371 virgini-

247 5357 672 5410 tatis-coronam
701 5353 924 5412 indicat.
959 5354 1198 5408 Alterum
1233 5354 1410 5408 locum
1436 5353 1514 5408 sic
1541 5355 1929 5422 interpretatur
1969 5355 2178 5425 Fcllus,
2239 5365 2390 5431 quasi
2439 5364 2741 5437 Cyprianus
2793 5391 2913 5430 cum
2969 5353 3219 5440 Cornelio
3265 5353 3565 5459 paciscatur

255 5458 358 5504 cut
385 5449 432 5505 is
461 5449 552 5520 qui
599 5459 874 5518 superstes
921 5446 1104 5513 fuexit,
1149 5449 1236 5502 cui
1271 5448 1320 5502 in
1354 5448 1487 5502 vivis
1535 5447 1734 5504 diutius
1773 5465 1894 5504 esse
1923 5453 2242 5522 contigerit,
2293 5462 2498 5526 precari
2519 5477 2732 5536 pergat.
2761 5487 2781 5520 ι
2817 5471 2886 5524 At
2913 5475 3194 5536 manifesta
3225 5446 3306 5540 est
3345 5491 3562 5546 cavilla-

251 5543 357 5608 tio;
408 5561 517 5600 non
572 5544 717 5600 enim
767 5541 869 5596 hoc
922 5542 1172 5611 precandi
1211 5556 1404 5596 munus
1430 5542 1494 5596 .ei
1528 5542 1868 5599 commendat
1899 5545 2229 5616 Cyprianus,
2263 5555 2350 5622 qui
2398 5571 2672 5625 superstes
2717 5562 2894 5632 fuerit,
2947 5572 3040 5626 sed
3071 5576 3156 5644 qui
3195 5598 3212 5629 ε
3239 5581 3384 5648 prior
3415 5600 3558 5654 pm.

245 5638 542 5692 cesserit.»
595 5636 703 5692 Sed
757 5634 942 5689 Fellns
972 5651 1036 5690 ex
1087 5644 1273 5689 nostra
1323 5635 1775 5704 interpretatione
1820 5642 2074 5716 consequi
2125 5655 2321 5714 negat,
2376 5658 2431 5702 ut
2477 5666 2690 5709 sanctos
2725 5657 2880 5716 liceat.
2936 5634 3162 5732 ι›ι-ρρηί.ί,
3225 5634 3561 5742 ςγρηηξηοη

235 5733 630 5790 animadvertit
671 5748 830 5802 quam
866 5733 980 5786 haec
1007 5741 1153 5786 arcte
1180 5733 1482 5787 colnercaut
1511 5747 1631 5788 cum
1662 5734 1996 5794 invocatione
2032 5751 2375 5810 sanctorum,
2425 5764 2542 5818 qua:
2593 5752 2636 5805 si
2671 5755 2858 5822 priscis
2896 5763 3104 5818 sa-eulis
3153 5765 3322 5830 ίηειςυι
3368 5789 3560 5848 super.

239 5825 476 5848 _-‘...L___:-
508 5824 722 5848 I‘l-_:-..-.
772 5825 1034 5848 ﬁniunt-..“
1091 5825 1262 5848 l.._l.:..-
1303 5825 1482 5848 (Hie)...
1585 5828 1664 5848 --οι
1724 5829 1892 5848 _,_,.!,_,
1936 5833 1971 5848 ,-
2207 5837 2216 5847 ο
2299 5839 2307 5848 .
2480 5843 2489 5848 .

239 5824 727 5886 uitiatus-Christo
772 5825 1038 5898 ittjut'iosu:
1083 5825 1268 5883 habita
1301 5825 1525 5898 fuisset,
1585 5828 1666 5884 vel
1724 5829 1896 5901 potius
1929 5833 2113 5892 sinon
2170 5837 2423 5912 viguisset
2476 5843 2530 5901 in
2572 5857 2680 5904 tota
2731 5850 2998 5928 Ecclesia,
3055 5871 3111 5918 ut
3159 5878 3277 5928 eam
3324 5824 3558 5949 ﬂagris,“

3599 5955 3640 5996 Γ
3683 5978 3692 5981 -
