4172 6264
272 332 364 391 73
1503 356 1514 370 ·
1536 334 1702 393 νιΤΑ
1747 335 1919 395 SANC

1959 338 1993 392 ἰ
2029 334 2373 395 CYPRIANI.
3535 339 3606 396 74

276 446 517 516 prianus
544 444 830 501 Dominum
860 445 1235 503 advenientem
1264 461 1484 504 sanasse
1519 468 1537 501 ι
1572 449 1657 504 illa
1697 465 1817 521 qua:
1850 450 2019 518 Adam
2046 461 2357 521 portaverat
2401 450 2617 507 vulnera
2641 490 2657 519 ,
2703 458 2756 507 et
2789 465 2991 508 venena
3031 452 3298 522 serpentis
3338 452 3552 524 antiqua
3583 473 3603 506 ι

279 552 512 593 curasse
539 536 615 606 (p.
648 535 800 607 237).
830 537 967 593 Hine
996 538 1324 607 Baptismum
1352 540 1601 597 omnibus
1627 543 1847 599 omnino
1869 544 2228 601 necessarium
2260 560 2380 601 esse
2405 544 2659 601 credebtt
2692 564 2705 601 :
2752 566 2769 597 (
2804 546 3007 602 Omnes
3050 546 3266 617 quidem
3304 566 3322 599 ι
3358 547 3529 616 inquit
3554 547 3612 601 in

280 631 432 688 libro
460 632 524 686 de
553 631 727 686 flabit.
757 633 886 704 υἷι-9.
911 631 988 705 (p.
1016 632 1162 705 180),
1206 653 1225 687 ι
1260 634 1350 705 qui
1381 636 1444 687 ad
1473 635 1709 691 divinum
1737 638 2002 692 lavacrum
2033 638 2287 708 Baptistni
2328 639 2751 695 sanctificatione
2783 639 3119 709 perveniunt,
3176 638 3451 694 hominem
3494 637 3608 691 illic

278 731 535 779 veterem
562 728 729 795 gratia
759 725 956 786 lavacri
984 728 1232 783 salutaris
1256 739 1565 798 exponunt,
1594 741 1647 785 et
1692 731 1930 786 innovati
1953 732 2153 802 Spiritu
2176 743 2363 789 sancto
2401 749 2430 787 a
2475 734 2724 790 sordibus
2765 733 3103 806 contagionis
3145 733 3379 803 antiqua:
3422 733 3615 786 iterata

282 816 570 871 nativitate
598 826 906 888 purgantur.
942 837 959 870 ι
989 818 1043 873 ιιι
1065 819 1251 889 primis
1277 829 1455 877 autem
1487 822 1810 879 catholicum
1834 825 2025 896 dogma
2052 825 2353 882 defenditur
2380 828 2431 882 in
2464 827 2722 899 Epistula,
2763 844 2851 883 th
2880 842 3039 899 quam
3081 843 3186 881 non
3214 827 3359 882 solus
3385 825 3614 896 Cypria-

281 925 419 976 nus,
451 909 547 966 sed
570 920 623 965 et
646 911 827 965 cmteri
852 912 1073 983 collega:
1097 915 1183 983 qui
1214 914 1264 968 in
1291 916 1517 971 concilio
1556 916 1840 972 adfuerunt
1872 934 2095 975 numero
2134 919 2203 975 66
2236 918 2304 975 ad
2353 919 2543 975 Fidum
2589 935 2874 988 scripsere.
2919 919 2971 974 Is
2993 919 3305 989 nescioquo
3349 916 3617 989 opinionis

282 1017 490 1058 errore
514 1003 611 1058 sibi
637 1001 865 1058 ﬁnxerat
895 1003 1126 1060 infantes
1158 1025 1177 1057 ι
1210 1006 1349 1062 intra
1380 1008 1676 1064 secundum
1712 1011 1794 1065 vel
1828 1011 2042 1066 tertium
2071 1011 2210 1067 diem
2238 1028 2342 1083 quo
2369 1012 2477 1067 nati
2505 1022 2629 1068 sunt
2672 1013 2994 1069 constitutos
3038 1013 3292 1083 baptizari
3325 1028 3429 1066 non
3461 1026 3623 1080 Opor-

278 1105 437 1161 tere,
459 1106 512 1152 et
533 1097 970 1154 considerandam
1001 1114 1123 1156 esse
1152 1100 1323 1170 legem
1352 1103 1778 1158 circnmcisionis
1804 1105 2057 1174 antiquze,
2087 1116 2141 1160 ut
2173 1106 2310 1161 intra
2342 1115 2589 1161 octavum
2619 1106 2760 1162 diem
2790 1122 2910 1162 eum
2944 1106 3032 1176 qui
3062 1115 3217 1161 natus
3242 1116 3324 1159 εει
3352 1104 3628 1173 baptizan-

286 1188 425 1245 dum
453 1201 510 1247 et
536 1189 975 1247 sanetiﬁcandum
1004 1209 1109 1249 non
1142 1203 1374 1263 putaret.
1419 1216 1437 1247 ι
1471 1195 1652 1267 Longe
1676 1196 1821 1251 aliud
1867 1197 1918 1251 in
1948 1196 2187 1253 concilio
2204 1200 2450 1253 omnibus
2491 1200 2664 1254 visum
2698 1209 2782 1255 est
2808 1242 2821 1263 ,
2870 1215 2933 1255 ac
2972 1198 3206 1255 universi
3248 1197 3627 1267 judicaverunt

294 1304 317 1337 σ
360 1286 490 1340 nulli
519 1285 715 1342 homini
745 1297 872 1343 nato
894 1287 1313 1343 misericordiam
1344 1289 1433 1344 Dei
1467 1298 1519 1344 et
1556 1289 1780 1361 gratiam
1804 1288 2196 1361 denegandam.
2240 1292 2407 1347 Porro
2445 1302 2645 1359 autem,
2688 1292 2956 1363 inquiunt,
2999 1292 3044 1347 si
3083 1293 3243 1346 etiam
3285 1289 3627 1360 gravissimis

287 1376 653 1433 delictoribus
680 1389 733 1434 et
763 1379 816 1433 in
852 1380 1019 1435 Deum
1052 1380 1277 1436 multum
1306 1391 1430 1436 ante
1460 1383 1802 1451 peccantibus
1843 1384 2067 1439 remissa
2119 1394 2455 1452 peccatorum
2505 1387 2681 1454 datur,
2735 1396 2789 1441 ct
2833 1402 2863 1440 a
2894 1385 3167 1455 Baptisnio
3218 1394 3377 1455 atque
3402 1399 3428 1436 a
3456 1383 3626 1454 gratia

288 1487 459 1526 nemo
490 1474 821 1543 prohibetur,
836 1484 1038 1544 quanto
1068 1474 1237 1546 magis
1261 1475 1533 1547 prohiberi
1550 1490 1655 1530 non
1673 1474 1833 1531 debet
1860 1475 2053 1544 infans,
2071 1477 2160 1548 qui
2184 1492 2371 1533 recens
2393 1487 2548 1532 natus
2570 1478 2701 1531 nihil
2726 1475 2986 1548 peccavit,
3020 1476 3120 1530 nisi
3149 1475 3312 1547 quod,
3332 1475 3630 1530 secundum

290 1566 470 1622 Adam
511 1568 797 1624 cirnaliter
836 1577 1010 1634 natus,
1057 1569 1364 1639 contagium
1405 1568 1593 1623 mortis
1631 1568 1865 1638 antiqua:
1903 1568 2073 1637 prima
2114 1569 2390 1624 nativitate
2427 1570 2729 1636 contraxit,
2754 1570 2843 1639 qui
2872 1567 2937 1623 ad
2970 1568 3251 1623 remissam
3280 1576 3627 1638 peccatorum

292 1662 665 1731 accipiendam
694 1661 942 1733 hocipso
979 1661 1186 1719 facilius
1212 1661 1423 1717 accedit
1456 1661 1597 1732 quod
1626 1661 1699 1715 illi
1727 1661 2071 1717 remittuntur
2133 1678 2238 1717 non
2288 1646 2648 1733 prepria'sed
2696 1660 2867 1715 aliena
2920 1670 3158 1730 peccata.
3214 1678 3232 1711 ι
3288 1658 3487 1714 Contra
3534 1672 3627 1712 su-

294 1758 461 1827 perba
483 1757 889 1828 Pelagianorum
915 1765 1240 1823 commenta,
1266 1754 1424 1811 docet
1444 1754 1744 1826 Cyprianus
1772 1754 2010 1824 pluribus
2040 1754 2170 1809 locis
2201 1768 2299 1808 nos
2325 1752 2562 1825 quotidie
2592 1766 2837 1822 peccare,
2867 1758 2925 1806 ut
2954 1751 3007 1805 in
3035 1749 3186 1805 libris
3208 1749 3270 1803 de
3300 1748 3444 1831 Orat.
3468 1748 3626 1805 Dom.

298 1864 357 1919 p.
385 1847 485 1903 2|!
517 1865 532 1915 ;
561 1850 625 1903 de
652 1848 819 1920 Opere
848 1859 895 1904 et
925 1848 1291 1920 Eleemosynis,
1323 1863 1410 1919 pp.
1441 1846 1549 1901 258
1576 1856 1631 1903 et
1658 1847 1766 1902 945
1786 1888 1800 1913 ,
1829 1857 1884 1903 et
1910 1847 1947 1902 l.
1972 1863 2051 1903 ιιι.
2083 1845 2296 1902 Testim.
2318 1889 2332 1911 ,
2360 1861 2413 1916 p.
2442 1845 2532 1902 54.

367 1939 566 1996 Christi
594 1943 819 2012 gratiam
848 1943 1148 1999 innumeris
1176 1943 1228 1997 in
1262 1942 1393 1997 locis
1420 1940 1647 1997 mirifice
1672 1940 2014 1997 commendat
2034 1939 2358 2013 Cyprianus,
2385 1939 2496 2011 qui,
2527 1955 2647 1994 cum
2669 1938 2844 1995 adhuc
2873 1939 2926 1994 in
2961 1938 3194 1995 tenebris
3224 1947 3277 1993 et
3303 1947 3460 1993 nocte
3481 1953 3626 1993 cmca

289 2037 502 2107 jaceret
523 2078 537 2099 ,
566 2036 678 2091 fieri
720 2051 827 2092 non
857 2052 1015 2108 posse
1040 2036 1293 2094 credebat
1317 2037 1459 2108 quod
1487 2037 1776 2093 Christiani
1804 2037 2107 2101 docebant,
2144 2057 2162 2089 ι
2203 2046 2261 2092 ιιι
2303 2039 2420 2107 quis
2452 2038 2661 2091 renasci
2694 2035 2870 2091 denuo
2904 2042 3104 2104 posset,
3131 2041 3317 2103 utque,
3354 2034 3405 2087 iu
3436 2046 3630 2086 novam

294 2133 458 2185 vitam
490 2131 704 2188 lavacro
725 2148 878 2202 aqth
904 2134 1150 2190 salutaris
1168 2134 1452 2201 animatus,
1484 2134 1626 2205 quod
1658 2136 1803 2206 prius
1833 2134 2006 2191 fuerat
2029 2144 2341 2205 exponeret,
2395 2143 2469 2201 et,
2518 2132 2760 2203 corporis
2784 2132 2907 2187 licet
2934 2137 3190 2184 manente
3217 2142 3496 2199 compage,
3530 2127 3632 2180 ho-

295 2222 504 2279 minem
530 2225 713 2279 animo
741 2239 804 2280 ac
841 2236 1021 2281 mente
1047 2236 1280 2281 mutaret
1310 2225 1329 2298 (
1359 2226 1459 2297 Ep.
1509 2226 1576 2279 ad
1605 2225 1802 2281 Donat.
1832 2226 1871 2299 ).
1916 2247 1934 2279 ι
1970 2226 2076 2283 Sed
2109 2227 2251 2283 hunc
2274 2242 2516 2282 errorem
2562 2224 2720 2281 simul
2764 2239 2887 2280 eum
2921 2222 3041 2278 aliis
3077 2222 3218 2276 vitiis
3264 2228 3320 2276 et
3361 2218 3637 2275 erroribus

296 2315 567 2384 deposuit,
611 2326 664 2371 et
691 2316 890 2374 Christi
920 2319 1144 2388 gratiam
1167 2335 1231 2374 eo
1254 2319 1508 2375 libentius
1561 2319 1815 2391 deinceps
1866 2320 2198 2390 praedicavit,
2232 2335 2339 2389 quo
2383 2320 2706 2390 pertinacius
2735 2319 3014 2387 rejecerat.
3048 2315 3230 2371 Videri
3265 2322 3491 2385 possunt
3514 2328 3635 2383 qua:

296 2412 351 2467 in
378 2412 523 2469 hanc
545 2417 865 2470 sententiam
887 2414 1098 2471 disserit
1118 2416 1168 2471 in
1189 2416 1420 2488 Epistola
1444 2418 1513 2471 ad
1537 2417 1815 2475 Donatum.
1845 2418 2047 2474 Probat
2074 2420 2129 2474 in
2158 2418 2375 2474 Exliort.
2408 2427 2557 2473 mart.
2594 2416 2671 2489 (p.
2698 2413 2845 2486 167),
2864 2431 2933 2470 ex
2965 2412 3202 2484 pluribus
3215 2409 3634 2479 Scriptnrsetes-

301 2504 541 2566 nummis
573 2526 592 2558 ι
628 2506 890 2563 timendas
913 2525 1018 2566 non
1045 2525 1165 2565 esse
1188 2509 1407 2580 injurias
1434 2520 1485 2566 et
1506 2527 1690 2583 ptenas
1716 2514 2168 2583 persecutionum,
2187 2514 2310 2584 quia
2338 2513 2509 2584 major
2535 2522 2619 2567 est
2650 2510 2906 2566 Dominus
2948 2507 3016 2565 ad
3044 2503 3427 2577 protegendum
3473 2518 3636 2573 quam

301 2597 550 2653 diabolus
575 2599 642 2654 ad
673 2600 1114 2672 impugnandum.
1146 2621 1164 2653 ι
1201 2601 1324 2656 Vid.
1383 2619 1470 2674 pp.
1523 2602 1651 2670 262,
1703 2604 1810 2660 268
1840 2647 1854 2674 ,
1885 2604 2012 2662 273.
2043 2606 2100 2660 In
2124 2606 2222 2676 Ep.
2274 2623 2328 2661 ix
2366 2614 2632 2677 martyres
2670 2603 2917 2659 hortatur
2945 2601 3011 2657 ad
3041 2597 3418 2663 constantiam,
3457 2614 3474 2646 ι
3511 2597 3638 2666 quia

300 2693 469 2765 major
493 2703 566 2747 est
595 2693 757 2761 quiin
796 2694 938 2749 nobis
969 2711 1120 2764 quam
1166 2695 1253 2765 qui
1301 2695 1354 2749 in
1399 2696 1491 2750 lioc
1522 2696 1734 2761 munda,
1767 2712 1866 2753 nec
1892 2699 2014 2769 plus
2039 2697 2106 2753 ad
2145 2694 2512 2769 dejiciendum
2549 2704 2729 2767 potest
2777 2704 2987 2755 terrena
3033 2705 3188 2762 PCBN
3231 2704 3388 2757 (Ιυίιιιι
3443 2685 3510 2741 ad
3538 2687 3646 2740 οΐῖυ

304 2784 536 2855 gendum
566 2784 727 2841 tutela
749 2783 950 2840 divina.
984 2806 1001 2837 ι
1034 2786 1193 2841 Plura
1220 2787 1341 2843 vide
1383 2788 1433 2842 in
1460 2788 1646 2846 eadem
1668 2766 1911 2859 epistola-
1932 2798 1986 2844 et
2025 2791 2075 2844 in
2118 2766 2225 2860 Ep.
2250 2805 2319 2846 Lv
2348 2792 2427 2860 (p.
2475 2766 2586 2862 8'8).
2613 2789 2729 2845 Huc
2790 2786 2980 2842 referri
3020 2792 3244 2856 possunt
3274 2781 3496 2851 plurima
3533 2780 3641 2834 alia

301 2878 562 2950 Cypriani
592 2879 850 2950 principia
875 2898 890 2947 ;
920 2880 1062 2935 velut
1084 2896 1204 2936 eum
1234 2881 1391 2937 ducet
1419 2882 1699 2937 victoriam
1730 2897 1761 2937 ιι
1791 2883 1900 2938 Deo
1927 2882 2041 2938 dari
2070 2881 2147 2955 (p.
2181 2882 2291 2950 79);
2339 2883 2507 2938 Deum
2554 2883 2787 2936 victores
2815 2896 2910 2935 sua
2937 2877 3242 2947 dignatione
3268 2873 3444 2927 facere
3469 2871 3633 2943 ([62,

308 2970 489 3040 283);
523 2971 676 3026 Deum
720 2988 1069 3029 remunerare
1115 2974 1166 3028 in
1220 2974 1374 3029 nobis
1400 2974 1656 3045 quidquid
1690 2974 1805 3045 ipse
1831 2974 2099 3045 prmsmit,
2130 2974 2397 3031 honorare
2434 2975 2575 3045 quod
2605 2975 2719 3045 ipse
2747 2973 2868 3028 fecit
2890 2968 3065 3044 (169);
3095 2979 3334 3024 nostrum
3362 2965 3495 3020 nihil
3520 2979 3644 3019 esse

308 3060 491 3133 (305);
519 3063 785 3119 neminem
813 3063 915 3118 sibi
942 3064 1227 3136 quidquam
1256 3080 1531 3121 assumere
1556 3065 1754 3121 debere
1786 3064 1958 3139 (212);
1987 3076 2154 3122 totum
2188 3068 2296 3123 Deo
2324 3066 2559 3121 dandum
2596 3064 2804 3139 (fbid.).
2840 3060 3183 3118 Evolvendus
3215 3060 3265 3113 in
3296 3057 3483 3128 primis
3505 3057 3642 3112 liber

308 3156 371 3210 de
402 3155 551 3210 Orat.
589 3155 768 3225 Dom,
802 3157 895 3213 ubi
921 3157 1079 3214 docet
1105 3159 1367 3215 orandum
1399 3170 1456 3215 ut
1494 3159 1580 3215 fiat
1619 3161 1670 3215 in
1711 3160 1867 3216 nobis
1900 3161 2146 3216 voluntas
2180 3161 2295 3226 Dei,
2328 3169 2385 3215 ut
2416 3159 2511 3214 Dei
2538 3158 2783 3213 voluntas
2810 3156 2903 3210 ﬁat
2933 3156 2987 3209 in
3012 3148 3239 3224 corpore
3264 3162 3318 3207 et
3338 3150 3551 3222 Spiritu,
3582 3156 3641 3204 ut

310 3246 487 3303 facere
511 3249 783 3319 possimus
825 3249 968 3320 quod
1000 3250 1143 3307 Deus
1178 3253 1333 3319 vult;
1372 3263 1425 3307 ut
1453 3253 1503 3307 in
1542 3252 1649 3308 illis
1677 3269 1786 3309 non
1814 3253 2159 3310 credentibus
2189 3254 2282 3308 fiat
2307 3252 2552 3307 voluntas
2583 3251 2716 3318 Dei,
2756 3246 3202 3320 quemadmodum
3251 3247 3303 3300 in
3347 3243 3503 3299 nobis
3549 3258 3645 3314 per

312 3341 480 3399 ﬁdem
506 3352 749 3399 nostram
778 3344 1021 3400 voluntas
1044 3344 1140 3401 Dei
1170 3345 1307 3401 facta
1331 3354 1433 3427 est;
1463 3361 1597 3417 Opus
1618 3347 1760 3402 enim
1784 3362 1905 3403 esse
1928 3347 2021 3403 Dei
2049 3346 2323 3403 voluntate
2353 3354 2411 3401 ut
2438 3344 2490 3400 in
2533 3342 2687 3399 nobis
2740 3341 2835 3396 liat
2878 3341 3127 3398 voluntas
3174 3338 3264 3392 Dei
3296 3354 3309 3403 ;
3353 3345 3412 3391 ut
3453 3336 3541 3406 qni
3585 3336 3644 3389 in

314 3435 589 3508 Baptismo
607 3438 924 3494 sanetitieati
950 3453 1155 3509 sumus,
1184 3439 1237 3495 in
1263 3424 1337 3496 eo
1355 3440 1497 3511 quod
1524 3456 1644 3497 esse
1670 3442 1931 3513 ccepimus
1956 3454 2404 3513 perseveremus;
2432 3446 2493 3494 ut
2512 3433 2860 3495 sanctificatio
2882 3443 2937 3491 et
2972 3431 3256 3489 vivificatio
3292 3445 3412 3497 qua:
3437 3427 3504 3483 de
3537 3424 3631 3482 Dei

312 3531 484 3603 gratia
510 3532 763 3600 sumitur,
792 3532 959 3604 ipsius
982 3533 1308 3605 perfectione
1335 3542 1599 3590 servetur.
2942 3540 2945 3545 “

857 3702 1082 3716 υ--ιφν

321 3693 3625 3759 W

1739 3891 2219 4043 VITA

915 4192 1795 4360 SANCTI
1898 4182 3038 4359 CYPRIANI
3072 4308 3123 4373 ,

586 4550 891 4630 CUBA
958 4552 1066 4626 D.
1113 4551 1734 4650 PRUDENTII
1786 4550 2190 4627 MARAN

1706 4552 1734 4625 Ι
1786 4550 2190 4627 ΜΑΒΑΝ
2241 4550 2345 4626 0.
2398 4549 2489 4627 S.
2551 4551 2654 4623 B.
2692 4542 3353 4624 ADOBNATA.‘

921 4763 1926 4810 —-———-—-——-—--—-—.*a

2006 4765 3010 4809 μου

1938 4765 2001 4814 δέ

396 4932 628 5014 meson
674 4956 982 5013 christianos
1047 4955 1321 5029 religionis
1362 4954 1540 5010 lumen
1581 4948 1880 5024 Cyprianus
1907 4988 1921 5012 ,
2038 4946 2370 5019 propositum
2418 4946 2497 5001 sic
2543 4943 2612 5002 de
2671 4945 2927 5018 Cypriani
2978 4944 3141 5003 rebus
3189 4944 3491 5012 disserere,
3533 4942 3630 5002 sed

327 5051 587 5122 quamdiu
632 5052 687 5107 in
714 5038 956 5109 Ecclesia
987 5051 1191 5118 micuit,
1222 5065 1412 5122 magna
1436 5064 1558 5120 pars
1611 5046 1705 5100 fuit
1745 5058 1931 5100 earum
2045 5047 2246 5094 tantum
2269 5053 2361 5095 eas
2387 5036 2579 5094 ordine
2609 5038 2880 5109 explicare
2903 5079 2918 5103 ,
2954 5052 3019 5093 ac
3070 5038 3187 5110 ipsa
3229 5038 3390 5094 etiam
3440 5039 3636 5107 scripta

330 5157 503 5200 rerum
533 5160 655 5216 qu:e
679 5155 805 5201 tunc
823 5154 991 5217 gesta:
1018 5144 1250 5201 fuerunt.
1281 5142 1642 5211 Quamobrem
1671 5135 1929 5209 suppedi-
2043 5133 2372 5206 temporibus
2409 5141 2620 5190 notare.
2645 5132 2778 5189 Nam
2805 5176 2820 5201 ,
2867 5148 2987 5189 cum
3019 5132 3135 5189 huic
3158 5132 3489 5189 elucubratio
3509 5147 3642 5187 con-

332 5243 407 5291 tat
453 5237 570 5308 ejus
614 5239 723 5294 vita
769 5238 1153 5308 amplissimam
1203 5234 1503 5291 disserendi
1549 5239 1809 5304 segetem,
1870 5244 1935 5285 ac
2035 5228 2221 5299 juncte
2258 5242 2379 5282 cum
2430 5228 2601 5284 sancti
2633 5227 2882 5300 Martyris
2919 5228 3132 5299 scriptis
3161 5226 3401 5299 prodeat,
3447 5240 3641 5281 ncces-

331 5337 448 5385 toto
485 5331 763 5387 volumine
792 5345 929 5402 opus
954 5338 1099 5386 esset
1125 5329 1171 5385 si
1197 5343 1379 5384 rerum
1405 5326 1471 5382 ad
1512 5340 1634 5381 eum
1660 5323 1934 5396 pertinen-
2049 5319 2190 5375 saria
2225 5335 2333 5375 non
2350 5331 2434 5376 est
2460 5319 2760 5393 longiorum
2780 5320 3203 5375 testimoniorum
3227 5318 3645 5389 appositio,qure

329 5422 466 5479 tium
490 5433 546 5481 et
574 5441 749 5498 genus
774 5434 828 5481 et
854 5424 1044 5480 modos
1068 5422 1341 5494 persequi,
1375 5422 1419 5475 si
1450 5419 1590 5477 edita
1610 5416 1934 5489 singularum
2043 5413 2281 5484 quisque
2307 5422 2485 5484 potest
2521 5429 2584 5469 ex
2614 5415 2731 5485 ipso
2756 5413 2905 5470 fonte
2949 5413 3196 5479 haurire;
3247 5413 3513 5483 variisque
3538 5427 3646 5467 su—

332 5519 593 5575 virtutum
622 5519 874 5589 exempla
902 5518 1071 5573 oculis
1118 5517 1404 5587 subjicere,
1439 5513 1485 5569 si
1514 5511 1744 5568 eximios
1773 5507 1940 5564 animi
1984 5588 1987 5595 _
2048 5507 2443 5579 persedendum
2475 5505 2971 5574 observationibus,
3008 5522 3128 5578 quae
3168 5506 3304 5563 forte
3330 5522 3435 5562 non
3464 5512 3648 5560 essent

326 5628 525 5670 sensus
566 5630 636 5670 ex
668 5613 912 5683 epistolis
944 5621 1000 5668 et
1052 5612 1177 5667 aliis
1220 5609 1459 5680 scriptis,
1493 5608 1545 5663 in
1575 5606 1768 5678 quibus
1795 5605 1939 5659 illius
2045 5600 2358 5657 umittendm
2383 5600 2427 5654 si
2457 5599 2514 5655 S.
2545 5599 2797 5671 Cypriani
2825 5599 2930 5656 vita
2958 5598 3245 5671 separatim
3273 5598 3340 5655 ab
3365 5597 3481 5668 ejus
3510 5611 3644 5668 ope-

326 5724 508 5765 mores
532 5707 768 5764 mirifice
796 5707 1156 5778 depinguntur
1202 5720 1393 5761 eruere
1440 5702 1798 5759 instituerem.
1828 5697 1937 5755 Sed
2048 5694 2201 5752 ribus
2228 5693 2282 5750 in
2305 5693 2477 5750 lucem
2505 5691 2777 5749 ederetur.
3634 5684 3648 5693 ’

320 5816 435 5861 non
473 5811 561 5861 est
593 5801 760 5875 hujus
790 5802 893 5858 loci
922 5800 1187 5873 ejusmodi
1222 5800 1586 5869 pertractatio,
1648 5810 1747 5853 nec
1808 5792 1941 5851 mihi

747 5897 809 5958 S.
853 5894 1188 5959 Crrnum.
1224 5896 1329 5958 ιν.
1746 5942 1751 5949 ς

1746 5942 1751 5949 ς
3219 5877 3255 5945 3
