4172 6264
507 414 511 419 ~
553 379 624 433 75
1798 345 1959 407 VITA
1999 332 2243 400 SANCTI
2301 326 2643 396 CYPRIANI.
3794 310 3864 365 7t}

555 522 596 578 l.
627 550 696 560 -—
736 526 804 572 ne
833 526 879 570 s.
926 516 1184 566 CYPMANO
1199 510 1409 558 nonnon
1438 498 1775 552 cuatsrmto.
1824 514 1894 526 --
1946 478 2171 538 msrm-‘

795 616 1032 666 GUENDUS
1059 612 1155 656 EST
1186 614 1215 653 Α
1246 605 1509 651 CYPBIANO
1530 594 1882 645 ANTIOCBENO.

625 700 949 796 Cyprianum
979 716 1030 770 in
1059 711 1234 769 Africa
1284 716 1465 764 natum
1508 714 1629 758 esse
1670 709 1829 754 nemo
1876 688 2149 754 dissentit,

553 785 872 886 Carthagine
893 818 1066 867 ortum
1089 803 1410 863 Prudentius
1437 807 1489 855 et
1515 793 1707 853 Suidas
1736 785 2149 845 existimarunt;

553 912 648 971 sed
678 879 797 966 cum
821 906 879 964 S.
905 900 1105 975 Martyr
1131 892 1235 953 hoc
1272 891 1591 951 beneﬁcium
1642 879 1947 951 Carthagini
1996 888 2150 931 acce-

552 1022 700 1082 ptum
752 1017 859 1059 non
914 974 1133 1062 referat,
1203 990 1296 1046 sed
1356 996 1557 1043 tantum
1605 974 1747 1036 dicat
1793 974 1891 1045 Ep.
1943 982 2148 1025 xxxvi:

557 1065 577 1160 ἱ
615 1101 715 1159 Ubi
742 1099 884 1155 enim
913 1093 1042 1150 mihi
1080 1096 1171 1144 aut
1214 1083 1408 1143 melius
1451 1076 1619 1152 possit
1654 1086 1773 1131 esse
1820 1077 1912 1124 ant
1952 1065 2146 1127 latins,

550 1215 709 1273 quam
741 1197 867 1261 illic,
901 1192 989 1248 ubi
1021 1206 1107 1245 me
1136 1186 1276 1243 Deus
1303 1177 1524 1238 credere
1548 1168 1716 1226 voluit
1743 1173 1796 1220 et
1827 1172 2092 1218 crescere,
2125 1174 2143 1206 ι

1620 1270 1627 1273 Α
1674 1260 1708 1273 ’⁸
1850 1251 2143 1273 *τλρ-Ι.-ι..-

549 1251 652 1349 alia
676 1306 798 1347 eum
821 1285 987 1359 patria
1016 1282 1223 1337 videtur
1265 1277 1315 1332 in
1343 1273 1516 1327 lucem
1540 1260 1821 1320 extulisse.
1850 1251 2151 1309 Vocabatur

549 1386 808 1445 Thascius
832 1379 1151 1454 Cyprianus,
1173 1382 1229 1429 ut
1247 1376 1396 1445 patet
1414 1380 1479 1421 ex
1523 1355 1785 1417 sententia
1819 1343 2150 1454 proconsulis

549 1493 605 1538 et
650 1458 821 1550 Epist.
862 1434 1006 1530 litim.
1082 1464 1382 1536 Quinetiam
1433 1454 1735 1511 adsciverat
1799 1442 1898 1498 sibi
1951 1434 2151 1494 Cmcilii

551 1588 767 1638 nomen,
795 1577 928 1625 teste
954 1565 1301 1633 Hieronymo,
1332 1560 1390 1609 ut.
1417 1558 1624 1622 gratum
1653 1541 1889 1597 animum
1918 1540 1971 1638 et

482 1714 485 1723 ι
550 1682 660 1722 rem
690 1666 742 1718 in
766 1661 1135 1733 presbyterum
1161 1648 1451 1708 Caecilium,
1479 1639 1635 1710 cujus
1686 1644 1845 1703 opera
1888 1621 2146 1682 ad‘Chri-

548 1771 690 1818 stum
737 1765 1030 1812 conversus
1058 1747 1252 1811 fuerat,
1290 1740 1392 1795 hoc
1437 1736 1785 1790 monumento
1838 1724 2142 1777 testaretur.

548 1853 772 1910 Pontius
801 1849 1081 1911 diaconus,
1114 1840 1202 1910 qui
1232 1831 1481 1908 Cypriani
1506 1824 1682 1884 Vitam
1712 1816 1946 1888 scripsit,
1966 1826 2053 1868 res
2080 1811 2145 1911 ab

549 1962 614 2003 eo
639 1952 761 1999 ante
789 1935 1201 1997 Conversionem
1229 1934 1407 1999 gestas
1436 1920 1611 1976 minus
1637 1913 1824 1984 dignas
1852 1917 1973 1962 esse
1999 1900 2143 1974 judi-

549 2039 691 2096 cavit
738 2050 872 2106 quas
922 2025 1112 2086 litteris
1142 1995 1437 2078 mandaret.
1480 2012 1663 2081 Itaque
1707 2004 1823 2058 haec
1853 1998 1993 2056 illius
2024 1995 2149 2048 vita:

554 2147 677 2206 pars
704 2090 771 2185 in.
805 2125 1075 2182 oblivione
1115 2126 1170 2175 et
1216 2110 1453 2170 tenebris
1501 2106 1673 2177 jacet;
1714 2110 1814 2153 nec
1859 2090 2147 2164 quidquam

555 2186 704 2286 certe
733 2223 954 2285 scimus,
982 2216 1086 2272 nisi
1109 2228 1232 2270 eum
1256 2202 1574 2265 rhetoricam
1611 2208 1820 2253 summa
1841 2186 2150 2247 celebritate

550 2319 828 2380 docuisse,
858 2327 958 2369 nec
1000 2310 1066 2365 iis
1097 2304 1337 2364 caruisse
1364 2296 1506 2353 vitiis
1546 2281 1666 2364 quae
1689 2301 1808 2344 cum
1837 2281 2153 2339 simulacro-

550 2430 670 2471 rum
701 2378 846 2467 cultu
902 2416 956 2461 et
999 2399 1195 2459 Christi
1223 2392 1556 2468 ignoratione
1595 2378 1878 2455 conjuncta
1910 2388 2032 2432 esse
2060 2385 2149 2427 se.

551 2511 683 2566 lent.
745 2524 763 2557 ι
814 2501 998 2558 Mutati
1060 2502 1184 2553 sunt.
1253 2491 1578 2563 piscatores,
1616 2494 1635 2533 ι
1714 2473 1883 2545 inquit
1928 2470 2151 2566 AuguSt.

551 2603 723 2659 Serm.
757 2610 911 2654 cccxt
941 2589 1086 2667 (nov.
1113 2583 1259 2656 ed.),
1292 2602 1307 2635 ι
1348 2574 1535 2634 mutati
1584 2574 1705 2627 sunt
1757 2568 1942 2638 postea
1994 2558 2153 2615 etiam

552 2693 760 2768 plurimi
803 2653 1102 2750 senatores,
1122 2684 1356 2736 mutatus
1375 2680 1459 2728 cst
1478 2666 1795 2742 Cyprianus,
1828 2658 1976 2728 cujus
1998 2653 2156 2709 hodie

550 2752 871 2845 inemoriam
923 2777 1419 2847 frequentamus...
1454 2762 1571 2833 ipse
1616 2754 1821 2819 scribit,
1853 2752 1968 2820 ipse
1999 2754 2157 2803 testa-

554 2891 638 2937 tur
664 2878 816 2947 cujus
859 2872 983 2928 vita:
1018 2842 1175 2924 fuerit
1202 2856 1509 2932 aliquando,
1538 2865 1697 2923 quam
1726 2842 1966 2909 nefariae,
1998 2852 2155 2910 quam

551 2935 755 3043 impiae,
786 2982 945 3040 quam
995 2952 1360 3030 improbandae
1405 2965 1469 3006 ac
1516 2940 1905 3003 detestandam
1951 2935 2159 3005 Nequa-

559 3083 721 3138 quam
754 3072 932 3117 tamen
957 3057 1009 3111 in
1046 3051 1368 3125 Cyprianum
1398 3051 1638 3098 nostrum
1666 3026 1992 3091 conveniunt
2039 3036 2159 3097 quae

553 3117 690 3229 alttttd
728 3152 1045 3223 Gregorium
1099 3142 1494 3201 Nazianzennm
1540 3132 1607 3186 de
1644 3124 1913 3199 Cypriane
1941 3117 2160 3191 magicis

553 3210 687 3229 -ι
746 3210 757 3212 ς
839 3210 867 3223 υ

553 3248 763 3305 artibus
791 3254 914 3298 ante
940 3236 1348 3295 conversionem
1388 3225 1571 3284 dedito
1621 3220 1846 3293 legimus
1897 3216 1948 3269 in
2006 3210 2156 3267 Orat.

556 3358 723 3399 xvni:
750 3337 1085 3409 pchpicuum
1108 3337 1189 3386 est
1214 3324 1407 3382 haecad
1426 3319 1747 3393 Cyprianum
1767 3309 2159 3370 Antiochenam

558 3433 851 3506 reSpieere,
876 3402 1033 3498 quem
1062 3420 1355 3492 Gregorius
1369 3430 1489 3471 cum
1504 3404 1913 3479 Carthaginensi
1939 3402 2163 3460 confun-

558 3494 665 3593 dit,
691 3539 849 3581 unam
882 3537 947 3577 ex
975 3516 1183 3574 duabus
1208 3522 1490 3584 personam
1515 3502 1795 3573 efﬁngens.
1822 3494 1929 3553 Sed
1956 3502 2158 3560 tamen,

561 3624 686 3696 quia
719 3618 956 3677 eruditus
976 3609 1298 3670 Oxoniensis
1313 3605 1488 3663 editor
1501 3614 1664 3656 unum
1685 3594 1922 3650 extitisse
1938 3587 2165 3661 Cypria-

562 3683 688 3773 num
719 3710 1019 3778 contendit,
1044 3714 1100 3763 et
1118 3719 1236 3777 quae
1270 3701 1338 3757 de
1361 3694 1697 3755 Antiocbcno
1727 3689 1972 3744 feruntur
2002 3683 2054 3738 in
2083 3683 2162 3735 ia-

560 3809 699 3866 bulis
734 3811 1001 3869 numerat,
1053 3807 1108 3855 et
1149 3796 1214 3852 ad
1261 3809 1349 3850 res
1407 3780 1844 3855 Carthaginiensis
1894 3773 2163 3833 ornandas

561 3901 855 3971 composita
896 3896 1062 3952 fuisse
1090 3888 1421 3964 pronuntiat,
1469 3897 1574 3939 non
1602 3878 1788 3935 inutile
1815 3873 2023 3929 videtur
2049 3884 2163 3925 rem

562 3998 864 4068 explorare.

634 4062 768 4145 illud
807 4086 856 4140 t°
889 4082 1067 4155 negari
1094 4095 1199 4133 non
1228 4083 1422 4149 potest,
1453 4087 1537 4128 res
1566 4077 1744 4141 gestas
1768 4062 2019 4138 Cypriani
2052 4064 2163 4116 An-

569 4182 801 4239 lieclteni
829 4173 1229 4233 vetustissimis
1276 4166 1645 4227 monumentis
1695 4160 1932 4233 proditas
1977 4156 2161 4211 fuisse.

565 4276 715 4331 Illum
740 4270 970 4328 Eudoeia
997 4263 1313 4337 imperatrii
1343 4254 1552 4315 eximiis
1572 4253 1843 4319 versibus,
1867 4252 2001 4307 teste
2029 4238 2169 4302 P1304

569 4372 643 4425 tio
674 4368 828 4440 (Cod.
853 4365 1003 4435 184),
1024 4350 1494 4427 celebravit.0ptts
1522 4354 1575 4408 in
1609 4360 1717 4405 tres
1747 4340 1911 4404 libros
1940 4338 2171 4400 divisam

566 4469 714 4527 erat;
746 4470 973 4529 quorum
1005 4452 1210 4525 primus
1240 4449 1465 4506 Iustina:
1498 4441 1907 4500 conversionem
1936 4446 1989 4491 et
2035 4434 2170 4489 invi-

566 4561 704 4605 ctam
733 4566 762 4605 a
788 4546 1126 4604 dmmonibus
1156 4541 1512 4612 virginitatem
1534 4579 1548 4601 ,
1579 4550 1644 4590 ac
1677 4533 1845 4604 ipsius
1870 4530 2031 4586 etiam
2063 4529 2188 4598 Cy-'

571 4641 738 4713 priani
774 4648 889 4711 poSt
920 4638 1051 4693 artis
1082 4628 1303 4705 magicae
1346 4626 1581 4687 facinora
1610 4619 1907 4682 mirabilem
1938 4628 2167 4678 conver-

569 4736 797 4799 sionem,
850 4731 1197 4802 baptismum,
1244 4725 1447 4782 ostiarii
1511 4735 1747 4786 mttnus,
1801 4714 2055 4772 miracula
2108 4708 2207 4768 ae’

571 4827 784 4882 tandem
807 4825 1172 4895 episcopatum
1204 4814 1534 4876 continebat.
1584 4812 1640 4870 In
1675 4812 1780 4869 alio
1803 4812 1919 4882 ipse
1943 4806 2168 4880 Cypria-

571 4935 671 4975 nus
698 4928 983 4975 eventuum
1009 4930 1228 4970 suorum
1260 4913 1455 4968 seriem
1487 4908 1721 4972 texebat,
1753 4914 1807 4961 et
1827 4902 2061 4973 magicas
2081 4915 2171 4954 ar-

573 5027 653 5067 tes
681 5010 874 5082 quibus
900 5017 954 5063 et
978 5020 1105 5062 sese
1130 5006 1246 5076 ipse
1273 5012 1331 5059 er
1365 5003 1501 5057 alios
1537 5001 1589 5055 in
1619 4997 1792 5052 varias
1829 4995 2031 5048 formas
2067 5000 2175 5045 mn-

574 5116 794 5164 taverat.
832 5100 1287 5174 peregrinationes
1330 5113 1393 5152 ac
1430 5095 1645 5150 tantilem
1673 5092 1891 5147 nefarizn
1912 5090 2041 5143 artis
2070 5085 2177 5141 fas-

576 5198 786 5265 tidinm,
812 5206 865 5251 et
891 5198 1126 5250 animum
1146 5207 1219 5264 ex
1252 5190 1652 5261 (fc5perationc,
1672 5199 1829 5256 quam
1848 5180 2176 5237 corisieientia

575 5290 835 5345 scelerum
886 5286 1176 5359 injiciebat,
1224 5283 1290 5337 ad
1339 5296 1492 5352 spem
1551 5276 1932 5334 misericordia:
1984 5274 2178 5328 divina

576 5396 739 5452 opera
762 5380 977 5435 Eusebii
1017 5386 1325 5435 revocatum
1356 5374 1625 5429 narrabat.
1660 5371 1716 5426 In
1751 5371 1911 5426 tertio
1947 5368 2180 5438 denique

580 5474 893 5547 martyrium
916 5470 1141 5527 Iustinae
1169 5480 1222 5526 et
1244 5467 1497 5543 Cypriani
1518 5465 1852 5536 descriptum
1886 5468 2021 5516 erat.
2055 5458 2179 5514 Haec

580 5579 756 5622 autem
788 5565 1077 5620 Eudoeia'm
1102 5578 1207 5618 non
1237 5564 1301 5617 ad
1324 5563 1455 5617 artis
1488 5558 1779 5624 licentiam,
1806 5554 1901 5611 sed
1930 5553 1997 5609 ad
2017 5552 2184 5608 histo-

580 5662 672 5714 tite
731 5658 892 5714 ﬁdem
933 5656 1215 5726 scripsisse
1267 5653 1604 5724 perspicitur,
1659 5658 1769 5703 tum
1824 5663 1887 5703 ex
1925 5644 2182 5715 Gregorio

580 5751 937 5816 Nazianzcno,
971 5750 1059 5827 qni
1088 5750 1337 5815 scriptam
1369 5745 1436 5798 ab
1457 5744 1579 5812 ipso
1595 5742 1867 5813 Cypriane
1918 5740 2181 5795 scelerum

581 5844 974 5900 confessionem
1016 5842 1162 5907 citat,
1190 5849 1243 5895 ct
1266 5840 1449 5895 eadem
1478 5852 1539 5892 ac
1570 5835 1803 5892 Eudocia
1832 5835 1899 5890 dc
1930 5834 2021 5890 illo
2047 5848 2188 5887 con;-

2271 456 2533 506 memorat
2555 447 2703 502 Orat.
2727 438 2891 509 XVIII,
2908 446 3017 495 tum
3041 451 3104 493 ex
3131 431 3320 506 triplici
3344 436 3692 487 monumento
3707 425 3862 498 'qnod

2265 542 2459 600 eruditi
2487 536 2814 610 antiquitatis
2831 533 3168 603 indagatores
3187 528 3247 583 D.
3275 522 3594 581 Edntundus
3620 520 3859 574 illarteue

2260 642 2313 690 et
2343 635 2404 688 D.
2436 632 2663 689 Ursinus
2710 625 2921 682 Durand
2951 625 3003 678 in
3059 637 3157 678 suo
3186 618 3561 673 Anecdotorum
3598 611 3865 665 Thesauro

2260 726 2562 791 ediderunt,
2609 735 2802 792 nempe
2851 716 3188 773 Conuersione
3231 710 3452 766 Justinus
3504 716 3549 762 et
3595 704 3865 777 Cypriani,

2261 817 2585 889 Confessione
2627 811 2853 887 ejusdem
2897 797 3163 881 Cypriani,
3197 819 3260 860 ac
3287 801 3564 872 utriusque
3596 797 3867 851 Passione.

2259 911 2349 968 Sic
2374 928 2494 967 eum
2524 908 2778 965 Eudociae
2806 904 3052 961 versibus
3084 899 3353 956 consentit
3378 895 3705 966 tripartitum
3738 889 3871 945 illud

2261 1020 2420 1077 Opus,
2448 1012 2507 1059 ut
2539 1001 2759 1058 minime
2786 997 3005 1054 dubium
3043 996 3113 1051 sit
3155 993 3282 1064 quin
3319 990 3462 1046 illius
3492 987 3739 1044 inanibus
3772 984 3869 1039 tri-

2262 1108 2372 1154 tum
2413 1095 2590 1152 fuerit.
2641 1094 2774 1162 Quis
2813 1106 2940 1164 ergo
2990 1104 3113 1145 eum
3155 1099 3442 1156 numquam
3472 1081 3715 1136 extitisse
3768 1075 3873 1133 sibi

2266 1190 2608 1263 persuadeat,
2639 1187 2705 1244 de
2730 1200 2837 1259 quo
2875 1192 3061 1242 extant
3116 1185 3461 1236 monumenta
3493 1175 3634 1230 illius
3661 1182 3873 1243 tempo-

2269 1286 2345 1340 ris
2381 1299 2484 1355 quo
2525 1282 2720 1337 vixisse
2746 1279 2938 1335 dicitur
2981 1290 3119 1347 pene
3158 1271 3423 1344 aequalia?
3455 1267 3675 1324 Fabulze
3703 1268 3755 1322 in
3786 1280 3875 1320 re-

2260 1381 2420 1436 motis
2445 1377 2692 1434 :ctatibus
2738 1374 2971 1431 latebras
3018 1375 3283 1441 qumrunt,
3324 1379 3424 1420 nec
3448 1363 3729 1434 quisquam
3763 1368 3873 1414 tam

2260 1473 2437 1544 inepte
2463 1471 2736 1535 mentitur,
2770 1475 2827 1522 ut
2848 1481 2967 1537 quae
2998 1478 3158 1518 nemo
3180 1459 3381 1516 vidisse
3404 1472 3465 1512 se
3487 1463 3578 1510 aut
3600 1451 3873 1508 audivisse

2257 1564 2527 1632 meminit,
2555 1579 2615 1618 ea
2645 1577 2816 1632 nuper
2839 1560 2892 1614 in
2923 1556 3221 1614 clarissima
3247 1553 3367 1608 luce
3393 1559 3447 1606 et
3476 1547 3713 1603 omnium
3740 1558 3873 1597 ocuo

2257 1662 2322 1719 lis
2344 1661 2587 1717 evenisse
2624 1657 2805 1728 tingat.
2865 1655 3031 1709 Porro
3074 1650 3273 1705 fatetur
3303 1647 3419 1719 ipse
3448 1643 3646 1708 Fcllus,
3677 1640 3761 1694 cui
3793 1649 3874 1692 ta-

2259 1770 2379 1809 men
2434 1752 2535 1807 hac
2578 1750 2631 1804 in
2675 1764 2734 1804 re
2777 1763 2881 1803 non
2911 1745 3127 1800 omnino
3180 1739 3464 1800 assentior,
3495 1731 3873 1805 Confessioneut

2255 1847 2502 1919 Cypriani
2529 1851 2652 1901 ante
2676 1839 3009 1898 ConStantini
3039 1847 3277 1907 tempora
3306 1832 3557 1901 scriptam
3590 1827 3749 1881 fuisse
3770 1864 3784 1889 ,
3822 1820 3875 1876 id

2256 1950 2339 1994 est
2380 1940 2517 1994 circa
2560 1935 2691 1992 illud
2740 1945 2953 2003 tempus
2994 1947 3099 2002 quo
3124 1928 3430 2000 perfunctus
3473 1920 3729 1994 martyrio
3757 1930 3876 1973 cre-

2256 2035 2419 2098 ditur,
2449 2046 2641 2103 nempe
2668 2031 2768 2084 sub
2795 2027 3124 2083 Diocletiano
3151 2035 3203 2080 et
3235 2021 3581 2084 Maximiano,
3611 2025 3667 2070 ut
3695 2021 3871 2069 testa-

2267 2139 2357 2185 tttr
2389 2126 2642 2184 Endocia.
2695 2124 2957 2179 Praeterea
3000 2129 3124 2174 ante
3154 2117 3254 2172 hoc
3281 2131 3415 2187 opus
3440 2114 3638 2188 scripta
3664 2111 3875 2167 inerant

2267 2232 2385 2276 acta
2436 2218 2661 2273 Justinac
2713 2225 2766 2271 et
2811 2211 3086 2285 Cypriani,
3118 2219 3176 2265 ut
3219 2207 3472 2264 discimus
3510 2220 3577 2262 ex
3604 2204 3780 2260 libello
3807 2204 3875 2259 de

2258 2314 2533 2383 utriusque
2584 2310 2850 2382 passione.
2897 2305 2953 2361 2°
2993 2302 3263 2360 Credibile
3316 2315 3427 2356 non
3471 2308 3555 2354 est
3612 2287 3879 2368 ejusmodi

2255 2414 2600 2461 monumenta
2638 2402 2703 2456 ad
2734 2416 2819 2456 res
2848 2397 3100 2471 Cypriani
3131 2393 3574 2465 Carthaginensis
3609 2388 3880 2446 ornandas

2259 2498 2377 2554 ﬁcta
2405 2497 2589 2561 fuisse,
2623 2495 2674 2549 in
2698 2492 2890 2564 quibus
2918 2490 3048 2545 nihil
3078 2499 3191 2545 erat
3213 2486 3428 2543 omnino
3480 2482 3621 2555 quod
3647 2482 3873 2554 Cypria~

2258 2606 2329 2646 no
2351 2585 2761 2657 Carthagioensi
2802 2583 2972 2654 aptari
3016 2589 3230 2652 posset;
3257 2595 3361 2633 non
3392 2585 3624 2646 tempus,
3656 2590 3769 2629 non
3793 2573 3877 2629 lo-

2262 2698 2359 2740 cus
2386 2681 2626 2754 martyrii
2658 2690 2709 2735 et
2736 2678 3092 2751 episcopatus,
3122 2690 3223 2729 non
3255 2689 3340 2727 res
3364 2678 3527 2742 gesta:
3556 2678 3610 2723 et
3637 2666 3882 2738 peregri-

2259 2778 2525 2833 nationes.
2550 2775 2607 2829 3°
2632 2774 2686 2831 Si
2718 2773 2896 2829 nullus
2941 2768 3203 2826 extitisset
3231 2765 3527 2838 Cyprianus
3570 2761 3657 2815 ille
3691 2760 3883 2814 Antio-

2262 2871 2469 2927 cltenus
2492 2911 2506 2936 ,
2543 2868 2628 2939 qui
2678 2881 2802 2923 cum
2841 2863 3047 2920 Justina
3081 2873 3272 2931 pass-us
3307 2853 3630 2911 Nicomedia:
3657 2851 3876 2917 dicitur,

2273 2962 2544 3035 quomodo
2591 2960 2661 3016 de
2712 2960 2984 3028 utriusque
3027 2954 3242 3008 nomine
3298 2949 3413 3005 dies
3468 2946 3635 3001 festus
3683 2942 3884 2999 sa‘cuio

2266 3064 2458 3127 quarto
2508 3055 2561 3109 in
2615 3052 2731 3109 loca
2784 3047 3109 3105 Nicomediae
3149 3044 3319 3099 vicina
3370 3028 3568 3102 induci,
3610 3035 3881 3108 quomodo

2269 3148 2546 3218 utriusque
2590 3144 2729 3199 fama
2780 3142 3015 3199 omnium
3052 3154 3148 3194 ore
3198 3134 3458 3193 celebrari
3490 3132 3694 3204 potuit?
3741 3128 3876 3184 Illud

2268 3250 2447 3296 autem
2480 3255 2544 3295 ex
2577 3238 2820 3293 Oratione
2844 3251 2978 3291 xvm
3002 3234 3056 3289 S.
3094 3229 3338 3302 Gregorii
3374 3227 3528 3289 Naz.,
3557 3240 3675 3296 qure
3697 3222 3881 3280 habita

2267 3343 2352 3388 est
2375 3331 2870 3402 ConstantinOpoli,
2901 3345 3009 3383 non
3033 3329 3261 3383 obscure
3290 3322 3627 3395 perspicitur,
3655 3318 3878 3390 Cypria-

2268 3441 2395 3481 num
2428 3425 2599 3492 illum,
2629 3424 2782 3497 cujus
2809 3423 2922 3478 dies
2946 3419 3129 3478 festus
3148 3419 3427 3491 agebatur,
3459 3431 3567 3471 non
3593 3412 3883 3483 cartltagic

2269 3534 2489 3575 nensem
2532 3516 2629 3574 sed
2672 3515 3063 3572 Antiochennm
3114 3527 3253 3569 esse.
3298 3508 3429 3565 Nam
3476 3507 3709 3578 magicas
3740 3514 3888 3561 artes

2269 3620 2322 3667 et
2341 3610 2749 3666 conversionem
2770 3652 2783 3675 ,
2814 3618 2871 3663 ut
2898 3609 3196 3678 przeeipuos
3225 3604 3365 3659 illius
3401 3602 3525 3656 vitae
3567 3609 3621 3655 et
3667 3599 3888 3654 notissi-

2272 3718 2391 3759 mos
2414 3712 2642 3760 eventus
2671 3702 2931 3774 praedicat-
2975 3681 3287 3770 Gregorius,
3330 3697 3399 3750 ita
3438 3704 3498 3749 ut
3547 3693 3755 3749 dubitet
3804 3707 3879 3749 an

2268 3798 2551 3867 quisquam
2610 3810 2676 3851 ex
2732 3794 3067 3850 audientibus
3120 3806 3206 3846 res
3260 3790 3402 3844 illius
3455 3797 3632 3858 gestas
3683 3786 3897 3855 ignoret

2271 3891 2350 3961 (p.
2368 3888 2520 3960 277).
2540 3889 2866 3955 Quinetiam,
2882 3886 3021 3958 quod
3036 3885 3105 3940 ait
3120 3883 3444 3955 Cyprianum
3459 3878 3897 3952 postconversio-

2282 3996 2405 4037 nem
2439 3981 2634 4036 factum
2662 3995 2783 4036 esse
2809 3979 3083 4043 aedituum,
3116 3977 3166 4032 id
3198 3992 3256 4031 se
3282 3992 3345 4031 ex
3391 3975 3571 4045 aliquo
3622 3973 3897 4028 audivisse

2276 4083 2502 4131 testatur
2517 4073 2592 4147 (p.
2623 4074 2774 4145 281).
2802 4072 3082 4127 Probabile
3101 4085 3204 4131 non
3223 4078 3305 4125 est
3319 4046 3644 4139 Cyprianum
3661 4064 3895 4121 Cartha-

2272 4168 2553 4239 ginensem
2591 4168 2727 4221 adeo
2757 4174 2939 4220 notum
2975 4164 3056 4218 bis
3084 4161 3477 4231 in'regionibus
3509 4158 3713 4223 fuisse,
3746 4172 3891 4228 pra:-

2274 4262 2465 4315 scrtim
2490 4275 2560 4315 ex
2602 4260 2763 4314 rebus
2804 4257 2875 4312 ad
2925 4260 3053 4312 enml
3095 4255 3315 4309 miﬁiﬁte
3361 4250 3769 4322 pertinentibus,
3817 4257 3877 4303 ttt

2276 4353 2589 4422 CregOrium
2643 4346 2830 4407 incoiae
2873 4350 3193 4410 edocerent:
3228 4346 3323 4401 sed
3370 4344 3487 4400 haec
3515 4343 3654 4397 fama
3678 4351 3733 4397 ct
3766 4341 3885 4397 dies

2278 4447 2444 4502 festus
2466 4447 2531 4501 ad
2559 4445 2719 4499 alium
2753 4444 2950 4500 debent
2980 4441 3189 4498 referri.

2349 4541 2543 4610 Objicit.
2567 4539 2750 4593 Folius
2776 4537 2832 4592 S.
2879 4536 3199 4606 Gregorium
3230 4541 3333 4587 tam
3384 4532 3676 4587 eacitanter
3707 4544 3896 4585 errare

2282 4652 2387 4690 non
2428 4634 2697 4704 potuisse,
2729 4641 2787 4684 ut
2832 4628 3141 4701 cpisc0pum
3189 4616 3583 4682 Antiochcnum
3611 4641 3731 4679 cum
3762 4613 3895 4677 Car-

2281 4725 2577 4796 tbaginrnsi
2648 4721 3036 4787 confunderet;
3082 4735 3255 4791 neque
3301 4719 3443 4772 enim
3499 4717 3543 4770 si
3604 4731 3727 4771 vere
3764 4713 3901 4769 exti-

2279 4818 2430 4875 tisSet
2457 4817 2755 4890 Cyprianus
2785 4817 2873 4893 ille
2897 4814 3195 4871 Antiochiae
3220 4811 3521 4880 episeomts,
3540 4808 3625 4877 qui
3649 4808 3899 4861 Nicome-

2280 4912 2381 4966 diae
2436 4925 2626 4981 passus
2675 4908 2886 4972 dicitur,
2943 4905 3075 4961 nihil
3119 4904 3188 4960 de
3218 4903 3308 4958 illo
3335 4901 3401 4956 ad
3438 4900 3682 4971 Gregorii
3736 4913 3899 4953 aures

2280 5011 2659 5075 perventurum
2689 4999 2874 5065 fuisse,
2905 5000 2992 5069 qui
3034 5005 3085 5052 et
3114 5012 3143 5051 a
3173 5004 3323 5067 patre
3371 5009 3457 5050 res
3487 5000 3597 5047 tant
3620 4990 3899 5045 mirabiles

2282 5102 2489 5152 mature
2528 5094 2734 5149 discere
2762 5066 2944 5147 debuit
2970 5132 2983 5156 ,
3007 5097 3063 5144 et
3091 5066 3186 5159 per
3212 5100 3269 5143 se.
3300 5088 3414 5158 ipse
3451 5082 3821 5141 Nicomediam
3843 5066 3901 5136 ει

2284 5190 2401 5244 loca
2435 5187 2606 5243 vicina
2657 5184 2956 5256 pervadens
2997 5195 3342 5253 cognoscere.
3374 5179 3478 5236 Sed
3497 5222 3511 5244 ,
3541 5176 3667 5232 dum
3694 5174 3900 5246 Grego-

2286 5281 2423 5336 rium
2469 5281 2548 5334 vir
2571 5279 2812 5333 eruditus
2837 5276 3039 5346 cuipari
3075 5290 3181 5329 non
3213 5275 3426 5345 patitur,
3474 5269 3614 5342 quod
3640 5284 3803 5323 unum
3834 5282 3901 5322 ex

2301 5373 2506 5428 duobus
2536 5370 2815 5442 Cyprianis
2838 5368 3070 5435 ﬁnxerit,
3105 5368 3158 5423 in
3202 5366 3360 5421 aliam
3409 5364 3560 5419 iilum
3600 5359 3902 5433 reprehen-

2290 5467 2495 5521 sionem
2531 5477 2636 5517 non
2662 5463 2832 5517 multo
2864 5461 3124 5517 leviorem
3154 5460 3390 5530 conjicit,
3418 5457 3565 5530 quod
3594 5456 3660 5512 ad
3688 5452 3902 5529 Cypria‘

2292 5570 2416 5613 ntnn
2442 5556 2919 5627 Carthaginensem
2948 5553 3192 5610 retulerit
3216 5561 3558 5608 monumenta
3592 5549 3736 5605 illius
3760 5547 3899 5603 :ctati

2292 5661 2347 5706 et
2375 5650 2559 5718 patrim
2599 5658 2653 5703 et
2708 5649 2872 5705 rebus
2916 5648 3081 5718 gestis
3124 5645 3496 5717 repugnantia.
3547 5641 3902 5698 Verisimilior

2292 5741 2421 5798 mihi
2470 5739 2685 5797 videtur
2728 5741 2842 5796 hmc
2892 5740 3032 5795 illius
3058 5737 3345 5795 excusandi
3375 5737 3512 5792 ratio
3544 5753 3558 5790 :
3588 5750 3707 5790 cum
3738 5734 3793 5789 ei
3819 5746 3902 5788 rc~

2293 5850 2422 5892 cens
2463 5834 2751 5892 admodum
2793 5850 2916 5892 cum
2959 5835 3021 5890 iis
3048 5848 3183 5906 quos
3220 5831 3508 5905 alloquitur
3549 5827 3903 5890 intercederet
3983 5892 3986 5909 ,

3934 5956 3943 5969 ι
3967 5966 3970 5973 t

3902 5994 3986 6020 δαί-δ
