4200 6262
313 291 387 349 τι
1505 303 1657 358 \‘lTA
1698 301 1949 360 SANL‘TI
1987 271 2329 366 eventura.
3567 329 3638 387 τε

313 415 655 470 consuetudo
679 459 692 483 ,
719 426 772 472 et
805 431 922 489 past
961 423 1162 496 aliquot
1210 427 1416 486 dierum
1444 447 1716 492 secessum
1745 450 1927 495 attem-

319 515 506 572 perate
531 508 596 561 ad
626 509 800 577 ipsum
826 513 966 569 diem
1001 515 1193 572 festum
1229 522 1474 579 rediisse!
1503 562 1516 585 ,
1548 537 1604 582 ttt
1631 529 1741 598 ipse
1774 540 1938 587 testa-

317 607 408 650 tur
433 599 511 667 (p.
535 599 665 670 275)
687 643 700 664 ,
731 605 860 658 satis
888 610 1119 675 proclive
1161 611 1258 667 fuit
1282 616 1330 670 in
1363 627 1466 671 tam
1495 624 1816 692 angustisad
1849 645 1931 682 res

313 700 568 746 accurate
595 695 913 751 ediscendas
941 701 1123 770 spatiis
1168 704 1270 759 labi
1309 715 1359 761 et
1401 724 1602 766 errare.
1639 716 1788 780 Quod
1835 735 1932 772 au-

319 794 424 838 tem
457 787 530 839 ait
561 787 698 842 idem
723 789 921 854 Fellus,
945 795 1144 849 nullum
1173 797 1309 854 inter
1335 804 1626 862 Antiochia}
1650 811 1931 882 episcopos

315 875 650 948 Cyprianum
703 882 949 950 inveniri,
987 887 1035 940 id
1090 888 1241 945 facile
1273 895 1572 964 expeditur.
1625 875 1739 956 Non
1787 908 1928 961 enim

315 970 618 1025 Antiochia:
648 989 855 1044 magna:
888 981 1172 1050 episc:‘pus
1201 984 1360 1041 fuisse
1381 988 1678 1060 Cyprianus
1710 995 1922 1065 dicitur,

317 1065 415 1117 sed
445 1065 682 1134 alterius,
716 1078 773 1124 ιιι
815 1071 1067 1128 observat
1113 1076 1506 1151 'l‘illetnontins,
1553 1085 1602 1139 in
1656 1087 1927 1147 Phoenicia

322 1157 465 1225 sitae,
498 1175 559 1215 ex
586 1177 684 1231 qua
717 1163 1032 1221 Damascum
1064 1169 1349 1237 perductus
1372 1185 1452 1229 est
1475 1216 1489 1242 ,
1517 1188 1570 1231 ut
1599 1179 1823 1249 ajudice
1850 1183 1930 1237 in-

325 1257 699 1322 terrogarctur.

402 1347 515 1401 Duo
543 1364 663 1418 ergo
693 1348 1048 1421 distinguendi
1081 1363 1205 1409 sunt
1228 1355 1498 1428 Cypriani,
1528 1362 1652 1416 etin
1687 1364 1929 1421 Oratione

319 1455 454 1494 xvttt
473 1440 706 1510 Gregorii
730 1440 857 1497 Naz.
879 1445 1003 1514 quid
1022 1447 1376 1516 Antiocheno,
1401 1453 1524 1522 quid
1549 1453 1925 1528 Carthagincn-

316 1532 361 1585 si
392 1534 677 1589 conveniat
721 1535 1150 1605 expendendnm.
1193 1541 1346 1608 Qudd
1377 1544 1450 1597 ait
1479 1545 1787 1616 Gregorius,
1817 1547 1925 1622 Cy-

315 1627 559 1696 prianum
588 1627 752 1684 nobili
771 1639 825 1684 et
855 1632 1120 1686 senatoria
1149 1632 1310 1689 domo
1340 1645 1515 1692 ortum
1544 1655 1683 1706 esse,
1721 1642 1771 1695 id
1803 1643 1920 1697 Til-

321 1719 601 1780 lcmontius
654 1727 925 1798 Cypriane
976 1728 1164 1788 nostro
1209 1737 1481 1807 attribuit,
1546 1750 1601 1795 nt
1647 1744 1796 1798 alteri
1853 1745 1924 1799 illi

319 1832 510 1889 magno
541 1835 644 1875 non
676 1823 828 1878 valde
853 1836 1272 1882 consentaneum
1301 1847 1314 1894 ;
1346 1830 1436 1886 sed
1466 1841 1594 1888 tom.
1624 1851 1675 1900 v,
1709 1837 1793 1891 ttbi
1820 1841 1927 1908 agit

316 1910 380 1964 de
407 1911 678 1982 Cypriano
709 1913 1064 1983 Antiocheno,
1101 1917 1300 1974 fatetur
1328 1921 1376 1976 id
1410 1939 1514 1977 non
1536 1941 1692 1994 posse
1721 1927 1924 1983 discer-

315 2012 384 2065 ni.
438 2011 552 2066 Non
587 2008 914 2065 immorabor
961 2011 1012 2064 in
1062 2014 1395 2072 excutiendis
1439 2017 1557 2070 aliis
1601 2024 1924 2093 coniecturis

315 2121 428 2175 qum
469 2105 535 2160 de
565 2105 830 2178 Cypriane
859 2107 970 2162 ﬁeri
1001 2110 1174 2165 solent
1198 2153 1211 2175 ,
1239 2113 1383 2167 velut
1410 2114 1552 2184 quod
1580 2115 1842 2197 Baronius
1871 2137 1926 2190 et

317 2208 431 2267 post
467 2215 587 2253 t-um
632 2201 722 2255 alii
770 2203 1011 2256 nennulli
1060 2205 1435 2262 existimarunt
1461 2208 1783 2280 Cyprianttm
1814 2213 1922 2280 jam

315 2305 493 2348 senem
549 2296 613 2348 ad
643 2295 985 2350 christianum
1020 2298 1329 2368 religionem
1370 2303 1681 2357 accessisse.
1727 2303 1921 2359 Nitun-

317 2391 394 2437 tur
420 2384 644 2454 quodam
671 2387 788 2442 loco
815 2387 878 2442 ex
915 2389 1152 2459 Epistula
1184 2393 1250 2445 ad
1275 2391 1560 2462 Donatum,
1606 2397 1693 2452 ubi
1741 2399 1819 2454 sic
1846 2401 1923 2454 lo-

317 2477 486 2544 quitur
507 2479 808 2549 Cyprianus
839 2499 851 2534 :
887 2499 905 2532 ‹
935 2481 1036 2548 Qui
1067 2484 1332 2552 possibilis
1359 2529 1369 2548 ,
1402 2487 1630 2555 aiebam,
1660 2499 1742 2544 est
1773 2499 1916 2548 tanta

317 2571 608 2638 conversio,
641 2582 692 2626 ut
726 2581 948 2642 repente
977 2588 1040 2628 ac
1075 2575 1360 2643 perniciter
1390 2593 1614 2634 exuatur
1667 2583 1806 2652 quod
1838 2585 1919 2639 vel

318 2662 596 2729 genuinum
624 2665 726 2718 situ
759 2667 994 2720 materia:
1028 2669 1285 2724 naturalis
1333 2671 1582 2726 obduruit
1606 2717 1619 2741 ,
1651 2676 1732 2728 vel
1762 2692 1918 2730 usur-

321 2761 494 2819 patum
522 2755 608 2807 diu
635 2756 783 2809 senio
813 2759 1089 2812 vetustatis
1136 2761 1398 2816 inolevit?
1436 2783 1452 2815 ι
1512 2765 1581 2819 At
1617 2764 1917 2836 Cyprianus

330 2859 434 2896 non
457 2860 577 2899 suos
602 2862 766 2901 annos
785 2859 1045 2916 numerat,
1077 2850 1170 2906 sed
1189 2853 1255 2908 de
1283 2854 1422 2908 vitiis
1452 2855 1704 2928 loquitur,
1727 2874 1844 2929 qua:
1865 2861 1915 2914 in

331 2936 540 2993 homine
591 2940 747 2994 etiam
805 2960 902 2998 non
949 2961 1079 3000 sene
1126 2933 1441 3002 vetustatem
1501 2951 1735 3013 habent,
1792 2967 1910 3006 cum

333 3049 354 3081 ι
383 3032 498 3098 alta,
539 3054 555 3085 ι
589 3044 640 3088 ιιι
671 3036 856 3092 ibidem
891 3039 1134 3110 legimus,
1177 3059 1194 3091 ‹
1225 3053 1272 3096 et
1305 3043 1561 3113 profunda
1593 3047 1799 3115 penitus
1825 3064 1911 3101 ra-

319 3123 434 3179 dice
459 3126 726 3183 sedarunt.
773 3149 792 3181 ›
844 3131 959 3186 Huc
1006 3133 1142 3189 adde
1187 3131 1515 3206 Cyprianum
1562 3153 1664 3192 non
1710 3138 1778 3195 de
1807 3142 1916 3196 suis

318 3225 511 3272 tantum
542 3221 703 3276 rebus
731 3221 996 3281 disserere
1017 3269 1031 3293 ,
1066 3227 1158 3282 sed
1186 3232 1480 3299 generatim
1510 3247 1697 3288 omnes
1729 3227 1915 3291 tetates

317 3324 375 3363 ac
410 3311 524 3365 vitm
561 3314 898 3372 conditiones
925 3321 1241 3390 complecti,
1275 3338 1496 3393 quarum
1526 3327 1723 3381 nullam
1757 3344 1913 3398 pror-

315 3423 400 3464 sus
436 3412 775 3482 excipiebant
811 3414 1142 3485 Christiani,
1175 3435 1330 3488 quam
1367 3437 1468 3475 non
1500 3422 1699 3478 ChriSti
1742 3417 1912 3495 gratia

317 3503 550 3556 renovari
599 3513 654 3557 et
694 3507 902 3560 renasci
951 3523 1105 3577 posse
1134 3510 1390 3566 dicerent.
1424 3512 1616 3582 Liquet
1647 3514 1698 3568 id
1729 3532 1794 3569 ex
1831 3516 1912 3572 bis

315 3609 426 3661 qua:
451 3606 746 3667 sequuntur
771 3617 786 3653 :
817 3599 1087 3668 «Quando,
1111 3603 1295 3674 inquit,
1321 3598 1698 3675 pareitnoniatn
1755 3609 1911 3666 discit

314 3687 396 3755 qui
425 3690 729 3759 epularibus
753 3693 922 3747 caenis
947 3704 996 3749 et
1025 3695 1421 3768 largisdapibns
1450 3701 1679 3756 assuevit
1700 3702 1723 3756 ?
1741 3711 1793 3756 et
1815 3705 1905 3773 qui

313 3784 533 3850 pretiosa
589 3797 740 3841 veSte
784 3789 1105 3858 conspicuus
1156 3791 1206 3845 in
1245 3807 1375 3847 auro
1415 3796 1642 3864 atquein
1673 3813 1905 3866 purpura

313 3875 464 3943 fulsit,
498 3879 561 3931 ad
598 3880 864 3948 plebeium
897 3897 954 3936 se
998 3898 1059 3938 ac
1104 3885 1404 3955 simplicem
1453 3889 1650 3943 cultum
1692 3892 1905 3960 quando

308 3967 560 4037 deponit?
589 3970 846 4028 Fascibus
876 3975 962 4029 ille
992 3976 1286 4033 oblectatus
1310 3989 1362 4034 et
1384 3979 1697 4049 honoribus,
1730 3985 1903 4054 priva-

260 4051 264 4054 ’
308 4068 388 4115 tus
426 4070 482 4116 et
519 4063 776 4134 inglorius
820 4081 940 4122 esse
984 4083 1086 4124 non
1137 4080 1327 4140 potest.
1363 4073 1457 4126 llic
1487 4075 1712 4145 stipatus
1739 4078 1903 4132 clien-

309 4154 435 4207 tium
464 4158 668 4222 cuncis,
704 4157 1066 4229 frequentiore
1107 4164 1358 4218 comitatu
1403 4165 1627 4222 officiosi
1673 4170 1899 4239 agminis

304 4245 634 4314 honestatus,
667 4255 874 4320 pmnam
907 4261 1056 4323 putat
1099 4270 1217 4310 esse
1254 4271 1374 4310 Clllll
1405 4259 1551 4312 solus
1592 4270 1692 4314 est.
1724 4259 1900 4315 Tena-

305 4341 463 4395 cibus
490 4358 693 4414 semper
721 4347 988 4403 illerebris
1015 4357 1233 4405 necesse
1267 4362 1346 4405 cst
1368 4392 1382 4418 ,
1413 4362 1469 4407 ut
1496 4353 1722 4422 solebat,
1748 4355 1899 4410 vinos

306 4431 472 4486 lentia
524 4435 718 4500 invitet,
764 4437 911 4493 inﬂet
963 4441 1532 4509 superbia,iraeundia
1579 4444 1892 4514 inflammet,

302 4525 569 4596 rapacitas
597 4529 865 4598 inquietet,
896 4533 1189 4590 crudelitas
1225 4536 1496 4603 stimulet,
1537 4537 1756 4594 ambitio
1798 4539 1893 4595 de-

302 4619 480 4684 lectet,
516 4620 678 4677 libido
724 4625 1039 4694 prtecipitet.
1082 4647 1099 4678 ι
1150 4625 1274 4683 Hmc
1320 4628 1602 4685 referenda
1649 4631 1803 4698 duxi,
1839 4643 1895 4688 ut

298 4711 506 4779 pateret
532 4715 705 4769 minus
740 4721 1098 4787 temperanter
1118 4721 1228 4776 otio
1258 4722 1401 4776 abuti
1452 4726 1540 4793 qui
1568 4723 1891 4795 Cyprianum

203 4851 210 4860 .
299 4803 395 4859 hac
422 4806 626 4877 pictura
663 4824 839 4864 mores
865 4826 988 4866 suos
1026 4814 1373 4883 expressisse,
1415 4825 1469 4870 ct
1494 4817 1729 4886 pristina:
1765 4833 1890 4874 con-

298 4899 517 4955 ditionis
557 4903 900 4972 splendorem
948 4915 1000 4961 ct
1043 4923 1172 4978 opes
1202 4908 1549 4979 descripsisse
1580 4912 1886 4981 opinantur.

296 4991 419 5058 Qua:
449 4994 774 5063 conjectura:
804 4997 849 5052 si
880 5000 1106 5066 valeant,
1146 4995 1428 5057 dicendum
1456 5004 1557 5058 erit
1586 5021 1706 5059 eum
1737 5008 1890 5061 fasci—

297 5083 390 5138 bus
414 5082 634 5141 fulsisse
654 5130 669 5154 ,
699 5095 756 5142 et
786 5088 1090 5146 vinolentia:
1130 5106 1193 5146 ac
1225 5095 1530 5163 rapacitatis
1577 5097 1715 5152 vitiis
1745 5097 1888 5153 labo-

295 5189 459 5242 rasse,
489 5179 634 5249 quod
662 5182 929 5238 neminem
959 5183 1217 5240 hactenus
1246 5185 1401 5242 video
1427 5175 1773 5258 sﬁspicatum.

387 5328 502 5366 -ΒΕ
519 5328 567 5367 S.
586 5328 615 5368 C
626 5330 832 5371 YPBIANI
845 5333 1300 5375 CONVERSIONE.—
1319 5339 1739 5382 CATECHUHENUS
1752 5345 1886 5384 BONA

359 5422 790 5477 SUADISTRIBUIT,
809 5427 978 5478 SEQUE
998 5429 1138 5471 VOTO
1153 5432 1518 5476 (ΞΟΝἸΊΝΕΝΤῙίΕ
1546 5437 1882 5479 OBSTI‘JNXIT.

359 5515 714 5558 ‘—INCERTUM
741 5521 841 5569 QUO
871 5524 1007 5564 ANNO
1032 5524 1100 5563 ET
1127 5503 1369 5568 TEMPOR'E
1399 5530 1740 5572 BAI’TIZATUS.

359 5637 658 5695 Plurimum
703 5638 834 5699 sane
861 5646 1167 5703 christianae
1210 5653 1448 5723 religioni
1477 5657 1701 5711 accessit
1726 5673 1885 5713 orna.

286 5734 451 5788 menti
497 5742 551 5788 et
579 5736 813 5806 prtesidii
855 5744 1208 5799 conversione
1243 5748 1372 5801 tanti
1412 5749 1645 5818 ingenii;
1679 5766 1740 5806 ac
1772 5762 1882 5807 tum

285 5827 522 5882 maxime
554 5829 750 5884 veritas
792 5831 1117 5904 trit'taqrvha‘re
1151 5837 1257 5894 visa
1292 5848 1372 5895 est
1423 5847 1546 5899 cum
1597 5843 1884 5902 celeberri-

2041 445 2183 484 mum
2218 433 2474 490 mendacii
2507 437 2779 495 doctorem
2821 454 2882 496 ac
2928 440 3263 499 defensorem
3311 446 3471 518 cepit.
3515 448 3632 504 Non

2039 534 2210 580 tamen
2241 528 2412 597 prima
2466 532 2806 599 aggressione
2846 533 3016 587 victus
3042 547 3123 590 est
3153 536 3469 606 Cyprianus,
3507 541 3626 606 sed,

2036 618 2179 684 quod
2225 618 2278 673 in
2329 620 2542 675 homine
2580 622 2813 677 inaniutn
2862 641 3039 680 rerum
3097 630 3400 697 cognitione
3449 632 3635 688 inflato

2039 727 2144 765 non
2175 713 2328 768 valde
2357 715 2549 769 mirum
2578 729 2680 780 est,
2712 718 2797 772 diu
2838 721 3116 776 veritatem
3147 723 3284 778 inter
3311 734 3361 779 et
3394 741 3635 784 errorem

2037 807 2254 875 ancipiti
2287 810 2551 864 sententia
2585 810 2874 867 tluetuavit.
2909 815 3059 881 Quod
3096 819 3236 872 enim
3285 819 3440 876 docet
3488 823 3638 878 chri-

2040 899 2206 952 stiana
2236 900 2419 970 religio
2449 900 2515 954 de
2547 918 2676 955 nova
2721 905 2769 958 in
2799 903 3010 959 Christo
3041 910 3329 973 creatione,
3364 913 3412 966 id
3443 917 3639 972 solnnii

2038 992 2205 1046 instar
2232 993 2526 1048 domestico
2554 1009 2866 1065 argumento
2899 1001 3198 1068 refellebat,
3236 1005 3359 1060 vitia
3389 1023 3482 1063 sua
3511 1026 3640 1065 neco

2037 1082 2160 1136 dum
2214 1085 2398 1139 volens
2437 1088 2745 1155 emendare,
2796 1107 2891 1146 nec
2929 1094 3200 1149 emendari
3245 1113 3398 1164 posse
3448 1103 3639 1159 existi-

2038 1192 2208 1230 mans.
2239 1177 2382 1245 Quos
2413 1188 2520 1235 tum
2549 1183 2713 1237 animi
2742 1192 2904 1241 testus
2933 1197 3181 1258 expertus
3209 1192 3304 1257 sit,
3337 1195 3413 1249 sic
3442 1197 3554 1266 ipse
3583 1198 3640 1254 in

2035 1269 2270 1339 Epistola
2314 1273 2382 1325 ad
2427 1273 2683 1329 Donatum
2736 1277 3026 1335 edisserit:
3077 1307 3092 1332 ι
3134 1283 3261 1353 Ego,
3295 1285 3482 1357 inquit,
3515 1304 3642 1345 cum

2037 1362 2088 1415 in
2131 1365 2366 1419 tenebris
2395 1375 2552 1437 atque
2599 1370 2650 1423 in
2680 1378 2836 1426 nocte
2877 1387 3014 1427 eazca
3040 1372 3295 1443 jacerem,
3328 1395 3556 1452 cumque
3585 1383 3644 1440 in

2036 1456 2150 1511 salo
2185 1457 2433 1527 jactantis
2474 1462 2653 1517 smculi
2699 1463 3038 1522 nutabundus
3076 1485 3138 1524 ac
3179 1469 3372 1528 dubius
3404 1475 3644 1545 vestigiis

2034 1547 2408 1606 oberrantibus
2437 1551 2772 1622 ﬂuctuarem,
2805 1557 2926 1613 vita:
2971 1577 3104 1616 mea:
3134 1565 3365 1632 nescius,
3398 1569 3639 1622 veritatis

2033 1657 2095 1696 ac
2125 1643 2257 1699 lucis
2285 1645 2525 1715 alienus,
2555 1648 2771 1706 difficile
2801 1667 3020 1720 prorsus
3047 1671 3110 1709 ac
3151 1656 3340 1712 durum
3385 1677 3478 1728 pro
3533 1661 3642 1717 illis

2035 1747 2158 1793 tunc
2189 1740 2425 1796 moribus
2454 1744 2716 1812 opinabar
2745 1747 2883 1815 quod
2914 1746 2966 1801 in
3009 1749 3232 1805 salutem
3281 1753 3408 1807 mihi
3455 1754 3636 1812 divina

2035 1833 2361 1903 indulgentia
2393 1837 2765 1906 pollicebatur,
2801 1848 2856 1894 ut
2895 1841 3014 1911 quis
3057 1845 3264 1918 renasci
3293 1845 3469 1901 denuo
3511 1864 3639 1918 pos-

2033 1936 2147 1989 set,
2192 1937 2354 1995 utqne
2397 1928 2448 1981 in
2493 1944 2685 1984 novam
2729 1932 2889 1986 vitam
2940 1933 3152 1990 lavacro
3197 1917 3348 2007 aqua:
3393 1938 3643 1994 salutaris

2031 2019 2299 2073 animatus
2347 2020 2490 2088 quod
2520 2021 2666 2091 prius
2712 2024 2886 2077 fuerat
2940 2038 3259 2095 exponeret,
3293 2039 3364 2095 et,
3396 2033 3641 2102 corporis

2032 2111 2156 2168 licet
2183 2125 2432 2170 manente
2480 2129 2757 2186 compage,
2793 2116 3064 2173 hominem
3105 2120 3287 2175 animo
3341 2138 3403 2176 ac
3458 2133 3644 2179 mente

2033 2214 2284 2260 mutaret.
2319 2206 2420 2274 Qui
2451 2207 2720 2275 possibilis
2751 2217 2852 2272 est,
2884 2209 3110 2276 aiebam,
3148 2221 3289 2267 tanta
3321 2216 3639 2270 conversio?

2031 2309 2134 2354 etc.
2169 2319 2186 2350 ι
2223 2300 2328 2356 Sed
2360 2301 2574 2356 tandem
2609 2301 2754 2356 illius
2782 2305 3016 2358 animum
3049 2303 3293 2363 Chrisms
3322 2308 3542 2376 inﬂexit,
3574 2326 3640 2367 ac

2031 2391 2258 2447 docilem
2303 2391 2429 2449 fecit
2478 2395 2778 2449 hortatibus
2819 2396 3016 2452 Caecilii
3061 2399 3378 2472 presbyteri,
3409 2403 3496 2472 qui
3529 2412 3642 2458 tam

2029 2483 2277 2552 prmclari
2300 2486 2478 2554 operis
2508 2485 2822 2541 administer
2850 2497 2903 2542 et
2947 2491 3210 2561 interpres
3239 2491 3371 2559 fuit;
3408 2509 3512 2548 non
3543 2494 3638 2551 ille

2029 2577 2264 2647 quidem,
2298 2585 2352 2632 ut
2383 2581 2618 2633 nonnulli
2651 2581 2850 2650 opinati
2883 2591 3024 2650 sunt,
3073 2584 3388 2640 Diadutneni
3435 2602 3641 2655 DF'JJCG‘

2031 2682 2171 2738 ptor,
2203 2671 2296 2725 sed
2329 2672 2466 2726 idem
2506 2674 2682 2743 potius
2711 2677 2798 2744 qui
2843 2669 2897 2729 in
2945 2676 3155 2747 dialogo
3197 2679 3411 2735 Minucii
3442 2681 3638 2739 Felicis

2027 2761 2385 2816 Christianam
2431 2765 2740 2834 religioaem
2776 2783 2866 2834 per
2914 2767 2990 2822 fas
3039 2779 3090 2822 et
3135 2770 3284 2825 nefas
3333 2783 3637 2844 oppugnat,

2027 2853 2220 2907 deinde
2250 2855 2316 2908 ab
2344 2856 2563 2910 Octavio
2592 2867 2811 2914 strenue
2841 2859 3115 2914 defensam
3163 2860 3388 2918 libenter
3429 2867 3638 2934 ample-

2026 2950 2204 3004 ctitur.
2240 2951 2482 3006 Amicitia
2515 2969 2631 3023 quae
2662 2954 2926 3024 Cypriano
2968 2957 3332 3012 intercedebat
3360 2975 3480 3013 cum
3509 2960 3633 3014 Ca3-

2026 3041 2171 3110 eilio,
2205 3051 2310 3097 tam
2341 3055 2486 3098 arcte
2517 3041 2763 3099 beneﬁcii
2791 3045 3154 3116 magnitudine
3187 3050 3472 3104 constricta
3502 3060 3619 3117 est,

2026 3143 2080 3187 nt
2102 3149 2222 3188 eum
2255 3137 2303 3188 in
2336 3137 2570 3205 parentis
2599 3136 2718 3192 loco
2761 3136 3005 3208 diligeret
3033 3135 3330 3209 Cyprianus
3354 3183 3368 3206 ,
3403 3140 3625 3212 ejusque

2024 3243 2217 3284 nomen
2261 3230 2398 3284 ferre
2440 3230 2702 3298 voluerit,
2749 3247 2810 3286 ac
2837 3232 2887 3287 in
2919 3233 3083 3303 ipsius
3111 3233 3271 3289 domo
3303 3236 3496 3290 vixisse
3536 3237 3624 3290 vi-

2021 3322 2230 3378 deatur:
2269 3343 2287 3375 ‹
2313 3325 2439 3380 Erat
2470 3341 2599 3381 sane
2629 3326 2698 3380 illi
2732 3326 2797 3381 de
2830 3328 3003 3393 nobis,
3030 3329 3198 3398 inquit
3227 3329 3468 3396 Pontius,
3496 3345 3625 3386 cou-
3694 3337 3698 3341 “

2024 3418 2322 3474 tubernium
2381 3420 2479 3474 viri
2531 3421 2658 3489 justi
2697 3430 2749 3475 et
2794 3421 3071 3477 laudabilis
3101 3424 3372 3478 memoria:
3400 3423 3624 3492 Cmcilii,

2019 3521 2072 3566 ct
2101 3521 2256 3568 artate
2286 3524 2410 3568 tunc
2439 3523 2490 3568 ct
2520 3515 2721 3569 honore
2749 3517 3072 3588 presbyteri,
3104 3519 3191 3588 qui
3221 3535 3343 3573 ettm
3375 3518 3440 3572 ad
3469 3521 3623 3588 agni-

2021 3605 2217 3660 tionem
2270 3623 2411 3662 vcrte
2459 3607 2754 3662 Divinitatis
2788 3624 2818 3662 a
2855 3609 3034 3663 sreculi
3077 3625 3260 3664 errore
3286 3620 3620 3669 corrcxerat.

2019 3698 2169 3754 [lunc
2199 3709 2310 3755 toto
2341 3701 2543 3756 honore
2572 3711 2730 3772 atque
2772 3703 2917 3756 omni
2963 3703 3300 3757 observantia
3341 3704 3616 3774 diligehat,
3670 3706 3676 3712 ’

2015 3791 2705 3863 obsequentiveneratione
2735 3794 3029 3864 SttSpiciens
3050 3838 3064 3864 ,
3099 3811 3200 3850 non
3239 3795 3350 3866 jam
3383 3809 3440 3852 ut
3479 3798 3617 3853 ami-

2013 3899 2134 3937 cum
2177 3886 2368 3940 anima:
2421 3887 2768 3957 comqualem,
2821 3887 2913 3942 sed
2969 3896 3236 3959 tamquam
3287 3906 3438 3944 nova:
3491 3892 3617 3946 vita:

2012 3986 2310 4048 parentem.
2335 3979 2568 4049 Denique
2615 3981 2724 4046 ille,
2776 3979 3050 4035 demulsus
3085 3981 3197 4052 ejus
3230 3983 3525 4054 obsequiis,
3558 3985 3614 4040 in

2013 4080 2216 4124 tantum
2246 4071 2549 4128 dilectionis
2600 4073 2875 4129 immensa:
2919 4076 3110 4130 merito
3157 4085 3475 4146 provocatus
3505 4089 3612 4144 est,

2010 4166 2064 4208 ut
2116 4156 2182 4212 de
2228 4158 2431 4212 saeculo
2483 4159 2750 4214 ext-edens
2797 4161 3145 4216 arcessitione
3202 4163 3310 4232 jam
3365 4167 3614 4234 proxima

2007 4249 2410 4304 commendaret
2454 4250 2529 4304 illi
2560 4251 2840 4322 conjugem
2870 4268 2930 4308 ac
2960 4253 3156 4309 liberos
3187 4271 3340 4321 suos,
3366 4267 3419 4311 et
3445 4273 3607 4326 quem

2007 4339 2204 4395 fecerat
2230 4341 2297 4396 de
2349 4352 2508 4397 sectae
2561 4345 2938 4400 communione
2977 4347 3290 4416 participem
3319 4388 3332 4411 ,
3366 4359 3606 4416 postulo-

2005 4432 2130 4486 dum
2157 4433 2355 4487 faceret
2384 4434 2594 4504 pietatis
2644 4435 2933 4491 hacredem.
2969 4457 2987 4488 ι
3023 4437 3134 4491 Hoc
3162 4438 3600 4505 contubernium,

2004 4525 2142 4594 quod
2167 4525 2488 4596 Cyprianum
2529 4527 2581 4581 in
2612 4526 2808 4582 chilii
2840 4529 2999 4582 domo
3029 4529 3224 4583 indicat
3250 4530 3464 4596 vixisse,
3499 4532 3603 4585 mi-

2004 4637 2101 4676 nus
2132 4623 2376 4692 congruit
2409 4637 2524 4677 cum
2558 4623 2830 4676 hominum
2873 4623 3200 4678 eruditorum
3230 4625 3554 4694 conjecturis
3577 4669 3600 4697 ,

2002 4716 2091 4785 qui
2119 4713 2440 4786 Cyprianum
2472 4731 2690 4769 uxorem
2716 4732 2776 4770 ac
2801 4715 2934 4770 forte
2956 4717 3115 4770 etiam
3135 4716 3327 4774 liberos
3348 4719 3598 4776 habuisse

2001 4809 2187 4863 volunt
2241 4824 2362 4863 cum
2416 4808 2728 4878 religionem
2771 4808 3114 4862 Christianam
3161 4811 3438 4880 amplexus
3487 4822 3592 4880 est,

2000 4903 2247 4974 quamvis
2295 4902 2494 4956 nullum
2528 4917 2745 4971 prorsus
2779 4900 2934 4971 hujus
2965 4902 3038 4956 rei
3078 4904 3381 4974 vestigium,
3414 4918 3509 4958 nec
3538 4905 3595 4959 in

1999 4997 2115 5064 ejus
2143 4995 2353 5065 scriptis
2376 5009 2475 5049 nec
2504 4995 2556 5048 in
2586 4994 2726 5048 illius
2758 4993 2870 5048 \‘ita
2918 5011 3072 5065 quam
3103 4996 3315 5066 scripsit
3342 4994 3588 5065 Pontius,

2001 5087 2452 5157 deprehendatur.
3575 5161 3585 5165 _

2070 5180 2214 5237 Varii
2245 5180 2625 5251 cogitationtnn
2656 5188 2815 5235 aestus
2837 5180 3089 5252 Cypriani
3119 5180 3434 5235 alternantis
3457 5195 3592 5235 eon-

1999 5274 2308 5329 versionem
2349 5274 2611 5328 demorati
2651 5284 2812 5338 sunt;
2845 5274 2938 5328 sed
2977 5273 3154 5327 statim
3185 5282 3346 5343 atque
3375 5274 3592 5329 veritati

1996 5369 2062 5424 ad
2096 5368 2280 5424 oculos
2308 5365 2585 5438 affulgenti
2618 5367 2779 5422 cessit
2802 5410 2814 5428 ,
2849 5378 3011 5421 totam
3061 5381 3119 5422 se
3159 5368 3211 5421 in
3261 5384 3324 5423 eo
3359 5367 3594 5437 profudit

1998 5462 2195 5532 pietas,
2240 5475 2303 5515 ac
2347 5460 2748 5530 Scripturarum
2800 5459 3036 5514 oraculis
3090 5460 3303 5514 exculta
3349 5469 3590 5513 maturos

1995 5557 2199 5612 fructus
2241 5556 2294 5610 in
2339 5556 2456 5625 ipso
2498 5552 2790 5625 primordio
2832 5552 3042 5607 extulit.
3085 5572 3103 5604 ‹
3141 5553 3284 5607 Inter
3323 5551 3444 5607 fidei
3478 5566 3592 5605 suae

1995 5652 2162 5722 prima
2201 5648 2500 5704 rudimenta
2525 5689 2538 5713 ,
2573 5647 2648 5701 ait
2691 5645 2952 5712 Pontius,
2995 5645 3126 5700 nihil
3166 5646 3309 5700 aliud
3352 5644 3584 5702 credidit

1997 5749 2105 5804 Deo
2154 5746 2404 5816 dignum,
2440 5755 2597 5813 quam
2640 5743 2681 5796 si
2729 5741 3112 5797 continentiam
3154 5749 3430 5806 tueretur;
3463 5747 3592 5792 tunc

1999 5844 2137 5900 cum,
2176 5859 2204 5914 μ
2232 5857 2328 5896 δερ
2363 5839 2610 5894 idoneum
2660 5838 2767 5894 lteri
2800 5827 2990 5910 pectus
3027 5843 3081 5888 et
3116 5849 3344 5890 sensum
3389 5833 3456 5888 ad
3478 5830 3601 5902 pht-
