4200 6262
546 358 614 420 79
1730 361 1889 419 VlTA
1912 340 2170 420 'saNc'rt
2211 359 2558 420 CYPRIANI.
3780 364 3851 422 so

551 499 674 537 nam
706 482 814 539 veri
846 482 1196 551 capacitatem
1228 480 1539 551 pervenire,
1569 480 1613 535 si
1642 476 2134 552 cuncupiscentiam

551 575 730 629 carnis
781 575 1001 630 robusto
1064 584 1225 644 atque
1278 573 1486 645 integro
1537 575 1909 630 sanctimonia:
1966 576 2151 646 vigore

553 669 805 724 calcaret.
837 668 968 735 Quis
992 683 1243 738 umquam
1265 668 1395 723 tanti
1425 668 1664 723 miraculi
1693 668 1974 724 meminit?
2002 668 2148 723 Non-

555 761 680 816 dum
732 759 966 816 secunda
1011 760 1260 816 nativitas
1302 776 1501 817 novum
1538 760 1809 816 hominem
1864 759 2152 831 splendore

558 862 671 908 toto
697 850 891 908 divinae
917 852 1051 909 lucis
1072 854 1387 910 oculaverat
1405 897 1419 919 ,
1452 863 1507 910 et
1525 855 1642 924 jam
1675 863 1888 910 veteres
1913 868 1977 910 ac
2013 854 2151 924 pris-

557 947 695 1001 tiuas
737 946 989 1003 tenebras
1030 948 1143 1002 sola
1188 947 1321 1003 lucis
1363 959 1607 1019 paratura
1635 948 1899 1003 vincebat.
1929 947 2152 1013 Deinde,

561 1039 709 1109 quod
739 1040 911 1111 majus
930 1051 1044 1107 est,
1074 1057 1194 1097 cum
1225 1041 1294 1097 de
1318 1042 1552 1099 lectione
1572 1041 1751 1097 divina
1782 1041 2151 1113 quaedamjam

539 1151 665 1208 non
714 1149 822 1204 pro
870 1134 1177 1190 conditione
1208 1134 1461 1190 novitatis
1480 1176 1495 1202 ,
1526 1134 1621 1189 sed
1650 1150 1746 1205 pro
1776 1134 1900 1189 fidei
1931 1132 2152 1189 festina-

568 1227 710 1281 tione
736 1226 1032 1295 didicisset,
1060 1226 1243 1283 statim
1276 1228 1452 1297 rapuit
1501 1225 1643 1297 quod
1694 1225 1897 1281 invenit
1935 1239 2155 1295 prome-

556 1317 734 1373 rendo
789 1317 1015 1373 Domino
1047 1316 1404 1387 profutttrum.
1431 1317 1709 1372 Distraetis
1736 1316 1898 1371 rebus
1920 1317 2054 1382 suis,
2089 1315 2156 1370 ad

562 1407 907 1478 indigentiam
965 1423 1256 1479 pauperum
1322 1407 1731 1463 sustentandam
1785 1415 1895 1461 tota
1956 1406 2156 1476 prazdia

564 1501 739 1571 pretio
768 1500 1106 1571 dispensans,
1137 1501 1245 1557 duo
1274 1501 1416 1557 bona
1460 1500 1618 1556 simul
1638 1500 1839 1572 jnnxit,
1871 1510 1930 1555 nt
1964 1510 2017 1556 et
2037 1516 2156 1554 am-

559 1594 818 1649 bitionem
838 1595 1022 1651 sa3culi
1045 1604 1347 1667 sperneret,
1370 1610 1479 1665 quo
1504 1594 1856 1664 perniciosius
1901 1592 2032 1647 nihil
2075 1602 2158 1648 est

560 1696 616 1742 et
642 1687 1103 1755 misericordiam,
1128 1704 1290 1760 quam
1341 1688 1479 1742 Deus
1517 1687 1679 1741 etiam
1719 1684 2000 1741 sacrificiis
2045 1686 2159 1740 suis

563 1782 834 1851 prmtulit,
868 1799 1026 1854 quam
1074 1799 1175 1840 nec
1227 1783 1315 1839 ille
1364 1783 1453 1853 qui
1510 1782 1643 1854 legis
1687 1783 1866 1837 omnia
1908 1781 2157 1836 mandata
2200 1856 2205 1862 ι

564 1891 814 1932 servasse
857 1892 917 1932 se
955 1877 1196 1944 dixerat,
1228 1878 1385 1942 fecit,
1411 1876 1697 1951 impleret:
1727 1884 1781 1931 et
1816 1890 2159 1945 prmprnpcta

566 1969 852 2023 velocitate
892 1969 1140 2039 pietatis,
1169 1984 1307 2040 pene
1344 1980 1469 2024 ante
1510 1970 1674 2039 erepit
1710 1968 1984 2039 perfectus
2005 1982 2156 2033 esse,

562 2076 722 2131 quam
749 2060 998 2117 disceret.
1032 2082 1051 2115 ι

635 2155 753 2211 Non
792 2155 1043 2212 convenit
1072 2154 1212 2211 inter
1236 2154 1476 2211 eruditos
1519 2165 1697 2212 utrum
1724 2153 2031 2210 christianis
2074 2168 2161 2208 sa-

573 2248 682 2304 cris
728 2246 965 2302 initiatus
1026 2254 1173 2303 esset
1211 2245 1511 2319 Cyprianus
1551 2262 1674 2303 cum
1718 2262 1780 2303 se
1817 2248 2161 2303 continentia:

573 2342 692 2410 lege
735 2340 1057 2406 obstrinxit,
1090 2356 1154 2397 ac
1197 2341 1337 2397 bona
1382 2341 1707 2412 pauperibus
1745 2340 2061 2407 distribuit,
2093 2357 2160 2396 an

565 2433 740 2489 adhuc
765 2431 1185 2489 eatecltumenus
1211 2433 1465 2505 prmclara
1501 2433 1618 2489 hate
1637 2434 1746 2489 duo
1780 2431 2019 2489 facinora
2042 2433 2128 2488 edi
2144 2462 2159 2472 -

568 2527 727 2582 derit.
753 2523 881 2589 Sed,
926 2525 971 2579 si
1012 2525 1185 2580 Pontii
1228 2525 1391 2581 verba
1429 2526 1853 2595 eonsiderentur;
1872 2533 1953 2583 att
1971 2525 2159 2589 :ntius,

563 2616 650 2672 vix
681 2616 987 2687 ambigendi
1014 2615 1164 2672 locus
1187 2617 1474 2688 supererit.
1500 2617 1787 2688 Coneeptis
1808 2618 1952 2673 enim
1978 2616 2162 2672 verbis

563 2707 802 2765 declarat
839 2708 1075 2766 nondum
1106 2709 1380 2780 Baptismo
1421 2719 1795 2782 regeneratum
1852 2710 2017 2767 fuisse
2054 2712 2161 2783 Cy-

570 2802 815 2872 prianum
872 2817 993 2857 cum
1045 2802 1161 2858 hmc
1207 2802 1542 2873 designavit:
1572 2821 1592 2855 ε
1629 2802 1743 2859 Νοιι
1773 2804 2007 2859 secunda
2029 2805 2166 2860 nati-

564 2897 699 2951 vitas
727 2911 850 2953 eum
878 2896 1217 2964 oenlaverat,
1248 2896 1343 2952 sed
1367 2897 1480 2951 sola
1507 2895 1641 2974 lueis
1674 2907 1923 2966 paratura
1950 2906 2163 2954 veteres

573 3003 639 3044 ac
683 2988 935 3059 pristinas
979 2989 1232 3045 tenebras
1269 2988 1537 3044 vincebat.
1570 3007 1591 3042 ι
1626 2987 1793 3044 Paulo
1833 2999 1957 3059 post
2002 2989 2163 3045 allata

563 3084 725 3140 verba
748 3126 763 3151 ,
795 3082 1095 3156 Cyprianus
1148 3082 1347 3139 dicitur
1373 3103 1391 3135 ι
1426 3082 1604 3139 adhuc
1630 3084 1781 3140 rudis
1810 3084 1932 3139 lidei
1960 3085 2121 3139 homo
2144 3126 2161 3152 ,

564 3190 618 3237 et
647 3179 732 3235 cui
778 3179 1001 3235 forsitan
1044 3178 1284 3234 nondum
1313 3177 1653 3234 crederetur.
1692 3198 1711 3232 ι
1746 3177 1895 3235 Idem
1926 3177 2167 3234 efficitur

568 3290 638 3331 ex
680 3274 763 3328 his
803 3272 1013 3328 verbis:
1048 3291 1067 3325 ι
1107 3272 1371 3328 Ριιωνεηίι
1399 3273 1585 3328 tritura
1618 3282 1948 3339 sementem,
1974 3269 2164 3327 vinde-

566 3366 680 3421 mia
714 3364 1010 3436 palmitem,
1051 3379 1205 3434 poma
1240 3363 1571 3421 radicem....
1606 3384 1625 3417 ι
1664 3363 1731 3420 Ει
1767 3363 1943 3420 infra:
1975 3384 1994 3417 ι
2025 3364 2163 3433 Quid

565 3469 745 3515 autem
795 3457 934 3514 circa
976 3472 1243 3528 pauperes
1262 3458 1546 3530 episcopus
1578 3457 1817 3527 faceret,
1846 3474 1982 3531 quos
2012 3471 2161 3516 cate-

560 3544 867 3610 ‘eltumenus
908 3550 1196 3623 diligebat?
1234 3570 1252 3603 ι
1286 3550 1395 3608 Sed
1439 3550 1833 3621 Tillemontius,
1867 3553 2162 3610 acutissimi

565 3645 754 3716 judieii
780 3643 1028 3717 scriptor,
1061 3642 1161 3698 hoc
1183 3644 1544 3700 testimonium
1564 3645 1759 3710 Pontii,
1783 3645 1923 3716 quod
1946 3645 2163 3717 quidem

563 3726 767 3795 fatetur
796 3738 850 3794 in
873 3736 1093 3793 dubium
1121 3737 1364 3793 revocari
1395 3751 1502 3792 non
1527 3736 1751 3803 debere,
1773 3738 2051 3795 conciliari
2078 3739 2165 3795 vix

570 3847 731 3900 posse
767 3831 1039 3887 existimat
1087 3845 1211 3885 cum
1248 3828 1488 3900 Epistola
1534 3829 1604 3885 ad
1643 3828 1934 3897 Donatum,
1968 3830 2019 3884 in
2060 3844 2163 3901 qua

569 3923 891 3994 Cyprianus,
922 3931 982 3978 ut
1012 3922 1173 3978 modo
1198 3922 1460 3987 vidimus,
1488 3924 1925 3981 emendationem
1953 3939 2163 3981 morum

570 4024 625 4069 et
659 4013 783 4069 vita:
825 4014 1172 4069 mutationem
1215 4029 1283 4070 ne
1322 4016 1644 4086 cogitatione
1682 4017 1899 4088 quidem
1945 4018 1997 4073 in
2036 4034 2167 4074 con-

570 4106 835 4162 versionis
857 4105 1147 4177 primordio
1173 4108 1386 4180 assequi
1416 4124 1476 4164 se
1505 4109 1743 4180 potuisse
1770 4110 2032 4177 declarat,
2059 4125 2158 4179 ne-

575 4200 702 4256 dum
734 4208 842 4255 tam
873 4198 1097 4267 fervidis,
1123 4200 1291 4257 initiis
1317 4216 1543 4257 exorsus
1569 4203 1678 4259 sit:
1718 4222 1736 4256 ι
1782 4203 2168 4275 Desperatione

574 4291 889 4357 meliorum,
922 4292 1126 4363 inquit,
1153 4292 1309 4348 malis
1344 4292 1480 4349 meis
1519 4293 1680 4349 veluti
1699 4295 1808 4364 jam
1838 4296 2065 4367 prepriis
2104 4310 2169 4351 ac

571 4384 878 4440 vernaculis
909 4381 1176 4441 favebant.
1213 4404 1232 4438 ι
1265 4385 1537 4442 Prmterca
1565 4386 1844 4457 Baptismo
1892 4397 2167 4459 acceptam

575 4475 738 4531 refert
767 4475 1197 4532 emendationem
1230 4493 1439 4532 morum
1461 4493 1703 4541 suorum,
1736 4486 1791 4531 et
1825 4496 1843 4530 ι
1885 4490 2164 4552 p05tquam

574 4565 732 4622 unda:
770 4566 1016 4639 genitalis
1041 4566 1242 4624 auxilio
1285 4568 1582 4638 superioris
1624 4570 1723 4625 aevi
1770 4569 1890 4626 labe
1924 4571 2159 4637 detersa,

577 4660 630 4714 in
651 4662 921 4729 espiatum
950 4668 1133 4731 pectus
1159 4676 1221 4716 ac
1252 4676 1443 4731 purum
1465 4659 1703 4733 desuper
1723 4676 1784 4717 se
1808 4663 1990 4720 lumen
2022 4665 2166 4721 infu-

574 4748 683 4815 dit,
719 4769 737 4802 ι
775 4759 883 4824 tum
914 4766 1041 4807 vero
1066 4751 1351 4822 agnovisse
1389 4768 1448 4808 se
1473 4751 1606 4807 dicit
1637 4753 1793 4810 facile
1819 4770 1943 4812 esse
1974 4775 1992 4809 ι
2025 4757 2168 4828 quod

574 4850 734 4897 antea
761 4840 981 4897 difﬁcile
1012 4842 1311 4908 videbatur,
1336 4843 1449 4913 geri
1482 4860 1639 4914 posse
1662 4845 1804 4915 quod
1836 4846 2169 4917 impossibile

575 4935 879 5006 putabatur.
919 4956 937 4989 ›
968 4936 1247 5003 Quomodo
1289 4952 1417 5009 ergo
1446 4947 1524 4994 tot
1563 4940 1817 4995 virtutum
1849 4952 2165 4998 ornamenta

574 5039 701 5085 ante
730 5028 1060 5101 Baptismum
1087 5030 1343 5101 consequi
1368 5032 1582 5101 potuit?

648 5119 717 5174 Ut
758 5120 873 5176 haec
920 5120 1209 5176 difficultas
1252 5122 1607 5193 expediatur,
1639 5125 2037 5183 observandum
2087 5137 2170 5185 est

574 5215 631 5271 l"
657 5214 836 5272 minus
862 5223 1112 5272 accurate
1133 5214 1530 5273 Tilletnontium
1563 5218 1631 5275 ad
1662 5219 1810 5276 initia
1858 5221 2168 5282 christiana)

573 5307 927 5378 professionis
966 5306 1171 5365 referre
1224 5307 1414 5365 dubias
1466 5310 1584 5367 illas
1619 5313 1971 5384 cogitationes
2046 5324 2202 5390 qua:

571 5400 898 5473 Cyprianum
957 5411 1083 5458 ante
1119 5402 1528 5458 conversionem
1576 5403 1683 5461 ltuc
1718 5414 1772 5461 et
1813 5405 1940 5463 illuc
1983 5395 2166 5468 trahe-1

574 5491 727 5551 baut.‘
753 5491 1002 5549 Nondum
1047 5488 1191 5551 enim
1235 5494 1490 5551 credebat
1518 5495 1571 5551 in
1597 5497 1873 5555 Christum
1906 5516 2029 5558 eum
2089 5504 2168 5560 sic

569 5587 751 5641 animo
788 5585 1090 5654 fluctuaret,
1126 5585 1241 5651 sed,
1290 5595 1344 5642 ut
1386 5587 1500 5659 ipse
1539 5599 1748 5658 narrat,
1780 5611 1799 5645 ι
1831 5591 1884 5648 in
1931 5595 2167 5654 tenebris

571 5690 731 5752 atque
761 5682 812 5736 in
859 5690 1018 5738 nocte
1044 5696 1184 5737 caeca
1210 5680 1425 5751 jacebat
1451 5699 1464 5749 ;
1494 5683 1545 5739 in
1569 5684 1687 5740 salo
1708 5685 1961 5757 jactantis
1982 5691 2165 5747 szeculi

571 5774 912 5831 nutabundus
940 5790 1004 5830 ac
1028 5774 1223 5830 dubius
1238 5777 1475 5846 vestigiis
1487 5778 1862 5838 oberrantibus
1897 5801 1916 5836 ι
1938 5781 2163 5842 ﬂuctua-

572 5865 684 5938 bat,
719 5882 738 5917 σ
765 5867 887 5923 vitae
916 5881 1027 5922 suae
1055 5866 1301 5936 nescius,
1334 5867 1577 5925 veritatis
1614 5885 1678 5928 ac
1717 5872 1851 5932 lucis
1879 5874 2105 5935 alienus.
2136 5898 2156 5935 ι

2259 480 2436 538 Facile
2470 498 2600 555 erga
2638 483 2860 539 Pontius
2905 497 3025 538 cum
3066 483 3335 556 Cypriane
3366 483 3723 547 conciliatur;
3752 498 3853 540 nec

2257 575 2459 630 mirum
2487 575 2532 630 si
2566 576 2772 647 primus
2795 576 3147 648 Cyprianum,
3179 585 3460 648 postquam
3489 558 3697 632 veritati
3735 592 3847 632 nta-

2256 682 2355 721 nns
2406 665 2581 733 dedit,
2612 667 2677 722 ad
2719 668 2935 723 virtutis
2986 683 3257 723 summum
3299 668 3544 724 evolasse
3587 677 3850 734 testatur,

2256 762 2499 831 quamvis
2532 760 2835 832 Cyprianus
2876 760 2991 830 ipse
3033 776 3242 816 morum
3275 775 3495 816 suorum
3523 761 3857 816 emendatio-

2257 867 2383 908 nem
2414 863 2540 907 ante
2566 862 2846 923 aeceptum
2872 853 2994 909 fidei
3029 853 3235 909 donum
3264 853 3624 924 desperasset.
3655 851 3715 907 2°
3737 852 3855 909 Non

2258 944 2531 1000 immerito
2573 942 2876 1025 Cyprianus
2919 946 3338 1002 renovationem
3367 945 3531 1001 animi
3564 945 3646 1000 sui
3677 955 3731 1000 et
3759 959 3858 1000 no-

2258 1051 2380 1090 vam
2418 1036 2746 1092 creationem
2784 1037 3059 1109 Baptismo
3101 1037 3371 1104 attribuit,
3400 1038 3643 1109 quamvis
3676 1037 3859 1094 multis

2255 1125 2365 1196 jatn
2395 1126 2683 1183 virtutibus
2727 1129 3023 1184 instructus
3052 1128 3116 1182 ad
3144 1129 3475 1200 Baptismum
3514 1130 3858 1186 accessisset.

2260 1221 2350 1278 Sic
2389 1222 2532 1278 enim
2570 1237 2787 1294 semper
2830 1223 2949 1277 tulit
2993 1222 3350 1279 ecclesiastici
3378 1224 3716 1279 consuetudo
3740 1238 3860 1280 ser-

2262 1317 2467 1381 monis,
2496 1326 2573 1385 nt,
2599 1332 2720 1371 eum
2758 1316 2822 1371 ad
2868 1317 3198 1388 Baptismum
3263 1331 3421 1373 nemo
3487 1316 3862 1373 admitteretur

2264 1409 2364 1463 nisi
2395 1418 2518 1481 post
2556 1409 2721 1463 multa
2760 1408 3060 1464 emendatae
3110 1409 3237 1464 vita:
3265 1408 3491 1475 indicia,
3526 1408 3641 1480 ipsa
3680 1420 3862 1465 tamen

2263 1502 2548 1557 renovatio
2572 1509 2627 1555 et
2654 1516 2789 1555 nova
2812 1502 3012 1557 creatio
3043 1501 3299 1571 Baptismi
3332 1499 3536 1557 fructus
3561 1498 3683 1557 esse
3711 1501 3862 1557 dice-

2264 1604 2430 1650 retur.
2457 1593 2589 1648 Hinc
2617 1592 2742 1649 illud
2781 1592 2965 1665 Cyrilli
3014 1593 3486 1663 Ilierosolymilani
3520 1593 3778 1649 Calecltesi
3805 1609 3863 1649 nt

2268 1688 2345 1758 (p.
2369 1687 2468 1756 45)
2500 1705 2513 1741 :
2547 1705 2564 1738 ι
2604 1686 2843 1743 Mortuus
2870 1688 2922 1741 in
2941 1688 3173 1756 peccatis
3197 1686 3540 1752 descendisti,
3572 1685 3864 1744 vivificatus

2266 1781 2517 1836 ascendis
2541 1781 2591 1835 in
2612 1780 2838 1849 justitia.
2877 1800 2897 1833 ›
2927 1779 3045 1837 Νοιι
3071 1781 3291 1837 dubium
3311 1791 3489 1836 tamen
3516 1782 3646 1851 quin
3674 1796 3737 1836 ex
3768 1795 3861 1835 ea-

2268 1873 2608 1929 teehumeuis
2657 1889 2793 1944 quos
2830 1873 3063 1945 Cyrillus
3093 1873 3407 1942 erudiebat,
3439 1890 3545 1930 non
3576 1873 3725 1946 pauci
3750 1873 3864 1945 jam

2270 1983 2500 2038 magnos
2550 1966 2811 2022 haberent
2865 1967 2917 2021 in
2973 1967 3174 2023 virtute
3221 1962 3568 2039 progressus;
3606 1983 3670 2022 ae
3724 1966 3865 2023 forte

2267 2041 2454 2114 etiam
2477 2058 2827 2113 continentur:
2880 2066 3005 2113 voto
3044 2072 3167 2113 sese
3202 2057 3444 2113 nonnulli
3474 2058 3861 2128 obligaveraut,

2268 2159 2327 2204 ut
2368 2148 2623 2203 observat
2660 2148 3011 2204 doctissimus
3054 2149 3232 2205 editor
3260 2150 3313 2205 in
3344 2150 3486 2205 notis
3529 2150 3595 2205 ad
3639 2149 3751 2205 Cat.
3784 2166 3863 2219 tv,

2269 2244 2348 2318 (p.
2374 2244 2484 2315 62).
2510 2244 2627 2300 Νοη
2659 2255 2743 2301 est
2773 2244 2932 2315 hujus
2961 2232 3189 2299 inStitnti
3207 2246 3452 2300 usitatam
3475 2246 3675 2302 sanctis
3692 2246 3866 2301 Patri-

2268 2342 2366 2395 bus
2406 2350 2460 2396 et
2496 2341 2758 2412 theologis
2779 2339 3090 2396 disserendi
3116 2339 3378 2394 rationem
3411 2340 3704 2409 explanare
3724 2381 3740 2406 ,
3769 2339 3865 2395 sed

2267 2442 2416 2491 certe
2464 2448 2530 2488 ex
2584 2447 2647 2487 ea
2685 2432 3026 2503 perSpieuum
3071 2443 3152 2486 est
3180 2431 3429 2487 Pontium
3459 2441 3514 2486 et
3539 2432 3866 2502 Cyprianum

2268 2525 2410 2581 inter
2444 2540 2503 2581 se
2537 2540 2644 2580 non
2676 2518 2938 2595 'pugnare
2973 2524 3098 2580 dum
3125 2526 3262 2580 alter
3308 2526 3565 2594 praeclare
3595 2525 3729 2581 facta
3756 2524 3867 2597 Cy-

2273 2618 2449 2689 priani
2481 2633 2602 2675 sese
2630 2617 2697 2674 ad
2724 2618 3054 2688 Baptismum
3099 2618 3453 2688 pra-parantis
3480 2627 3692 2685 narrat,
3726 2619 3867 2674 alter

2269 2713 2543 2783 Baptismo
2583 2711 2851 2783 adjudicat
2870 2711 3126 2783 quidquid
3161 2722 3218 2767 et
3263 2713 3315 2766 in
3344 2712 3457 2782 ipsa
3484 2711 3739 2782 Baptismi
3768 2710 3866 2766 ad-

2270 2807 2665 2863 ministratione
2704 2816 2760 2863 et
2803 2806 2857 2861 in
2897 2806 3093 2878 praevia
3135 2806 3479 2862 meditatione
3509 2804 3867 2860 etexercita-

2273 2898 2419 2954 tione
2473 2906 2801 2954 consecutus
2851 2897 3055 2963 fuerat;
3085 2897 3227 2952 addo
3279 2897 3442 2952 etiam
3491 2894 3749 2967 quidquid
3807 2895 3864 2952 in

2268 2989 2709 3046 Confirmationis
2738 2999 3081 3046 sacramento
3118 3000 3172 3045 et
3204 2989 3253 3043 in
3286 2988 3531 3059 corporis
3559 2997 3616 3043 et
3643 2988 3872 3058 sangui-

2269 3066 2351 3139 nis
2376 3080 2579 3138 Christi
2608 3082 2991 3137 communione
3010 3122 3026 3148 ,
3057 3096 3178 3152 qua:
3206 3081 3314 3137 duo
3339 3089 3675 3137 sacramenta
3705 3079 3875 3139 simul

2268 3191 2393 3231 eum
2424 3176 2703 3246 Baptismo
2728 3174 2964 3231 conferri
2994 3174 3255 3231 solebant.

2340 3272 2459 3337 Quo
2485 3283 2628 3324 anno
2665 3282 2959 3324 conversus
2984 3267 3148 3323 fuerit
3167 3277 3223 3324 et
3242 3269 3546 3340 baptizatus
3565 3267 3868 3340 Cyprianus

2269 3380 2333 3420 ex
2366 3364 2484 3433 ejus
2521 3364 2864 3435 episcopatus
2893 3363 3047 3418 initio
3069 3363 3367 3420 existimari
3405 3363 3583 3419 debet.
3609 3362 3776 3430 Nam,
3809 3370 3872 3419 ut

2269 3456 2343 3511 ait
2392 3455 2636 3521 Pontius,
2677 3473 2694 3506 ι
2731 3455 2796 3510 ad
2828 3453 3067 3512 oflieium
3108 3455 3395 3512 sacerdotii
3436 3466 3493 3512 et
3527 3456 3873 3528 episcopatus

2269 3547 2495 3620 gradum
2536 3548 2711 3605 adhuc
2740 3547 3041 3620 neophytus
3075 3557 3162 3617 et,
3195 3557 3256 3604 ut
3282 3548 3593 3620 putabatur,
3623 3549 3873 3606 novellus

2269 3643 2475 3699 electus
2505 3652 2607 3699 est.
2645 3662 2664 3696 ›
2697 3642 2895 3711 Quare,
2940 3658 3061 3699 eum
3106 3641 3391 3713 episcopus
3447 3656 3589 3697 anno
3631 3642 3740 3699 248
3778 3652 3876 3698 aut

2274 3737 2382 3794 249
2413 3746 2627 3793 creatus
2691 3737 2853 3792 fuerit
2889 3747 2968 3800 ut,
3006 3735 3169 3792 modo
3198 3735 3529 3802 videbimus,
3562 3735 3873 3808 Baptismus

2272 3846 2378 3886 non
2419 3829 2760 3886 ineammode
2788 3830 2854 3885 ad
2893 3845 3091 3885 annum
3140 3827 3249 3885 244
3297 3838 3389 3884 aut
3436 3828 3544 3884 245
3579 3827 3873 3886 referetur.

2271 3923 2375 3978 Alii
2401 3923 2469 3978 ad
2504 3939 2703 3979 annum
2752 3921 2863 3978 246
2901 3921 3172 3988 referunt,
3200 3921 3295 3978 sed
3338 3921 3515 3977 dehis
3544 3922 3707 3979 rebus
3730 3922 3870 3978 nihil

2272 4015 2485 4072 videtur
2513 4022 2662 4072 certo
2694 4030 2851 4085 posse
2876 4014 3146 4071 constitui.
3173 4014 3394 4070 Frustra
3422 4026 3601 4070 autem
3631 4013 3875 4084 inquira-

2273 4117 2359 4163 tttr
2388 4123 2494 4178 quo
2519 4107 2648 4162 anui
2674 4117 2912 4178 tempore
2937 4106 3234 4177 baptizatus
3265 4108 3358 4162 sit.
3380 4106 3496 4163 Hoc
3521 4115 3871 4163 sacramento

2273 4199 2543 4256 initiatum
2584 4201 2751 4256 fuisse
2797 4200 2937 4255 inter
2975 4198 3177 4254 Pascha
3203 4208 3258 4255 et
3285 4199 3642 4255 Pentecosten
3671 4196 3868 4254 existi-

2273 4304 2421 4348 mant
2446 4292 2772 4348 Pearsonius
2800 4300 2855 4346 et
2882 4291 2970 4346 alii
3003 4291 3280 4359 nonnulli,
3320 4311 3339 4345 ι
3376 4291 3500 4361 quia
3528 4291 3632 4347 hoc
3660 4300 3876 4363 tempo-

2272 4388 2347 4444 ris
2377 4388 2610 4459 Spatium
2651 4385 2968 4442 ordinandis
2995 4386 3223 4443 lavacris
3255 4386 3310 4442 in
3344 4385 3526 4442 Africa
3553 4384 3872 4457 deputatum

2272 4488 2409 4537 erat.
2438 4498 2460 4533 ι
2493 4479 2713 4547 Verum,
2745 4479 2846 4535 etsi
2871 4479 2926 4534 bi
2947 4478 3064 4535 dies
3092 4477 3359 4550 praecipue
3385 4487 3569 4536 essent
3599 4477 3874 4548 Baptismo

2273 4576 2592 4642 consecrati,
2624 4574 2753 4630 nihil
2786 4583 2963 4630 tamen
2992 4573 3208 4630 vetabat
3261 4573 3546 4643 quominus
3598 4570 3873 4642 Baptisma

2272 4672 2393 4727 aliis
2434 4670 2764 4742 temporibus
2809 4668 3060 4734 daretur,
3101 4667 3147 4721 si
3193 4682 3314 4736 ane
3357 4681 3535 4722 causa:
3563 4663 3872 4721 inciderent

2276 4763 2529 4834 Baptismi
2552 4772 2674 4834 post
2692 4761 2963 4818 solemnes
2990 4760 3106 4816 dies
3125 4758 3406 4817 differendi
3431 4801 3447 4827 ,
3475 4758 3566 4816 vel
3580 4759 3741 4815 etiam
3766 4773 3873 4813 an-

2277 4855 2552 4926 ticipandi.
2594 4854 2792 4911 Probat
2838 4851 3204 4910 Tertullianus
3248 4851 3302 4906 in
3343 4851 3481 4908 libro
3516 4852 3579 4906 de
3603 4850 3874 4922 Baptismo

2274 4947 2409 5004 nihil
2448 4964 2571 5005 esse
2618 4946 2944 5005 incommodi
3004 4946 3049 5002 si
3091 4945 3360 5018 Baptisma
3407 4954 3559 5002 extra
3596 4945 3873 5001 solemnes

2273 5041 2389 5098 dies
2427 5041 2587 5109 juStis
2631 5040 2700 5096 de
2743 5039 2921 5096 causis
2964 5039 3325 5119 suscipiatur:
3356 5056 3374 5090 ι
3406 5038 3555 5095 Diem
3588 5035 3869 5107 Baptismo

2273 5134 2684 5204 Solemniorem,
2730 5133 2934 5206 inquit,
2987 5132 3192 5189 Pascha
3250 5139 3608 5203 praestat......
3655 5127 3873 5185 Exinde

2274 5229 2593 5286 Pentecoste
2624 5225 2936 5303 ordinandis
2976 5224 3204 5280 lavacris
3246 5224 3567 5280 latissimum
3613 5220 3849 5293 spatium

2274 5333 2501 5381 est......
2526 5322 2792 5380 Craterum
2830 5319 3005 5376 omnis
3033 5319 3149 5375 dies
3177 5316 3388 5374 Domini
3424 5326 3537 5384 est,
3561 5315 3739 5371 omnis
3764 5313 3881 5367 lto-4

2274 5433 2331 5473 ra
2351 5458 2366 5483 ,
2397 5431 2557 5473 omne
2587 5423 2798 5488 tempus
2818 5412 2998 5469 habile
3018 5412 3292 5485 Baptismo
3324 5433 3337 5468 :
3369 5410 3413 5467 si
3435 5409 3504 5466 de
3524 5407 3871 5465 solemnitate

2275 5513 2530 5578 interest,
2576 5510 2645 5566 de
2696 5508 2871 5581 gratia
2927 5506 3060 5563 nihil
3112 5506 3296 5564 refert.
3337 5524 3355 5558 ι
3414 5504 3621 5560 lnertes
3671 5510 3865 5558 autem

2273 5603 2530 5674 Baptismi
2559 5601 2818 5657 dilatores
2841 5599 3083 5671 pluribus
3104 5599 3330 5669 castigat
3354 5598 3412 5655 S.
3439 5596 3733 5668 Gregorius
3754 5592 3865 5648 Na-

2274 5698 2561 5753 zianzenus
2587 5694 2639 5751 in
2674 5693 2824 5751 Orat.
2857 5709 2924 5750 ιι.
2945 5733 2959 5758 ,
2988 5708 3090 5750 nec
3119 5691 3308 5764 probat
3339 5688 3482 5762 quod
3507 5690 3689 5746 dicere
3721 5684 3869 5741 sole-

2273 5789 2403 5846 bant
2430 5806 2443 5844 :
2479 5810 2499 5842 ι
2525 5788 2815 5845 Luminum
2846 5789 3038 5844 festum
3060 5794 3315 5856 exspecto
3340 5800 3353 5838 :
3382 5782 3658 5840 Paschalis
3674 5780 3873 5836 festum

2282 5884 2449 5961 pluris
2486 5883 2625 5943 facio
2651 5903 2664 5942 :
2689 5870 3045 5943 PentecOSIeu
3090 5878 3439 5954 exspectabo.
3478 5875 3615 5939 Cum
3652 5872 3874 5935 Christo
