4200 6262
297 271 360 331 Si
1524 262 1687 321 VlTA
1722 260 1944 321 SANCT

2051 259 2351 320 YPRIANI.
3545 257 3618 322 8?.

252 394 257 399 ’
294 389 565 465 baptizari
614 394 871 460 prmstat,
903 399 1025 443 cum
1052 380 1265 440 Christo
1296 382 1349 439 in
1378 378 1789 440 resurrectionis
1820 376 1909 435 die

302 487 373 544 ad
439 485 603 540 vitam
661 481 891 547 redire,
943 478 1174 552 Spiritus
1218 477 1506 534 adventum
1559 475 1844 531 honorare.
1878 492 1897 527 ι

378 578 470 633 Ait
494 574 726 631 Pontius
772 572 937 628 multa
972 569 1299 643 Cyprianum
1330 568 1511 624 adhuc
1538 566 1803 638 plebeiqu
1833 567 1919 622 l'e-t

302 671 451 727 cisse
490 668 561 724 ad
606 677 852 724 veterum
892 666 1136 737 exempla
1156 665 1430 736 justorum
1454 704 1469 729 ,
1500 673 1552 719 et
1582 663 1625 717 si
1656 661 1800 734 quod
1821 676 1914 717 eo-

302 780 426 821 rum
468 761 733 834 prmclare
764 759 965 816 factum
996 758 1290 829 Scriptura:
1317 756 1635 813 auctoritate
1661 769 1915 827 compro-

303 859 493 915 batum
535 864 593 912 et
643 854 921 912 laudatum
970 852 1214 919 videret,
1245 851 1297 906 id
1343 850 1645 906 imitatione
1699 848 1915 917 assequi

307 961 562 1009 conatum
606 945 1080 1019 esse.Pr0phetia:
1126 946 1271 1002 dono
1314 953 1568 1000 ornatum
1625 942 1792 998 fuisse
1820 940 1915 1014 Cy-

312 1046 565 1119 prianum
600 1043 768 1099 multa
807 1041 876 1096 ab
915 1055 981 1096 eo
1009 1038 1076 1095 ad
1104 1038 1361 1094 Ecclesia:
1392 1037 1678 1119 utilitatem
1707 1050 1913 1107 praeco-

316 1116 468 1212 gnita
507 1148 561 1194 et
592 1136 850 1209 pnedieta
893 1141 1175 1191 testantur.
1208 1130 1314 1189 Sed
1359 1147 1465 1186 non
1507 1116 1699 1186 desunt
1728 1131 1816 1201 qtti
1847 1145 1913 1186 ex

323 1232 560 1304 Epistula
580 1231 647 1284 ad
687 1228 962 1291 Donatum,
1011 1242 1169 1297 quam
1200 1240 1391 1282 recens
1412 1240 1441 1279 a
1474 1225 1748 1295 Baptismo
1775 1224 1913 1279 seri-

324 1324 590 1399 psit,jam
633 1332 743 1377 tum
783 1321 937 1376 illum
979 1319 1138 1390 hujus
1179 1318 1307 1373 doni
1344 1326 1400 1373 et
1425 1316 1655 1388 plurium
1687 1316 1919 1371 aliorum

326 1416 636 1489 participem
677 1411 845 1468 fuisse
881 1410 1153 1481 coiligant.
1183 1408 1272 1465 Sic
1318 1409 1464 1465 enim
1489 1407 1627 1463 dona
1651 1408 1739 1462 illa
1769 1421 1918 1462 com-

322 1519 621 1576 memorat,
651 1509 732 1565 sic
772 1506 911 1562 alios
955 1505 1203 1561 hortatur
1232 1504 1298 1559 ad
1329 1520 1390 1559 ea
1416 1503 1801 1575 consequenda
1820 1545 1835 1571 ,
1864 1512 1922 1557 ut

322 1605 439 1676 ipse
484 1602 594 1658 illis
638 1601 878 1656 caruisse
924 1614 1029 1654 non
1061 1596 1349 1653 videatur:
1383 1616 1402 1648 ί
1430 1596 1684 1653 Nostrum
1713 1604 1921 1651 tantum

324 1699 464 1753 sitiat
504 1704 732 1767 pectus,
761 1692 969 1764 inquit,
1003 1700 1057 1747 et
1092 1699 1306 1762 pateat:
1333 1698 1590 1760 quantum
1630 1689 1758 1746 illuc
1796 1688 1921 1744 ﬁdei

327 1790 537 1862 capacis
565 1788 874 1853 aiierimus,
906 1793 1112 1840 tantum
1161 1784 1347 1855 gratia:
1390 1782 1701 1839 inundantis
1742 1782 1923 1837 hauri-

327 1900 468 1941 mus.
489 1881 621 1938 Inde
645 1881 760 1951 jam
789 1877 1020 1935 facultas
1040 1878 1217 1946 datur,
1240 1877 1485 1933 castitate
1508 1877 1707 1940 sobria,
1741 1874 1924 1932 tuente

324 1980 530 2052 integra
555 2022 571 2048 ,
604 1994 739 2034 voce
765 1992 897 2049 pura
915 2019 931 2043 ,
961 1977 1162 2031 virtute
1189 1975 1421 2037 sincera.
1455 1975 1506 2029 in
1531 1975 1799 2030 medelam
1828 1975 1922 2029 do-

324 2073 548 2129 lentium
587 2086 747 2143 posse
794 2084 1123 2126 venenorum
1151 2068 1296 2123 virus
1326 2069 1641 2139 extinguere
1664 2109 1679 2135 ,
1712 2068 1922 2122 animo-

324 2184 442 2223 rum
471 2164 853 2236 desipicntium
884 2162 1030 2218 labes
1055 2161 1268 2216 reddita
1296 2161 1530 2217 sanitate
1550 2176 1778 2233 purgare
1798 2202 1827 2231 ,_
1844 2161 1926 2214 in-

325 2261 474 2316 festis
499 2259 694 2330 jubere
737 2272 948 2328 paeem,
974 2254 1221 2310 violentis
1264 2255 1522 2325 quietem,
1549 2253 1953 2321 ferocientibus,

327 2353 634 2417 lenitatem,
686 2348 994 2405 immundos
1029 2357 1083 2402 et
1127 2347 1389 2402 erraticas
1437 2347 1692 2418 spiritus,
1736 2347 1823 2417 qui
1867 2362 1927 2403 se

330 2445 697 2517 expugnandis
747 2443 1057 2499 hominibus
1098 2442 1484 2505 immerserint,
1512 2441 1579 2495 ad
1624 2440 1922 2497 confessio-

334 2556 450 2596 nem
478 2538 638 2594 minis
666 2535 1072 2606 iucrcpantibus
1103 2549 1327 2605 cogere,
1360 2544 1467 2589 etc.
1510 2553 1529 2585 ι

449 2710 516 2721 ·-
546 2696 612 2736 DF.
656 2693 863 2735 STl'DilS
893 2692 959 2732 ΕΤ
1004 2690 1235 2731 ςοιιιιδτιε
1263 2690 1305 2727 ς.
1338 2688 1577 2729 CYPRIANI
1612 2688 1640 2726 Δ
1674 2685 1930 2726 ΒΑΡΤΙΒΜΟ

770 2784 934 2833 ['SQUE
976 2785 1043 2823 AD
1056 2842 1064 2849 ι
1081 2781 1500 2823 ORDINATIONEH.

423 2916 533 2971 Non
577 2914 786 2970 dubium
840 2926 925 2971 est
979 2915 1107 2986 quin
1158 2912 1298 2983 quod
1331 2911 1540 2967 efﬂuxit
1598 2908 1857 2980 temporis
1902 2922 1930 2960 a

357 3008 618 3081 Baptismo
663 3008 726 3063 ad
779 3007 1209 3071 Ordinatiouem,
1242 3002 1292 3059 id
1340 3017 1502 3058 omne
1528 3000 1828 3074 Cyprianus
1855 2998 1934 3052 in-

349 3102 628 3172 sumpserit
667 3103 717 3155 iu
751 3099 1043 3170 Seripturis
1072 3096 1346 3169 legendis,
1376 3096 1428 3151 in
1455 3093 1812 3165 scriptoribus
1837 3107 1929 3147 ec—

2022 388 2263 437 nustates
2304 378 2626 452 elaboraret,
2658 381 2754 440 sed
2780 381 3039 439 orationis
3069 381 3281 440 divitias
3316 381 3435 439 sine
3469 380 3612 445 fuco,

2021 476 2138 531 sine
2164 476 2450 546 pigmentis
2496 462 2763 534 funderet.
2795 477 2930 533 [line
2982 477 3240 550 praeclare
3286 476 3615 548 Augustinus

2019 566 2114 623 lib.
2147 583 2198 622 tv
2227 567 2289 623 de
2318 565 2500 624 Doctr.
2528 569 2826 638 christiana,
2854 584 2902 625 c.
2935 570 3036 625 M:
3065 588 3086 622 ι
3124 569 3219 625 Est
3245 570 3349 624 tale
3382 567 3581 639 aliquid
3599 610 3615 632 ,

2020 661 2222 733 inquit,
2263 661 2317 716 in
2366 661 2591 733 cpistola
2637 662 2931 718 beatissimi
2982 661 3257 735 Cypriani.
3304 659 3457 731 Quod
3491 659 3615 716 ideo

2019 766 2149 826 puto
2175 755 2255 813 vel
2276 754 2569 824 accidisse,
2595 755 2682 810 vel
2711 757 2962 812 consulto
2987 757 3184 813 factum
3211 770 3362 822 esse,
3399 764 3459 810 ut
3497 754 3613 809 sci-

2021 861 2171 906 retnr
2195 865 2225 904 a
2252 849 2483 921 posteris
2526 865 2684 920 quam
2731 848 2965 919 linguam
3009 848 3269 904 doctrinm:
3306 847 3615 902 christiana:

2021 942 2225 996 sanitas
2261 944 2329 999 ab
2378 943 2477 998 ista
2517 940 2870 998 redundantia
2916 939 3274 1003 revocaverit,
3297 948 3352 995 et
3401 938 3467 993 ad
3492 939 3611 993 elo-

2022 1034 2292 1106 quentiam
2343 1033 2647 1105 graviorem
2695 1031 3183 1104 modestioremque
3231 1030 3608 1096 restrinxerit,

2023 1126 2195 1198 qualis
2226 1129 2277 1182 in
2299 1128 2417 1198 ejus
2438 1126 2894 1197 consequentibus
2934 1125 3125 1181 litteris
3151 1138 3343 1181 secure
3364 1133 3612 1189 amatur,

2024 1219 2273 1288 religiose
2309 1218 2615 1290 appetitur,
2658 1217 2972 1274 difﬁcillime
3013 1216 3281 1288 impletur.
3316 1235 3336 1268 ι
3372 1215 3525 1271 Hunc
3555 1214 3618 1269 li-

2024 1315 2177 1371 brum
2205 1312 2431 1369 Pontius
2464 1313 2603 1368 inter
2627 1328 2788 1384 opera
2816 1312 3068 1384 Cypriani
3093 1311 3323 1383 primum
3347 1319 3614 1374 recenset,

2025 1408 2151 1464 dum
2185 1410 2259 1462 ait
2281 1406 2606 1480 Cyprianum
2637 1425 2655 1458 ‹
2690 1406 3109 1462 emolumentum
3132 1404 3317 1475 gratia:
3341 1418 3435 1475 per
3459 1401 3619 1458 iidem

2026 1500 2354 1572 proﬁcientis
2384 1520 2403 1554 ι
2435 1498 2760 1556 ostendisse.
2808 1498 3074 1567 Quamvis
3118 1507 3299 1552 autem
3342 1497 3489 1552 solus
3537 1495 3620 1549 lo-

2024 1605 2218 1666 quatur
2245 1595 2547 1667 Cyprianus
2571 1637 2584 1662 ,
2616 1592 2937 1664 perspicitur
2966 1600 3145 1647 tamen
3167 1588 3415 1661 quadam
3452 1588 3622 1642 {ot-ina

2026 1688 2240 1760 dialogi.
2278 1689 2608 1745 Promissum
2642 1701 2982 1753 sermonem,
3023 1692 3340 1755 repuscente
3379 1682 3622 1748 Donato,

2027 1786 2341 1857 exsequitur
2371 1784 2668 1857 Cyprianus
2710 1780 3021 1852 indulgente
3051 1777 3346 1843 vindemia,
3382 1776 3435 1831 in
3465 1774 3627 1829 horto

2026 1877 2428 1940 amtenissimo;
2460 1874 2673 1947 egregie
2688 1870 3127 1943 describitqualis
3140 1876 3266 1924 ante
3292 1866 3622 1937 Baptismum

2030 1972 2217 2028 fuisset
2270 1981 2323 2025 et
2370 1969 2496 2040 quid
2548 1969 2599 2023 in
2639 1969 2755 2040 ipso
2806 1973 3059 2037 operatus
3099 1972 3241 2019 esset
3286 1961 3624 2032 Baptismus;

2029 2076 2210 2136 atque,
2243 2073 2301 2118 ut
2347 2060 2595 2118 beneﬁcii
2641 2077 2670 2115 a
2712 2058 2926 2115 Christo
2953 2059 3162 2129 accepti
3202 2054 3626 2127 magnitudinem

2029 2159 2400 2225 emnmendet,
2432 2156 2618 2214 smeuli
2657 2154 2784 2209 vitia
2828 2162 2883 2209 et
2939 2150 3171 2224 pericula
3209 2147 3489 2218 eleganter
3527 2146 3624 2201 de-

2030 2256 2219 2327 pingit.
2253 2253 2439 2309 Finem
2486 2249 2700 2308 dicendi
2727 2247 3129 2305 facitiuelinato
3151 2245 3263 2316 jam
3290 2243 3442 2299 sole:
3475 2252 3584 2296 tum
3612 2282 3628 2303 ,

2031 2357 2087 2403 ut
2113 2346 2374 2418 reliquum
2413 2345 2517 2401 diei
2563 2345 2615 2400 in
2662 2342 2844 2398 lmtitia
2881 2340 3190 2406 duceretur,
3223 2338 3507 2401 Donatum,
3544 2333 3630 2387 cui

2032 2444 2288 2499 memoria
2312 2451 2473 2497 tenax
2497 2447 2615 2496 erat
2633 2447 2688 2494 et
2710 2452 2810 2493 vox
2832 2450 3057 2502 canora,
3114 2432 3358 2488 hortatur
3394 2440 3449 2483 ut
3479 2427 3630 2482 Psal-

2033 2553 2152 2593 mos
2176 2553 2239 2592 ex
2272 2551 2423 2592 more
2446 2533 2784 2608 aggrediatur
2812 2533 2863 2586 in
2891 2529 3138 2586 convivio
3163 2524 3369 2582 sobrio.
3403 2522 3630 2577 Videtur

2033 2647 2163 2705 ergo
2191 2632 2428 2687 Donatus
2453 2644 2558 2685 non
2585 2629 2788 2685 amicus
2814 2626 3012 2692 solum,
3039 2621 3135 2679 sed
3163 2622 3324 2678 etiam
3346 2618 3631 2674 convictor

2033 2724 2302 2798 Cypriano
2340 2722 2522 2778 fuisse.
2550 2720 2764 2778 Sciebat
2818 2717 2947 2789 quid
2987 2715 3257 2788 Cypriano
3306 2711 3630 2766 detraxisset

2036 2818 2269 2890 quidque
2297 2818 2345 2871 ei
2377 2812 2693 2871 contulisset
2714 2826 2860 2867 mors
2882 2809 3189 2871 criminum,
3207 2806 3312 2858 vita
3339 2803 3593 2857 virtutum
3619 2816 3633 2863 ;

2037 2926 2235 2967 nomen
2255 2924 2410 2965 suum
2433 2907 2658 2963 dederat
2677 2903 2911 2960 emlestis
2939 2899 3143 2955 militia:
3165 2894 3377 2961 castris,
3407 2902 3482 2959 et,
3509 2906 3633 2946 cum

2041 3005 2171 3060 nihil
2200 3006 2317 3076 eius
2343 3002 2561 3057 auribus
2592 3009 2699 3054 tam
2726 3006 2932 3066 gratum
2963 2999 3108 3048 esset
3139 3004 3300 3061 quam
3343 2983 3485 3057 quod
3521 2983 3635 3061 Deo

2039 3073 2246 3169 gratum
2292 3103 2377 3151 est
2399 3135 2412 3158 ,
2444 3090 2784 3148 sermonibus
2809 3083 3060 3157 Cypriani
3089 3081 3284 3138 mirum
3320 3078 3373 3134 in
3416 3073 3634 3131 modum

2042 3168 2359 3248 ducebatur.
2386 3187 2537 3244 Circa
2570 3185 2708 3240 idem
2742 3191 2955 3253 tempus
2995 3177 3230 3248 scriptus
3254 3172 3466 3229 videtur
3501 3168 3649 3223 liber.

2044 3286 2107 3340 de
2142 3284 2375 3338 Vunitate
2418 3279 2718 3342 Malorum,
2749 3275 2801 3330 in
2829 3289 2955 3345 quo,
3004 3272 3168 3327 multa
3223 3265 3523 3325 imitatione
3546 3278 3644 3319 ex-

2046 3392 2250 3449 pressa,
2284 3373 2537 3429 nonnulla
2573 3370 2738 3428 etiam
2786 3366 3009 3423 totidem
3051 3363 3230 3419 verbis
3261 3359 3516 3417 translata
3546 3371 3641 3409 oc-
3728 3412 3733 3419 κ

2047 3477 2270 3526 currunt
2297 3482 2364 3521 ex
2396 3464 2551 3520 libris
2581 3460 2893 3518 Tertulliani
2934 3458 3194 3512 adversus
3218 3452 3464 3509 ethnicos
3495 3455 3551 3504 et
3574 3461 3643 3503 ex

2048 3562 2264 3630 dialogo
2303 3556 2519 3614 Minucii
2553 3554 2770 3612 Felicis.
2798 3549 3066 3607 Redolent
3095 3544 3386 3618 primordia
3417 3554 3647 3597 conver-

2051 3653 2219 3710 sionis
2262 3649 2515 3706 nonnulla
2564 3660 2750 3719 parum
2804 3651 3054 3698 accurate
3081 3639 3134 3693 in
3165 3639 3267 3692 hoc
3294 3635 3434 3690 libro
3459 3631 3596 3687 dicta
3619 3672 3634 3696 ,

2054 3747 2198 3803 velut
2242 3761 2365 3800 cum
2406 3744 2481 3797 ait
2520 3737 2822 3811 Cyprianus
2849 3746 3010 3804 regna
3036 3737 3183 3785 sorte
3219 3724 3445 3791 variari,
3477 3737 3642 3794 oper-

2057 3841 2222 3897 tuisse
2247 3833 2518 3891 Christum
2552 3830 2680 3902 pali,
2709 3837 2763 3883 et
2791 3840 2912 3882 eum
2954 3835 3143 3895 passus
3169 3826 3313 3876 esset
3333 3814 3400 3873 ad
3426 3829 3651 3887 superos

2056 3934 2236 3990 denuo
2264 3926 2496 4001 regredi.

349 3195 656 3252 elesiasticis
688 3193 1212 3264 evolvendis,iisqne
1243 3190 1493 3246 omnibus
1525 3187 1847 3243 meditandis
1881 3195 1938 3242 et

345 3290 655 3363 colligendis
701 3304 824 3361 qua:
884 3295 1065 3359 postea
1118 3286 1170 3340 in
1222 3284 1341 3339 luce
1385 3291 1439 3338 et
1476 3283 1528 3337 in
1570 3281 1741 3337 oculis
1777 3282 1940 3334 totius

347 3385 598 3441 Ecclesia:
635 3382 768 3452 depr
783 3381 998 3450 dmpsit.
1031 3375 1417 3434 Tertullianum
1468 3374 1608 3428 inter
1649 3371 1941 3442 scriptores

346 3477 744 3535 ecclesiasticos
772 3473 1040 3545 prmcipue
1066 3470 1279 3527 videtur
1303 3468 1605 3523 adamasse.
1636 3464 1831 3520 Notum
1861 3469 1944 3517 est

350 3571 594 3627 omnibus
618 3568 761 3641 quod
794 3566 962 3627 relcrt
986 3565 1346 3635 Hieronymus
1368 3561 1419 3617 iu
1448 3559 1586 3615 libro
1608 3558 1678 3615 de
1703 3557 1942 3627 Scripto-

349 3667 485 3723 ribus
511 3663 872 3723 ecclesiasticis
897 3662 1090 3716 vidisse
1116 3675 1176 3715 se
1211 3676 1230 3711 ι
1255 3654 1540 3729 quemdam
1568 3652 1792 3709 Paulum
1806 3649 1947 3706 Con-

350 3760 587 3824 cordite,
624 3756 769 3830 quod
811 3754 980 3812 Italire
1026 3750 1282 3823 oppidum
1327 3756 1442 3815 est,
1482 3762 1700 3812 senem,
1740 3746 1829 3816 qui
1889 3760 1948 3800 se

349 3854 493 3909 beati
511 3849 889 3924 Cyprianijam
911 3845 1132 3919 grandis
1150 3844 1326 3899 :etatis
1357 3841 1624 3896 notarium
1643 3882 1657 3907 ,
1681 3853 1802 3895 cum
1834 3838 1951 3909 ipse

354 3945 645 4003 admodum
694 3951 842 4000 esset
884 3940 1236 4003 adolescens,
1274 3936 1456 3992 Romte
1478 3935 1681 3990 vidisse
1709 3932 1946 3998 diceret,

351 4042 664 4107 reierreque
689 4036 790 4092 διιιί
820 4035 1036 4090 solitum
1069 4047 1358 4103 numquam
1399 4029 1723 4101 Cyprianum
1754 4027 1955 4097 absque

352 4131 672 4189 Tertulliani
719 4128 951 4186 lectione
989 4142 1148 4183 unum
1193 4125 1334 4180 diem
1374 4122 1729 4194 prmteriisse,
1763 4136 1827 4175 ae
1855 4120 1957 4176 sibi

358 4228 551 4282 crebro
594 4225 773 4280 dicere
804 4241 818 4279 :
854 4221 931 4275 Da
985 4221 1314 4292 magistrum;
1372 4214 1755 4272 Tertullianum
1808 4212 1958 4269 vide.

363 4324 494 4379 licet
531 4321 853 4392 signiﬁcans.
889 4337 907 4370 ι
938 4316 1065 4382 Sed,
1114 4315 1158 4368 si
1204 4310 1413 4385 legendi
1462 4309 1779 4366 Tertulliani
1824 4307 1961 4363 adeo

367 4414 641 4474 studiosus
661 4412 763 4468 fuit
786 4409 1118 4483 Cyprianus,
1153 4422 1259 4463 non
1290 4407 1467 4461 minus
1495 4405 1786 4476 diligentia:
1809 4402 1963 4459 adhi-

364 4511 486 4568 buit
511 4510 561 4564 in
584 4509 700 4580 ejus
729 4504 1005 4563 erroribus
1024 4501 1280 4569 cavendis
1302 4502 1386 4557 vel
1412 4499 1588 4572 potius
1633 4496 1962 4555 rel'ellcndis.

362 4605 521 4668 Nam,
554 4611 610 4657 ut
630 4602 868 4657 omittam
902 4598 1158 4653 unitatem
1189 4596 1462 4662 Ecclesiae,
1492 4610 1671 4666 quam,
1696 4609 1724 4647 a
1751 4591 1966 4648 Tertul-

366 4699 516 4753 liano
551 4694 827 4758 violatam,
858 4701 1076 4747 strenue
1102 4687 1343 4745 defendit
1367 4686 1685 4760 Cyprianus,
1711 4694 1842 4757 quot
1868 4686 1997 4741 ev-'

367 4800 488 4846 tant
508 4789 680 4844 sancti
708 4784 956 4858 Martyris
984 4784 1266 4839 sententia:
1283 4782 1349 4838 de
1358 4783 1496 4853 justa
1518 4783 1569 4835 in
1588 4782 1765 4851 lapsos
1792 4778 1971 4834 indul-

367 4883 575 4956 gentia,
606 4878 833 4936 totidem
864 4878 1115 4931 videntur
1136 4890 1257 4933 esse
1284 4876 1336 4931 in
1358 4874 1749 4930 Tertullianmn
1779 4871 1970 4928 aculei.

441 4978 559 5034 Non
604 4977 776 5032 multo
815 4985 934 5047 post
980 4975 1311 5045 Baptismum
1351 4968 1415 5024 ad
1447 4967 1813 5024 defensionem
1848 4965 1975 5020 reli-

370 5071 549 5141 gionis
580 5079 635 5124 et
661 5069 727 5123 ad
760 5063 966 5123 morum
1004 5065 1436 5122 infohnationcm
1463 5060 1738 5132 ingenium
1764 5057 1982 5112 exacuit

372 5162 700 5234 Cyprianus.
739 5162 818 5217 Ad
860 5162 961 5215 hoc
1009 5160 1152 5215 enim
1194 5167 1404 5227 tempus
1437 5156 1706 5221 pertinent
1740 5149 1982 5220 Epistola

378 5255 450 5308 ad
482 5254 765 5319 Donatum,
797 5268 860 5309 ac
892 5252 1026 5308 liber
1062 5251 1124 5305 de
1166 5248 1435 5304 [dolorum
1475 5243 1735 5299 Vauitntc.
1760 5240 1980 5298 Summa

379 5346 601 5420 quidem
635 5347 811 5402 elucet
839 5344 1146 5416 eloquentia
1176 5343 1228 5398 in
1261 5342 1381 5397 aliis
1411 5337 1665 5410 operibus
1694 5334 1983 5407 Cypriani,

381 5445 533 5500 inest
576 5442 815 5514 gravitas
859 5442 1243 5497 sententiarum
1277 5453 1340 5494 ac
1380 5437 1664 5493 verborum
1697 5431 1986 5504 splendor;

386 5535 485 5593 sed
518 5534 759 5606 Epistula
783 5534 851 5588 ad
878 5532 1143 5588 Donatum
1168 5540 1316 5588 tanto
1341 5529 1569 5585 artiﬁcio
1591 5525 1889 5597 composita
1911 5530 1996 5579 est

391 5647 459 5688 ac
481 5640 563 5687 tot
592 5629 927 5701 elegantibus
951 5633 1140 5683 ornata
1173 5624 1412 5697 picturis,
1443 5633 1496 5676 ut
1531 5638 1591 5678 ea
1625 5630 1866 5690 tempora
1892 5619 1995 5674 mi-

398 5724 548 5778 nime
591 5720 863 5784 redoleat,
895 5733 1016 5775 eum
1047 5718 1349 5789 Cyprianus
1375 5717 1424 5769 in
1451 5713 1700 5769 maximis
1722 5712 1883 5768 rebus
1908 5727 2001 5783 ge-

398 5813 585 5871 rendis
609 5823 664 5870 et
688 5810 1018 5868 disserendis
1035 5818 1324 5879 occupatus
1346 5822 1450 5863 non
1466 5807 1575 5878 jam
1597 5808 1889 5878 exquisitas
1912 5823 2000 5863 ve-

2061 4069 2519 4126 lV.—-—cvemauus
2543 4071 2941 4116 rnesnvremuu
2979 4069 3049 4109 ετ
3076 4061 3442 4108 δΑοι-ῑιιυοτιωι
3470 4059 3658 4101 surtu

2136 4176 2359 4217 ACCIPIT.
2400 4188 2471 4198 -
2508 4170 2610 4221 QUO
2635 4166 2773 4209 ANNO
2799 4163 3093 4207 OBDINATUS
3132 4155 3430 4200 EPISCOPUS.
3466 4169 3540 4181 --
3569 4151 3665 4192 RES

2137 4271 2323 4315 GESTAE
2369 4265 2435 4309 ET
2477 4264 2712 4305 SCRIPTE
2753 4263 2801 4302 IN
2841 4255 3142 4301 ιιιιιιιοιιυιιε
3181 4246 3550 4294 EPISCOPATUS.

2139 4378 2401 4450 Observat
2429 4386 2649 4443 Pontius
2673 4385 2726 4438 in
2755 4379 3029 4454 Cypriano
3055 4375 3125 4430 ob
3147 4365 3439 4428 eximiasin
3456 4363 3654 4419 virtute

2070 4500 2388 4562 progressus
2409 4482 2629 4537 minime
2681 4478 3022 4533 observatum
3063 4468 3228 4524 fuisse
3274 4459 3417 4533 quod
3464 4459 3658 4514 littera:

2072 4550 2317 4653 iXpovstoli
2338 4575 2784 4650 preseripserant,
2815 4576 2874 4621 ut
2900 4560 3178 4653 ‘ncopltyti
3202 4556 3269 4613 ad
3302 4550 3661 4610 sacerdotium

2075 4640 2184 4733 non
2210 4640 2599 4730 ereti-cremor:
2624 4684 2642 4715 ι
2668 4640 3069 4729 Presbytérium
3098 4662 3152 4708 et
3179 4646 3540 4706 sacerdotium
3563 4652 3674 4697 sta-

2082 4772 2173 4826 tim
2225 4765 2461 4835 accepit,
2497 4758 2703 4830 inquit:
2736 4754 2856 4825 quis
2882 4750 3024 4807 enim
3052 4762 3158 4802 non
3189 4756 3383 4800 omnes
3412 4740 3676 4794 honorum

2078 4863 2276 4938 gradus
2323 4830 2568 4916 crederet
2608 4852 2698 4907 tali
2744 4856 2926 4904 mente
2951 4832 3232 4900 credenti?
3264 4856 3283 4889 ι
3324 4832 3486 4890 Addit
3512 4830 3680 4886 multa

2082 4925 2229 5014 illum
2259 4952 2630 5028 presbyterum
2661 4942 2919 5018 prtceiare
2948 4938 3160 4999 fecisse,
3189 4932 3284 4989 sed
3307 4945 3370 4987 ea
3396 4925 3675 4984 memoria:

2084 5018 2282 5108 nostra:
2314 5018 2698 5117 non—prodidit.
2731 5039 2983 5095 Libenter
3008 5030 3274 5117 assentior
3310 5018 3606 5080 Pearsonio
3634 5025 3688 5071 rt

2085 5148 2235 5205 Fello
2286 5155 2395 5201 tres
2433 5110 2602 5197 libros
2634 5132 3060 5191 Testimoniorum
3093 5110 3130 5179 'a
3166 5119 3436 5193 Cypriano
3462 5110 3684 5184 presbyu

2089 5252 2204 5298 tero
2228 5239 2458 5306 scriptos
2486 5247 2630 5300 esse,
2663 5227 2750 5284 vel
2778 5225 2971 5281 saltem
3001 5220 3053 5275 in
3080 5216 3421 5287 episcopatus
3445 5206 3681 5279 primor-

2090 5332 2192 5389 diis
2240 5302 2473 5398 seriplos
2505 5319 2845 5380 crediderim.
2886 5315 2943 5369 In
2984 5311 3066 5365 his
3091 5308 3231 5363 enim
3265 5302 3469 5360 nullum
3531 5304 3680 5354 extat

2096 5438 2282 5481 eorum
2343 5385 2626 5489 vestigium
2659 5426 2780 5483 qua:
2809 5414 2992 5479 postea
3018 5398 3317 5472 Cyprianus
3341 5401 3489 5448 tanto
3525 5385 3690 5442 animi

2095 5481 2557 5574 artlore‘defendit
2576 5551 2589 5573 ,
2615 5481 2730 5561 sive
2754 5517 2876 5558 eum
2904 5500 3085 5569 lapsos
3112 5506 3211 5548 nec
3241 5490 3359 5544 sine
3382 5481 3697 5574 pmniteutia

2101 5605 2440 5681 recipiendus
2465 5601 2730 5658 adversus
2759 5592 3181 5652 Felicisslmum,
3212 5596 3316 5638 nec
3341 5591 3496 5681 auspe
3524 5572 3701 5677 venit:

2110 5666 2475 5766 exciudendos
2507 5695 2766 5754 adversus
2788 5687 3143 5749 Novatianum
3169 5668 3555 5735 contenderet;
3581 5666 3714 5725 sive

2118 5815 2239 5861 eum
2269 5796 2527 5856 unitatem
2558 5789 2820 5848 Ecclesia:
2844 5781 3099 5839 adversus
3124 5781 3413 5843 utrumque
3435 5771 3729 5831 tueretur;
