4200 6262
480 368 555 430 85
1694 359 1855 419 VlTA
1893 356 2138 418 SANCTI
2165 357 2510 417 CYPRIANI.
3729 361 3800 421 84

483 492 602 547 sive
616 505 736 547 eum
763 489 1034 561 Baptisma
1057 493 1206 544 extra
1233 482 1530 541 Eeclesiam
1559 481 1764 537 nullum
1786 491 1841 537 et
1870 481 2079 536 irritum

485 597 607 639 esse
655 589 932 654 pugnaret.
987 580 1043 634 In
1099 577 1257 634 tertio
1310 576 1451 632 libro
1505 574 1760 630 nonnulla
1815 573 2084 645 depromit

486 674 777 746 Scriptura:
806 671 1108 728 testimonia
1137 670 1396 729 adversus
1425 668 1709 724 haereticos
1737 677 1791 723 et
1819 668 2081 724 schisma-

482 767 655 832 ticos,
679 764 772 820 sed
805 763 970 818 multo
997 763 1184 821 fuisset
1206 763 1423 819 uberior
1444 772 1498 815 ct
1527 760 1896 816 vehementior
1933 761 2003 825 si,
2024 761 2078 815 in

486 865 607 932 ipso
637 858 883 915 incendio
914 867 1073 929 atque
1099 859 1243 915 inter
1274 865 1450 913 motus
1480 855 1547 910 ab
1572 854 1842 914 lizereticis
1873 852 2078 910 excita-

488 964 574 1009 tos
609 952 931 1021 scripsisset.
964 952 1267 1020 Quinetiam
1295 953 1437 1022 quod
1472 950 1545 1004 ait
1570 950 1663 1003 lib.
1686 947 1754 1002 Ill
1778 990 1792 1013 ,
1821 962 1939 1016 cap.
1964 947 2035 1000 9.8
2060 986 2075 1010 ,

494 1065 516 1097 ε
555 1046 670 1100 Non
699 1059 855 1115 posse
884 1045 934 1098 in
963 1045 1200 1100 Ecclesia
1228 1044 1427 1099 remitti
1462 1043 1511 1098 ei
1540 1043 1629 1113 qui
1662 1042 1712 1095 in
1741 1042 1908 1095 Deum
1940 1040 2077 1094 deli.

482 1139 691 1209 querit,
729 1158 748 1190 ι
787 1137 859 1203 id,
899 1137 1002 1192 etsi
1034 1152 1140 1192 non
1171 1136 1510 1191 incommode
1552 1134 1891 1204 explanatum
1915 1132 2080 1189 fuisse

484 1248 645 1305 spero
674 1232 729 1287 in
758 1232 1074 1303 praefatione
1100 1244 1222 1300 cap.
1248 1229 1313 1297 9,
1343 1229 1581 1284 animum
1611 1237 1789 1282 tamen
1816 1226 2080 1297 signiﬁcat

482 1326 664 1381 minus
692 1333 951 1379 attentum
999 1322 1065 1378 ad
1105 1332 1427 1378 commotam
1469 1337 1497 1374 ἶὶ
1539 1320 1835 1375 Novatiano
1860 1328 2079 1373 (20111νο-

481 1418 741 1473 versiam.
787 1414 1049 1470 Observat
1086 1414 1264 1469 Fellns
1306 1428 1408 1469 nec
1447 1412 1738 1483 Scriptura:
1771 1412 2078 1495 testimonia

482 1511 572 1567 his
598 1512 649 1566 in
681 1510 830 1565 libris
861 1509 1049 1565 eodem
1078 1507 1238 1562 modo
1262 1506 1415 1562 citari
1441 1521 1504 1561 ac
1539 1506 1591 1561 in
1623 1506 1743 1561 aliis
1763 1547 1778 1572 ,
1810 1520 1909 1561 nec
1933 1505 2080 1560 Scri-

482 1615 657 1677 ptura:
706 1604 871 1663 libros
913 1601 1101 1657 iisdem
1147 1598 1456 1663 nominibus
1495 1598 1804 1669 designari;
1858 1613 1925 1652 ex
1972 1612 2081 1667 quo

485 1697 714 1765 scriptos
749 1709 870 1750 esse
911 1694 1185 1748 confirmat
1225 1699 1350 1745 ante
1373 1692 1477 1747 alia
1499 1690 1751 1762 Cypriani
1778 1704 1963 1759 Opera.
1993 1688 2083 1743 ln-

481 1793 667 1863 scripti
694 1799 820 1845 sunt
851 1789 1088 1857 Quirino,
1113 1802 1271 1858 quem
1295 1785 1459 1840 ﬁlium
1482 1784 1713 1855 appellat
1739 1783 2037 1855 Cyprianus
2057 1822 2073 1846 ,

481 1886 747 1956 cujusque
784 1891 973 1952 rogatu
1004 1880 1299 1951 Scriptura:
1329 1877 1634 1936 testimonia
1659 1877 1727 1933 ad
1757 1886 1905 1951 certa
1932 1891 2078 1947 qure-

483 1977 608 2031 dam
659 1975 833 2043 capita
872 1973 1176 2036 revocavit,
1213 1971 1343 2025 nibil
1391 1968 1462 2026 de
1507 1983 1606 2025 suo
1633 1983 1909 2039 apponens
1939 1982 2078 2037 prce-

479 2078 566 2123 ter
600 2067 784 2122 titulos
813 2076 867 2121 et
906 2064 1251 2136 praefationes
1287 2062 1463 2133 primo
1505 2070 1559 2117 et
1598 2064 1754 2116 tertio
1777 2060 1912 2115 libro
1937 2074 2077 2131 prm-

478 2163 705 2219 missas.
740 2160 850 2215 llos
887 2154 1066 2214 autem
1107 2158 1272 2213 libros
1312 2158 1402 2229 qui
1441 2157 1709 2229 Cypriane
1734 2154 2077 2225 abjudicant,

484 2265 577 2311 aut
624 2255 812 2309 saltem
861 2253 1076 2310 tertium
1104 2253 1172 2308 ab
1201 2252 1426 2307 Erasmo
1453 2251 1504 2305 in
1552 2251 1725 2306 lucem
1755 2249 1953 2306 editum
1975 2291 1989 2313 ,
2025 2249 2078 2303 lii

479 2347 801 2403 refelluntur
844 2346 896 2401 in
943 2347 1111 2417 prima
1150 2345 1353 2400 Baluzii
1384 2343 1450 2399 ad
1491 2343 1593 2399 bos
1622 2343 1791 2400 libros
1820 2344 2082 2399 observas

483 2439 632 2495 tione
651 2482 664 2503 ,
698 2454 856 2509 quam
882 2452 1063 2509 operte
1094 2438 1320 2508 pretium
1348 2444 1430 2492 est
1455 2436 1655 2507 legere.

557 2530 615 2585 In
644 2529 938 2601 presbyteri
967 2528 1136 2600 gradu
1158 2545 1263 2585 non
1292 2528 1381 2584 diu
1410 2528 1607 2583 mansit
1622 2526 1918 2599 Cyprianus
1942 2570 1958 2593 ,
1986 2528 2082 2585 sed

484 2623 647 2695 paulo
677 2632 814 2693 post,
845 2631 901 2677 ut
930 2638 994 2678 ex
1022 2621 1198 2678 Pontii
1228 2621 1536 2679 testimonio
1563 2621 1905 2691 perspicitur,
1934 2636 2078 2677 mor-

480 2724 577 2771 tuo
613 2716 867 2785 episcopo
912 2714 1319 2786 Carthaginiensi
1375 2712 1637 2770 sufﬁcitur
1690 2732 1708 2767 ι
1746 2713 1947 2785 judicio
1986 2714 2080 2769 Dei

486 2817 544 2863 et
565 2808 735 2879 plebis
755 2807 956 2864 favore.
989 2827 1007 2859 ι
1033 2807 1149 2862 Non
1175 2817 1350 2863 tatuen
1383 2806 1539 2863 facile
1559 2808 1628 2862 ab
1649 2822 1713 2862 eo
1736 2808 2080 2877 impetratum

483 2908 648 2955 estut
680 2907 882 2957 tantum
910 2914 1048 2955 onus
1075 2899 1297 2965 subiret,
1326 2897 1423 2954 sed
1453 2917 1470 2950 ι
1504 2914 1624 2954 cum
1656 2899 1706 2953 in
1737 2899 2081 2955 dilectionem

479 2992 600 3061 ejus
627 3003 678 3047 et
708 2991 968 3049 honorem
1006 3003 1146 3048 totus
1168 2992 1397 3063 populus
1421 2994 1691 3063 aSpirante
1714 2992 1939 3051 Domino
1960 3007 2085 3064 pro-

483 3090 688 3154 siliret,
736 3088 1008 3145 humiliter
1053 3087 1141 3143 ille
1168 3087 1412 3152 secessit,
1449 3086 1838 3158 antiquioribus
1884 3085 2083 3142 cedens

485 3193 547 3237 et
570 3181 843 3253 indignum
865 3196 925 3237 se
955 3180 1110 3236 titulo
1137 3180 1267 3235 tanti
1283 3179 1503 3235 honoris
1527 3179 1860 3237 existimans.
1902 3198 1921 3232 ι
1949 3178 2078 3248 Sed,

482 3289 608 3329 cum
637 3273 817 3343 populi
843 3273 1018 3329 studia
1045 3271 1187 3328 illius
1209 3286 1426 3327 necesse
1447 3271 1615 3342 magis
1639 3270 2079 3338 accenderentur,

487 3375 544 3422 et
568 3365 714 3421 fores
741 3364 932 3423 domus
963 3366 1179 3434 copiosa
1217 3363 1516 3419 fraternitas
1557 3363 1861 3429 obsideret,
1896 3378 1958 3418 ac
1988 3379 2082 3432 per

490 3473 684 3514 omnes
711 3456 883 3512 aditus
914 3456 1141 3512 sollicita
1157 3456 1389 3515 eharitas
1413 3454 1684 3521 circuiict,
1710 3456 1902 3511 cedere
1922 3471 2081 3510 (ξολο-

484 3563 576 3608 tus
599 3560 680 3607 est
721 3550 913 3605 divina:
951 3550 1210 3605 voluntati
1238 3559 1313 3603 tot
1342 3551 1500 3604 rebus
1542 3548 1839 3603 tnanifestis
1876 3546 2082 3618 signifi-

490 3653 645 3700 catac.
691 3644 944 3711 Quamvis
978 3651 1154 3696 autem
1187 3642 1530 3711 episcopatus
1567 3640 1732 3697 invito
1775 3649 1829 3694 et
1860 3639 2082 3709 fugienti

487 3736 772 3805 impositus
818 3734 1006 3796 fuerit,
1052 3747 1156 3787 non
1183 3730 1463 3791 defuerunt
1489 3732 1578 3800 qui
1621 3730 1765 3786 illius
1794 3729 2080 3794 electioni,

485 3831 622 3884 facta
651 3830 1042 3896 conjurattone,
1063 3825 1490 3891 intercederent;
1518 3824 1655 3879 inter
1681 3838 1816 3893 quos
1850 3822 2084 3892 quinque

484 3922 824 3993 potissimum
865 3918 1161 3990 presbyteri
1193 3917 1485 3988 nequitiam
1515 3930 1668 3971 suam
1713 3914 2080 3977 nobilitarunt.

488 4014 708 4070 Exarsit
755 4012 923 4081 plebis
970 4011 1261 4079 indignatio
1292 4010 1341 4063 in
1375 4008 1768 4063 obtrectatores
1792 4004 2039 4077 C)‘pli;tlll
2063 4045 2078 4071 ,

484 4117 542 4159 ut
572 4115 713 4176 patet
754 4119 820 4158 ex
847 4103 944 4174 Ep.
983 4118 1089 4168 XL;
1125 4101 1216 4155 sed
1253 4100 1383 4154 nihil
1421 4097 2082 4170 prmlcrmisitCyprianus

481 4208 541 4253 ut
571 4197 909 4251 exulceratas
940 4205 1145 4250 mentes
1172 4193 1234 4247 ad
1267 4194 1547 4248 sanitatem
1572 4202 1865 4257 revocaret,
1890 4209 1907 4242 ε
1944 4191 2080 4245 ηιηὶο

482 4290 730 4345 cissintos
759 4305 850 4343 eos
889 4297 943 4343 et
970 4292 1105 4341 inter
1129 4276 1461 4341 neccsSarios
1491 4295 1808 4357 computans
1829 4328 1844 4353 ,
1878 4288 2077 4340 miran-

480 4384 625 4439 tibus
652 4383 853 4449 mnltis,
889 4400 907 4433 ι
945 4383 1017 4437 ait
1047 4381 1285 4436 Pontius.
1318 4384 1388 4435 At
1417 4382 1649 4452 quinque
1678 4381 1751 4435 illi
1780 4379 2079 4452 presbyteri

485 4487 803 4547 conceptum
856 4490 1121 4531 venenum
1159 4474 1408 4531 medullis
1445 4474 1733 4543 aluerunt,
1778 4475 1920 4545 quod
1961 4485 2081 4545 post

486 4572 693 4642 aliquot
745 4583 916 4625 annos
963 4567 1197 4625 conflato
1254 4567 1545 4622 schismate
1590 4567 1849 4623 violenter
1881 4568 2075 4638 erupit.

481 4662 811 4734 Augustinus
837 4662 929 4717 lib.
957 4659 1022 4729 ll,
1045 4660 1109 4716 de
1134 4659 1289 4731 Bapt.
1323 4674 1373 4715 c.
1398 4660 1450 4726 7,
1481 4660 1829 4731 Agrippinum
1851 4659 2076 4732 Cypria-

485 4758 543 4811 ni
572 4756 1022 4826 przedeeessorcm
1052 4763 1229 4810 vocat.
1260 4753 1365 4811 Sed
1393 4754 1518 4810 huic
1544 4756 1786 4825 proxime
1815 4772 1919 4817 non
1952 4771 2075 4812 sne-

479 4851 643 4905 cessit
669 4848 965 4921 Cyprianus
989 4891 1005 4914 ,
1063 4858 1176 4906 tum
1228 4828 1350 4918 quia
1373 4849 1424 4903 in
1455 4849 1554 4918 Ep.
1585 4864 1749 4904 Lxxut
1775 4850 1847 4905 ait
1882 4850 2076 4906 multos

475 4943 584 5012 jam
615 4955 784 4996 annos
813 4955 934 4996 esse
959 4950 1012 4995 et
1037 4940 1249 5010 longam
1298 4949 1508 4995 aetatem
1536 4957 1599 4994 ex
1628 4956 1731 5010 quo
1753 4942 1855 4995 sub
1885 4942 2075 5011 Agrip.

474 5036 604 5107 pino
631 5036 908 5091 decretum
947 5035 1001 5090 in
1036 5034 1265 5090 concilio
1291 5031 1466 5089 fuerat
1495 5034 1560 5089 de
1586 5035 1875 5105 rejiciendo
1907 5035 2074 5091 hare-

477 5130 704 5184 ticnrnm
748 5129 1048 5199 baptismo;
1091 5137 1200 5183 tum
1251 5131 1374 5198 quia
1402 5128 1455 5187 in
1489 5127 1656 5198 Epist.
1691 5144 1759 5187 ιγ
1801 5128 2071 5189 ιιιΙῖιιιιίηο

470 5222 844 5278 numCornelii
863 5223 932 5278 ita
950 5222 1210 5277 Donatum
1228 5221 1456 5292 appellat
1473 5233 1867 5279 antecessorem
1890 5237 2066 5280 suum.

470 5316 607 5371 Huic
632 5333 780 5387 ergo,
799 5325 872 5371 -ut
900 5300 1345 5375 verisimillimum
1373 5323 1452 5373 est
1472 5357 1485 5382 ,
1509 5316 1766 5396 proxime
1790 5320 2065 5373 succeSsit.

540 5407 843 5479 Cyprianus
863 5410 915 5464 in
939 5408 1171 5479 Epistola
1204 5425 1289 5474 LV,
1339 5423 1480 5469 anno
1500 5408 1607 5463 252
1630 5411 1847 5480 scripta,
1880 5430 1897 5463 ι
1925 5411 2066 5481 plebi

468 5519 581 5557 sum
625 5504 676 5556 in
717 5502 1025 5572 episcopatu
1064 5503 1416 5575 quadriennio
1473 5503 1584 5574 jam
1634 5504 1915 5576 probatum
1954 5525 1971 5557 ι
2009 5522 2067 5563 se

472 5610 593 5650 esse
619 5594 769 5650 dicit.
804 5594 880 5649 Ex
909 5610 1015 5666 quo
1037 5612 1158 5651 eum
1186 5594 1491 5651 ordinatum
1538 5596 1703 5652 fuisse
1738 5598 2067 5655 etmclnduut

470 5702 614 5747 anno
634 5686 764 5755 248,
786 5687 873 5758 qui
901 5687 967 5743 de
987 5688 1129 5743 illius
1151 5690 1309 5744 rebus
1334 5690 1496 5759 gestis
1520 5697 1932 5759 pertractarunt.
1958 5690 2065 5745 Sed

474 5789 653 5837 tamen
675 5821 691 5847 ,
732 5780 775 5835 si
803 5780 1039 5836 rationes
1069 5780 1367 5837 accuratius
1391 5778 1749 5845 subducamus
1775 5820 1788 5844 ,
1820 5795 1924 5849 non
1956 5791 2061 5841 tam

461 5884 609 5941 certa
648 5887 706 5936 et
745 5880 1031 5950 explorata
1059 5886 1146 5935 res
1188 5880 1292 5940 est,
1324 5884 1483 5941 quam
1531 5868 1753 5927 eruditis
1784 5870 1892 5928 illis
1923 5870 1970 5926 vi
1984 5880 2059 5938 ris

2192 479 2435 545 videtur;
2476 492 2541 534 ac
2568 477 2685 534 ﬁeri
2723 476 2926 549 optime
2978 477 3151 548 potuit
3198 487 3257 534 ut
3313 476 3465 535 initio
3512 478 3639 535 anni
3691 478 3801 537 259

2189 575 2468 630 ordinatus
2494 617 2511 642 ,
2550 582 2782 645 quatuor
2810 574 3156 644 episcopatus
3193 587 3366 629 annos
3403 583 3713 630 numeraret
3744 577 3798 630 in

2189 665 2290 719 hac
2328 664 2564 737 Epistola
2609 679 2712 731 ιν,
2744 677 2866 736 quae
2905 663 3068 719 scribi
3117 664 3204 719 vix
3229 667 3402 735 potuit
3439 675 3563 720 ante
3604 665 3795 736 julium

2189 772 2432 812 mensem
2454 757 2579 811 anni
2601 756 2732 811 252.
2757 755 2848 811 Sic
2869 757 3012 811 enim
3031 755 3169 812 solet
3190 753 3491 826 Cyprianus
3517 755 3797 812 inchoatos

2188 864 2359 904 annos
2404 865 2502 920 pro
2570 849 2792 919 integris
2855 862 3179 903 numerare:
3231 858 3444 916 tempus
3476 848 3716 919 elapsum
3765 865 3797 906 a

2189 957 2372 996 mense
2406 941 2653 1009 januario
2713 948 2803 994 aut
2864 939 3132 995 februario
3173 940 3298 995 anni
3338 938 3445 995 250
3513 955 3679 1010 usque
3728 941 3796 997 ad

2188 1034 2390 1089 Pascha
2419 1033 2542 1087 anui
2568 1033 2697 1099 251,
2743 1032 3015 1088 biennium
3039 1041 3195 1088 vocat
3218 1034 3271 1089 in
3294 1033 3392 1103 Ep.
3425 1049 3525 1101 XL;
3551 1034 3799 1091 similiter

2188 1128 2473 1183 triennium
2519 1129 2897 1196 interpretatur
2922 1125 2974 1180 in
2996 1125 3169 1197 Epist.
3198 1143 3309 1183 Llll.
3343 1128 3545 1195 Quare,
3580 1129 3624 1183 si
3645 1128 3790 1185 ordi-

2187 1232 2343 1277 natus
2385 1221 2575 1276 fuisset
2621 1221 2761 1276 circa
2803 1219 3009 1275 Pascha
3050 1220 3179 1275 anui
3209 1220 3336 1285 249,
3383 1221 3798 1293 quadriennium

2188 1329 2471 1369 munerare
2497 1323 2704 1385 poterat
2733 1328 2918 1369 mense
2951 1314 3091 1385 julio
3120 1315 3245 1370 anni
3268 1314 3397 1380 252;
3429 1316 3523 1371 sed
3541 1331 3662 1372 eum
3683 1316 3796 1387 jam

2188 1410 2501 1479 episcOpum
2532 1406 2695 1462 fuisse
2724 1407 2865 1463 circa
2904 1406 3108 1463 Pascha
3153 1408 3276 1462 anni
3304 1408 3413 1464 2i9
3444 1408 3797 1479 perspicimus

2193 1516 2257 1555 ex
2275 1500 2511 1570 Epistola
2537 1514 2662 1553 χειν
2693 1498 2746 1553 in
2772 1513 2991 1554 secessu
3018 1498 3238 1569 scripta,
3258 1500 3310 1554 in
3330 1515 3434 1571 qua
3460 1500 3535 1556 ait
3559 1515 3619 1556 se
3633 1501 3795 1557 Satu-

2186 1609 2248 1648 ro
2286 1588 2374 1648 die
2402 1590 2625 1646 Paselne
2653 1590 2936 1649 lectionem
2958 1592 3126 1647 semel
3151 1602 3311 1663 atque
3335 1593 3528 1648 iterum
3549 1592 3785 1651 dedisse.

2187 1684 2301 1739 line
2326 1684 2471 1739 enim
2497 1683 2700 1739 Pascha
2731 1699 2854 1738 eum
2887 1684 3075 1740 referri
3129 1699 3235 1740 non
3286 1686 3454 1756 possit
3479 1686 3544 1741 ad
3587 1703 3791 1744 annum

2185 1778 2293 1833 250
2316 1819 2331 1843 ,
2377 1777 2566 1832 aberat
2616 1778 2760 1833 enim
2796 1788 2920 1835 tunc
2948 1776 3248 1851 Cyprianus
3278 1821 3291 1844 ,
3323 1780 3509 1835 referri
3537 1779 3698 1838 debet
3726 1781 3792 1836 ad

2184 1888 2381 1928 annum
2394 1872 2501 1929 249
2518 1890 2531 1925 :
2549 1873 2643 1928 sed
2670 1872 2833 1942 forte,
2852 1889 2973 1930 eum
3000 1874 3283 1930 lectionem
3305 1874 3498 1930 Saturo
3512 1875 3681 1940 daret,
3711 1892 3795 1932 re-

2184 1981 2312 2021 cens
2325 1975 2440 2020 erat
2457 1965 2526 2021 ab
2544 1965 2892 2023 Ordinatione
2909 2008 2923 2032 ,
2956 1982 3056 2023 nec
3068 1967 3358 2039 quidquam
3381 1975 3520 2024 vetat
3545 1984 3640 2024 cur
3666 1984 3789 2025 eum

2184 2058 2488 2113 ordinatum
2516 2057 2758 2113 dicamus
2785 2060 2936 2114 initio
2964 2060 3089 2115 anni
3109 2060 3236 2117 249.
3267 2060 3320 2116 Si
3351 2070 3529 2115 tamen
3554 2060 3782 2119 Ordina-

2187 2153 2387 2207 tionem
2410 2151 2650 2222 suscepit
2672 2167 2817 2207 anno
2843 2153 2973 2221 248,
3002 2153 3146 2224 quod
3173 2152 3292 2209 ﬁeri
3321 2155 3526 2225 optime
3554 2154 3794 2225 potuisse

2185 2257 2294 2319 non
2336 2244 2579 2310 inticior‘,
2628 2253 2776 2299 certe
2801 2259 2907 2299 non
2950 2245 3118 2300 multo
3156 2254 3282 2311 ante
3324 2260 3562 2302 mensem
3600 2246 3792 2317 julium

2185 2336 2441 2407 suscepit.
2479 2338 2913 2409 Quinquennium
2962 2342 3105 2395 enim
3149 2355 3247 2395 suo
3280 2356 3462 2409 more,
3510 2357 3617 2396 non
3656 2357 3793 2412 qua-

2184 2429 2488 2483 driennium
2519 2438 2856 2485 numerasset
2880 2445 3067 2486 mense
3113 2431 3249 2501 julio
3276 2432 3495 2487 ineunte
3513 2432 3786 2489 anni252.

2185 2522 2230 2576 si
2260 2536 2446 2601 mense
2472 2524 2619 2577 maio
2639 2523 2917 2580 ordinatus
2945 2524 3133 2581 fuisset
3158 2541 3300 2581 anno
3320 2525 3447 2581 248.

2258 2615 2513 2685 Elapsum
2539 2625 2751 2687 tempus
2771 2618 2839 2672 ab
2861 2618 3013 2673 initio
3024 2620 3362 2688 episcopatus
3383 2634 3552 2690 usque
3572 2619 3639 2674 ad
3666 2635 3791 2690 per-

2187 2710 2520 2765 secutionem
2560 2711 2703 2766 Decii
2731 2710 3011 2780 insumpsit
3032 2709 3330 2782 Cyprianus
3358 2710 3408 2765 in
3437 2711 3787 2768 emendandis

2188 2818 2405 2856 suorum
2450 2802 2686 2856 moribus
2730 2810 2785 2857 et
2840 2801 3137 2872 disciplina:
3190 2803 3395 2874 legibus
3442 2803 3674 2857 tuendis.
3699 2803 3787 2857 Ait

2188 2893 2330 2948 enim
2362 2894 2414 2947 in
2445 2893 2617 2963 Epist.
2651 2908 2721 2948 LV
2751 2912 2770 2945 ‹
2805 2894 2857 2949 in
2888 2894 3067 2964 quiete
3122 2893 3418 2965 disciplina:
3455 2914 3474 2946 ι
3510 2897 3783 2951 serviisse.

2185 2988 2317 3043 Cum
2351 2986 2640 3042 maximam
2666 3001 2881 3057 semper
2910 2986 3173 3057 virginum
3199 3002 3379 3042 curam
3405 2988 3650 3057 gesserit,
3680 3004 3785 3042 non

2193 3087 2535 3145 incommode
2563 3088 2803 3143 nonnulli
2829 3087 2893 3143 ad
2922 3089 3070 3144 initia
3098 3088 3439 3160 episcOpatus
3469 3090 3788 3145 referuntli-

2185 3179 2338 3235 brum
2364 3179 2434 3235 de
2473 3178 2666 3234 Habitu
2689 3180 2960 3249 virginum.
2993 3180 3097 3236 Alii
3144 3180 3263 3236 hare
3292 3181 3451 3237 verba
3473 3223 3486 3249 ,
3521 3200 3540 3233 ι
3573 3181 3668 3236 has
3690 3181 3785 3236 ad-

2187 3275 2465 3331 hortantur
2506 3273 2789 3329 affectione
2825 3274 2993 3344 magis
3043 3289 3201 3345 quam
3256 3284 3542 3345 potestate,
3580 3295 3597 3327 ι
3631 3291 3783 3346 pres-

2188 3369 2435 3440 byterum
2468 3368 2637 3438 magis
2676 3367 2876 3423 decere
2904 3384 3061 3438 quam
3089 3368 3400 3439 episcopum
3433 3370 3650 3435 volunt;
3691 3370 3783 3425 sed

2190 3462 2511 3517 Pearsonius
2557 3460 2674 3515 hinc
2703 3460 2861 3515 \erha
2881 3459 3131 3530 Cypriani
3175 3461 3452 3516 modestia:
3496 3465 3781 3530 attribuit;

2186 3555 2547 3627 episcopalem
2566 3554 2940 3608 auctoritatem
2964 3557 3142 3624 vigere
3155 3555 3273 3610 aliis
3296 3556 3346 3609 in
3369 3555 3495 3611 locis
3511 3556 3781 3621 observat,

2173 3650 2330 3704 -ve|ut
2377 3664 2497 3704 cum
2542 3649 2617 3703 ait
2665 3648 2999 3718 Cyprianus:
3042 3668 3060 3699 ι
3090 3648 3286 3704 Audite
3322 3648 3499 3718 igimr,
3529 3649 3780 3718 virgines,

2187 3751 2245 3795 ut
2273 3750 2584 3812 parentem;
2618 3740 2816 3804 audite,
2842 3757 3044 3809 quaeso,
3069 3755 3166 3795 vos
3186 3740 3465 3795 docentem
3493 3743 3692 3810 pariter
3724 3758 3785 3796 ac

2189 3844 2524 3892 mouentem.
2555 3855 2573 3887 ι
2609 3836 2761 3890 llunc
2790 3836 2982 3890 libruut
3006 3836 3176 3907 rejicit
3211 3837 3469 3906 ltigaltius
3499 3847 3616 3907 pust
3640 3839 3782 3892 DCt'il

2186 3931 2641 4001 persecutionem,
2675 3929 2777 3984 hoc
2809 3929 2975 3984 fretus
3003 3940 3320 4001 argumento
3354 3932 3496 4001 quod
3536 3948 3567 3986 a
3596 3933 3783 3986 Pontio

2185 4035 2534 4079 recensentur
2560 4024 2702 4078 inter
2738 4038 2799 4081 ea
2831 4023 3082 4094 Cypriani
3111 4038 3271 4093 opera
3305 4024 3493 4093 quibus
3523 4028 3785 4080 caruisset

2191 4116 2430 4172 Ecclesia
2466 4158 2479 4180 ,
2528 4116 2625 4169 nisi
2664 4115 2997 4169 ethnicorum
3031 4115 3286 4183 impetum
3315 4114 3614 4185 Cyptiautts
3655 4133 3780 4185 pra-

2188 4207 2333 4262 denti
2385 4222 2602 4261 secessu
2654 4206 2943 4276 effugisset.
2986 4205 3088 4260 Sed
3123 4222 3227 4259 non
3273 4206 3681 4276 riditlligaltius
3708 4209 3781 4277 ip‘

2189 4316 2303 4355 smn
2344 4302 2508 4355 etiam
2551 4299 2742 4354 librtttn
2772 4301 2844 4373 pd
2872 4299 3135 4353 Donatum
3164 4315 3192 4352 a
3226 4300 3414 4353 iiontio
3440 4303 3518 4354 sic
3546 4315 3781 4355 comme-

2192 4393 2407 4458 morari,
2440 4408 2598 4464 quem
2619 4401 2794 4446 tamen
2824 4392 2973 4446 initio
2993 4390 3368 4447 conversionis
3394 4392 3654 4461 scriptum
3687 4407 3781 4447 nc-

2189 4502 2276 4545 mo
2319 4486 2611 4557 negaverit.
2665 4483 2818 4540 Unde
2864 4492 3008 4552 patet
3037 4483 3285 4539 Pontium
3328 4482 3579 4555 Cypriani
3618 4499 3779 4554 opera

2181 4579 2303 4636 data
2345 4579 2631 4635 occasione
2677 4591 3027 4646 enumerare,
3077 4591 3183 4632 non
3211 4575 3370 4631 modo
3398 4592 3518 4648 qua:
3547 4585 3667 4648 post
3693 4591 3779 4631 se-

2180 4687 2389 4729 cessum
2419 4673 2725 4742 scripserat.

2249 4767 2405 4822 Cirea
2452 4766 2593 4822 idem
2641 4774 2889 4835 tempus.
2943 4762 2993 4819 id
3034 4771 3116 4819 est
3153 4773 3279 4821 ante
3316 4763 3771 4835 persecutionem,

2181 4859 2376 4931 scripta
2420 4858 2756 4915 existimatur
2790 4856 3028 4927 Epistola
3078 4860 3198 4911 vat
3224 4898 3239 4921 ,
3291 4872 3447 4927 quain
3477 4854 3776 4928 Cyprianus

2158 4950 2391 5023 scripsit
2439 4967 2458 5001 ί
2501 4948 2829 5020 presbyteris
2870 4958 2922 5002 ct
2952 4946 3264 5001 diaconibus
3306 4958 3360 5003 et
3402 4947 3542 5017 plebi
3580 4947 3775 5017 Furnis

2178 5042 2650 5108 consistentibus,»
2674 5042 2739 5095 de
2768 5039 2998 5110 quodam
3026 5038 3273 5095 Geminio
3295 5039 3525 5106 Victore,
3549 5042 3636 5111 qui
3665 5040 3770 5095 Ce-

2178 5134 2401 5189 mininm
2447 5133 2758 5189 Faustinum
2793 5132 3166 5204 presbyterum
3193 5138 3426 5189 tutorem
3452 5142 3787 5198 testamento

2175 5243 2274 5284 suo
2320 5227 2706 5285 ttominaverat.
2748 5225 2908 5281 anet
2959 5224 3233 5281 obsonari
3292 5225 3591 5296 Cyprianus
3628 5221 3770 5297 quod

2177 5322 2341 5392 ipsius
2379 5330 2749 5377 antecessores
2793 5319 3031 5390 episcopi
3082 5317 3402 5389 jampridem
3447 5328 3767 5384 statuerant,

2180 5432 2197 5465 ι
2231 5429 2296 5468 ne
2322 5413 2443 5483 quis
2470 5413 2633 5467 frater
2656 5411 2922 5467 excedens
2946 5410 3011 5467 ad
3039 5412 3254 5467 tutelam
3283 5411 3365 5467 vel
3391 5427 3572 5467 curant
3603 5412 3767 5469 cleri-

2173 5523 2293 5562 cum
2325 5506 2667 5569 nominaret,
2700 5519 2763 5558 ac
2784 5504 2827 5558 si
2860 5504 2980 5575 quis
3012 5505 3113 5560 hoc
3135 5504 3373 5573 fecisset,
3409 5521 3513 5563 non
3543 5504 3768 5561 offerre-

2173 5607 2257 5654 tur
2285 5613 2378 5668 pro
2409 5612 2494 5663 eo,
2527 5611 2625 5652 nec
2664 5596 2984 5651 sacriﬁcium
3020 5611 3117 5666 pro
3138 5596 3461 5659 dormitione
3486 5597 3601 5668 ejus
3628 5598 3769 5653 cele-

2170 5693 2435 5747 braretur.
2476 5708 2494 5741 ι
2550 5688 2945 5747 Deliberavcrat
2985 5704 3049 5745 ea
3096 5688 3164 5744 de
3212 5704 3270 5744 re
3316 5687 3613 5760 Cyprianus
3643 5704 3763 5745 cum

2167 5782 2389 5852 collegis
2409 5782 2498 5854 qui
2521 5790 2814 5853 praesentes
2841 5781 3084 5849 aderant,
3112 5789 3165 5837 et
3190 5795 3307 5837 com
3319 5781 3641 5854 presbyteris
3668 5780 3758 5851 qui

2166 5875 2488 5935 assidebam.
2538 5876 2694 5950 Saepe
2727 5874 2873 5943 enim
2913 5875 3124 5948 negotia
3160 5875 3442 5950 episcopus
3473 5875 3759 5937 Africanos
