4172 6264
286 364 365 423 85
1517 340 1670 399 VlTA
1709 336 1956 397 SANCTI
1990 335 2331 396 CYPRIANI.
3537 345 3607 405 86

282 477 669 550 Carthaginem
695 471 998 536 trahebant,
1025 465 1340 536 quibuscum
1369 461 1650 530 epi~copus
1671 454 1898 513 Cartha-

285 574 536 646 ginensis
573 568 887 625 continuum
925 561 1085 616 veluti
1114 556 1399 623 concilium
1443 553 1643 607 habere
1669 555 1894 617 poterat.

285 641 439 728 ginis
480 678 661 722 autem
712 657 1054 732 perspicitur,
1095 647 1496 706 utPearsouius
1522 654 1575 699 et
1600 641 1897 697 Tillemon~

288 764 404 819 tius
428 730 741 819 observant,
763 753 903 806 hanc
926 746 1207 819 epistolam
1235 744 1290 799 in
1315 754 1445 812 pace
1474 736 1727 806 scriptam
1759 730 1893 787 fuis-

284 854 583 924 se.l\’equ;
615 848 754 903 enim
786 842 1065 901 Geminius
1085 838 1194 904 ille,
1219 838 1472 890 szevieute
1498 823 1893 924 persecutione,

288 915 535 1007 ﬁliorum
576 942 796 1000 tutelam
840 936 1155 1009 presbytero
1190 927 1579 989 commisisset,
1626 933 1785 992 quem
1807 915 1890 971 di-

286 1047 477 1119 gni'as
518 1049 569 1095 et
614 1049 810 1093 munus
850 1047 956 1104 quo
999 1026 1319 1099 fungebatur
1353 1023 1405 1076 in
1435 1016 1669 1075 medium
1705 1010 1899 1119 discri-

288 1106 428 1199 :‘lletl
478 1136 810 1208 conjecisset.
882 1123 1187 1183 Verisimile
1240 1128 1321 1174 est
1378 1111 1682 1209 Geminium
1747 1106 1892 1160 illum

286 1234 633 1297 Faustinum,
668 1241 826 1299 quem
844 1222 1030 1278 Victor
1048 1226 1276 1274 tutorem
1301 1211 1684 1268 nominaverat,
1712 1209 1897 1272 postea

285 1327 540 1402 ejusdem
558 1296 703 1379 urbis
717 1319 914 1375 factum
928 1329 1048 1370 esse
1065 1310 1396 1381 episcopum.
1420 1300 1599 1402 Adfuit
1611 1296 1752 1399 enim
1768 1308 1898 1348 eou-

288 1389 419 1479 cilio
460 1410 888 1486 Carthaginiensi,
911 1424 1050 1462 anno
1075 1403 1205 1469 256,
1235 1396 1513 1457 Geminius
1549 1389 1896 1447 Furnitauus.

365 1514 510 1571 Tres
532 1512 661 1566 alias
682 1503 941 1579 epistolas
987 1509 1113 1555 ante
1142 1508 1340 1551 annum
1379 1490 1487 1547 250
1520 1487 1748 1579 scriptas
1778 1495 1900 1579 pro-

297 1608 521 1666 nuntiat
540 1573 885 1659 Pearsouius,
910 1592 1295 1663 sexagesimum
1325 1583 1547 1656 primam
1571 1578 1637 1631 ad
1666 1573 1898 1629 Eur/ira-

286 1705 415 1758 tiaiu
445 1701 517 1756 de
561 1695 825 1753 histrione
855 1689 1083 1763 quodam
1117 1684 1228 1755 qui,
1266 1679 1364 1736 etsi
1398 1693 1427 1732 a
1469 1675 1678 1729 theatro
1714 1681 1898 1763 cessa-

287 1804 479 1861 verat,
517 1790 693 1846 adhuc
718 1797 895 1841 tamen
934 1793 1106 1837 artem
1147 1789 1298 1833 suam
1336 1768 1597 1829 docebat;
1628 1759 1902 1832 sexagesi-

290 1906 434 1947 mam
464 1859 770 1942 secundam
824 1878 891 1933 ad
930 1873 1274 1948 Pomponium
1311 1866 1378 1923 de
1421 1859 1715 1933 virginibus
1778 1869 1898 1925 qum

291 1999 415 2039 cum
453 1977 731 2040 masculis,
773 1988 840 2028 ex
872 1969 1063 2041 quibus
1093 1980 1229 2021 unus
1257 1970 1372 2018 erat
1398 1958 1677 2019 diaconus,
1701 1952 1899 2022 depre-

287 2077 487 2134 hensa:
517 2071 572 2126 in
589 2068 778 2125 eodem
805 2065 944 2119 lecto
972 2061 1216 2125 fuerant;
1248 2052 1636 2125 sexagesimum
1659 2045 1895 2116 quintam

288 2169 359 2225 ad
384 2165 740 2239 Rogatianum
780 2159 845 2214 dc
877 2152 1108 2230 quodam
1139 2152 1365 2208 diacono
1395 2146 1486 2219 qui
1528 2145 1576 2200 ei
1616 2149 1898 2239 contume-

292 2262 391 2317 lias
426 2230 498 2316 et
516 2255 739 2327 injurias
780 2252 1012 2314 fecerat,
1044 2262 1144 2303 nec
1169 2242 1445 2316 dignitatis
1472 2254 1576 2296 nec
1605 2230 1900 2292 senectutis

288 2355 472 2413 habita
509 2324 739 2405 ratione.
770 2345 824 2400 Si
852 2341 1065 2412 scriptm
1091 2346 1216 2394 sunt
1245 2335 1327 2390 ha:
1357 2334 1548 2388 litterae
1578 2327 1728 2384 initio
1756 2324 1904 2395 epis-

299 2454 557 2518 copatus,
590 2453 814 2497 necesse
851 2448 934 2491 est
976 2442 1035 2488 ut
1068 2432 1178 2503 jam
1216 2439 1329 2483 tum
1372 2436 1580 2481 summa
1609 2416 1898 2487 fueritCy-

294 2514 470 2615 priani
537 2534 817 2608 sapientia:
857 2525 1183 2586 existimatio
1215 2564 1230 2589 ,
1283 2536 1404 2576 cum
1454 2518 1597 2572 illius
1639 2514 1896 2615 respousa

294 2604 534 2706 episcopi
585 2604 817 2698 nudique
877 2626 1121 2695 peterent
1165 2615 1297 2681 :sed
1358 2609 1636 2667 fatendum
1697 2604 1896 2706 nullam

294 2696 603 2784 inesse'his
639 2696 884 2790 epistolis
915 2724 1095 2768 notam
1139 2723 1236 2763 cur
1263 2705 1329 2760 ad
1363 2705 1465 2758 hoc
1514 2712 1725 2770 tempus
1755 2696 1898 2752 refe-

293 2832 504 2879 rantur.
532 2814 869 2874 Crediderim
910 2810 1085 2882 potius
1118 2803 1408 2876 Epistolam
1439 2800 1505 2854 ad
1560 2797 1897 2869 (legationum

295 2916 554 2983 scriptam
578 2924 700 2966 esse
723 2910 842 2980 post
864 2913 1041 2959 motus
1059 2916 1085 2953 a
1110 2899 1314 2955 Novato
1344 2896 1567 2967 ejusque
1592 2888 1901 2960 gregalibus

298 2980 597 3070 excitatos;
643 2998 712 3054 ad
741 2998 842 3052 hos
868 2997 1011 3052 enim
1043 2993 1252 3048 videtur
1291 2988 1563 3059 respicere
1599 2980 1902 3053 Cyprianus

296 3112 423 3153 cum
447 3095 550 3149 ait:
584 3111 602 3145 ι
631 3091 757 3147 Hinc
775 3096 901 3145 sunt
927 3087 1068 3143 enim
1094 3083 1240 3138 initia
1265 3077 1641 3134 haereticorum
1671 3079 1724 3125 ct
1752 3077 1903 3125 ortus

298 3199 461 3262 atque
514 3196 744 3243 conatus
772 3180 1238 3239 schismaticormn
1264 3173 1405 3229 male
1439 3165 1810 3241 cogitantium,
1847 3170 1902 3215 ut

296 3288 393 3342 sibi
444 3285 697 3355 placeant
722 3323 735 3344 ,
781 3290 840 3334 ut
875 3275 1221 3349 prmpositum
1264 3267 1496 3339 superbo
1532 3272 1744 3318 tmuorc
1769 3273 1900 3355 eon-

297 3386 561 3434 temuant.
595 3375 685 3430 Sic
710 3373 776 3428 de
811 3368 1045 3426 Ecclesia
1076 3364 1365 3428 receditur,
1403 3361 1481 3413 sic
1512 3357 1679 3410 altare
1725 3349 1904 3422 profac

295 3488 421 3526 num
459 3470 592 3524 foris
621 3467 947 3529 collocatur,
974 3462 1051 3516 sic
1074 3467 1263 3516 contra
1296 3468 1478 3525 pacem
1500 3449 1701 3507 Christi
1733 3457 1786 3503 et
1813 3461 1899 3500 or-

294 3563 631 3618 dinationem
656 3568 815 3628 atque
843 3555 1106 3611 unitatem
1135 3549 1226 3605 Dei
1256 3547 1563 3604 rebellatur.
1605 3561 1623 3594 ι

364 3656 627 3730 Cypriani
658 3651 921 3723 sapientia
948 3648 1126 3703 elucet
1155 3645 1206 3699 in
1245 3643 1330 3697 his
1358 3638 1570 3696 litteris.
1595 3637 1649 3691 lu
1681 3649 1901 3705 sexage-

296 3752 432 3806 sima
466 3752 636 3821 prima
662 3747 901 3803 declarat
927 3757 1025 3798 nec
1063 3739 1328 3808 majestati
1359 3734 1573 3799 divinae,
1607 3746 1707 3786 nec
1735 3744 1904 3785 evan-

295 3845 484 3915 gelicie
511 3840 809 3911 disciplinae
861 3849 1154 3905 congruere
1196 3839 1255 3884 ut
1284 3827 1476 3882 histrio
1517 3826 1899 3880 communicet.

296 3939 453 4005 Quod
476 3938 522 3991 si
541 3936 683 3992 enim
716 3931 936 4006 penuria
965 3931 1100 3983 hanc
1125 3934 1295 3980 artem
1322 3935 1577 3976 exercere
1601 3929 1776 3988 cogat,
1809 3919 1904 3972 Ec-

296 4032 482 4090 clesia:
498 4028 801 4098 sumptibus
827 4020 1115 4078 sustentari
1147 4017 1364 4080 debere,
1388 4012 1547 4066 modo
1580 4021 1755 4066 tamen
1774 4025 1904 4066 con-

298 4137 483 4181 tentus
507 4124 580 4178 sit
607 4119 983 4192 frugaliuribus
1017 4119 1180 4185 cibis;
1204 4128 1295 4171 aut
1322 4118 1364 4170 si
1398 4117 1504 4171 illic
1534 4113 1772 4168 Ecclesia
1805 4111 1903 4165 hos

307 4230 561 4287 sumptus
585 4212 759 4268 facere
781 4226 882 4265 non
917 4210 1122 4280 possit,
1159 4209 1209 4263 in
1243 4224 1393 4262 suam
1437 4222 1558 4263 cum
1603 4205 1811 4258 invitat.
1846 4202 1901 4258 lit

298 4307 639 4377 sexagesima
686 4301 918 4358 secunda
965 4298 1144 4353 laudat
1173 4299 1527 4369 Pomponium
1566 4295 1707 4366 quod
1736 4293 1901 4347 absti-

299 4406 513 4459 nuisset
554 4401 862 4461 diacomuu,
897 4396 984 4467 qui
1017 4411 1140 4449 cum
1187 4395 1396 4465 virgine
1440 4406 1585 4462 επψθ
1611 4397 1900 4451 manserat,

301 4499 394 4553 sed
445 4506 501 4550 ct
539 4505 766 4549 ozrteros
793 4491 880 4562 qui
911 4506 1031 4544 cum
1063 4489 1354 4558 virginibus
1395 4486 1634 4540 dormire
1678 4498 1908 4538 consue-

302 4599 514 4647 texant.
568 4591 766 4642 Auctor
793 4595 874 4640 est
904 4595 961 4638 ut
1003 4583 1352 4651 inSpiciantur
1391 4580 1622 4650 virgines
1677 4577 1907 4647 diligen-

303 4696 386 4739 ter
428 4684 496 4738 ab
521 4680 902 4737 obstetricibus
924 4721 937 4743 ,
972 4688 1025 4732 ct
1052 4677 1098 4732 si
1133 4676 1370 4746 virgines
1399 4674 1633 4730 inventio
1663 4672 1902 4737 fuerint,

302 4786 527 4847 accepta
596 4771 1093 4829 communicatione
1150 4770 1201 4823 iu
1268 4767 1566 4821 Ecclesium
1619 4765 1905 4819 admittan-

303 4882 423 4939 tnr,
472 4872 518 4926 si
566 4878 741 4923 tamen
786 4867 1058 4920 hactenus
1111 4861 1480 4933 pmuiteutiam
1526 4860 1682 4930 hujus
1739 4858 1905 4912 illiciti

300 4963 621 5020 concubitus
652 4962 882 5032 egerint,
923 4968 976 5014 et
1015 4975 1043 5013 a
1090 4959 1391 5014 seinvieem
1432 4958 1771 5013 recesserint.
1803 4956 1901 5010 Illi-

302 5070 461 5112 naiur
495 5055 802 5128 graviorem
855 5066 1137 5106 censuram
1184 5054 1227 5108 si
1282 5054 1346 5105 ad
1376 5051 1591 5106 eosdem
1637 5049 1903 5105 masculos

304 5166 544 5205 reversa:
572 5146 797 5211 fuerint,
829 5156 923 5200 aut
951 5145 992 5198 si
1034 5161 1153 5201 cum
1203 5144 1404 5200 eisdem
1436 5146 1619 5199 iuuna
1647 5144 1808 5203 domo
1855 5152 1909 5197 et

299 5248 398 5302 sub
424 5246 620 5301 eodem
653 5251 795 5298 tecto
831 5242 993 5297 simul
1024 5240 1398 5295 habitaverint.
1430 5238 1707 5309 Corruptis
1735 5241 1906 5308 impo-

305 5342 375 5396 nit
409 5337 780 5412 pmuitentiam
831 5336 1064 5405 plenam,
1105 5349 1167 5388 ac
1196 5350 1307 5399 eas,
1349 5334 1394 5388 si
1421 5334 1685 5389 obstinate
1722 5348 1906 5403 perse-

305 5443 515 5499 tcrcnt,
541 5445 832 5502 numquam
856 5428 909 5483 in
934 5426 1224 5489 Ecclesium
1242 5425 1447 5480 admitti
1470 5442 1627 5498 posse
1648 5427 1902 5482 declarat.

290 5529 359 5585 ,ιη
391 5530 729 5601 sexagesima
773 5522 955 5595 quinta
995 5521 1174 5577 laudat
1229 5503 1582 5576 humilitatem
1624 5519 1905 5592 Rogatiani

302 5623 466 5695 quod,
497 5637 620 5676 cum
657 5634 754 5690 pro
781 5617 1119 5688 episcopatus
1145 5616 1325 5686 vigore
1347 5622 1400 5668 ct
1428 5612 1698 5668 cathedra:
1724 5622 1908 5667 aucto-

300 5721 456 5770 ritate
485 5729 675 5791 pmnas
707 5710 777 5766 de
806 5710 1032 5764 diacono
1065 5723 1281 5763 sumere
1323 5714 1534 5776 posset,
1575 5705 1820 5776 querelas
1842 5702 1906 5757 ad

297 5824 359 5863 se
386 5805 673 5863 detulerit.
707 5800 908 5859 Statuit
936 5811 1189 5873 oportere
1218 5800 1501 5855 diaconum
1533 5814 1723 5869 «agere
1743 5798 1908 5850 auda-

294 5901 393 5956 cia:
423 5915 541 5955 sua:
568 5896 985 5970 paenitentiam,
1021 5903 1076 5950 et
1104 5893 1364 5949 honorem
1399 5889 1693 5947 sacerdotis
1732 5904 1892 5961 agno-

2010 468 2179 518 scere,
2221 472 2239 505 »
2266 462 2320 508 et
2367 453 2924 525 episcopaprmposito
2970 469 3069 512 suo
3101 457 3255 528 plena
3303 457 3602 519 humilitate

2005 545 2332 602 satisfacere.
2366 546 2463 601 llic
2488 546 2639 603 facile
2666 548 2985 619 perspicitur
3002 552 3291 607 auctoritas
3312 551 3597 625 Cypriani,

2006 653 2111 692 non
2142 647 2246 692 tam
2278 639 2561 694 consilium
2591 639 2767 696 dantis
2824 642 2991 712 quam
3027 643 3388 713 praecipientis
3434 655 3488 700 et
3513 646 3603 716 ju-

2006 726 2196 796 bentis,
2230 739 2339 785 tum
2379 732 2447 785 ob
2474 730 2623 787 sedis
2651 731 2993 804 dignitatem,
3026 743 3139 790 tum
3167 736 3290 805 quia
3320 736 3451 792 inito
3479 752 3601 792 cu.n

2004 820 2280 893 episc0pis
2307 831 2362 880 et
2386 823 2711 895 presbyteris
2732 826 2955 880 consilio
2982 841 3239 898 responsa
3262 826 3439 881 dabat.
3469 827 3601 882 Nam

2004 913 2258 984 Epistohe
2280 918 2348 970 ad
2385 917 2793 989 Pomponianth
2813 919 2881 975 ad
2902 919 3241 991 Rogationem
3256 922 3358 976 seri
3368 931 3468 991 ptze
3496 921 3610 977 fuc-

2003 1019 2125 1063 runt
2149 1026 2254 1065 non
2285 1010 2459 1065 solum
2487 1011 2741 1083 Cypriani
2782 1015 3019 1077 nomine,
3066 1014 3159 1068 sed
3200 1015 3359 1069 etiam
3388 1016 3604 1087 episco-

2003 1115 2192 1171 porum
2218 1102 2536 1172 quibuscum
2568 1104 2636 1161 de
2677 1106 2966 1176 prepositis
3006 1105 3166 1161 rebus
3191 1105 3604 1163 deliberaverat.

2002 1194 2113 1250 Nec
2155 1196 2345 1251 mirum
2376 1211 2506 1253 sane
2549 1208 2631 1253 est
2669 1199 2714 1253 si
2775 1198 2841 1253 de
2897 1200 3229 1269 gravioribus
3283 1200 3441 1255 rebus
3484 1217 3606 1256 cum

2003 1287 2270 1358 cpiscOpis
2308 1289 2725 1355 consiliabatur,
2774 1291 2862 1360 qui
2893 1300 3156 1346 statuerat
3184 1291 3251 1344 ab
3280 1292 3433 1345 initio
3463 1293 3607 1362 epis-

2002 1392 2223 1449 copaltls
2246 1382 2327 1435 sui
2349 1382 2479 1436 nihil
2509 1384 2623 1438 sine
2648 1384 2875 1438 consilio
2901 1384 3027 1439 cieri
3061 1395 3114 1438 et
3140 1400 3402 1439 consensu
3435 1386 3609 1455 plebis

2004 1475 2204 1543 privata
2233 1477 2494 1531 sententia
2522 1492 2730 1547 gerere.
2766 1477 2845 1531 Ex
2879 1477 2961 1531 his
3005 1494 3123 1548 quae
3152 1479 3432 1548 deinceps.
3456 1480 3607 1534 dice-

2004 1582 2121 1620 mus
2165 1568 2318 1625 facile
2345 1569 2570 1639 quisque
2606 1570 2894 1639 perspiciet
2920 1580 3116 1638 quanta
3149 1568 3310 1624 fuerit
3339 1571 3595 1642 Cypriani

2004 1661 2056 1715 in
2087 1662 2186 1715 hoc
2217 1677 2412 1733 genere
2432 1662 2705 1732 diligentia
2737 1673 2789 1717 et
2811 1660 3066 1717 sedulitas
3097 1705 3109 1726 ,
3154 1663 3266 1716 sive
3295 1663 3475 1717 clerici
3517 1680 3607 1717 or-

2003 1755 2219 1810 dinandi
2253 1764 2433 1810 essent
2458 1798 2472 1822 ,
2513 1771 2608 1810 seu
2640 1755 2766 1825 quid
2812 1755 2952 1808 aliud
2988 1755 3206 1823 majoris
3234 1754 3312 1809 rei
3339 1756 3597 1825 incipien-

2003 1847 2150 1903 dum.
2184 1847 2390 1901 Laudat
2416 1848 2637 1902 Poutius
2668 1850 2719 1901 in
2753 1847 2891 1902 illius
2922 1847 3232 1917 episeopatu
3275 1848 3525 1915 pietatem
3551 1859 3605 1903 et

2004 1941 2259 2011 rigorem,
2289 1941 2711 1995 miscricordiam
2736 1950 2787 1995 et
2816 1956 3123 2005 censuram,
3152 1956 3367 2010 gravem
3401 1941 3603 1995 vultum

2002 2043 2057 2087 ct
2100 2033 2279 2088 ianum
2307 2075 2322 2099 ,
2368 2049 2465 2088 nec
2494 2034 2830 2089 severitatem
2896 2034 3105 2089 tristem
3156 2050 3255 2089 uec
3288 2036 3605 2101 comitatem

2004 2127 2246 2191 nimiam,
2288 2142 2535 2182 aversum
2587 2143 2614 2179 a
2642 2127 2891 2195 superbia
2915 2126 3157 2182 saeculari
3197 2128 3469 2194 anlnuun,
3511 2128 3606 2183 sed

2005 2228 2181 2275 tamen
2209 2220 2327 2275 sine
2357 2219 2618 2284 affectetis
2650 2220 2889 2289 penuria:
2918 2220 3190 2287 sordibus,
3220 2235 3483 2275 summam
3514 2222 3608 2275 de-

2004 2312 2165 2381 nique
2187 2312 2237 2365 in
2264 2325 2523 2382 pauperes
2547 2311 2882 2379 charitatem,
2924 2311 3500 2381 quoscatechumenus
3520 2313 3603 2367 di-

2006 2407 2230 2467 lexerat.

2007 2523 2215 2579 V.-—os
2255 2537 2650 2580 PERSECUTIONE
2680 2537 2819 2579 nec“
2853 2535 3079 2586 EJUSQUB
3124 2537 3340 2588 nurus,
3409 2537 3474 2578 ac
3538 2538 3605 2576 ne

2183 2633 2360 2674 MAGNO
2387 2632 2657 2674 LAPSOBUI
2686 2632 2753 2673 ET
2775 2631 3151 2672 CONFE‘TSDRUM
3187 2631 3420 2672 NUIIEBO.

2077 2710 2289 2766 Electus
2320 2713 2369 2765 in
2405 2726 2536 2781 pace
2561 2709 2882 2782 Cyprianus,
2915 2720 2970 2763 ut
3003 2710 3114 2779 ipse
3156 2718 3389 2764 testatur
3434 2709 3599 2779 Epist.

2006 2820 2091 2868 LV.
2126 2821 2323 2859 annum
2366 2820 2529 2858 unum
2559 2804 2643 2857 cui
2670 2803 2804 2858 forte
2832 2803 3096 2859 accedunt
3133 2804 3336 2873 aliquot
3363 2818 3602 2869 menses,

2006 2898 2059 2951 in
2108 2897 2208 2953 hoc
2263 2912 2443 2951 rerum
2496 2907 2638 2951 statu
2691 2896 2944 2951 traduxit.
3000 2896 3154 2951 Circa
3196 2896 3403 2950 initium
3447 2896 3605 2966 hujus

2003 2993 2130 3044 anni
2172 2990 2303 3055 “250,
2337 2990 2573 3045 Novatus
2621 2991 2901 3061 presbyter
2924 2989 2992 3043 ob
3018 2989 3199 3043 uxoris
3226 2999 3433 3043 uterum
3458 2990 3603 3044 calrc

2004 3098 2316 3154 percussum
2360 3091 2414 3137 et
2455 3092 2665 3153 partum
2705 3081 2993 3136 abortione
3019 3095 3334 3150 expressum
3360 3122 3375 3148 ,
3420 3089 3473 3135 et
3500 3080 3602 3134 alia

2004 3176 2209 3230 Scelera
2252 3177 2301 3229 in
2344 3174 2601 3245 judicium
2646 3173 2785 3245 apud
2840 3173 3165 3245 Cyprianum
3226 3182 3446 3226 vocatus
3489 3184 3603 3233 est;

2000 3266 2218 3337 jamque
2242 3266 2429 3321 aderat
2456 3267 2778 3337 cognitionis
2802 3265 2936 3331 dies,
2970 3264 3065 3319 sed
3092 3265 3396 3335 persecutio
3418 3280 3607 3335 super-

2003 3359 2149 3413 venit
2172 3359 2293 3431 (Ep.
2326 3357 2493 3431 XLlX).
2527 3359 2743 3413 Jactitat
2774 3372 2834 3412 se
2880 3357 3206 3413 Pcarsonius
3249 3355 3352 3411 hoc
3382 3357 3605 3429 presby-

2006 3451 2102 3504 teri
2130 3451 2400 3520 conjugali
2429 3451 2677 3521 exemplo
2707 3469 2717 3502 :
2744 3450 2836 3504 sed
2864 3459 3041 3504 tamen
3064 3463 3288 3503 uxorem
3320 3464 3426 3503 non
3455 3448 3607 3503 duxit

2006 3541 2241 3605 Novatus
2293 3551 2404 3597 tum
2438 3556 2561 3596 cum
2604 3550 2749 3596 esset
2788 3540 3093 3613 presbyter,
3126 3554 3227 3595 nec
3255 3538 3300 3594 si
3325 3539 3607 3611 presbyter

2005 3633 2246 3701 retinuit,
2299 3634 2499 3690 idcirco
2548 3624 2800 3689 Ecclesize
2846 3633 3071 3689 vetitum
3112 3646 3177 3686 ex
3218 3632 3603 3688 continentium

2008 3744 2233 3785 numero
2276 3729 2622 3800 presbyteros
2648 3728 2863 3797 eligere.

2076 3823 2328 3895 Cypriani
2378 3821 2664 3876 virtutibus
2711 3818 3026 3874 latissimum
3086 3832 3335 3888 campum
3393 3818 3605 3889 aperuit

1986 3915 2308 3990 persecutio
2324 3917 2490 3984 Decii,
2511 3916 2577 3972 de
2600 3913 2875 3986 qua-nubis
2897 3928 3063 3984 pauca
3087 3912 3311 3968 dicenda
3326 3921 3470 3982 sunt,
3500 3927 3598 3967 an-

2008 4028 2220 4090 tequam
2258 4031 2344 4072 res
2369 4031 2397 4069 a
2421 4013 2695 4087 Cypriano
2721 4010 2805 4067 his
2856 4010 3252 4066 molestissimis
3275 4008 3603 4080 temporibus

2005 4121 2184 4183 gestas
2200 4123 2602 4183 persequamur.
2640 4106 2851 4172 Decius,
2875 4104 3066 4161 occisis
3086 4103 3377 4160 crudeliter
3403 4105 3603 4173 Philip—

2007 4209 2089 4279 pis
2130 4217 2184 4262 et
2225 4204 2452 4275 imperio
2478 4212 2761 4272 occupato,
2782 4201 2915 4258 nihil
2949 4202 3096 4272 prius
3140 4202 3240 4256 sibi
3291 4211 3380 4255 aut
3428 4202 3604 4272 potius

2008 4298 2310 4354 faciendum
2343 4312 2463 4351 esse
2483 4294 2829 4364 duxit,quam
2862 4294 2991 4348 utin
3019 4292 3365 4348 christianum
3396 4293 3606 4362 religio-

2007 4408 2151 4459 nem,
2190 4407 2308 4463 quae
2344 4390 2445 4445 sub
2489 4389 2748 4459 Philippis
2774 4404 2837 4443 ac
2862 4387 3233 4459 superioribus
3266 4386 3605 4457 imperatori-

2016 4484 2116 4540 bus
2160 4484 2358 4538 mirum
2398 4483 2448 4536 in
2481 4476 2700 4536 modum
2725 4490 3012 4545 creverat,
3045 4492 3235 4534 omnes
3277 4478 3483 4547 imperii
3523 4478 3604 4531 sui

2007 4584 2232 4632 conatus
2265 4582 2626 4629 cenvcrtcret.
2663 4572 2841 4643 Cmpit
2880 4574 3059 4642 itaque
3086 4580 3143 4625 et
3181 4584 3279 4624 suo
3305 4569 3355 4623 in
3399 4569 3606 4638 Philip-

2009 4687 2105 4743 pos
2123 4670 2265 4738 odio,
2288 4678 2342 4726 et
2359 4669 2715 4723 Romanarum
2732 4666 3421 4736 superstitionum,quarum
3435 4664 3607 4719 ruinis

2012 4765 2147 4818 hanc
2169 4762 2477 4832 religionem
2499 4759 2792 4829 superstrui
2810 4757 3041 4824 ridebat,
3062 4754 3333 4812 desiderio
3351 4755 3401 4811 in
3423 4754 3609 4813 Chris-

2013 4858 2282 4910 tianorum
2312 4851 2572 4921 sanguine
2599 4849 2890 4919 parentari.

2085 4945 2519 5003 Pcrsccutioncm
2573 4941 2731 4997 simul
2772 4956 2891 4996 cum
2924 4940 3149 5012 imperio
3193 4940 3336 4996 Decii
3381 4947 3608 5010 coeptant

2014 5039 2178 5095 fuisse
2216 5037 2475 5093 discimus
2504 5051 2567 5091 ex
2602 5036 2864 5106 locuplete
2896 5044 3053 5103 teste,
3095 5034 3346 5108 Dionysio
3379 5034 3611 5089 Alexan-

2014 5134 2192 5201 drino,
2220 5133 2313 5204 qui
2335 5130 2686 5188 defendendae
2714 5139 2768 5186 ct
2799 5130 3009 5186 tuenda:
3036 5132 3088 5185 in
3112 5130 3211 5185 hac
3239 5129 3614 5200 persecutione

2014 5228 2265 5284 Ecclesia:
2295 5226 2550 5297 plurimas
2572 5234 2753 5296 partes
2783 5220 3051 5280 sustinuit.
3087 5243 3105 5275 ‹
3133 5224 3236 5279 Sed
3273 5224 3549 5288 continuo,
3589 5243 3605 5276 ι

2011 5321 2184 5395 inquit
2243 5319 2382 5390 apud
2416 5319 2609 5374 Euseb.
2644 5317 2820 5389 (Hist.
2852 5318 2942 5373 lib.
2976 5330 3053 5384 vr,
3085 5330 3202 5386 cap.
3228 5316 3322 5389 41)
3345 5359 3359 5384 ,
3404 5318 3615 5389 imperii

2016 5414 2163 5470 illius
2214 5428 2342 5484 erga
2396 5427 2496 5467 nos
2560 5412 2928 5483 benignissimi
2980 5410 3204 5465 mutatio
3263 5410 3418 5466 nobis
3479 5428 3619 5466 nun-

2012 5510 2138 5565 tiata
2160 5516 2263 5573 est,
2296 5516 2348 5562 et
2369 5506 2715 5579 gravissimus
2744 5506 2900 5561 nobis
2940 5506 3204 5560 minarum
3236 5515 3408 5561 terror
3437 5507 3615 5561 inten-

2014 5600 2245 5655 tabatur.
2292 5596 2516 5669 Jamque
2555 5598 2739 5652 aderat
2780 5596 3016 5652 edictum
3056 5597 3414 5668 imperatoris,
3443 5607 3548 5652 etc.
3591 5616 3609 5653 ο

2013 5695 2155 5750 Idem
2212 5702 2472 5748 testantur
2515 5691 2822 5747 Lactantius
2876 5691 2930 5746 in
2976 5690 3116 5746 libro
3138 5691 3200 5744 de
3228 5690 3394 5747 Morte
3421 5706 3613 5763 persee.

2010 5803 2058 5843 c.
2080 5789 2136 5855 4,
2168 5795 2222 5840 et
2248 5785 2466 5840 Orosius
2496 5785 2589 5839 lib.
2621 5783 2870 5850 vt,e.9.l.
2900 5783 3097 5852 Quare,
3138 5798 3258 5838 cum
3298 5784 3500 5839 nullum
3528 5800 3623 5839 ex-

2011 5888 2117 5940 Stet
2146 5879 2426 5952 vestigium
2475 5877 2862 5950 persecutionis
2887 5885 3010 5933 ante
3037 5890 3278 5934 mensem
3315 5877 3618 5947 jauuarimn
