4200 6262
484 337 553 395 87

488 455 615 511 anni
650 455 790 522 εει),
824 446 975 527 eujus'
1002 454 1201 511 mensis
1245 452 1331 509 die
1362 450 1620 523 vigesimo
1655 449 1953 505 Fabianum
1980 462 2079 519 pa-

494 564 618 620 pam
645 548 832 604 Romae
853 563 1065 619 passum
1091 561 1209 604 esse
1238 554 1479 613 constat,
1512 559 1617 599 non
1659 541 1949 599 assentitur
1976 540 2088 596 Til-

500 642 794 698 lemonlius
825 640 1037 695 erudito
1075 639 1347 694 Annalium
1384 635 1806 710 Cyprianicarum
1841 633 2043 690 auctori
2072 675 2086 698 ,

500 734 591 803 qui
632 733 933 803 Philippum
958 747 1142 787 mense
1161 734 1398 802 Augusto
1418 730 1543 784 anni
1563 728 1669 784 249
1692 728 1927 783 occisum
1947 740 2088 792 esse,

494 841 561 881 ac
610 824 828 879 Decium
861 838 1046 878 mense
1082 823 1216 894 julio
1240 831 1472 878 exeunte
1495 836 1783 892 purpuram
1801 818 2093 889 sumpsisse

504 917 796 972 existimat.
825 916 940 972 Non
971 917 1238 973 immerito
1264 916 1479 988 quidem
1512 916 1765 971 statuitur
1790 913 2093 985 Philippum

496 1020 783 1081 utrumque
820 1011 1041 1079 periisse
1068 1019 1192 1064 ante
1232 1009 1395 1064 finem
1432 1009 1556 1062 anui
1588 1008 1717 1074 249,
1760 1021 1861 1061 nec
1888 1014 2095 1076 septem

498 1118 670 1158 annos
699 1104 1011 1182 imperasse,
1048 1113 1103 1156 ut
1129 1103 1300 1157 visum
1328 1110 1409 1157 est
1436 1101 1673 1157 Eusebio
1699 1116 1713 1164 ;
1747 1100 1945 1170 quippe
1973 1113 2096 1154 cum

507 1198 563 1249 in
596 1195 779 1249 Codice
806 1194 1089 1251 Iustiniani
1111 1195 1229 1268 (lib.
1256 1211 1326 1260 tv,
1358 1193 1574 1265 tit.16),
1598 1202 1746 1248 extet
1780 1193 2099 1263 rescriptum

503 1291 604 1347 sub
666 1292 808 1346 Decii
866 1292 1080 1347 nomine
1132 1292 1315 1346 datum
1361 1307 1447 1346 xw
1503 1289 1610 1345 kal.
1645 1288 2102 1351 nov..AZmiliano

506 1393 563 1438 et
608 1382 854 1453 Aquilino
872 1397 1036 1447 cnss.,
1070 1383 1319 1437 videntur
1348 1397 1477 1453 ergo
1493 1382 1601 1451 jam
1628 1391 1735 1436 tum
1756 1379 1985 1450 Philippi
2012 1395 2106 1450 pc-

506 1477 696 1542 riisse;
726 1476 885 1531 sedid
907 1493 1088 1532 mense
1113 1488 1338 1548 augusto
1362 1477 1650 1546 contigisse
1675 1491 1783 1530 non
1814 1475 2067 1545 probatur
2090 1493 2103 1530 :

510 1570 801 1640 quinetiam
830 1570 956 1624 citat
976 1570 1348 1625 Tillemoutius
1369 1585 1433 1624 ex
1459 1566 1587 1624 Cod.
1611 1567 1894 1623 Justiniani
1933 1567 2012 1642 (Ι.
2033 1582 2104 1634 vr,

517 1664 597 1715 tit.
630 1660 726 1733 56)
770 1662 935 1732 legem
968 1677 995 1715 a
1042 1660 1283 1732 Philippo
1308 1660 1483 1715 datam
1514 1660 1644 1715 idib.
1677 1660 1882 1716 octobr.
1917 1658 2108 1714 eodem

514 1752 810 1808 jEmiliano
841 1736 1062 1807 consule
1084 1795 1098 1820 ,
1131 1755 1215 1807 cui
1248 1767 1352 1807 non
1380 1754 1495 1807 sine
1523 1766 1706 1808 errore
1740 1750 1947 1821 collega
1974 1751 2108 1806 assi-

523 1856 717 1917 gnatur
772 1844 1108 1915 Peregrinus.

588 1939 712 2005 Sed,
753 1953 1104 2008 quascumque
1128 1937 1288 1992 Decio
1341 1936 1639 1991 tribuantur
1689 1934 1898 2005 imperii
1940 1935 2111 2003 initia,

527 2032 712 2104 negari
740 2048 845 2112 non
875 2041 1048 2103 potest
1077 2030 1507 2102 persecutionem
1540 2031 1690 2085 initio
1714 2028 1840 2084 anni
1882 2029 1989 2083 ‘250
2015 2044 2116 2083 ειε-

522 2128 705 2183 viisse.
760 2126 1060 2183 Carucrunt
1106 2124 1395 2195 primordia
1457 2123 1770 2179 crudelitate
1817 2132 2115 2178 tormento-

525 2214 680 2284 rum',
723 2207 912 2276 nonid
958 2219 1169 2291 quidem
1224 2219 1472 2275 omnibus
1498 2219 1550 2272 in
1598 2218 1761 2285 locis,
1803 2216 1899 2272 sed
1926 2217 2115 2272 saltem

530 2312 889 2384 Carthagine,
919 2314 1006 2369 ubi
1049 2313 1220 2384 primo
1250 2312 1649 2368 confessoribus
1683 2327 1789 2365 non
1827 2309 1947 2364 alia:
1976 2311 2118 2364 inllio

522 2414 622 2460 ctre
653 2415 777 2460 sunt
818 2421 1012 2476 poenae,
1056 2420 1213 2476 quam
1253 2419 1457 2468 carcer,
1493 2401 1744 2467 exilium;
1775 2399 1888 2465 sed,
1940 2400 2122 2470 paucis

527 2498 802 2552 mensibus
839 2497 1057 2566 elapsis,
1092 2496 1291 2551 nullum
1323 2494 1489 2552 abfuit
1514 2494 1782 2549 cruciatus
1811 2507 1998 2563 genus.
2033 2492 2124 2547 Sic

522 2574 809 2655 Aurelius,
860 2600 915 2643 ιιι
939 2590 1011 2644 ait
1044 2587 1343 2660 Cyprianus
1373 2587 1473 2658 Ep.
1520 2601 1707 2651 χχχιιι,
1750 2586 1850 2640 sub
1911 2603 1929 2636 ι
1956 2584 2125 2640 oculis

528 2694 651 2740 ante
702 2698 1009 2754 paucorum,
1053 2683 1265 2754 quando
1315 2682 1545 2738 extorris
1596 2680 2126 2750 fiebat,congressus

530 2788 649 2844 est;
705 2788 759 2833 at
798 2787 983 2849 postea
1035 2766 1236 2832 meruit
1281 2776 1411 2830 etin
1444 2774 1559 2831 foro
1597 2773 1851 2845 congredi
1903 2773 2128 2829 clariore

529 2873 745 2936 virtute,
799 2880 855 2926 ιιι
910 2882 1031 2942 post
1072 2871 1412 2942 magistratus
1436 2870 1595 2925 etiam
1617 2868 1988 2940 proconsulem
2011 2867 2129 2922 vin-

527 2973 675 3018 ceret
728 2972 784 3019 et
833 2974 952 3034 post
999 2963 1214 3019 exilium
1266 2971 1527 3017 tormenia
1569 2950 2133 3032 superaretJExisti-

534 3066 645 3110 mat
673 3054 1048 3111 Tillemontius
1088 3055 1513 3125 persecutionem
1555 3054 1709 3108 citius
1749 3054 1935 3109 [ionice
1968 3068 2129 3125 quam

533 3151 585 3203 in
614 3147 796 3202 Africa
831 3149 1088 3212 szcviisse,
1135 3161 1197 3202 ac
1225 3146 1442 3219 Moysen
1483 3155 1537 3201 et
1566 3146 1876 3213 Maximum,
1911 3148 2129 3220 presby-v

532 3251 678 3296 teres
721 3240 1014 3306 Romanos,
1060 3241 1170 3309 jam
1217 3239 1269 3293 in
1319 3254 1590 3295 carcerem
1648 3239 1922 3309 conjectos
1968 3239 2132 3296 fuisse

535 3348 655 3388 cum
687 3332 992 3402 persecutio
1028 3330 1078 3383 in
1110 3330 1288 3385 Africa
1329 3330 1569 3398 incoepit,
1600 3330 1841 3400 quamvis
1878 3341 1997 3401 post
2025 3330 2129 3386 Fa-

508 3424 674 3485 ,hiani
719 3438 868 3493 papae
915 3423 1228 3492 martyrium
1274 3422 1502 3490 coniecti
1543 3421 1760 3487 fuerint,
1808 3431 1863 3475 ut
1904 3422 2132 3478 habetur

537 3517 589 3569 in
622 3513 865 3569 Bneherii
888 3514 1209 3569 Pontilicali.
1232 3512 1346 3569 Non
1375 3529 1506 3570 sane
1531 3524 1790 3584 repugnat
1832 3525 1889 3569 ut
1941 3531 2129 3587 perse-

539 3608 684 3664 cutio
714 3609 870 3663 cilius
897 3609 1079 3663 Romze
1100 3624 1258 3678 quam
1300 3610 1351 3662 in
1388 3609 1674 3679 provinciis
1704 3610 1943 3681 eruperit
1968 3628 1983 3678 ;
2036 3612 2129 3667 sed

539 3714 713 3759 tamen
750 3703 998 3776 Cypriani
1023 3704 1183 3759 verba
1223 3702 1414 3774 quibus
1452 3703 1534 3759 vir
1554 3704 1897 3759 doctissimus
1925 3706 2126 3771 nititur,

539 3813 643 3851 non
680 3796 729 3852 id
757 3798 974 3851 omnino
1003 3796 1392 3862 demonstrant,
1424 3796 1565 3866 quod
1606 3796 1707 3867 ipsi
1738 3797 1966 3864 videtur,
1997 3814 2127 3854 con-

533 3894 765 3949 fossores
794 3893 1067 3949 Romanos
1093 3901 1215 3949 ante
1261 3893 1312 3948 in
1354 3908 1625 3950 carcerem
1654 3896 1929 3966 conjectos
1963 3896 2128 3955 fuisse

532 4007 690 4063 quam
719 3992 1205 4062 Carthaginenses,
1258 3991 1352 4048 sed
1392 4001 1597 4047 tantum
1636 3993 1907 4050 cruciatus
1940 4006 1994 4051 et
2021 4007 2132 4052 tor-

532 4093 711 4139 menta
756 4085 902 4154 prius
934 4085 1116 4140 Romae.
1166 4084 1449 4156 inccepisse
1474 4102 1634 4157 quam
1676 4085 2012 4161 Carthagine.
2039 4091 2129 4148 Sic

530 4176 674 4231 enim
738 4177 972 4247 loquitur
1045 4177 1344 4250 Cyprianus
1424 4177 1475 4232 in
1544 4170 1783 4249 Episiola
1853 4197 1979 4250 xxv,
2061 4183 2130 4237 ad

535 4270 767 4342 Moysen:
835 4279 880 4323 ct
925 4268 1213 4325 Maximum
1265 4279 1311 4325 et
1366 4271 1494 4326 alios
1543 4271 1855 4343 confessores
1894 4288 1914 4327 .'
1963 4291 1981 4325 ‹
2021 4274 2126 4331 Vos

534 4365 677 4420 enim
728 4364 991 4435 primores
1023 4373 1077 4420 et
1113 4364 1280 4422 duces
1306 4364 1373 4420 ad
1403 4366 1571 4421 nostri
1601 4368 1855 4438 temporis
1886 4369 2124 4438 praelium

532 4457 654 4513 facti
723 4458 960 4516 cwlestis
1020 4458 1221 4513 militia:
1263 4458 1412 4530 signa
1456 4458 1732 4526 movistis;
1763 4475 1859 4515 vos
1888 4460 2127 4530 spiritale

526 4560 821 4616 certamen,
873 4550 1016 4622 quod
1070 4547 1213 4607 nunc
1250 4551 1363 4622 geri
1389 4550 1535 4606 Deus
1566 4550 1751 4620 voluit,
1782 4553 1975 4607 vestris
2014 4555 2124 4610 vir-

526 4642 725 4699 tutibus
770 4643 1071 4707 imbuistis;
1104 4658 1200 4699 vos
1239 4643 1507 4715 surgentis
1546 4642 1670 4699 belli
1725 4644 1955 4716 impetus
2012 4647 2122 4716 pri-

523 4751 641 4793 mos
694 4736 950 4792 immobili
1012 4738 1206 4793 robore
1251 4746 1411 4807 atque
1466 4736 1782 4793 inconcussa
1834 4736 2124 4795 stabilitate

520 4829 793 4901 fregistis:
838 4830 962 4885 inde
1024 4830 1171 4884 initia
1235 4828 1411 4885 felicia
1475 4828 1742 4900 pugnandi
1800 4839 1914 4884 orta
1958 4840 2119 4899 sunt;

519 4921 643 4978 inde
688 4921 937 4978 vincendi
997 4922 1232 4992 auspicia
1274 4930 1573 4991 creperum.
1614 4920 1844 4993 Contigit
1892 4921 1979 4978 hie
2028 4937 2123 4994 per

519 5030 787 5076 tormenta
858 5021 1220 5076 consummari
1290 5021 1582 5092 tnartyria:
1621 5020 1715 5076 sed
1758 5022 1846 5092 qui
1889 5023 1940 5076 in
1985 5038 2117 5079 con-

514 5113 792 5183 gressione
861 5111 1170 5184 prtecedens
1245 5112 1548 5182 exemplum
1610 5112 1821 5167 virtutis
1865 5112 2119 5170 fratribus

511 5204 685 5259 factus
735 5212 839 5271 est,
887 5219 1009 5259 cum
1049 5202 1449 5277 martyribusin
1474 5203 1677 5258 honore
1699 5205 2112 5261 communisest.

510 5295 754 5352 Coronas
813 5306 1024 5353 vestras
1076 5311 1237 5351 manu
1293 5305 1466 5352 sertas
1517 5295 1641 5351 inde
1678 5294 1779 5351 huc
1826 5298 2118 5354 tradidistis

509 5398 565 5443 et
602 5389 668 5444 de
710 5390 902 5460 poculo
932 5389 1153 5445 salutari
1182 5387 1980 5461 fratribustradidistis.»Negat
2008 5390 2117 5446 Til-

507 5481 797 5537 lemoutius
824 5497 890 5536 ex
930 5482 1013 5537 his
1056 5484 1236 5538 verbis
1273 5480 1424 5552 sequi
1470 5481 1690 5554 Moysen
1733 5490 1787 5537 et
1824 5482 2111 5538 Maximum

506 5573 696 5630 Romae
732 5574 969 5628 omniutn
1024 5575 1225 5645 primos
1278 5572 1552 5629 confessos
1583 5588 1724 5640 esse,
1757 5575 1952 5645 quippe
1989 5590 2109 5629 cum

503 5666 776 5729 Fabianus
806 5675 929 5722 ante
959 5674 1161 5739 martyr
1195 5667 1391 5721 obierit
1434 5681 1594 5736 quam
1620 5666 1707 5721 isti
1755 5665 1805 5720 in
1835 5680 2107 5722 carcerem

503 5759 929 5828 conjicerentur,
959 5759 1052 5815 sed
1082 5767 1286 5813 tantum
1320 5758 1458 5812 hanc
1483 5772 1576 5812 eos
1599 5758 1806 5813 laudem
1830 5769 1954 5814 ante
1981 5757 2111 5815 Car.

499 5851 840 5924 thaginenses
884 5853 1161 5911 retulisse.
1211 5850 1317 5909 Sed
1372 5860 1550 5907 tamen
1596 5853 1868 5910 neminem
1908 5854 2107 5925 excipit

1692 331 1850 392 VITA
1879 331 2123 391 SANCTI
2158 329 2506 389 CYPRIANI.

3714 327 3786 384 83

2194 446 2514 520 Cyprianus,
2560 460 2624 503 ac
2650 443 2990 523 confessores
3019 442 3086 500 ad
3138 457 3274 516 quos
3300 441 3585 508 scribebat,
3621 462 3639 495 ‹
3687 444 3798 514 pri-

2194 518 2373 595 mores
2406 548 2459 595 et
2505 538 2667 594 duces
2707 538 2772 593 ad
2808 518 2981 595 iiostri
3013 537 3270 608 temporis
3311 537 3551 609 praelium
3590 556 3608 590 ι
3644 537 3795 608 signa

2196 634 2427 688 movisse
2498 632 2752 688 declarat.
2831 630 2996 686 Multo
3050 645 3178 702 ergo
3218 630 3387 685 satius
3442 639 3524 686 est
3569 628 3682 684 haec
3727 628 3797 685 de

2194 734 2486 797 martyrum
2539 723 2839 780 constantia
2894 724 2945 778 in
2987 721 3310 778 cruciatibus
3341 721 3692 792 perferendis,
3738 729 3797 777 ιιι

2198 829 2303 876 tota
2353 819 2641 876 verborum
2688 817 2988 888 complexio
3043 816 3296 887 postulat,
3327 816 3590 887 accipere.

2268 914 2494 968 Causam
2534 911 2920 982 persecutionis
2938 907 3688 980 repetitCyprianus,inlibro
3734 907 3797 959 de

2199 1005 2404 1075 Lapsis,
2436 1020 2499 1059 ex
2534 1003 2960 1059 Christianorum
2990 1002 3242 1073 peccatis,
3274 1017 3501 1073 quorum
3527 1001 3799 1072 antiquam

2201 1098 2451 1170 pietatem
2481 1096 2635 1168 longa
2664 1111 2763 1166 pax
2818 1095 2952 1150 adeo
2977 1104 3312 1175 corruperat,
3369 1105 3426 1151 ιιι
3455 1097 3505 1151 in
3536 1096 3803 1166 plerisque

2162 1236 2165 1237 ν
2202 1188 2443 1260 pecunia:
2472 1186 2663 1254 fames,
2697 1186 3010 1242 deliciarum
3039 1202 3210 1255 amor,
3239 1186 3457 1242 fraudes
3483 1195 3538 1242 et
3566 1186 3803 1255 rapinas,

2205 1282 2544 1337 matrimonia
2581 1296 2702 1336 cum
2743 1279 3076 1349 inﬁdelibus,
3124 1281 3393 1352 pcrjuria,
3422 1281 3714 1336 inimicitia:
3752 1290 3808 1337 ct

2208 1372 2488 1429 maledicta
2529 1373 2722 1427 merito
2751 1371 3115 1442 culparentur.
3157 1372 3424 1428 Plurimos
3464 1373 3626 1427 etiam
3658 1372 3806 1444 cpis—

2207 1481 2374 1536 c0pos
2415 1466 2672 1521 infecerat
2694 1466 3019 1536 corruptela,
3051 1467 3100 1519 in
3128 1466 3319 1537 quibus
3347 1464 3668 1537 Cyprianus,
3702 1483 3808 1523 non

2210 1560 2369 1615 mudu
2401 1559 2735 1615 sarcularium
2762 1574 2942 1614 rerum
2966 1559 3370 1629 procurationes
3407 1569 3462 1614 et
3490 1574 3583 1629 per
3609 1559 3811 1615 alienas

2212 1652 2515 1723 provincias
2567 1652 2943 1722 negotiationis
2986 1661 3291 1722 questuosae
3342 1651 3606 1707 nundinas
3639 1695 3654 1720 ,
3712 1651 3809 1707 sed

2212 1748 2372 1803 etiam
2402 1745 2617 1802 fraudes
2651 1756 2705 1801 et
2738 1747 2954 1816 rapinas
2981 1755 3035 1801 et
3066 1760 3254 1800 usuras
3282 1746 3525 1818 castigat.
3555 1746 3691 1802 Usus
3730 1756 3814 1802 est

2217 1840 2356 1894 Deus
2395 1837 2461 1892 ad
2500 1846 2576 1892 tbt
2609 1837 2873 1892 malormu
2908 1836 3336 1893 emendationem
3374 1837 3518 1893 Decii
3559 1852 3815 1909 persecu-

2216 1932 2381 1997 tione,
2415 1946 2535 2001 quae
2572 1942 2625 1985 et
2654 1930 2918 1986 honorum
2952 1932 3201 2000 pietatem
3232 1939 3287 1984 et
3315 1931 3669 1986 constantiam
3712 1932 3817 1986 mi-

2219 2023 2365 2078 rifice
2412 2024 2682 2089 exercuit,
2734 2034 2787 2078 et
2833 2039 3019 2079 eorum
3058 2024 3147 2094 qui
3192 2024 3409 2080 nomine
3450 2026 3615 2096 magis
3656 2042 3816 2096 quam

2219 2118 2324 2172 vita
2368 2118 2643 2173 christiani
2692 2127 2878 2184 erant,
2935 2117 3199 2189 ignaviam
3250 2128 3306 2172 et
3342 2118 3624 2174 interiores
3658 2119 3821 2174 animi

2220 2208 2367 2264 labes
2395 2208 2634 2263 nudavit.
2671 2208 2782 2263 Hoc
2816 2209 2958 2264 enim
2988 2208 3171 2264 habuit
3206 2209 3476 2279 singulare
3504 2210 3620 2271 inec
3643 2225 3824 2280 ιιειέεο

2221 2299 2386 2366 cutio,
2421 2310 2478 2354 ut
2496 2315 2687 2356 omnes
2711 2301 2935 2356 omnino
2957 2300 3291 2356 Christianos
3317 2303 3821 2373 comprehenderet,

2223 2394 2413 2450 saltem
2436 2394 2785 2467 Carthagine,
2808 2412 2907 2454 nec
2926 2397 3206 2467 quisquam
3228 2411 3293 2452 cx
3316 2411 3376 2452 ea
3397 2397 3497 2453 nisi
3520 2407 3612 2452 aut
3628 2397 3826 2453 Christi

2224 2486 2503 2543 confessor
2521 2491 2789 2560 egregius,
2823 2499 2913 2545 aut
2937 2489 3348 2546 simulacrorum
3373 2488 3606 2559 perfidus
3628 2489 3821 2556 cultor,

2225 2582 2309 2637 vel
2338 2582 2656 2639 Iibellaticus
2695 2582 3012 2638 discederet.
3058 2583 3189 2636 Nam
3221 2580 3448 2652 singulis
3477 2580 3825 2651 exploranda:

2228 2676 2352 2734 fidei
2380 2678 2821 2750 prmiiniebantur
2844 2678 2980 2744 dies,
3014 2686 3073 2733 ut
3096 2677 3172 2732 ait
3190 2676 3492 2749 Cyprianus
3522 2679 3573 2731 in
3604 2676 3739 2731 libro
3758 2676 3826 2755 de

2228 2771 2436 2840 Lapsis,
2470 2770 2547 2841 (p.
2581 2769 2731 2842 18:2),
2763 2773 2946 2841 sicque
2976 2783 3081 2824 non
3101 2769 3271 2824 solum
3302 2769 3390 2840 qni
3415 2783 3535 2825 sese
3571 2768 3827 2823 audacter

2230 2866 2473 2932 sistebat,
2508 2867 2602 2923 sed
2625 2868 2783 2924 etiam
2803 2867 2894 2938 qui
2919 2882 2937 2918 ‹
2961 2866 3384 2938 professusintra
3413 2867 3554 2923 diem
3587 2884 3691 2923 non
3720 2880 3824 2936 est,

2231 2970 2284 3018 et
2316 2961 2636 3032 patrimonio
2666 2961 2925 3019 derelicto
2953 2962 3196 3030 secessit,
3236 2960 3587 3018 christianum
3619 2977 3678 3019 se
3705 2978 3827 3021 esse

2231 3058 2511 3115 confessus
2545 3071 2649 3115 est.
2680 3078 2698 3111 ι
2733 3060 2917 3131 Itaque
2957 3058 3091 3114 nihil
3122 3065 3240 3115 erat
3264 3056 3499 3114 medium
3543 3070 3558 3112 :
3600 3056 3691 3111 vel
3720 3056 3828 3111 vita

2232 3165 2329 3220 pro
2374 3150 2586 3207 Christo
2636 3150 3001 3223 profundenda
3043 3159 3160 3206 erat.
3200 3158 3293 3205 aut
3335 3149 3525 3205 saltem
3574 3149 3830 3219 patrimo-

2232 3247 2378 3301 nium
2418 3246 2832 3319 projiciendum,
2872 3246 2955 3302 vel
2988 3254 3273 3316 utrumque
3313 3260 3435 3300 cum
3466 3242 3669 3299 scelere
3699 3242 3826 3297 reti-

2234 3340 2491 3396 nendum.
2535 3340 2682 3396 [dem
2726 3342 2972 3397 evenisse
3019 3338 3356 3396 Alexandriae
3396 3337 3714 3411 perspicitur
3760 3352 3827 3392 ex

2237 3431 2489 3506 Dionysio
2503 3434 2884 3503 Alexandrino,
2903 3433 3040 3505 apud
3058 3432 3252 3488 Euseb.
3270 3430 3406 3487 Hist.
3428 3431 3488 3502 (l.
3512 3432 3564 3497 6,
3580 3446 3696 3499 cap.
3711 3431 3824 3500 41).

2237 3528 2525 3599 Deplorant
2555 3529 2781 3584 [loniani
2810 3529 3148 3585 confessores
3184 3547 3202 3579 ι
3227 3527 3514 3584 multorum
3541 3542 3637 3598 per
3659 3536 3826 3581 totnnt

2234 3637 2371 3691 pene
2414 3622 2599 3678 orbem
2640 3624 2845 3690 ruinas,
2892 3631 2945 3678 et
2987 3622 3189 3692 grande
3229 3621 3481 3677 delictum
3523 3636 3617 3691 per
3660 3628 3827 3675 totum

2235 3731 2370 3785 pene
2408 3715 2593 3770 orbem
2636 3715 2931 3771 incredibili
2959 3716 3251 3770 vastatione
3298 3722 3595 3785 grassatum
3645 3732 3663 3765 ι
3702 3712 3824 3783 (Ep.

2233 3806 2415 3880 xxvi).
2448 3827 2465 3860 ί
2502 3808 2696 3877 Aspice
2750 3814 2918 3862 totum
2955 3806 3139 3862 orbem
3180 3822 3317 3877 pene
3342 3800 3637 3872 vaSIalum,’
3658 3805 3829 3875 inquit

2231 3900 2421 3956 Clerus
2446 3900 2721 3956 Romanus
2749 3900 2873 3972 (Ep.
2906 3899 3075 3972 xxxr),
3105 3910 3160 3956 et
3191 3900 3387 3971 ubiqtte
3426 3898 3602 3969 iacere
3638 3896 3821 3968 dejec-

2234 4003 2406 4048 torum
2438 3993 2691 4064 reliquias
2715 4002 2769 4049 et
2785 3992 2992 4069 ruinas.
3019 3991 3191 4048 Deﬂet
3210 3992 3372 4048 etiam
3397 3989 3821 4069 Cyprianuslip.

2231 4100 2303 4149 vr,
2356 4102 2375 4136 ‹
2410 4083 2657 4140 infestam
2706 4065 3114 4156 tempestatem,
3155 4101 3174 4135 ι
3216 4098 3335 4154 quae
3384 4082 3549 4153 ipsius
3590 4065 3822 4152 plebem,

2231 4178 2469 4233 maxima
2508 4194 2571 4233 ex
2594 4186 2761 4248 parte,
2801 4195 2820 4230 ς
2857 4184 3329 4247 prostraveral,ac
3353 4174 3512 4229 etiam
3544 4173 3673 4229 cleri
3700 4188 3825 4242 por-

2232 4272 2431 4327 tionem
2471 4270 2875 4342 perstrinxerat,
2896 4269 3142 4341 quamvis
3197 4268 3369 4325 serius
3398 4266 3578 4323 clerici
3610 4263 3826 4321 cecide-

2228 4364 2357 4420 rint.
2390 4364 2506 4421 Non
2544 4366 2662 4421 sine
2687 4363 3003 4436 gravissimo
3039 4361 3226 4417 dolore
3257 4360 3503 4416 meminit
3530 4360 3582 4414 in
3605 4358 3743 4414 libro
3765 4358 3827 4413 de

2230 4456 2414 4529 Lapsis
2442 4458 2519 4533 (p.
2559 4458 2709 4530 183),
2730 4478 2748 4511 ι
2780 4457 2847 4513 ad
2863 4457 3031 4528 prima
3052 4456 3231 4512 statim
3248 4454 3410 4511 verba
3444 4454 3696 4510 minantis
3726 4453 3825 4508 ini—

2229 4550 2375 4617 mici,
2406 4550 2700 4607 maximum
2732 4550 2951 4605 fratrum
2994 4563 3274 4604 numerum
3310 4546 3468 4603 fidem
3509 4561 3660 4603 suam
3702 4560 3824 4618 pro-

2226 4643 2459 4711 didisse,
2500 4658 2602 4700 nec
2641 4651 2961 4714 prostratum
2999 4658 3117 4699 esse
3157 4642 3543 4713 persecutionis
3582 4641 3821 4712 impetu,

2226 4737 2320 4794 sed
2351 4738 2651 4793 voluntario
2692 4736 2843 4809 lapsu
2881 4737 3115 4807 seipsunt
3153 4735 3524 4806 prostravisse.
3568 4733 3686 4789 Non
3723 4749 3821 4789 ex-

2228 4840 2594 4902 pectaverunt,
2644 4832 2837 4902 inquit,
2872 4829 3062 4884 saltem
3097 4838 3155 4883 ut
3190 4829 3499 4900 interrogati
3542 4835 3819 4899 negarent.

2227 4935 2284 4980 ut
2325 4927 2677 4981 ascenderent
2712 4922 3070 4996 apprehensi;
3113 4929 3241 4978 ante
3273 4922 3442 4977 aciem
3481 4920 3631 4975 multi
3671 4920 3817 4989 victi,

2225 5018 2342 5075 sine
2367 5018 2749 5091 congressione
2777 5016 3051 5089 prostrati,
3080 5029 3180 5071 nec
3211 5014 3313 5070 hoc
3333 5015 3433 5071 sibi
3465 5014 3816 5084 reliquerunt,

2224 5094 2602 5166 utsacriﬁcare
2633 5108 2789 5166 idolis
2810 5108 3119 5165 viderentur
3157 5107 3342 5173 inviti;
3376 5106 3516 5161 ultro
3550 5104 3617 5160 ad
3648 5104 3819 5160 forum

2223 5219 2462 5270 currere,
2506 5205 2572 5260 ad
2606 5214 2835 5261 mortem
2883 5213 3075 5273 Sponte
3120 5216 3526 5273 properare.....
3566 5199 3703 5270 Quid
3744 5200 3819 5254 illi

2222 5296 2363 5368 quia
2386 5297 2800 5368 magistratibus,
2819 5309 3045 5366 vespera
3068 5303 3313 5365 urgente,
3339 5291 3486 5346 dilati
3507 5300 3649 5358 sunt,
3676 5291 3818 5363 quod

2225 5404 2290 5442 ne
2333 5403 2517 5443 eorum
2560 5386 3133 5445 differreturinteritus
3173 5386 3332 5441 etiam
3377 5384 3812 5456 rogaverunt?...

2221 5477 2300 5530 Ac
2323 5475 2504 5530 multis
2533 5477 2779 5547 proprius
2810 5475 3054 5531 interitus
3077 5475 3207 5529 satis
3222 5488 3328 5529 non
3350 5472 3475 5528 fuit:
3510 5473 3818 5527 hortamen-

2222 5568 2289 5622 tis
2325 5569 2521 5621 mutuis
2567 5568 2622 5622 in
2658 5569 2878 5624 exitium
2922 5583 3078 5623 suum
3121 5567 3346 5639 populus
3387 5565 3649 5638 impulsus
3690 5574 3813 5628 est.

2219 5676 2364 5717 mors
2406 5661 2631 5716 invicem
2684 5660 2865 5716 lethali
2915 5661 3107 5733 poculo
3152 5661 3428 5731 propinata
3476 5669 3579 5714 est.
3619 5676 3638 5711 ι
3697 5657 3814 5713 Νοιι

2216 5758 2456 5815 omnium
2506 5756 2681 5812 tamen
2730 5756 3002 5828 lapsorum
3055 5756 3161 5811 vita
3210 5765 3336 5810 ante
3381 5742 3816 5826 persecutionem

2216 5852 2462 5910 illaudata
2508 5851 2631 5919 fuit,
2690 5857 2916 5907 testatur
2964 5851 3105 5906 enim
3158 5849 3457 5920 Cyprianus
3508 5848 3606 5920 Ep.
3642 5864 3812 5917 xxv",
