4200 6262
242 307 325 363 89
1450 290 1612 349 VITA
1647 284 1892 348 SANCTI
1928 283 2271 343 CYPRIANI.
3479 276 3555 341 90'

239 422 539 483 nonnullos
567 418 813 477 extitisse
848 435 867 468 ‹
904 414 971 471 de
998 413 1178 484 lapsis,
1213 409 1461 474 lmmiles,
1494 420 1547 464 et
1578 407 1754 474 miles,
1796 414 1852 461 et

1924 456 1939 480 ,
1966 400 2216 472 frequenti
2244 397 2625 456 Communione.
2654 396 2815 454 Multi
2850 396 2938 453 alii
2968 396 3310 455 Libellaticos
3333 413 3396 455 ex
3423 398 3564 467 datis,

244 526 548 574 trementes
588 521 642 569 et
680 518 986 566 metuentes
1029 506 1227 568 Deum,
1276 512 1331 558 et
1372 502 1460 573 qui
1506 502 1558 556 in
1590 498 1847 575 ’Ecclesia
1898 504 1919 588 ί
1965 492 2156 588 li_bellis
2204 490 2376 588 dictos
2421 492 2747 588 exist—iniam,
2780 490 2928 588 velut
2970 489 3266 588 Bitsquctus
3316 492 3556 588 >(lib.-tll

245 626 468 681 semper
513 606 746 681 gloriose
789 613 845 660 et
887 600 1164 672 granditer
1192 599 1397 669 operati
1428 607 1574 663 sunt,
1614 604 1669 651 et
1716 609 1850 665 opus

246 720 412 760 suum
434 701 661 759 Domino
685 699 1109 770 imputaverunt.
1146 712 1166 746 ι
1192 691 1438 765 Magnum
1465 709 1597 751 sane
1621 692 1855 753 dedecus

250 798 450 856 inussit
476 796 681 851 nomini
707 794 1001 851 christiano
1026 806 1101 853 tot
1121 794 1400 853 hominum
1419 792 1665 854 aChristi
1688 799 1855 856 sacris

248 892 323 947 ad
354 893 659 947 daemonum
704 904 825 946 aras
852 892 1182 947 currentium
1214 892 1457 964 ignavia;
1504 893 1601 948 sed
1644 893 1747 950 alia
1788 910 1855 951 ex

252 994 431 1055 parte,
461 982 751 1053 plurimum
781 983 1082 1054 splendoris
1109 986 1340 1041 accessit
1385 1002 1488 1042 non
1535 1001 1720 1044 eorum
1762 1004 1854 1045 so-

253 1079 368 1133 lum
396 1076 701 1132 fortitudine
725 1087 781 1133 et.
816 1078 1114 1135 constantia
1143 1080 1232 1151 qui
1260 1080 1560 1137 horrendos
1584 1083 1855 1141 cruciatus

250 1182 308 1226 et
356 1168 591 1225 inaudita
633 1170 891 1242 supplicia
942 1186 1038 1243 pro
1079 1172 1297 1230 Christo
1343 1185 1698 1245 superarunt,
1747 1179 1843 1234 sed

250 1266 494 1320 aliorum
545 1266 699 1321 etiam
746 1266 1214 1323 innumerabilium
1266 1269 1512 1339 prudenti
1562 1270 1682 1342 luga
1725 1273 1836 1342 qui,

251 1373 386 1414 cum
410 1371 542 1429 opes
568 1372 690 1413 suas
714 1358 977 1428 projicere
1004 1359 1289 1415 maluerint
1310 1376 1467 1432 quam
1491 1361 1663 1434 impiis
1679 1364 1845 1435 jussis

254 1465 474 1523 parere,
508 1451 645 1507 inter
669 1451 1030 1515 confessores,
1052 1451 1535 1523 Cyprianojudice,
1564 1470 1853 1511 numeran-

258 1556 365 1599 tur.
391 1544 589 1612 Quare,
622 1543 667 1597 si
696 1558 982 1614 numquam
1003 1543 1134 1598 alias
1165 1552 1311 1599 tanta
1340 1545 1608 1616 lapsorum
1636 1548 1747 1603 visa
1769 1558 1851 1605 est

257 1635 563 1705 multitudo,
591 1651 882 1709 numquam
908 1636 1067 1693 etiam
1085 1648 1258 1694 tantus
1283 1639 1650 1698 confessorum
1676 1645 1848 1702 extitit

204 1742 205 1747 ‘
261 1748 546 1788 numerus:
580 1731 775 1797 deinde
801 1748 949 1800 vero,
965 1734 1063 1789 etsi
1081 1735 1384 1805 persecutio
1402 1718 1850 1808 ubiquegrassata

259 1838 365 1893 est,
401 1841 502 1881 non
541 1835 719 1883 tamen
750 1827 947 1897 ubique
986 1826 1218 1882 daemoni
1247 1843 1356 1883 sua:
1393 1839 1539 1885 artes
1575 1845 1854 1888 successe-

260 1929 405 1976 runt.
435 1919 631 1976 Scribit
646 1920 790 1975 enim
817 1917 1009 1976 Clerus
1022 1919 1294 1977 Romanus
1319 1919 1420 1992 Ep.
1447 1937 1529 1990 tu,
1556 1922 1623 1977 ad
1648 1924 1851 1981 clerum

260 2010 756 2085 Carthaginiensem,
776 2012 1070 2068 Romanam
1086 2012 1375 2069 EccleSiam
1407 2022 1549 2071 stare
1575 2014 1764 2074 fortem
1789 2019 1843 2074 in

264 2107 386 2175 ﬁde,
426 2116 482 2163 et
526 2106 783 2177 quosdam
829 2117 1033 2163 tantum
1074 2118 1281 2165 terrore
1321 2111 1626 2180 compulsos
1654 2110 1844 2169 ruisse.

265 2200 395 2255 illud
436 2201 598 2256 etiam
640 2200 709 2255 ad
754 2201 1028 2272 religionis
1077 2201 1285 2258 laudem
1331 2202 1727 2260 observandum
1752 2215 1855 2273 est,

266 2297 614 2366 paucissimos
658 2296 922 2352 cecidisse
970 2297 1282 2368 episcopos,
1332 2312 1396 2353 ac
1444 2299 1858 2357 innumerabiles

266 2390 397 2443 alios
425 2388 682 2446 Ecclesim
712 2404 905 2445 navem
933 2389 1071 2445 inter
1101 2389 1385 2446 horribiles
1413 2391 1679 2461 procellas
1726 2407 1861 2449 con-

266 2493 469 2538 stanter
488 2484 837 2555 gubernasse,
854 2494 928 2552 et,
945 2499 1075 2553 pace
1100 2482 1334 2560 reddita,
1353 2484 1430 2539 sic
1451 2483 1721 2555 lapsorum
1746 2486 1861 2541 vul-

269 2594 393 2633 nera
424 2595 661 2646 curasse,
686 2592 745 2635 ut
770 2579 860 2651 qui
889 2581 1241 2652 persecutioni
1268 2580 1413 2637 Decii
1443 2582 1858 2648 succubuerant,

269 2671 627 2742 redintegrato
644 2673 933 2727 certamine
961 2672 1061 2727 sub
1088 2670 1242 2728 Gallo
1271 2680 1326 2728 et
1339 2671 1650 2740 Volusiano,
1675 2677 1860 2730 vince-

268 2775 419 2828 rent,
432 2774 492 2818 ut
508 2774 727 2820 testatur
744 2772 926 2819 auctor
948 2763 1064 2820 libri
1082 2764 1151 2818 ad
1172 2762 1520 2820 Novatiautun
1545 2764 1859 2823 Irwreticunt.

274 2903 447 2961 γι-
471 2918 525 2960 ut
548 2915 648 2968 oro
668 2920 879 2964 rosmm
907 2917 1087 2963 eorum
1116 2923 1382 2965 DELlC‘l‘UM
1408 2921 1497 2971 om
1526 2918 1857 2963 uesuancr

811 3017 1098 3058 APPELLATI
1135 3017 1289 3058 SUNT.

344 3117 609 3174 Sreviente
642 3118 780 3173 Decii
814 3118 1210 3189 persecutione,
1252 3117 1425 3172 visum
1466 3127 1548 3174 est
1589 3116 1640 3170 in
1683 3114 1860 3171 Africa

271 3227 465 3266 novum
507 3211 775 3283 quoddam
806 3211 1075 3282 lapsorum
1096 3225 1285 3287 genus
1324 3211 1411 3283 qui
1442 3209 1737 3266 Libellatici
1764 3225 1857 3281 ap-

273 3305 449 3375 pellati
478 3315 622 3372 sunt,
663 3313 716 3360 et
744 3306 1021 3359 materiam
1053 3303 1382 3361 eruditorum
1421 3304 1696 3360 hominum
1728 3320 1863 3360 con-

268 3400 485 3470 j:‘t‘.ltlt‘lS
510 3399 796 3456 dederunt.
827 3398 1038 3471 Opinati
1071 3407 1193 3454 sunt
1224 3398 1483 3471 Rigaltius
1518 3398 1592 3473 (in
1625 3400 1766 3454 notis
1795 3399 1861 3454 ad

275 3494 403 3564 l-Ipp.
428 3511 534 3559 xlv,
577 3511 705 3549 xxxr
728 3492 913 3566 Cypr.)
946 3504 998 3550 et
1028 3493 1227 3549 Natalis
1254 3492 1574 3560 Alexander,
1607 3492 1759 3563 (tom.
1801 3508 1860 3561 ll,

272 3602 323 3657 p.
380 3586 505 3657 6'55)
551 3586 889 3641 Libellaticos
934 3584 1038 3641 dici
1083 3599 1176 3641 eos
1215 3585 1325 3655 qui,
1378 3594 1654 3640 numerata
1697 3583 1862 3657 iudici

273 3682 513 3750 peemna,
547 3681 782 3736 libellum
814 3679 1118 3736 securitatis
1151 3678 1504 3750 accipiebant,
1535 3678 1717 3749 sicque
1746 3692 1774 3730 a
1804 3690 1863 3732 se

271 3784 321 3829 et
351 3775 651 3844 impositam
681 3773 1017 3829 sacriﬁcandi
1046 3774 1215 3845 legem
1263 3782 1317 3826 et
1368 3772 1660 3829 intentatas
1688 3768 1866 3827 reluc-

271 3867 503 3924 tantibus
551 3883 741 3939 pinnas
779 3867 1127 3923 redimebant.
1173 3865 1277 3923 Sed
1318 3864 1435 3920 hmc
1478 3864 1737 3920 sententia
1786 3863 1863 3919 sic

268 3976 361 4014 sua
387 3970 582 4031 sponte
624 3960 875 4015 omnibus
909 3958 1234 4030 argumentis
1275 3956 1415 4011 nuda
1459 3963 1514 4011 et
1552 3955 1860 4012 incomitata

265 4061 368 4118 est,
412 4052 491 4108 sic
517 4052 586 4107 ab
615 4051 839 4108 eruditis
866 4050 995 4105 viris
1031 4050 1194 4105 l‘racta
1228 4057 1281 4104 et
1308 4047 1547 4119 explosa,
1581 4056 1640 4103 ut
1668 4061 1862 4102 novam

265 4145 549 4200 refellendi
577 4160 796 4215 operam
826 4159 929 4198 non
962 4143 1246 4200 desideret.
1281 4141 1413 4211 Quis
1441 4141 1583 4195 enim
1611 4140 1711 4195 sibi
1742 4155 1867 4210 per-

261 4237 497 4294 suadeat
522 4237 720 4307 grande
758 4247 1032 4308 peccatum
1056 4251 1177 4293 esse
1215 4246 1263 4291 et
1298 4233 1606 4301 paenitentia
1637 4233 1861 4301 expian-

260 4332 422 4397 dum,
456 4330 595 4399 quod
621 4331 908 4402 Scriptura:
947 4330 1210 4402 exemplis
1256 4338 1310 4384 et
1337 4329 1479 4385 Petri
1517 4327 1865 4385 Alexandrini

258 4439 482 4480 canone
510 4422 578 4478 42
603 4425 1002 4495 comprobatum
1041 4433 1143 4490 est,
1172 4415 1270 4479 ne'c
1292 4438 1541 4493 umquam
1582 4423 1863 4478 inconces-

260 4538 384 4578 sum
420 4519 518 4575 fuit
564 4519 664 4574 nisi
710 4519 847 4588 apud
891 4518 1257 4585 Montanistas,
1297 4517 1385 4589 qui
1430 4518 1863 4589 persecutionem

259 4617 453 4686 lugere
504 4614 673 4667 instar
720 4613 939 4668 sceleris
989 4612 1362 4667 damnabant?
1410 4613 1588 4669 Multas
1632 4615 1749 4669 alia:
1797 4616 1867 4672 de

262 4706 595 4762 Libellatieis
622 4707 943 4760 exstiterunt
977 4704 1318 4773 conjectum,
1351 4704 1418 4761 de
1438 4706 1630 4777 quibus
1659 4721 1763 4762 non
1795 4707 1866 4763 ita

260 4801 421 4856 facile
447 4803 520 4854 sit
550 4798 866 4870 dijudicare.
896 4797 1179 4854 Existimat
1225 4808 1410 4854 auctor
1438 4799 1714 4855 Annalium
1771 4799 1868 4875 Cy-

258 4896 617 4967 prianicorum
661 4892 736 4962 (p.
757 4891 844 4962 l7)
890 4890 1230 4946 Libellaticos
1250 4908 1269 4941 ι
1291 4891 1423 4946 actis
1443 4890 1653 4961 publice
1667 4892 1864 4950 habitis

257 5004 445 5044 coram
475 4984 875 5056 magistratibus
912 4982 1183 5039 Christum
1236 4998 1480 5054 negasse.
1520 5004 1538 5037 ι
1569 4982 1627 5040 S.
1657 4986 1867 5058 Augus-

259 5085 403 5138 tinus
451 5078 801 5136 Libellaticos
856 5077 1241 5147 interpretatur
1292 5091 1386 5133 eos
1419 5095 1438 5127 ς
1475 5077 1561 5146 qui
1621 5085 1863 5146 tempore

259 5173 663 5246 persrcutionis
714 5186 810 5241 per
861 5169 1071 5227 libellos
1099 5167 1580 5227 sethuriﬁcaturns
1629 5168 1859 5239 professi

256 5278 416 5325 erant
450 5286 471 5319 υ
519 5264 640 5333 (lib.
670 5280 743 5329 tv,
769 5264 831 5318 de
859 5262 1038 5334 Bapt.,
1071 5280 1124 5318 η.
1157 5263 1231 5335 6).
1275 5262 1445 5334 Negat
1492 5263 1751 5318 Baronius
1780 5264 1868 5335 (ad

252 5377 343 5415 an.
374 5357 541 5429 9.53),
571 5355 912 5412 Libellaticos
942 5356 1065 5411 inde
1084 5356 1255 5412 dictos
1281 5354 1423 5427 quod
1453 5355 1660 5411 libellos
1686 5355 1866 5410 dedis-

251 5463 401 5516 sent,
454 5449 553 5505 sed
581 5452 723 5520 quod
754 5449 1119 5516 accepissent;
1150 5457 1202 5501 at
1242 5447 1513 5503 Christum
1537 5448 1605 5500 ab
1633 5447 1743 5501 illis
1771 5462 1862 5502 ne-

250 5559 444 5620 gatum
478 5544 645 5600 fuisse
675 5543 968 5607 contendit.
1001 5540 1608 5596 Dubitat'l‘illemontius
1638 5538 1791 5612 (tom.
1825 5539 1865 5608 l,

249 5653 373 5699 unt.
410 5643 449 5697 5
491 5641 545 5693 in
573 5638 997 5709 persecutionem
1033 5636 1175 5691 Decii
1208 5635 1226 5706 )
1259 5643 1435 5689 utrum
1471 5634 1676 5689 libellos
1696 5632 1864 5689 dede-

248 5736 363 5791 rint
411 5748 485 5786 an
529 5730 877 5800 acceperint:
905 5719 1118 5783 dedisse
1144 5737 1197 5781 ct
1239 5724 1513 5798 accepisse
1543 5725 1861 5796 suspicatur,

247 5831 518 5899 idemque
550 5825 785 5882 sensisse
812 5822 999 5895 probat
1025 5821 1291 5879 eruditum
1340 5831 1610 5877 auctorem
1658 5819 1774 5875 libri
1804 5819 1867 5875 de

1972 582 2171 639 Eccles.
2203 582 2389 638 Gallic.
2426 599 2481 656 p.
2508 581 2658 656 132);
2691 583 2931 638 nonnulli
2960 585 3118 639 etiam
3148 584 3199 638 in
3226 586 3357 641 actis
3388 585 3561 657 publi-

1977 678 2056 732 cis
2080 675 2458 746 subscripsisse
2488 676 2688 730 volunt.
2740 675 2883 732 Cum
2919 674 3036 732 hare
3058 678 3441 734 sententiarmn
3469 693 3562 734 va-

1983 769 2141 824 rietas
2167 768 2483 840 conjiciendi
2502 778 2557 823 et
2585 768 2932 839 investigandi
2955 768 3254 825 libertatem
3273 770 3558 842 relinquat,

1969 861 2092 933 quid
2121 862 2250 917 mihi
2277 862 2519 919 videatur
2568 877 2838 936 exponere
2861 877 2966 918 non
3024 862 3267 919 verebor.
3303 863 3562 920 Existimo

1967 958 2145 1027 itaque
2166 955 2505 1014 Libellaticos
2533 973 2632 1014 nec
2659 973 2793 1015 voce
2823 974 2922 1015 nec
2967 959 3168 1028 scripto
3219 957 3381 1028 impie
3406 959 3562 1030 quid-

1963 1063 2123 1120 quam
2153 1058 2243 1103 aut
2263 1046 2497 1104 facturos
2525 1050 2863 1121 promisisse,
2908 1063 3001 1108 aut
3020 1068 3050 1108 a
3081 1069 3140 1110 se
3166 1053 3363 1111 factum
3385 1051 3565 1107 decla-

1979 1158 2166 1210 rasse,
2194 1144 2287 1200 sed
2338 1143 2533 1200 idcirco
2578 1145 2906 1217 vituperatos
2936 1158 2990 1204 et
3035 1150 3194 1218 justce
3237 1147 3563 1222 ptenitentiu:

1982 1237 2223 1292 addictos
2258 1235 2442 1303 fuisse,
2465 1238 2605 1308 quod
2633 1238 2935 1295 securitatis
2968 1241 3180 1297 libellos
3222 1258 3252 1298 a
3277 1241 3561 1313 magiStra-

1967 1330 2107 1384 tibus
2139 1330 2513 1400 impetrassent
2549 1346 2611 1387 ea
2645 1331 2760 1403 lege
2801 1341 2853 1386 et
2877 1333 3207 1402 conditione,
3238 1342 3297 1389 ut
3342 1335 3395 1389 in
3426 1334 3562 1390 actis

1969 1423 2192 1494 publicis
2219 1423 2544 1480 scriberetur
2567 1439 2660 1480 eos
2710 1426 3046 1483 sacriﬁcasse
3083 1437 3139 1484 et
3165 1428 3438 1484 Christum
3464 1443 3559 1484 ne-

1963 1532 2138 1591 gasse,
2158 1518 2399 1588 quamvis
2428 1528 2676 1575 neutrum
2705 1521 3127 1577 commisissent.

2036 1612 2091 1667 In
2148 1610 2251 1666 hoc
2297 1611 2525 1682 positum
2565 1627 2687 1669 esse
2715 1613 3145 1670 Libellaticorum
3192 1614 3397 1672 crimen
3441 1615 3566 1672 inde

1968 1704 2287 1776 perSpieitur
2342 1704 2482 1776 quod
2532 1720 2717 1761 eorum
2773 1705 2919 1762 fraus
2961 1721 3081 1763 cum
3112 1722 3175 1763 ea
3226 1719 3569 1780 comparetur
3640 1723 3653 1735 '

1967 1812 2125 1868 quam
2154 1796 2413 1852 Eleazaro
2440 1797 2670 1853 ministri
2715 1799 2854 1871 regis
2882 1810 3307 1871 proposuerant:
3343 1818 3362 1853 ι
3396 1802 3473 1855 Ae
3501 1816 3568 1856 ne

1963 1889 2084 1960 quis
2114 1889 2193 1945 vel
2223 1888 2405 1958 libelli,
2447 1909 2465 1943 ι
2498 1890 2667 1962 inquit
2695 1889 2990 1963 Cyprianus
3017 1892 3067 1948 in
3096 1892 3233 1949 libro
3264 1892 3327 1948 de
3342 1891 3562 1951 Eat/tori.

1965 1993 2115 2037 marl.
2153 1982 2229 2055 (p.
2259 1981 2412 2056 271),
2443 2001 2462 2035 ι
2498 1984 2583 2039 vel
2606 1984 2828 2056 alicujus
2857 1986 2936 2042 rei
2952 1985 3130 2042 oblata
3159 1987 3258 2042 sibi
3284 1989 3568 2045 occasione

1969 2090 2071 2145 qua
2101 2072 2271 2142 fallat,
2300 2075 2652 2153 amplectatur
2688 2077 3067 2148 decipientium
3114 2079 3313 2134 malum
3339 2096 3566 2138 munus:

1980 2182 2079 2223 nec
2116 2167 2398 2224 Eleazarus
2428 2169 2681 2225 tacendus
2727 2179 2830 2237 est,
2859 2180 2967 2226 etc.
3006 2190 3027 2224 ι
3061 2170 3195 2225 Illud
3236 2186 3363 2244 ergo
3390 2172 3563 2229 admi-

1975 2270 2159 2317 serunt
2206 2260 2500 2317 Libellatici
2553 2261 2693 2333 quod
2745 2262 3031 2319 Eleazarus
3053 2262 3336 2320 admittere
3362 2264 3568 2334 noluit,

1966 2348 2359 2410 consenserunt
2401 2362 2459 2409 ut
2487 2354 2817 2410 saerilieasse
2846 2354 3170 2425 dicerentur,
3216 2357 3430 2429 egregio
3456 2359 3569 2414 seni

1966 2446 2121 2517 longe
2138 2445 2443 2501 dissimiles.
2471 2446 2561 2513 At,
2583 2447 2624 2500 si
2643 2461 2772 2502 voce
2785 2449 3239 2518 pronuntiassent,
3267 2450 3346 2505 vel
3371 2450 3571 2520 scripto

1968 2538 2330 2594 declarassent
2373 2554 2432 2595 se
2481 2539 2812 2596 sacrificasse
2852 2550 2907 2596 et
2958 2541 3226 2597 Chrisunn
3294 2557 3519 2614 negasse
3550 2583 3565 2608 ,

1967 2630 2035 2686 ab
2062 2631 2326 2702 ejusmodi
2372 2631 2512 2688 {aeto
2536 2632 2859 2688 dehortatus.
2880 2643 3024 2689 esset
3049 2634 3377 2707 Cyprianus,
3407 2643 3464 2690 ut
3494 2634 3561 2690 ab

1967 2722 2157 2797 aperta”
2179 2725 2472 2797 impietate,
2504 2741 2610 2782 non
2642 2736 2699 2781 ut
2723 2743 2751 2780 a
2778 2726 2971 2784 callida
2997 2728 3360 2785 simulatione.

2041 2819 2185 2875 Idem
2213 2821 2532 2891 perspicitur
2562 2831 2672 2877 tum
2700 2838 2764 2878 ex
2790 2823 2854 2878 iis
2882 2822 3014 2878 locis
3045 2823 3095 2878 in
3119 2824 3311 2894 quibus
3332 2822 3566 2878 Libella-

1969 2914 2195 2968 ticorum
2216 2913 2372 2983 culpa
2399 2914 2595 2969 lenitur
2619 2922 2676 2970 et
2694 2914 3094 2986 quodammodo
3119 2923 3424 2979 excusatur,
3448 2923 3558 2969 tum

1968 3007 2129 3061 etiam
2159 3020 2223 3060 ex
2280 3005 2384 3062 illis
2411 3007 2462 3061 in
2490 3008 2686 3077 quibus
2711 3008 2951 3063 severius
2977 3006 3287 3079 castigatur.
3318 3007 3452 3063 Cum
3484 3006 3573 3062 Li.

1970 3099 2229 3156 bellatieis
2269 3114 2525 3157 concessa
2553 3115 2656 3173 pax
2688 3101 2741 3155 in
2781 3100 2990 3173 synodo
3011 3098 3420 3173 Carthaginensi
3450 3116 3573 3157 car-

1971 3204 2191 3265 peretur
2218 3210 2246 3249 a
2274 3194 2559 3251 Novatiani
2605 3193 2987 3259 sectatoribus,
3033 3196 3110 3250 sic
3141 3195 3336 3251 factum
3382 3195 3572 3268 synodi

1970 3288 2205 3346 defendit
2228 3285 2525 3361 Cyprianus
2569 3289 2668 3357 Ep.
2720 3304 2824 3357 ιιι,
2856 3289 2924 3342 ad
2952 3288 3299 3343 Antonianum
3331 3305 3345 3342 :
3382 3308 3401 3340 ι
3439 3287 3572 3343 Cum

1971 3400 2099 3455 ergo
2127 3384 2265 3440 inter
2308 3385 2455 3454 ipsos
2478 3386 2565 3456 qui
2597 3384 3031 3440 sacrilieaverunt
3051 3426 3067 3453 ,
3104 3402 3123 3437 ι
3157 3383 3329 3455 inquit
3356 3384 3430 3457 (p.
3457 3383 3570 3457 70),

1976 3495 1996 3529 ι
2034 3478 2197 3532 multa
2246 3477 2317 3533 sit
2358 3477 2661 3545 diversitas,
2698 3492 2816 3547 quae
2856 3476 3192 3532 inelementia
3221 3486 3301 3532 est
3331 3486 3384 3531 et
3408 3491 3567 3547 quam

1970 3571 2161 3626 acerba
2221 3570 2417 3626 duritia
2475 3570 2815 3626 Libellaticos
2863 3584 2984 3624 cum
3040 3570 3105 3624 iis
3154 3570 3241 3641 qui
3298 3569 3573 3625 sacriﬁca-

1969 3661 2424 3733 veruntjungere,
2450 3660 2664 3732 quando
2711 3661 2754 3715 is
2798 3661 2881 3715 cui
2924 3660 3134 3715 libellos
3185 3667 3435 3729 acceptus
3463 3669 3568 3725 est,

1970 3754 2114 3810 dicat
2160 3774 2173 3809 :
2224 3754 2338 3826 Ego
2394 3755 2542 3825 prius
2595 3753 2828 3825 legeram
2884 3763 2940 3809 et
2995 3754 3251 3825 episeopo
3305 3762 3569 3810 tractante

1971 3862 2325 3919 cngnoveram
2357 3862 2461 3902 non
2480 3848 2887 3902 sacriﬁcandum
2907 3845 3095 3913 idolis,
3131 3861 3230 3901 nec
3280 3847 3572 3903 simulacra

1972 3956 2186 3997 servum
2232 3941 2322 3996 Dei
2349 3939 2578 3996 adorare
2602 3939 2833 4005 debere;
2857 3949 2910 3995 et
2952 3937 3171 4006 ideirco,
3203 3953 3270 3995 ne
3302 3938 3403 3996 hoc
3430 3940 3573 3996 tace-

1971 4054 2084 4095 rem
2111 4038 2254 4109 quod
2302 4053 2408 4092 non
2436 4036 2648 4103 licebat,
2681 4051 2801 4091 eum
2831 4036 3042 4093 occasio
3065 4035 3228 4091 libelli
3255 4033 3441 4091 fuisset
3476 4035 3576 4091 ob-

1973 4131 2100 4196 lata,
2129 4147 2286 4203 quem
2319 4148 2418 4190 nec
2445 4132 2617 4203 ipsum
2664 4131 2962 4202 acciperem
3008 4132 3106 4186 nisi
3136 4140 3350 4187 ostensa
3380 4130 3570 4186 fuisset

1972 4225 2204 4287 occasio,
2273 4223 2339 4279 ad
2384 4223 2752 4297 magistratum
2808 4224 2889 4279 vel
2941 4222 3081 4287 veni,
3139 4222 3220 4277 vel
3266 4221 3373 4276 alio
3410 4230 3569 4277 eunte

1972 4318 2240 4383 mandavi,
2270 4317 2617 4373 christianum
2671 4331 2755 4371 me
2785 4330 2925 4380 esse,
2956 4314 3263 4370 sacrilicare
3307 4312 3435 4367 mihi
3468 4327 3572 4366 non

1972 4412 2156 4479 licere,
2186 4411 2252 4467 ad
2274 4426 2395 4467 aras
2419 4408 2617 4467 diaboli
2650 4424 2736 4465 me
2761 4408 2943 4464 venire
2998 4423 3103 4462 non
3129 4419 3308 4475 posse,
3337 4402 3465 4457 dare
3487 4419 3573 4459 me

1973 4507 2043 4565 ob
2070 4506 2173 4563 hoc
2202 4504 2478 4577 pratmium
2507 4518 2573 4558 ne
2602 4501 2742 4573 quod
2772 4517 2881 4556 non
2909 4500 3031 4555 licet
3067 4498 3276 4553 faciant.
3313 4494 3463 4550 Nunc
3493 4502 3575 4550 ta-

1973 4617 2097 4659 men
2127 4601 2285 4657 etiam
2319 4600 2419 4655 iste
2443 4597 2531 4670 qui
2550 4595 2728 4652 libello
2752 4592 3052 4649 maculatus
3092 4598 3194 4654 est,
3221 4597 3569 4660 posteaquam

1974 4698 2129 4753 nobis
2148 4694 2561 4752 admonentibus
2576 4690 2762 4747 didicit
2787 4704 2886 4745 nec
2901 4689 3002 4744 hoc
3030 4702 3089 4743 se
3107 4686 3282 4742 facere
3298 4685 3571 4749 debuisse,

1974 4790 2073 4847 etsi
2121 4802 2310 4844 manus
2349 4801 2480 4858 pura
2522 4785 2588 4839 sit
2630 4791 2684 4839 et
2728 4795 2791 4836 os
2817 4782 2933 4851 ejus
2981 4780 3160 4836 feralis
3198 4778 3299 4835 cibi
3328 4779 3573 4848 contagia

1975 4884 2117 4941 nulla
2150 4881 2456 4954 potiuerint,
2488 4875 2870 4934 conscientiam
2904 4884 3080 4929 tamen
3108 4873 3225 4945 ejus
3250 4886 3368 4928 esse
3403 4872 3576 4941 pollu-

1977 4988 2105 5038 tam.
2130 4978 2222 5032 ﬁet
2241 4973 2435 5030 auditis
2459 4970 2613 5027 nobis
2642 4978 2695 5025 et
2715 4969 3055 5030 lamentatur.
3083 4975 3138 5022 et
3163 4968 3303 5037 quod
3332 4963 3575 5033 delique-

1977 5071 2045 5127 rit
2077 5084 2216 5124 nunc
2244 5066 2581 5131 admonetur,
2607 5070 2661 5117 et
2706 5077 2811 5117 non
2864 5069 2969 5115 tam
3021 5057 3246 5114 crimine
3303 5069 3461 5127 quam
3490 5068 3575 5108 er-

1976 5179 2099 5221 rore
2150 5163 2425 5231 deceptus,
2471 5156 2612 5230 quod
2662 5156 2773 5226 jam
2813 5155 2882 5211 de
2932 5164 3128 5210 cteteru
3176 5152 3466 5205 instructus
3521 5156 3576 5203 et

1977 5262 2194 5327 paratus
2234 5253 2299 5309 sit
2345 5258 2693 5308 contestatur.
2755 5267 2774 5300 ι
2812 5248 2886 5302 Ex
2918 5246 3002 5302 bis
3028 5244 3205 5300 verbis
3255 5241 3576 5312 perSpicitur

1978 5348 2035 5405 1ο
2061 5343 2402 5401 Libellaticos
2432 5357 2535 5397 non
2582 5355 2648 5397 ex
2688 5338 2827 5413 datis
2877 5338 2973 5394 sed
3024 5352 3092 5392 ex
3119 5334 3353 5405 acceptis
3381 5334 3573 5389 libellis

1980 5454 2171 5497 nomen
2196 5438 2454 5503 traxisse;
2477 5436 2537 5491 2°
2567 5442 2777 5490 secreto
2804 5431 3079 5487 confessos
3092 5445 3212 5486 esse
3240 5429 3575 5513 magistratui

1978 5533 2298 5592 christianos
2352 5545 2410 5585 se
2464 5544 2603 5594 esse,
2636 5536 2891 5583 aetotam
2939 5540 3054 5581 rem
3093 5526 3163 5579 ita
3217 5532 3573 5592 attemperate

1980 5634 2274 5692 tractatam,
2302 5633 2475 5679 utnec
2501 5621 2825 5677 ehristianus
2870 5618 3033 5687 impie
3081 5615 3368 5688 qnidquatn
3395 5614 3578 5669 dicere

1979 5730 2073 5777 aut.
2099 5722 2271 5776 lacere
2298 5716 2398 5773 sibi
2422 5715 2714 5781 videretur,
2746 5727 2845 5772 ne:
2879 5710 3043 5783 judex
3074 5712 3127 5766 in
3157 5708 3455 5781 periculum
3486 5722 3583 5763 ve-

1997 5816 2165 5883 niret;
2194 5812 2251 5870 5°
2282 5827 2387 5869 non
2433 5823 2649 5866 manum
2701 5805 3157 5873 Libellaticerum,
3199 5819 3316 5862 non
3345 5816 3407 5857 os
3428 5801 3594 5858 luisse
