4172 6264
640 350 703 433 9t
1812 367 1974 426 vn‘A
2012 367 2255 428 SANCTl
2296 371 2632 433 CYPRIANI.
3390 362 3396 366 ’
3880 381 3951 439 ea

641 479 926 552 pollutum,
960 479 1053 538 sed
1079 480 1246 542 solam
1275 481 1677 550 conscientiam,
1707 485 1829 556 quia
1854 486 2103 543 videlicet
2131 488 2235 544 illis

642 578 871 631 consciis
923 576 1100 633 ﬁctum
1128 577 1302 633 scelus
1330 578 1379 632 in
1403 588 1516 632 acta
1545 580 1748 649 publica
1778 582 2007 638 relatum
2034 582 2225 639 fuerat.

642 668 711 722 At
740 668 783 723 si
831 682 959 722 voce
985 669 1068 723 vel
1094 670 1294 739 scripto
1318 672 1490 726 testati
1521 683 1693 739 essent
1728 688 1786 728 se
1816 675 2140 729 sacriﬁcasse
2170 684 2224 731 et

643 759 908 815 Christum
938 775 1183 832 negasse,
1214 778 1280 818 an
1304 778 1490 819 eorum
1522 765 1726 835 lingth
1755 775 1806 820 et
1832 782 2018 821 manus
2040 782 2069 821 a
2118 782 2235 823 see-

642 851 755 908 lcre
774 852 1039 909 immunes
1069 863 1122 911 et
1145 870 1304 926 puras
1321 858 1679 914 existimassct
1707 856 2003 932 Cyprianus
2024 860 2047 914 ?
2067 862 2125 916 4⁸
2152 862 2245 916 De-

642 947 841 1018 nique,
889 947 979 1019 qui
1028 964 1092 1005 ex
1151 950 1249 1006 hac
1290 952 1513 1022 epistola
1562 954 1891 1013 cencludunt
1932 954 2037 1009 duo
2063 956 2221 1011 fuisse

644 1037 1082 1097 Libellaticorum
1128 1058 1322 1114 genera
1344 1086 1359 1112 ,
1402 1061 1627 1115 quorum
1648 1048 1734 1102 alii
1758 1049 1874 1102 aliis
1908 1050 2072 1103 multo
2101 1066 2223 1120 gra-

642 1132 761 1188 vius
787 1147 1124 1205 peccassent,
1156 1153 1224 1192 ex
1254 1153 1319 1192 eo
1349 1138 1665 1194 refelluntur
1715 1140 1856 1211 quod
1887 1141 1985 1195 sibi
2013 1143 2245 1199 maxime

643 1224 824 1280 favere
854 1226 1180 1291 existimant.
1209 1229 1342 1285 Tum
1369 1245 1491 1286 cum
1519 1232 1660 1286 enim
1680 1231 1928 1287 observat
1949 1234 2245 1306 Cyprianus

652 1337 671 1371 ι
706 1319 844 1375 inter
895 1319 1041 1389 ipsos
1087 1321 1176 1391 qui
1226 1321 1666 1378 sacriﬁcaverunt
1698 1342 1717 1376 ι
1755 1324 1977 1379 multant
2011 1317 2132 1380 esse
2161 1325 2244 1380 di-

649 1412 986 1477 versitatem,
1037 1427 1143 1467 non
1196 1413 1337 1469 aliud
1379 1413 1521 1469 inter
1564 1414 1908 1470 Libellaticos
1953 1416 2241 1471 discrimen

652 1505 803 1574 ponit
841 1505 941 1558 nisi
999 1505 1140 1575 quod
1190 1506 1281 1563 alii
1332 1506 1399 1562 ad
1428 1508 1795 1578 magistratum
1827 1510 2123 1575 venissent,
2155 1510 2242 1569 alii

647 1597 993 1661 lllz'llltllSSCllL
1022 1598 1126 1661 alio
1148 1608 1327 1653 eunte.
1365 1598 1633 1668 Utrosquc
1661 1616 1814 1672 :rqne
1857 1617 2109 1671 peccasse
2137 1618 2242 1657 non

648 1689 873 1757 dubitat.
907 1690 1041 1749 Iliue
1081 1694 1319 1763 utrisque
1345 1693 1535 1755 eodem
1564 1703 1806 1765 tempore
1832 1709 2089 1759 concessa
2147 1711 2249 1766 pax

649 1784 703 1838 in
726 1784 953 1845 concilio
980 1784 1417 1856 Carthaginensi,’
1438 1786 1579 1856 quod
1598 1802 1737 1843 anno
1760 1787 1863 1855 251
1898 1798 2019 1858 post
2048 1788 2249 1853 Pascha

649 1877 887 1939 habiturn
907 1888 1006 1931 est.
1040 1878 1156 1946 Quo
1180 1878 1393 1948 quidem
1425 1879 1478 1939 in
1506 1880 1734 1934 concilio
1757 1895 1877 1935 cum
1901 1880 2138 1952 episcopi
2166 1896 2249 1935 ra-

651 1971 822 2025 tio.ies
870 1985 1056 2035 omnes
1110 1972 1510 2028 accuratissime
1552 1972 1922 2039 subduxerint,
1978 1980 2108 2032 utin
2147 1975 2246 2030 hac

649 2064 886 2134 Epistula
939 2080 1008 2121 ιιι
1058 2074 1279 2120 testatur
1334 2066 1651 2138 Cyprianus,
1701 2082 1804 2123 non
1851 2070 2039 2127 eodem
2091 2076 2250 2131 modo

650 2171 772 2213 cum
827 2156 1075 2215 euntibus
1128 2157 1453 2215 Libellaticis
1493 2159 1729 2237 egissent
1758 2162 1802 2216 si
1861 2162 2248 2234 insignisinter

651 2263 746 2305 eos
790 2250 1016 2314 varietas
1065 2248 1273 2309 fuisset.
1308 2251 1444 2319 Quid
1484 2262 1662 2308 autem
1708 2255 1921 2326 utrique
1952 2257 2250 2317 Libellatici

651 2344 1015 2415 peccaverint,
1039 2353 1092 2398 et
1119 2343 1207 2414 qui
1236 2359 1331 2414 per
1356 2359 1414 2399 se
1445 2354 1497 2400 et
1526 2346 1615 2415 qui
1639 2361 1735 2416 per
1757 2348 1897 2422 alios.
1916 2365 2040 2407 eum
2060 2354 2251 2423 magis-

653 2445 789 2496 ιιηιιιι
837 2449 1076 2508 egerant,
1120 2453 1224 2499 non
1277 2438 1536 2507 exprimit
1588 2438 1925 2511 Cyprianus;
1975 2448 2251 2501 notissima

651 2532 792 2587 enim
832 2546 920 2586 res
950 2541 1066 2586 erat
1110 2529 1417 2586 Antoniano
1448 2547 1462 2593 ;
1497 2531 1589 2586 sed
1642 2532 1767 2587 illud
1801 2535 1990 2588 saltem
2045 2553 2108 2591 ex
2135 2540 2252 2607 ejus

653 2623 833 2678 verbis
882 2631 1095 2679 constat
1145 2623 1251 2678 tale
1280 2635 1555 2692 peccatum
1604 2622 1790 2689 fuisse,
1825 2637 1881 2681 ut
1910 2642 1976 2681 ne
2001 2643 2249 2698 peccasse

652 2717 867 2787 quidem
917 2717 1016 2772 sibi
1044 2715 1373 2773 viderentur.
1416 2717 1488 2773 At
1535 2718 1845 2775 incredibile
1902 2736 2120 2790 prorsus
2166 2733 2248 2778 est

652 2808 986 2875 Christianos
1009 2809 1224 2878 optimis
1270 2824 1481 2865 morum
1520 2810 1800 2880 princeptis
1846 2812 2078 2867 imbutos
2118 2814 2254 2868 adeo

654 2900 971 2967 crcutiisse,
1005 2911 1062 2954 ut
1117 2916 1175 2957 se
1203 2900 1319 2955 sine
1367 2901 1573 2955 scelere
1604 2903 1967 2972 pronuntiare,
2001 2913 2093 2959 aut
2123 2907 2255 2960 seri-

656 2992 784 3047 bere
813 3006 969 3062 posse
996 2992 1311 3059 crederent:
1336 2993 1445 3063 Ego
1459 2992 1560 3048 diis
1588 2994 1907 3058 sacriﬁcavi,
1940 3010 2039 3063 ego
2067 2995 2253 3050 Chris-

656 3094 765 3140 tum
799 3085 1024 3155 negavi;
1078 3100 1176 3151 nec
1202 3085 1300 3148 nisi
1343 3084 1602 3140 admoniti
1625 3100 1653 3138 a
1685 3084 1950 3157 Cypriane
1981 3085 2256 3142 discerent

655 3177 830 3232 hocse
860 3176 1037 3232 facere
1062 3194 1167 3243 non
1199 3176 1467 3241 debuisse.
1499 3176 1629 3234 Tant
1672 3187 1856 3249 aperta
1883 3189 1966 3233 cst
1992 3180 2253 3249 ejusmodi

656 3270 908 3329 facinoris
936 3270 1200 3340 impietas,
1232 3280 1287 3323 ut
1317 3272 1833 3342 nentincmprorsus
1864 3271 2037 3327 latere
2066 3282 2255 3342 potue-

658 3354 747 3424 rii,
774 3361 871 3415 nisi
893 3361 980 3431 qui
1014 3375 1227 3425 omnem
1255 3360 1529 3429 religionis
1550 3376 1766 3425 sensum
1796 3368 2055 3425 exuisset.

730 3453 916 3509 Clerns
949 3454 1242 3520 Ruinanus,
1300 3452 1472 3523 Epist.
1533 3454 1671 3509 inter
1707 3455 2049 3526 Cyprianieas
2105 3472 2252 3523 xui,

660 3546 1094 3602 Libellaticorttttt
1139 3547 1351 3615 culpant
1402 3561 1507 3599 non
1554 3547 1698 3613 molli
1743 3547 1960 3609 brachio
2012 3548 2254 3623 castigat,

661 3656 759 3696 nec
792 3650 964 3696 tamen
993 3640 1136 3696 aliud
1184 3640 1469 3711 quidquam
1505 3639 1703 3704 iudicat
1728 3656 1883 3711 quam
1932 3641 2070 3710 quod
2099 3641 2259 3703 modo

659 3737 1101 3797 olnervavimns:
1138 3754 1155 3788 ι
1193 3735 1306 3791 lloc
1335 3751 1430 3791 nos
1463 3751 1566 3789 non
1597 3736 1731 3791 falso
1758 3736 1959 3803 dicere,
2002 3757 2020 3787 ι
2058 3736 2254 3806 inquit,

667 3850 685 3882 (
722 3831 1036 3901 superiores
1084 3839 1289 3889 nostrae
1341 3830 1533 3885 littera:
1566 3830 1946 3901 probaverunt;
1985 3830 2256 3901 inquibus

660 3926 812 3979 vobis
830 3924 1150 3981 sententiam
1175 3932 1412 3979 nostram
1435 3922 1663 3981 dilucida
1688 3924 2021 3993 expositione
2040 3923 2262 3993 protuli-

663 4033 801 4083 mus,
834 4028 889 4073 et
926 4017 1184 4073 adversus
1214 4032 1306 4073 eos
1335 4017 1423 4088 qui
1450 4017 1658 4087 seipsos
1685 4016 1928 4077 infideles
1951 4015 2135 4071 illicita
2166 4031 2259 4071 ne.

664 4109 927 4173 [ιιὶιιινιιιιι
954 4108 1259 4167 libellorum
1303 4107 1640 4180 professione
1686 4106 2052 4179 prodiderant,
2082 4107 2259 4177 ’φιαεί

665 4204 872 4258 ev.:suri
916 4203 1218 4257 irrctientes
1272 4202 1392 4256 illos
1442 4201 1637 4256 diaboli
1668 4202 1891 4272 laqueos
1920 4200 2257 4267 viderentur,

663 4312 767 4363 qun
798 4310 903 4351 non
936 4293 1109 4348 minus
1131 4309 1289 4364 quam
1320 4293 1365 4348 si
1394 4293 1459 4347 ad
1489 4292 1717 4349 nefarias
1742 4309 1861 4359 aras
1904 4293 2259 4357 accessissent

664 4387 766 4445 hoc
815 4387 929 4456 ipso
959 4384 1099 4455 quod
1131 4383 1302 4454 ipsum
1333 4384 1616 4440 contestati
1647 4384 1877 4451 fuerant,
1912 4393 2253 4452 tenerentur;

664 4480 756 4534 sed
791 4479 950 4533 etiam
972 4476 1230 4532 adversus
1260 4478 1378 4532 illos
1402 4481 1489 4547 qui
1522 4487 1636 4543 aeta
1669 4475 1941 4545 fecissent,
1975 4476 2097 4531 licet
2127 4493 2262 4546 pra):

664 4583 843 4628 sentes
874 4571 1337 4639 cntntierentnon
1383 4570 1695 4637 adfuissent,
1750 4586 1871 4626 eum
1925 4572 2260 4641 ltt'mSClliiam

666 4680 813 4721 suam
836 4666 1019 4735 utique
1053 4677 1106 4720 ut
1149 4667 1226 4722 sic
1249 4665 1614 4729 scriberentur
1642 4665 1941 4735 mandando
1984 4664 2259 4737 fecissent.

666 4756 782 4813 Non
814 4759 958 4813 enim
1010 4759 1260 4813 immunis
1285 4776 1310 4811 a
1330 4759 1535 4814 scelere
1581 4761 1668 4829 qui
1699 4769 1753 4814 ιιι
1781 4759 1932 4815 ﬁeret
1958 4759 2261 4831 imperavit,

667 4867 767 4907 nec
788 4860 871 4907 est
894 4851 1100 4906 alienus
1128 4870 1156 4907 a
1183 4852 1405 4909 crimine
1454 4852 1606 4923 cuius
1654 4866 1916 4908 consensu
1950 4852 2071 4908 licet
2098 4867 2202 4907 non
2232 4867 2261 4919 a

669 4957 726 4999 se
751 4942 1042 4999 admissum
1097 4948 1322 5010 crimen,
1362 4956 1538 5002 tamen
1571 4946 1780 5016 publice
1810 4946 2019 5017 legitur.
2053 4947 2119 5002 Et
2141 4962 2262 5017 cum

679 5043 847 5091 totum
892 5034 1012 5090 ﬁdei
1039 5045 1438 5093 sacramentum
1472 5038 1523 5095 in
1553 5037 1889 5097 confessione
1937 5038 2132 5095 Christi
2167 5054 2262 5095 ιιοτ

674 5129 832 5184 minis
883 5128 1206 5200 intelligatur
1256 5144 1376 5184 esse
1403 5129 1708 5200 digestum,
1745 5131 1834 5202 qui
1868 5130 2153 5187 fallacesin
2176 5147 2267 5199 ex:

671 5222 946 5276 cusatioue
994 5221 1292 5294 praestigias
1344 5224 1556 5293 qu:crit,
1616 5224 1852 5294 negavit,
1912 5234 1961 5278 et
2013 5226 2100 5294 qui
2156 5226 2269 5295 vult

669 5312 839 5368 videri
866 5314 1150 5386 propositis
1196 5313 1451 5370 adversus
1482 5314 1829 5386 Evangelium
1852 5317 1934 5373 vel
1966 5317 2154 5385 edicﬁs
2180 5319 2264 5387 vel

672 5403 877 5475 legibus
924 5406 1268 5473 Satisfecissc,
1326 5407 1691 5479 bocipsojam
1722 5411 1893 5480 paruit
1919 5411 2060 5482 quod
2098 5411 2265 5468 videri

670 5502 916 5571 paruisse
946 5516 1005 5557 se
1035 5501 1219 5556 voluit.
1258 5521 1278 5554 ι
1323 5499 1595 5558 Gemellus
1625 5518 1756 5561 sane
1798 5504 1884 5563 hic
1914 5506 2058 5561 locus
2080 5515 2161 5560 est
2186 5505 2266 5560 al-

672 5600 771 5654 teri
794 5613 860 5653 cx
891 5598 1126 5669 Epistula
1154 5598 1222 5657 ad
1250 5600 1596 5654 Antonianum
1646 5598 1987 5672 depromptu,
2020 5601 2265 5671 quamvis

673 5697 808 5752 alter
837 5695 887 5750 in
913 5708 1177 5750 summam
1209 5693 1502 5760 lenitatem,
1531 5693 1665 5750 alter
1695 5695 1744 5749 iu
1775 5711 2040 5751 summam
2067 5695 2269 5752 severi:

677 5798 838 5844 tatem
866 5788 1105 5843 inclinet.
1129 5786 1376 5842 Testatur
1403 5786 1590 5842 Cieros
1619 5787 1890 5844 Romanus
1927 5788 2269 5845 Libellaticos

674 5881 752 5934 sic
783 5879 961 5933 animo
1006 5877 1225 5933 allectos
1259 5875 1446 5946 fuisse,
1478 5888 1537 5932 ut
1582 5877 1779 5941 diaboli
1810 5880 2033 5951 laqueos
2058 5871 2267 5936 evaSuii

2351 490 2452 546 sibi
2480 492 2825 557 viderentur;
2854 491 2991 562 quod
3020 489 3257 563 profecto
3285 490 3602 550 Christianis
3629 494 3681 551 in
3713 506 3949 556 mentem

2348 599 2453 638 non
2511 585 2763 649 venisset,
2820 586 2860 639 si
2912 586 3073 655 impie
3102 586 3390 657 quidquam
3420 597 3512 640 aut
3534 602 3664 643 voce
3689 592 3950 659 prolocuti

2348 674 2596 743 fuissent,
2626 686 2718 731 aut
2746 678 2945 748 scripto
2977 679 3176 734 testati.
3208 676 3398 735 Clerus
3429 679 3701 737 Romanus
3733 683 3839 738 duo
3869 686 3953 739 tli-

2348 767 2567 837 stinguit
2596 768 3025 826 Libellaticorum
3048 786 3263 841 genere,
3298 781 3354 825 ut
3385 772 3437 825 iu
3468 771 3706 843 Epistula
3737 775 3807 828 ad
3849 777 3955 832 Au—

2356 861 2633 927 touianum,
2664 877 2847 923 eorum
2899 863 2987 932 qui
3014 863 3065 919 in
3096 863 3380 920 scribendo
3404 864 3686 921 adfuerant
3716 909 3732 933 ,
3771 878 3825 922 et
3861 885 3956 924 eo-

2360 965 2477 1017 rum
2499 953 2585 1022 qui
2614 968 2682 1017 ne
2696 952 2887 1009 adesse
2903 952 3240 1023 quidomausi
3270 955 3482 1013 fuerant
3519 967 3611 1012 aut
3646 967 3952 1028 potuerant.

2350 1040 2569 1112 Utiiquc
2602 1045 2799 1113 pariter
2828 1045 3128 1115 culpantur,
3162 1048 3285 1117 quia
3312 1050 3566 1115 postremi
3609 1051 3734 1107 licet
3770 1071 3787 1104 ι
3819 1070 3955 1124 prmo

2349 1144 2550 1199 sentes,
2584 1150 2703 1189 cum
2733 1146 2848 1197 acta
2879 1136 3087 1204 ﬁerent,
3120 1152 3225 1193 non
3257 1136 3572 1203 adfuissent,
3611 1143 3951 1210 prursentiam

2353 1241 2501 1281 suam
2530 1228 2710 1299 utique
2729 1238 2783 1287 ut
2805 1229 2882 1289 sic
2903 1229 3266 1295 scriberentur
3289 1230 3591 1295 mandando
3618 1233 3889 1290 fecissent.
3926 1256 3944 1291 ι

2356 1318 2521 1379 Porro
2550 1319 2616 1381 de
2644 1320 2707 1374 iis
2739 1320 2826 1393 qui
2858 1323 2907 1379 in
2959 1322 3246 1387 scribendo
3296 1339 3401 1381 non
3432 1323 3651 1381 aderant
3675 1341 3836 1386 nemo
3865 1328 3952 1383 di-

2350 1413 2485 1467 xerit
2506 1427 2599 1468 eos
2637 1412 2871 1472 libellum
2902 1413 3141 1484 dedisse,
3164 1423 3257 1481 aut
3283 1416 3448 1473 verbo
3473 1418 3635 1488 impie
3660 1420 3952 1491 quidquam

2350 1502 2674 1560 declarasse.
2708 1504 2763 1559 In
2797 1503 2897 1558 hoc
2941 1513 3142 1571 tantum
3185 1507 3551 1577 vituperantur
3596 1510 3738 1579 quod
3771 1512 3947 1581 impe-

2350 1606 2559 1653 rassent
2591 1606 2646 1651 ut
2674 1606 2788 1661 acta
2821 1598 3026 1661 ﬁerent,
3058 1598 3200 1668 quod
3240 1615 3428 1659 eorum
3464 1619 3481 1657 ι
3516 1616 3782 1665 consensu
3825 1603 3953 1661 licet

2352 1704 2459 1742 non
2487 1704 2515 1745 a
2568 1703 2626 1755 se
2668 1688 2959 1753 admissum
2988 1692 3189 1755 crimen
3241 1701 3419 1755 tamen
3453 1693 3659 1762 publice
3693 1714 3712 1748 ι
3746 1694 3954 1765 legere-

2355 1787 2471 1848 tur;
2510 1799 2528 1830 ι
2566 1781 2703 1853 quod
2728 1781 2945 1843 fallaces
2975 1783 3388 1849 inexcusatione
3420 1787 3714 1857 praestigias
3752 1806 3772 1843 ι
3804 1766 3952 1859 quae;

2352 1872 2563 1929 siissenl
2590 1892 2603 1941 ;
2636 1874 2776 1945 quod
2802 1876 3138 1939 voluissent:
3175 1877 3344 1935 videri
3378 1880 3660 1949 propositis
3691 1880 3951 1939 adversus

2352 1963 2695 2035 Evangelitun
2717 1967 2799 2025 vel
2826 1967 3014 2023 edictis
3037 1969 3117 2025 vel
3145 1968 3348 2038 legibus
3374 1970 3716 2033 satisfecisse.
3740 1968 3769 2027 ἰ
3815 1974 3954 2043 Ergo

2377 2059 2461 2127 qui
2486 2058 2785 2139 adfuerant,
2841 2076 2961 2127 cum
3007 2060 3060 2129 in
3114 2062 3297 2117 eadem
3353 2078 3573 2133 prorsus
3617 2080 3775 2131 causa
3816 2066 3949 2133 sint,

2370 2149 2499 2204 nihil
2524 2149 2665 2217 aliud
2696 2152 3013 2219 commisere
3042 2154 3140 2215 nisi
3187 2163 3244 2219 ut
3288 2154 3467 2223 fletum
3522 2158 3701 2213 scelus
3734 2159 3785 2225 in
3835 2169 3953 2219 acta

2360 2243 2580 2313 publica
2597 2243 2726 2313 ipsis
2750 2245 3048 2311 videntibus
3076 2246 3382 2319 referretur.
3415 2250 3801 2321 Quamobrem,
3827 2268 3947 2318 cum

2364 2335 2437 2389 ait
2463 2334 2649 2391 Clerus
2678 2335 2946 2403 Ennianus
2973 2354 3069 2407 eos
3103 2357 3121 2401 ς
3162 2354 3266 2405 non
3296 2341 3471 2409 minus
3499 2359 3658 2415 quam
3687 2345 3731 2398 si
3760 2343 3825 2407 ad
3858 2361 3955 2403 ne-

2357 2425 2516 2482 farias
2556 2444 2675 2495 aras
2725 2432 3109 2499 accessissent,
3138 2434 3240 2489 hoc
3272 2434 3387 2507 ipso
3438 2437 3581 2508 quod
3615 2438 3787 2511 ipsum
3825 2454 3954 2495 cou-

2360 2522 2537 2575 testati
2573 2520 2780 2587 fuerant
2813 2543 2830 2578 ι
2866 2524 3064 2595 teneri;
3099 2525 3146 2583 id
3179 2542 3284 2585 non
3315 2527 3383 2593 ita
3405 2531 3774 2600 accipiendum
3798 2534 3953 2602 quasi

2366 2628 2498 2667 voce
2527 2616 2959 2685 pronuntiassent
2989 2633 3047 2672 se
3075 2620 3140 2672 ad
3184 2633 3303 2683 aras
3332 2622 3645 2689 accessisse,
3694 2622 3787 2678 sed
3811 2624 3953 2694 quod

2359 2707 2755 2761 consensissent
2785 2718 2840 2762 ut
2865 2710 3085 2766 sceleris
3119 2726 3219 2769 non
3249 2713 3522 2777 commissi
3573 2716 3839 2785 publicum
3871 2727 3953 2771 ta-

2355 2813 2477 2852 men
2513 2800 2873 2867 testimonium
2904 2810 3156 2858 exstaret.
3190 2802 3361 2865 Simili
3388 2818 3551 2873 sensu
3594 2807 3735 2863 idem
3765 2805 3956 2865 Clerus

2356 2904 2450 2943 eos
2483 2879 2599 2944 aet'a
2630 2891 2821 2947 fecisse
2850 2893 2977 2948 dicit
3026 2898 3112 2966 qui
3152 2916 3169 2948 ι
3209 2907 3501 2967 praesentes
3522 2942 3535 2967 ,
3569 2880 3689 2954 eum
3720 2911 3836 2956 acta
3863 2905 3957 2955 lie:-

2357 2994 2511 3048 rent,
2557 3004 2577 3038 ι
2630 3001 2738 3039 non
2781 2985 3078 3045 adfuerant.
3131 2991 3335 3047 Eodem
3378 2992 3537 3047 modo
3589 2995 3953 3065 accipiendum

2357 3077 2496 3145 quod
2528 3075 2595 3132 de
2624 3077 2846 3132 Martiali
2881 3080 3075 3136 dicitur
3118 3083 3168 3137 in
3217 3084 3389 3153 Epist.
3436 3101 3595 3140 vam
3626 3088 3768 3156 (pag.
3802 3090 3945 3159 illi),

2359 3177 2467 3225 tum
2487 3171 2648 3225 etiam
2674 3172 2803 3233 illud
2835 3190 2898 3237 ex
2931 3174 3066 3233 libro
3093 3174 3154 3229 de
3182 3175 3367 3247 Lapsis
3394 3180 3640 3250 (p.190),
3671 3199 3689 3235 ι
3728 3196 3823 3236 nec
3853 3183 3955 3237 sibi

2358 3262 2644 3333 quominus
2688 3276 2847 3335 agant
2903 3269 3268 3337 pmnitentiam
3318 3271 3658 3330 blandiantur
3702 3275 3823 3344 qui,
3857 3277 3960 3332 etsi

2360 3354 2608 3423 nefandis
2661 3359 2939 3417 sacriﬁciis
2967 3376 3157 3427 manus
3204 3379 3310 3421 non
3341 3367 3864 3436 contaminaverunt,
3900 3370 3963 3422 li.

2362 3448 2515 3503 bellis
2569 3460 2746 3507 tamen
2791 3454 3178 3521 conscientiam
3228 3458 3549 3527 polluerunt.
3609 3461 3678 3519 Et
3702 3462 3784 3516 illa
3830 3478 3959 3533 pro-

2362 3541 2521 3609 fessio
2561 3543 2878 3616 denegantis
2906 3550 3230 3606 contestatio
3259 3561 3340 3606 est
3384 3553 3660 3615 christiani
3687 3554 3827 3624 quod
3851 3558 3965 3609 fne—

2360 3641 2441 3689 rat
2459 3635 2792 3705 abnegantis.
2812 3638 3028 3699 Fecisse
3049 3657 3107 3696 se
3130 3641 3261 3698 dixit
3282 3642 3539 3716 quidquid
3562 3645 3700 3701 alius
3717 3645 3964 3702 faciendo

2366 3728 2651 3787 counnisit.
2694 3749 2712 3783 ι
2745 3729 2859 3786 Νοιι
2905 3719 3172 3804 discrepat
3200 3735 3282 3789 hic
3332 3736 3481 3792 locus
3508 3739 3785 3793 sementim
3814 3737 3962 3795 Cleri

2374 3823 2603 3889 llmnaui
2630 3824 2885 3893 adversus
2938 3843 3032 3883 eos
3064 3846 3082 3881 ι
3121 3830 3209 3900 qui
3237 3830 3444 3897 seipsos
3490 3829 3730 3887 inﬁdeles
3773 3831 3957 3891 illicita

2362 3916 2688 3985 nefariorum
2720 3918 3015 3976 libellorum
3040 3920 3371 3991 professione
3416 3922 3776 3992 prodiderant.
3815 3944 3834 3981 ι
3877 3926 3969 3981 lli—

2364 3993 2828 4079 xit'Libellaticus
2860 4012 3048 4067 fecisse
3096 4029 3155 4069 se
3209 4013 3473 4084 quidquid
3524 4015 3663 4081 alius
3717 4016 3966 4090 faciendo

2363 4103 2650 4172 commisit,
2687 4118 2791 4169 non
2825 4104 2961 4175 quod
3004 4121 3134 4161 voce
3161 4109 3530 4176 preiniutiaret
3561 4124 3620 4164 se
3658 4125 3881 4181 negasse
3913 4121 3964 4167 ιι
4034 4108 4043 4115 ’

2363 4194 2717 4263 sacrificasse,
2754 4212 2873 4251 nam
2925 4196 3134 4255 dicebat
3167 4198 3331 4268 judiei
3360 4199 3709 4260 christianum
3749 4218 3808 4258 se
3833 4218 3956 4259 esse

2364 4296 2420 4351 et,
2466 4289 2795 4356 sacriﬁcare,
2854 4289 2918 4344 ad
2949 4306 3068 4345 aras
3097 4290 3294 4347 diaboli
3327 4293 3505 4351 venire
3537 4309 3643 4349 non
3691 4310 3871 4365 posse,
3910 4306 3968 4353 nt

2364 4381 2588 4452 legimus
2616 4382 2666 4437 in
2696 4382 2869 4453 Epist.
2917 4399 3019 4447 Lll;
3064 4385 3158 4440 sed
3210 4386 3331 4457 quia
3362 4387 3447 4442 illa
3506 4386 3672 4444 libelli
3699 4389 3963 4459 professio

2365 4472 2686 4539 huminisest
2718 4474 3111 4549 quodammodo
3140 4478 3398 4548 negantis.
3422 4478 3513 4539 Sic
3536 4480 3701 4547 enim,
3729 4481 3970 4553 antiquis

2364 4566 2684 4623 editionibus
2707 4577 2760 4624 et
2786 4577 2907 4631 octo
2935 4569 3210 4627 codicibus
3241 4585 3367 4635 mss.
3401 4571 3675 4643 inspectis,
3709 4574 3851 4630 hunc
3878 4575 3961 4628 lo-

2368 4675 2488 4727 cum
2518 4661 2799 4733 legendum
2827 4662 3156 4732 deprehendi
3194 4685 3208 4722 :
3238 4683 3257 4717 ι
3293 4675 3345 4723 et
3371 4664 3458 4720 illa
3484 4666 3743 4737 professio
3765 4678 3847 4723 est
3874 4668 3972 4723 ile-

2372 4757 2633 4824 negantis,
2664 4760 2986 4815 contestatio
3007 4768 3087 4814 est
3112 4758 3391 4814 christiani
3421 4758 3561 4828 quod
3591 4758 3760 4813 fuerat
3799 4758 3968 4815 alme.

2367 4850 2559 4927 gantis,
2599 4870 2617 4904 ι
2650 4853 2838 4907 eodem
2864 4852 3107 4913 videlicet
3134 4868 3293 4909 sensu
3324 4868 3430 4924 quo
3459 4852 3647 4909 Clerus
3692 4852 3972 4908 Romanus

2385 4945 2458 4996 ait
2498 4959 2619 5005 cum
2651 4960 2874 5016 negasse
2924 4946 3012 5016 qui
3046 4945 3261 5005 fallaces
3288 4945 3341 5000 in
3392 4946 3733 5011 excusatione
3763 4947 3975 5014 pra‘sti~

2370 5035 2483 5106 gius
2514 5039 2740 5108 quaerit,
2774 5050 2827 5094 ct
2878 5040 2966 5111 qui
3023 5040 3139 5103 vult
3184 5038 3358 5104 videri
3386 5038 3574 5099 edictis
3622 5036 3976 5107 satisfeciSse,

2376 5128 2478 5193 hoc
2499 5132 2614 5204 ipso
2637 5134 2747 5203 jam
2776 5135 3035 5204 paruisse.

2447 5223 2600 5293 Quod
2631 5238 2809 5291 autem
2845 5235 3051 5299 spectat
3091 5225 3153 5281 ad
3188 5225 3394 5285 libellos
3421 5240 3448 5279 a
3476 5225 3743 5298 iudicibus
3768 5224 3925 5280 datos
3950 5269 3964 5290 ,

2377 5323 2515 5381 idem
2540 5323 2591 5387 in
2637 5321 2740 5376 illis
2771 5321 3028 5390 scriptmn
3073 5318 3239 5377 fuisse
3270 5335 3378 5383 non
3418 5317 3627 5383 videtur
3656 5332 3721 5372 ac
3749 5317 3799 5372 in
3839 5320 3978 5375 actis

2384 5414 2629 5487 publicis.
2661 5412 2887 5469 Gravius
2915 5412 3056 5467 enim
3089 5410 3273 5471 fuisset
3306 5409 3741 5471 Libellaticorum
3793 5425 3979 5481 pecca-

2382 5518 2554 5565 torum
2587 5508 2651 5574 si,
2680 5516 2873 5577 praeter
2903 5505 3263 5561 testimonium
3285 5505 3419 5558 actis
3438 5503 3662 5574 publicis
3691 5503 3976 5573 consigna-

2377 5612 2508 5667 tum,
2540 5600 2800 5670 ejusmodi
2835 5600 3043 5655 libellos
3069 5606 3377 5655 servassent
3415 5606 3466 5653 et
3482 5596 3662 5652 oblata
3693 5597 3979 5651 occasione

2376 5693 2769 5759 ostendissent;
2798 5692 2939 5765 quod
2968 5692 3183 5764 quidem
3209 5692 3312 5747 illis
3339 5704 3438 5745 nec
3462 5705 3489 5742 a
3517 5688 3790 5760 Cypriane
3813 5702 3910 5742 nec
3944 5703 3975 5755 ιι

2373 5784 2532 5839 Clero
2581 5784 2823 5839 llotnauo
2869 5783 3135 5853 ohjeetum
3181 5780 3296 5836 fuit.
3348 5780 3638 5835 Rationum
3692 5780 3979 5845 momentis

2376 5878 2637 5935 hactenus
2668 5876 2922 5935 adhibitis
2949 5889 3113 5931 unum
3144 5873 3392 5944 adjiciam
3420 5890 3433 5928 :
3466 5888 3671 5935 morem
3708 5888 3810 5927 non
3847 5870 3979 5935 fuis-
