4200 6262
231 301 312 361 93
1390 300 1551 360 VITA
1587 295 1833 359 SANCTI
1877 293 2221 363 CYPRIANI.
3479 302 3547 356 9i

232 436 300 478 se
345 429 403 476 ut
444 421 535 490 qui
581 417 740 475 lldem
769 417 1076 490 negabant,
1118 417 1170 473 id
1194 418 1398 491 scripto
1422 419 1835 489 consignarent,

229 514 337 571 sed
371 525 575 569 tantutn
618 514 671 568 in
698 522 819 569 acta
863 512 1217 569 refcrebatnr.
1251 512 1420 581 Aliter
1464 512 1703 566 sentiunt
1742 508 1845 564 Ba-

232 608 427 662 ronius
452 606 543 677 (ad
581 621 669 660 an.
693 603 826 677 504)
858 612 914 660 et
948 604 1319 660 Tillemontins
1346 604 1501 677 (tom.
1524 619 1577 671 v,
1603 619 1655 672 p.
1682 600 1838 674 451),

234 713 305 754 ac
344 699 525 754 locum
562 697 844 768 proferunt
886 713 951 752 ex
996 697 1150 752 Actis
1191 704 1493 751 sanctarum
1543 706 1841 766 martyrum

234 791 474 861 Agapes,
499 789 743 843 ClllDttizn
777 796 830 843 et
868 786 1053 844 lrencs
1077 828 1090 852 ,
1126 802 1245 857 quae
1278 806 1296 838 ι
1326 787 1488 856 jussu:
1513 786 1709 842 Christi
1748 802 1842 841 ne-

234 885 511 955 gationem
554 883 812 952 scriptam
854 880 1097 952 profiteri
1144 899 1162 932 ι
1197 880 1465 935 dicuntur.
1513 879 1616 934 Sed
1646 879 1842 949 scripta

236 977 328 1031 illa
356 975 593 1046 negatio,
643 988 818 1045 graece
854 981 1079 1045 εαηρφος
1119 973 1221 1044 (sic
1263 974 1405 1027 enim
1440 988 1673 1043 grtecutn
1712 986 1844 1027 con-

235 1078 448 1126 textum
491 1068 745 1123 habuisse
773 1067 1070 1137 existimo),
1113 1065 1399 1120 nihilalind
1437 1075 1517 1120 est
1550 1080 1711 1136 quam
1747 1080 1844 1119 ne-

236 1163 387 1234 gatio
408 1162 543 1215 actis
561 1161 887 1229 consignata.
912 1159 1002 1214 Sic
1027 1158 1166 1228 apud
1211 1156 1408 1213 Euseb.
1447 1157 1560 1226 (lib.
1584 1172 1635 1211 ιιι
1674 1156 1835 1221 llist.,

234 1271 365 1324 cap.
406 1255 466 1322 5)
490 1254 740 1307 mulieres
766 1250 1009 1320 quasdam
1030 1258 1231 1304 coacta:
1250 1250 1461 1304 fuerunt
1481 1264 1510 1303 a
1528 1248 1665 1303 duce
1692 1250 1840 1315 λέγειν

235 1353 477 1419 ιηρέρως
514 1364 533 1396 ι
555 1344 707 1400 dictis
757 1344 823 1399 ad
853 1354 971 1399 acta
991 1343 1311 1399 testimoniis
1334 1343 1487 1398 fateri
1526 1361 1546 1395 ι
1579 1357 1637 1397 se
1657 1342 1840 1397 Chris—

238 1442 415 1495 tianas
432 1438 619 1505 fuisse,
648 1448 698 1492 et
722 1436 1045 1507 flagitiorum
1064 1452 1180 1507 quso
1198 1452 1226 1490 a
1250 1436 1566 1490 Christianis
1586 1451 1839 1507 gereren-

236 1546 324 1591 tur
348 1535 596 1590 conscias
623 1548 762 1589 esse.
792 1532 1094 1588 Messaliani
1125 1532 1263 1602 apud
1293 1530 1538 1588 Photinm
1563 1529 1718 1603 (Cod.
1741 1530 1839 1601 52)

234 1629 489 1685 dicuntur
516 1627 748 1683 convicti
770 1626 935 1681 fuisse
959 1631 1213 1695 ἕΠρ-ίρως.
1231 1624 1280 1678 id
1297 1632 1398 1689 est,
1420 1642 1438 1674 ι
1463 1623 1620 1677 dictis
1636 1622 1836 1677 adacta

235 1721 584 1786 testimoniis,
623 1739 641 1772 ι
689 1718 832 1790 quod
858 1718 923 1773 ad
953 1732 1166 1773 errores
1192 1732 1319 1772 suos
1350 1714 1654 1772 rediissem.
1700 1715 1836 1772 Hine

236 1813 465 1869 Basilius
492 1812 552 1882 (l.
585 1828 600 1866 ι
649 1814 711 1866 de
738 1810 1021 1879 Baptistae,
1046 1825 1163 1879 cap.
1196 1806 1253 1879 3)
1274 1818 1427 1864 vocat
1452 1808 1837 1876 promissiones

241 1907 435 1978 quibus
498 1907 552 1961 in
620 1905 893 1973 Baptisnto
941 1904 1358 1972 obstringimur,
1417 1910 1569 1973 ὥσπερ
1611 1910 1834 1973 εῃριρον

243 1998 513 2069 apulo-Ita,
545 2017 562 2051 ι
595 1999 755 2054 veluti
782 1998 1065 2067 quamdam
1102 1998 1168 2051 ad
1213 2005 1329 2051 acta
1372 1997 1779 2066 professionem.
1811 2016 1831 2050 ι

238 2093 387 2151 Unde
413 2094 575 2150 etiam
603 2093 830 2164 Optatos
861 2093 969 2164 (lib.
994 2108 1113 2161 tt,u.
1135 2090 1225 2164 54)
1249 2110 1262 2146 :
1293 2110 1310 2144 ι
1327 2090 1483 2146 Fides
1500 2091 1835 2147 credentium

239 2197 291 2242 et
321 2185 587 2257 professio
615 2201 737 2256 quae
761 2185 901 2253 apud
930 2192 1048 2240 aeta
1072 2184 1353 2240 coniicitur
1370 2184 1714 2255 Angelornm.
1740 2205 1757 2237 ι

306 2277 636 2333 Libellorum
664 2278 893 2342 crimen,
919 2277 1022 2332 etsi
1049 2276 1244 2331 famam
1277 2293 1339 2331 ac
1365 2293 1561 2332 nomen
1585 2278 1636 2332 in
1656 2277 1834 2333 Africa

226 2374 569 2444 potissimum
603 2371 824 2438 habuit,
850 2373 966 2426 "non
996 2379 1173 2425 tamen
1201 2371 1318 2425 aliis
1360 2371 1649 2440 provinciis
1677 2371 1829 2441 igno-

236 2476 347 2521 tum
362 2467 456 2520 fuit
473 2485 487 2520 :
505 2481 628 2521 nam
648 2463 1187 2520 llommSCornelius
1200 2480 1226 2515 a
1245 2463 1461 2519 nefariis
1475 2463 1832 2519 schismaticis

234 2560 289 2615 in
313 2561 411 2615 hoc
428 2562 635 2615 crimen
662 2568 917 2623 vocatus;
945 2557 1191 2628 ejusdem
1234 2559 1286 2613 in
1317 2557 1572 2627 Hispania
1603 2557 1832 2611 convicti

232 2653 494 2708 Basilides
538 2662 594 2707 et
618 2652 873 2709 Martialis
895 2652 1156 2721 episcopi.
1182 2650 1487 2718 Quinetiam
1518 2651 1569 2704 iu
1596 2650 1833 2722 Egypto

230 2744 334 2799 SUl)
366 2744 525 2799 Petro
554 2743 910 2799 Alexandrino
936 2744 1173 2799 occurrit
1198 2742 1632 2797 Libellaticorttot
1666 2758 1833 2812 genus

231 2835 534 2907 quoddam,
564 2836 655 2889 sed
688 2836 821 2890 haud
856 2836 970 2890 scio
1004 2835 1267 2891 Africanis
1310 2835 1603 2889 diversum.
1642 2836 1831 2889 Petrus

234 2928 640 2983 Alexandrinus
660 2928 803 3000 (Cati.
825 2929 877 3001 ὅ)
908 2929 1237 3000 ρωλιίιιξιιιὶιιι
1259 2943 1352 2983 sex
1388 2928 1649 2981 mensium
1681 2927 1833 2982 addi-

233 3029 311 3082 cit
338 3042 434 3082 cos
463 3030 548 3098 qui
574 3030 907 3097 simularunt,
935 3034 1071 3088 sicut
1088 3045 1141 3089 et
1168 3034 1352 3101 David,
1376 3044 1485 3096 am
1508 3042 1831 3102 ὡςδιελθὸντες

231 3134 439 3199 βωμςὺς,
461 3134 570 3184 ira:
588 3134 645 3187 ὡς
663 3144 1128 3197 χειρονραργζσαντες,
1148 3140 1255 3191 ἤτοι
1270 3132 1440 3191 agat-’0'
1459 3138 1638 3187 ἑαυτῶν
1651 3135 1834 3205 βαλὸν-

235 3244 303 3280 τες
317 3228 462 3276 Uvae
473 3228 522 3281 ὗς
545 3264 558 3285 ,
594 3241 610 3271 c
626 3224 707 3275 vel
725 3232 779 3276 ut
796 3223 977 3277 altaria
994 3233 1455 3293 pertranseuntes,
1472 3227 1553 3280 vel
1576 3236 1631 3280 ut
1646 3226 1829 3281 chiro-

234 3312 487 3384 grapltum
510 3314 722 3380 dantes,
757 3315 838 3370 vel
866 3324 920 3369 ut
940 3314 1181 3372 ethnicos
1211 3330 1309 3386 pro
1333 3332 1391 3374 se
1421 3319 1823 3388 imminentch

236 3404 446 3461 Fatetur
484 3406 680 3463 Petrus
718 3407 984 3478 ejusmodi
1012 3408 1255 3468 homines
1283 3428 1386 3466 non
1423 3421 1607 3481 aperte
1639 3414 1831 3483 impie-

235 3508 389 3556 tatem
421 3517 534 3571 ιιι-ω
561 3518 620 3558 se
652 3502 837 3558 tulisse
865 3545 880 3568 ,
910 3510 991 3559 καὶ
1019 3516 1092 3573 μαὶ
1119 3518 1300 3574 γυμνῶς
1326 3512 1742 3578 ἀπεγραψαμένοις
1765 3513 1833 3564 τὰ

233 3602 344 3662 arpi;
366 3600 590 3665 ἅρνησινε
615 3595 700 3649 11Ιή
735 3595 1016 3666 legendum
1043 3596 1251 3653 \‘idOllll'
1276 3605 1691 3671 irrqpadizpivnc.
1726 3601 1830 3654 ΖΟ·

232 3700 388 3739 ttaras
414 3689 495 3741 sic
528 3688 913 3757 interpretatur
953 3688 1081 3743 illttd
1124 3690 1558 3760 chirograplmm,
1592 3696 1828 3748 σωξθίντσ

230 3784 389 3843 οὖσαι,
420 3795 440 3828 ι
480 3780 620 3848 pacti
660 3789 786 3834 sunt
823 3794 881 3833 se
902 3780 1297 3835 immolaturos.
1344 3801 1362 3833 ι
1399 3782 1504 3837 Sed
1547 3783 1660 3837 luce
1703 3800 1828 3850 pro-

228 3869 408 3925 missio
426 3886 492 3923 an
522 3880 723 3941 apertae
750 3871 1040 3942 impietatis
1060 3875 1239 3942 specie
1268 3876 1567 3930 caruisset?
1593 3876 1828 3932 Credere

224 3962 404 4015 u.alim
443 3961 716 4032 ejusmodi
758 3963 1024 4030 homines,
1079 3967 1262 4020 itidem
1309 3967 1725 4023 utLibcllalicos
1774 3972 1826 4025 in

221 4054 422 4121 An-ica,
448 4056 685 4126 aliquam
728 4072 756 4109 a
798 4056 1070 4127 judieibus
1109 4060 1388 4129 accepisse
1426 4061 1823 4129 conditionem,

216 4162 340 4216 quise
365 4156 420 4201 et
444 4158 553 4201 tuta
579 4147 744 4217 jodici
771 4150 1153 4205 ctChristiano
1189 4168 1293 4206 ltuit
1324 4162 1512 4220 aperte
1541 4153 1700 4223 impia
1745 4155 1827 4210 vi-

212 4241 474 4294 deretur.
498 4240 636 4295 Nihil
661 4241 832 4296 dicam
863 4243 932 4297 de
959 4242 1065 4296 alio
1115 4245 1557 4300 Libellatieorutn
1592 4262 1787 4316 genere
1806 4290 1821 4317 ,

209 4332 366 4403 quod
401 4331 660 4387 Baronius
688 4336 776 4403 (ad
804 4352 895 4389 an.
924 4336 1076 4409 255),
1105 4339 1408 4408 perspicere
1438 4340 1537 4394 sibi
1558 4340 1702 4395 visus
1743 4350 1825 4395 est

212 4428 265 4480 ia
294 4426 536 4496 epistola
565 4427 713 4484 Plinii
748 4429 813 4484 ad
861 4430 1169 4500 Trajanum,
1221 4447 1286 4487 ex
1328 4449 1431 4502 qtta
1471 4435 1673 4503 profert
1711 4410 1825 4490 haec

212 4519 383 4575 verba
420 4536 434 4572 :
470 4539 491 4571 ι
532 4519 838 4592 Propositus
869 4534 948 4579 est
983 4525 1195 4579 libellus
1239 4526 1356 4581 sine
1385 4536 1603 4583 auctore
1630 4529 1823 4583 multo-

214 4630 340 4668 rum
370 4614 589 4668 nomina
621 4616 931 4682 continens,
970 4617 1061 4687 qui
1098 4628 1358 4688 negarent
1383 4634 1443 4674 se
1478 4634 1596 4674 esse
1636 4618 1820 4674 Chris-

215 4708 398 4760 tianos
437 4717 532 4759 aut
578 4706 889 4772 fuissc,etc.
931 4729 949 4761 ι
984 4707 1089 4764 Sed
1114 4728 1218 4763 non
1253 4712 1629 4767 animadvertit
1659 4713 1824 4767 Baro-

213 4801 340 4854 uius
372 4799 516 4853 hunc
539 4800 778 4855 libellum
807 4818 911 4857 non
940 4819 967 4857 a
995 4804 1317 4861 Christianis
1349 4806 1585 4862 oblatum
1618 4806 1819 4876 fuisse,

212 4895 308 4948 sed
342 4894 410 4948 ab
435 4894 615 4963 aliquo
645 4909 841 4949 nomen
875 4912 1026 4952 suum
1056 4899 1305 4965 celante,
1340 4909 1392 4955 et
1421 4902 1619 4957 multos
1645 4902 1820 4956 nomi-

210 4988 385 5041 natim
413 4995 467 5040 ut
495 4986 830 5043 Christianos
861 4988 1176 5060 designante
1213 4994 1298 5062 qui
1365 5002 1540 5049 tamen
1588 5010 1820 5065 negave-

212 5090 425 5135 runtse
453 5096 575 5136 esse
622 5090 715 5136 aut
762 5081 928 5137 fuisse
971 5084 1326 5142 Christianos.
1373 5085 1509 5142 llinc
1558 5088 1822 5157 'l‘rajanus

212 5173 393 5227 Plinio
420 5173 757 5243 respondens
782 5177 891 5229 ait:
932 5194 951 5226 ι
997 5176 1126 5231 Siue
1152 5168 1371 5234 auclore
1401 5197 1530 5235 vero
1561 5182 1819 5252 propositi

202 5266 383 5321 libelli
431 5265 580 5320 nullo
608 5268 835 5322 crimine
886 5268 1062 5324 locum
1109 5271 1306 5328 habere
1341 5272 1557 5341 debent,
1606 5291 1727 5331 nam
1767 5288 1819 5333 ct

208 5357 712 5430 pchintiexetttpli,
734 5374 831 5415 nec
859 5362 1028 5415 nostri
1060 5363 1237 5416 saeculi
1258 5373 1359 5418 est.
1402 5382 1419 5415 ι

206 5493 324 5551 γιι.
355 5525 426 5534 —-
454 5510 743 5550 CYPRIANUS
791 5510 1011 5551 SECEDIT
1041 5512 1093 5551 ις
1131 5512 1531 5571 rensecurtoxs
1563 5516 1815 5556 JUSTISSI-

797 5606 882 5646 MlS
922 5606 989 5645 DE
1028 5606 1224 5646 CAUSIS.

272 5727 534 5783 Edictum
570 5727 714 5783 Decii
738 5728 868 5783 utin
900 5728 1136 5786 Africam
1169 5731 1434 5801 perlatum
1465 5742 1549 5789 est
1570 5775 1584 5801 ,
1636 5736 1816 5790 statim

190 5822 395 5900 populi
414 5820 741 5879 clamoribus
763 5824 1060 5895 exagitatus
1087 5824 1390 5897 Cyprianus
1414 5835 1471 5884 et
1492 5828 1560 5884 ad
1594 5828 1807 5887 leonem

1955 414 2279 484 postulatus,
2310 411 2555 484 prudenti
2585 421 2805 486 receptu
2822 412 3055 473 furorem
3076 416 3355 488 impiorun
3381 416 3550 475 decli-

1954 507 2132 572 navit,
2168 521 2289 562 cum
2334 521 2587 562 coronam
2624 522 2774 567 suam
2812 508 2862 563 in
2908 508 3052 567 aliud
3104 520 3311 580 tempus
3348 511 3544 566 differri

1955 600 2160 666 mallet,
2211 615 2372 671 quam
2419 602 2700 671 prtescntia
2737 618 3053 673 sua.novas
3102 603 3247 659 faces
3300 605 3546 661 incendio

1957 693 2349 764 persecutionis
2384 692 2683 749 admoveri.
2754 695 2868 750 Non
2912 697 3079 751 semel
3138 698 3391 766 quaesitus
3432 709 3546 764 est,

1955 784 2049 839 sed
2081 799 2225 854 szepe
2267 784 2402 842 alias
2432 786 2483 841 in
2520 786 2795 845 absentem
2836 788 3105 857 popularis
3149 789 3296 843 furor
3323 791 3543 847 exarsit.

1956 877 2204 934 Testatur
2240 878 2627 936 Pontiuseum
2661 899 2679 931 ι
2723 880 2990 952 suffragiis
3025 896 3167 952 saepe
3209 883 3447 955 repetitis
3482 883 3546 937 ad

1951 970 2162 1027 leonem
2222 991 2241 1026 ι
2295 974 2643 1043 postulatum,
2685 989 2750 1030 ac
2792 992 2812 1028 ι
2864 974 3269 1045 proscriptionis
3321 974 3545 1045 gloriam

1951 1073 2300 1121 consecutum
2329 1081 2473 1122 esse.
2505 1085 2523 1119 ι
2565 1064 2712 1123 Idem
2760 1066 2829 1122 de
2874 1081 2934 1123 se
2977 1067 3093 1138 ipse
3121 1075 3301 1123 narrat
3336 1087 3354 1121 ι
3391 1068 3546 1131 toties

1950 1154 2244 1228 flagitatum
2293 1168 2346 1213 et
2384 1160 2669 1229 qtttesitum
2716 1180 2734 1212 ι
2781 1161 2975 1231 (Epist.
3031 1161 3131 1230 Vl).
3192 1180 3211 1214 ι
3263 1161 3447 1218 Toties
3478 1163 3544 1221 ad

1950 1251 2162 1307 leonem
2194 1254 2416 1324 petitum
2449 1255 2501 1308 itt
2546 1258 2690 1311 circo
2712 1297 2726 1321 ,
2771 1256 2825 1310 in
2875 1257 3298 1326 amphitheatro,
3337 1277 3356 1310 ι
3385 1267 3544 1328 atque

1950 1344 2113 1400 etiam
2158 1347 2518 1416 proscriptum
2549 1363 2607 1403 se
2643 1348 2809 1404 luisse
2839 1368 2857 1401 ι
2894 1350 3146 1419 applicito
3193 1360 3249 1406 et
3292 1351 3545 1422 adjuncto

1948 1439 2286 1509 episcopatus
2316 1441 2397 1495 sui
2427 1443 2641 1497 nomine
2678 1461 2697 1495 ι
2731 1442 2930 1513 (Epist.
2962 1442 3075 1515 ιν).
3106 1462 3125 1497 ι
3159 1442 3291 1499 Cant
3336 1445 3546 1516 publice

1949 1532 2216 1601 legeretur
2248 1552 2260 1588 :
2293 1534 2486 1604 Siquis
2517 1544 2661 1591 tenet
2686 1536 2770 1590 vel
2800 1537 3038 1606 possidet
3064 1536 3133 1592 de
3163 1538 3315 1594 bouis
3344 1538 3541 1595 Caecilii

1945 1624 2196 1698 Cypriani
2244 1628 2483 1698 episcopi
2531 1626 2955 1685 Christianorum
3005 1631 3198 1699 (Epist.
3226 1672 3240 1695 ,
3289 1631 3461 1704 Lux).
3517 1652 3536 1685 ι

1946 1718 2187 1787 Quonam
2233 1735 2293 1776 se
2345 1722 2611 1791 receperit
2667 1722 2967 1788 nescimus;
3014 1723 3108 1777 sed
3154 1723 3448 1795 presbyteri
3490 1733 3545 1779 et

1945 1812 2155 1869 diaconi
2201 1814 2449 1879 Retnaui,
2492 1816 2687 1888 iniquis
2716 1817 3055 1872 sermonibus
3080 1818 3286 1888 decepti
3309 1859 3324 1884 ,
3359 1836 3540 1888 parum

1943 1922 2099 1976 aeque
2124 1906 2191 1962 de
2219 1908 2362 1963 illius
2393 1923 2606 1964 secessu
2640 1908 2945 1979 iudicarunt
2986 1920 3274 1982 antequam
3328 1912 3395 1966 ab
3427 1913 3542 1982 ipso

1943 1999 2011 2054 de
2038 2008 2146 2056 tota
2175 2017 2234 2057 re
2261 2003 2521 2059 certiores
2551 2002 2760 2060 fierent.
2789 2004 2885 2059 Vix
2907 2005 3126 2060 dubium
3158 2014 3235 2062 est
3268 2006 3395 2076 quin
3417 2021 3538 2061 cunt

1944 2095 2186 2150 nonnulli
2211 2097 2297 2151 alii
2331 2097 2810 2166 reprehenderint;
2860 2113 3034 2167 neque
3065 2099 3208 2155 enim
3250 2099 3392 2154 illius
3428 2099 3539 2154 fac-

1945 2197 2055 2242 tum
2100 2197 2250 2242 tanto
2276 2189 2457 2244 studio
2511 2188 2839 2245 defendisset
2875 2189 3100 2245 Pontius
3153 2190 3198 2245 si
3258 2189 3538 2258 probatum

1942 2280 2194 2335 omnibus
2222 2290 2277 2335 et
2308 2290 2587 2352 purgatum
2618 2280 2829 2337 fuisset.
2856 2281 3022 2338 Forte
3058 2282 3393 2352 vituperandi
3424 2281 3539 2339 lucc

1941 2367 2071 2429 ansa
2100 2375 2227 2431 olim
2260 2384 2471 2446 arrepta
2502 2386 2606 2444 est,
2641 2376 2730 2432 vel
2754 2376 2915 2431 etiam
2949 2375 3108 2431 hodie
3136 2376 3458 2446 arripiatur,
3494 2378 3537 2432 si

1941 2466 2059 2535 quis
2084 2467 2323 2522 censoris
2352 2475 2530 2537 partes
2571 2468 2671 2525 sibi
2714 2476 2926 2539 arroget
2955 2486 2970 2535 ;
3002 2468 3145 2538 quod
3175 2470 3292 2538 ipso
3318 2468 3539 2525 absente

1946 2560 2176 2613 maxima
2204 2574 2325 2628 pars
2366 2559 2601 2616 lidelimn
2646 2561 2870 2630 turpiter
2891 2562 3179 2624 ceciderit,
3204 2560 3538 2617 constantior

1946 2651 2000 2705 in
2050 2650 2192 2714 lide,
2244 2661 2334 2706 aut
2382 2653 2572 2709 saltem
2619 2652 2684 2706 ad
2736 2651 3064 2708 horrendum
3116 2652 3294 2708 scelus
3340 2653 3538 2713 tardior

1942 2740 2116 2796 futura
2172 2743 2215 2796 si
2265 2743 2501 2813 episcopi
2543 2746 2623 2798 sui
2664 2743 2992 2800 liberrimam
3021 2744 3414 2801 confessionem
3441 2760 3538 2800 au-

1946 2832 2129 2889 diissel
2149 2875 2163 2900 ,
2192 2844 2278 2889 aut
2300 2836 2608 2904 pralclaram
2630 2852 2727 2906 pro
2744 2836 2956 2892 Christo
2975 2847 3201 2890 mortem
3219 2846 3535 2906 Spectassct.

2014 2926 2142 2995 Sed,
2168 2936 2222 2982 ut
2247 2942 2278 2982 a
2295 2927 2563 2998 Cypriane
2584 2929 3054 2999 reprehensionem
3077 2944 3291 2983 omnem
3320 2930 3538 2999 prepul-

1939 3034 2121 3077 scmus
2146 3021 2197 3076 in
2225 3021 2488 3091 ejusmodi
2513 3022 2739 3076 consilio
2764 3061 2778 3083 ,
2811 3035 2917 3090 quo
2947 3020 3053 3075 duo
3079 3020 3174 3079 alii,
3203 3022 3534 3091 praestantis-

1939 3111 2060 3168 simi
2112 3111 2247 3179 viri,
2301 3110 2594 3180 Gregorius
2660 3110 3087 3181 'fhamnaturgus
3141 3122 3195 3167 et
3250 3111 3534 3183 Dionysius

1940 3204 2330 3260 Alexandrinus
2360 3206 2551 3260 eodem
2584 3215 2824 3275 tempore
2861 3206 3148 3259 utebantur
3173 3246 3189 3272 ,
3237 3204 3533 3265 observan-

1938 3298 2065 3354 dunt
2093 3307 2177 3354 est
2228 3300 2277 3353 1°
2318 3314 2439 3352 eum
2493 3297 2765 3353 comnmni
2810 3296 3082 3368 Evangelii
3130 3305 3399 3368 praecepto
3439 3313 3534 3368 pa-

1938 3392 2130 3459 ruisse,
2171 3392 2313 3468 quod
2346 3400 2455 3446 tum
2491 3392 2722 3447 maxime
2748 3390 3036 3446 observare
3077 3388 3262 3446 debuit
3304 3405 3427 3447 cum
3482 3391 3533 3445 in

1937 3487 2104 3557 ipsius
2134 3487 2473 3558 potissimum
2514 3500 2710 3542 nomen
2751 3486 3056 3556 persecutio
3090 3497 3434 3558 erumperet,
3473 3501 3535 3541 ac

1936 3580 2230 3650 periculum
2279 3592 2422 3635 esset
2483 3596 2552 3635 ne
2592 3580 2825 3634 furorem
2892 3580 3171 3650 gentilium
3216 3582 3266 3634 in
3323 3581 3531 3651 plebem

1936 3687 2088 3727 suam
2114 3688 2352 3742 prmsens
2391 3672 2730 3726 accenderet.
2757 3671 2815 3725 2°
2845 3671 3109 3741 Singulari
3147 3672 3306 3726 modo
3342 3672 3530 3726 admo-

1936 3767 2076 3821 nitus
2100 3782 2127 3819 ιι
2156 3767 2260 3820 Deo
2291 3766 2459 3820 fuitut
2483 3765 2815 3820 discederet:
2848 3785 2865 3815 ι
2901 3766 3076 3818 Dicata
3104 3765 3244 3818 enim
3274 3766 3322 3819 in
3355 3758 3529 3819 ninni-

1938 3857 2173 3928 bus_l)eo
2201 3876 2373 3926 tnens,
2423 3878 2442 3911 ι
2489 3860 2660 3927 inquit
2702 3857 2956 3922 Pontius,
2995 3876 3013 3909 ι
3050 3868 3104 3912 et
3147 3857 3278 3913 fides
3337 3860 3529 3913 divini;

1934 3954 2385 4011 admonitionibus
2427 3954 2732 4023 mancipata
2763 3953 2993 4008 credidit.
3036 3966 3128 4018 se,
3173 3953 3275 4007 nisi
3308 3953 3533 4007 Domino

1931 4049 2193 4104 latebram
2228 4059 2352 4105 tunc
2384 4048 2591 4119 jnhenti
2625 4048 2908 4118 paruisset,
2933 4048 3091 4101 etiam
3136 4048 3246 4117 ipsa
3281 4049 3526 4117 passione

1934 4159 2175 4213 peccare.
2217 4162 2236 4196 ι
2270 4143 2472 4199 Toctur
2508 4157 2568 4198 se
2592 4142 2898 4213 Cyprianus
2936 4142 3216 4211 Evangelii
3261 4152 3533 4212 pratcepto

1931 4237 1984 4292 in
2022 4238 2247 4307 epistola
2282 4253 2440 4307 quam
2470 4236 2536 4291 ad
2563 4235 2781 4292 Clerum
2810 4238 3111 4291 llomaumu
3152 4235 3367 4305 scripsit
3402 4250 3531 4304 pur-

1929 4330 2088 4400 gandi
2110 4315 2190 4385 sui
2221 4344 2416 4391 causa;
2450 4329 2543 4385 sed
2589 4330 2639 4384 in
2670 4331 2769 4385 alia
2814 4330 3060 4399 epistola,
3088 4344 3278 4397 nctnpc
3300 4327 3526 4390 decima,

1933 4422 2169 4481 declarat
2193 4422 2421 4493 jussisse
2450 4422 2734 4477 Dominmn
2764 4430 2820 4477 ut
2847 4421 3148 4477 secederet.
3181 4420 3236 4475 5°
3271 4418 3530 4472 Maximus

1930 4515 2022 4570 ille
2052 4514 2273 4569 fratrum
2311 4528 2565 4577 numerus
2608 4514 2701 4584 qui
2743 4514 2964 4569 absente
3017 4511 3281 4582 Cypriane
3312 4510 3527 4573 cecidit,

1934 4625 2040 4663 non
2071 4609 2353 4663 tormentis
2382 4618 2434 4663 et
2461 4608 2788 4663 cruciatibus
2830 4607 3099 4662 Christum
3141 4621 3336 4676 negare
3369 4622 3529 4661 coaco

1940 4710 2023 4755 tus
2052 4710 2153 4767 est,
2196 4718 2213 4751 ι
2252 4700 2347 4755 sed
2380 4700 2446 4754 ad
2480 4701 2647 4769 prima
2672 4700 2851 4753 statim
2876 4699 3033 4754 verba
3059 4698 3528 4756 minantisinitnici

1936 4796 2094 4850 fidem
2132 4811 2282 4851 suam
2329 4794 2579 4863 prodidit,
2622 4815 2641 4845 ι
2677 4804 2731 4847 ιιι
2768 4794 2818 4847 in
2857 4794 2990 4848 llbl‘O
3023 4795 3087 4848 de
3128 4793 3311 4865 Lapsis
3354 4794 3527 4865 legiti-

1938 4905 2077 4942 tnus.
2109 4882 2407 4950 Sicanium
2430 4886 2636 4942 allectis
2664 4885 2854 4939 melius
2883 4886 3164 4942 consulere
3190 4903 3293 4941 non
3322 4896 3530 4957 poterat

1931 4981 2250 5052 Cyprianus,
2281 4981 2513 5051 quamsi
2544 4994 2637 5034 eos
2670 4977 2738 5033 ad
2770 4977 3130 5034 recedendum
3159 4980 3403 5050 exemplo
3431 4996 3528 5035 suo

1933 5074 2019 5128 hot
2037 5083 2258 5130 tarctur.
2282 5074 2339 5129 4°
2365 5075 2625 5130 Observat
2652 5072 2873 5128 Pontius
2894 5072 3077 5128 divino
3104 5074 3329 5129 consilio
3348 5089 3528 5129 scrva-

1930 5178 2039 5222 tntn
2062 5183 2182 5223 esse
2198 5167 2547 5238 Cyprianum,
2566 5168 2679 5237 qui,
2699 5180 2820 5220 cum
2851 5166 3089 5221 Ecclesia
3107 5167 3393 5223 maximam
3418 5167 3528 5221 cla-

1932 5261 2051 5315 dem
2081 5261 2378 5328 accepisset
2412 5261 2787 5330 persecutione
2826 5259 2992 5321 Decii,
3021 5279 3039 5311 ι
3091 5271 3273 5331 posset
3314 5261 3526 5317 saucies

1929 5352 2173 5408 homines
2202 5360 2257 5405 et
2288 5351 2432 5405 varia
2461 5352 2816 5423 eXpungentis
2859 5352 3058 5409 inimici
3085 5363 3200 5409 arte
3234 5353 3523 5422 jaculatos,

1926 5448 2163 5504 adhibita
2192 5447 2470 5502 medicina:
2495 5448 2733 5503 cmlestis
2759 5447 2987 5514 medela,
3014 5462 3112 5519 pro
3132 5448 3385 5520 tptalitate
3412 5448 3524 5501 vul—

1929 5545 2072 5601 neris
2119 5544 2201 5598 vel
2245 5556 2430 5597 secare
2484 5542 2699 5598 interim
2758 5542 2841 5598 vel
2886 5540 3089 5597 fovere.
3119 5561 3137 5595 ι
3172 5542 3301 5597 llem
3352 5540 3525 5596 exitus

1930 5634 2320 5707 comprobavit.
2362 5632 2613 5689 Testatur
2643 5638 2788 5693 enim
2812 5643 2996 5690 auctor
3028 5635 3144 5689 libri
3179 5634 3247 5687 ad
3271 5631 3523 5688 Novatia-

1928 5745 2047 5783 mou
2093 5726 2381 5783 hwrelicum
2417 5743 2435 5777 ι
2473 5724 2592 5780 illos
2619 5733 2715 5797 qui
2745 5730 2912 5802 prima
2939 5727 3077 5794 acie,
3106 5745 3124 5779 ι
3154 5724 3209 5780 id
3256 5732 3337 5780 est
3369 5742 3387 5775 ι
3423 5725 3525 5783 De-

1926 5823 2076 5878 ciana
2111 5804 2480 5895 persecutione
2507 5818 2783 5890 vulnerati
2824 5821 3059 5891 fuerunt,
3084 5818 3185 5874 hos
3213 5826 3398 5896 postea
3423 5860 3438 5887 ,
3469 5820 3525 5876 id
