4200 6262
678 386 748 447 95
1872 386 2033 447 VITA
2072 383 2318 446 SANCTI
2343 382 2689 444 CYPRIANl.
3902 367 3971 429 96

676 517 763 565 est
791 507 1027 565 secundo
1058 506 1261 579 prrelie,
1288 506 1359 563 ita
1388 505 1597 565 fortiter
1625 520 2005 579 perseverasse
2025 515 2100 574 ut,
2135 520 2265 561 con-

676 607 976 657 temnentes
991 601 1161 656 edicta
1178 601 1513 657 secularium
1536 601 1859 673 principum,
1883 600 1986 656 hoc
2008 600 2264 656 invictum

675 689 953 757 haberent,
977 689 1120 762 quod
1155 699 1210 747 et
1249 707 1354 748 non
1382 700 1690 749 metuerent
1717 692 1970 763 exemplo
2002 692 2124 748 heni
2155 706 2268 762 pas.

673 781 807 836 teris
838 782 1070 837 animam
1102 798 1253 840 suam
1296 784 1509 840 tradere
1561 794 1614 841 et
1656 786 1967 857 sanguinem
2007 784 2263 852 fundere,

672 888 775 930 nec
816 874 979 929 ullam
1021 874 1339 933 insanientis
1382 876 1594 950 tyranni
1639 878 1899 933 smvitiam
1928 892 2199 933 recusare.
2241 895 2260 927 ι

671 965 731 1022 5°
757 965 996 1038 Denique
1021 967 1102 1024 sic
1130 983 1356 1040 corpore
1380 969 1548 1025 abfuit
1569 969 1890 1042 Cyprianus,
1924 978 1980 1024 ut
2005 969 2184 1024 animo
2210 979 2265 1024 et

675 1059 1042 1119 sollicitudine
1095 1063 1344 1119 omnibus
1394 1063 1557 1119 rebus
1620 1065 1927 1127 interesset,
1976 1078 2078 1119 nec
2129 1063 2265 1118 ullas

683 1152 921 1224 episcopi
969 1165 1146 1224 partes
1194 1157 1646 1228 przetermitteret.
1683 1154 1976 1211 Discedens
2016 1154 2265 1211 omnibus

672 1243 838 1300 rebus
852 1246 1175 1316 providerat,
1198 1248 1474 1317 pecuniam
1490 1246 1627 1317 apud
1648 1246 1877 1302 clericos
1898 1246 2262 1310 distribuerat,

677 1357 697 1390 ι
735 1348 793 1392 ιιι
818 1336 1079 1393 haberent
1108 1338 1287 1409 plures
1313 1338 1456 1394 unde
1479 1339 1546 1393 ad
1573 1339 1924 1394 necessitates
1954 1348 2009 1394 et
2050 1351 2266 1409 pressur-

670 1444 758 1484 ras
785 1430 1118 1501 singulorum
1149 1432 1358 1501 operari
1382 1432 1585 1501 possint
1627 1430 1824 1504 (Epist.
1854 1430 1931 1504 v).
1987 1450 2005 1484 ι
2045 1430 2265 1487 Videtur

672 1522 725 1577 in
765 1536 985 1579 secessu
1027 1523 1241 1579 assidue
1290 1523 1554 1579 sacriﬁcia
1596 1522 1876 1589 obtulisse,
1930 1524 2266 1579 ministrante

673 1613 890 1671 Victore
919 1616 1168 1684 diacono,
1197 1618 1287 1688 qui
1315 1633 1437 1673 eum
1463 1633 1583 1674 eum
1611 1617 1732 1672 aliis
1750 1616 2018 1673 nonnullis
2039 1616 2266 1673 cemitu-

670 1716 755 1765 tus
788 1708 957 1765 fuerat
1011 1710 1171 1781 (Epp.
1200 1727 1251 1773 ν,
1281 1709 1517 1783 xxxvn).
1572 1710 1808 1765 Aderant
1857 1708 2120 1765 interdum
2150 1710 2267 1780 ph:-

670 1817 760 1859 res
785 1804 1045 1875 episcopi,
1075 1816 1125 1859 et
1155 1819 1256 1859 una
1297 1819 1417 1858 cum
1455 1802 1723 1876 Cypriane
1761 1804 2033 1860 Aurelium
2075 1813 2128 1858 et
2166 1801 2265 1859 Ce-

670 1895 898 1951 lerinum
945 1896 1343 1961 ordinaverunt,
1405 1905 1465 1952 nt
1512 1907 1659 1968 patet
1711 1913 1778 1953 ex
1820 1896 1956 1968 Epp.
1998 1912 2172 1952 xxxttt
2210 1906 2265 1952 et

670 2005 857 2046 xxxiv.
888 1990 1190 2059 Quinetiam
1229 1991 1296 2047 de
1313 1991 1590 2048 sacriﬁciis
1645 1993 1758 2048 suis
1802 1992 1882 2048 sic
1923 1991 2177 2062 loquitur,
2210 1998 2267 2045 ut

676 2084 1017 2156 frequentem
1040 2086 1294 2158 populum
1320 2100 1674 2157 congregasse
1724 2084 1984 2142 videatur.
2007 2085 2094 2140 Ait
2121 2083 2263 2139 enim

670 2176 723 2232 in
755 2177 993 2250 Epistela
1022 2194 1148 2241 xvt,
1181 2193 1302 2249 qua:
1347 2188 1428 2234 est
1475 2179 1544 2232 ad
1601 2182 1912 2249 confessam
1962 2176 2264 2232 Romanos:

677 2288 697 2324 ι
731 2271 793 2325 Et
823 2286 921 2326 nos
947 2271 1184 2341 quidem,
1209 2272 1373 2327 vestri
1404 2271 1591 2326 diebus
1618 2285 1679 2325 ac
1698 2269 1943 2325 noctibus
1964 2282 2262 2336 memores,

670 2373 726 2418 et
751 2364 964 2435 quando
1007 2366 1059 2420 in
1115 2365 1393 2421 sacriﬁciis
1431 2380 1644 2435 precem
1693 2379 1814 2421 cum
1863 2363 2103 2433 pluribus
2131 2362 2259 2418 faci-

666 2472 812 2524 tnus,
842 2467 1038 2513 etcum
1069 2458 1120 2513 in
1151 2472 1368 2513 secessu
1398 2459 1617 2530 privatis
1632 2458 1885 2530 precibus
1901 2472 2139 2520 eramus,
2170 2471 2263 2512 co-

670 2552 818 2607 ronis
847 2566 910 2607 ac
935 2551 1181 2608 laudibus
1208 2554 1398 2609 vestris
1429 2553 1636 2624 plenam
1659 2568 1689 2609 a
1722 2553 1949 2609 Domine
1977 2552 2261 2609 faventiam
2340 2582 2347 2601 ι

672 2642 1021 2714 postulamus.
1040 2664 1057 2697 ι
1084 2644 1216 2703 Cum
1245 2656 1424 2700 autem
1450 2645 1707 2702 Ecclesia:
1733 2661 1916 2701 curam
1938 2645 2268 2729 presbyteris

612 2770 619 2775 -
671 2747 726 2793 et
755 2738 997 2794 diaconis
1024 2739 1418 2806 commisisset,
1449 2755 1513 2797 ac
1542 2750 1833 2811 praeterea,
1866 2748 1924 2796 ιιι
1952 2740 2119 2812 ipsius
2144 2755 2264 2794 vcr-

676 2829 759 2884 his
802 2838 1028 2887 utar-ex
1094 2832 1193 2901 Ep.
1230 2848 1477 2897 xxxvnt,
1527 2849 1622 2903 pro
1660 2848 1721 2889 se
1758 2834 1987 2889 viearies
2036 2834 2270 2889 misisset

669 2923 809 2980 duos
851 2926 1152 2996 episcopos,
1184 2926 1500 2982 Caldeuium
1531 2937 1586 2983 et
1627 2927 1983 2983 Herculanum
2009 2968 2024 2992 ,
2069 2927 2263 2998 quibus

674 3016 992 3087 adjnnxcrat
1027 3018 1379 3091 Rogatianutu
1424 3029 1479 3075 et
1521 3019 1862 3076 Numidicum
1902 3021 2264 3093 presbyteros,

674 3111 742 3168 de
776 3113 1024 3170 omnibus
1057 3115 1121 3170 ad
1149 3130 1270 3171 eum
1293 3115 1647 3184 referebatur,
1678 3132 1777 3174 nec
1799 3118 2086 3189 quidquam
2114 3118 2182 3172 ab
2203 3133 2268 3174 ce

670 3208 928 3263 omissum
984 3210 1125 3280 qttod
1154 3210 1368 3281 quidem
1397 3210 1463 3265 ad
1495 3226 1756 3284 pauperes
1796 3211 2176 3278 sublevandos,
2202 3212 2266 3266 ad

671 3298 1008 3355 confes-ores
1033 3300 1391 3356 cohortandos
1414 3316 1477 3357 ac
1528 3303 1793 3359 interdum
1815 3303 1974 3358 etiam
2005 3303 2268 3374 castigari-

672 3388 791 3455 des,
838 3391 901 3443 ad
947 3390 1214 3461 lapsorum
1246 3392 1429 3448 ruinas
1471 3394 1817 3462 reparandas,
1868 3395 1933 3450 ad
1974 3395 2269 3466 disciplina:

672 3482 1102 3538 observationem
1132 3494 1183 3538 ct
1218 3484 1468 3540 lieclesim
1505 3486 1925 3555 pacificationem
1956 3488 2267 3558 pertineret.

673 3576 802 3644 Sed,
831 3578 953 3648 quia
993 3578 1195 3635 litteras
1227 3580 1365 3636 illius
1397 3582 1447 3635 in
1480 3596 1697 3638 secessu
1732 3583 1959 3655 scriptas
1991 3585 2081 3641 alii
2110 3586 2268 3642 aliter

674 3671 920 3726 ordinant
944 3713 960 3738 ,
990 3687 1093 3727 non
1120 3672 1480 3741 perfunctorie
1502 3672 1656 3729 nobis
1678 3676 2030 3730 examinanda
2051 3691 2137 3731 res
2163 3686 2264 3733 est.

840 3836 912 3848 -·
937 3824 1003 3864 DE
1032 3824 1271 3864 LITTERIS
1306 3824 1462 3865 ειειιι
1493 3825 1691 3866 ROIANI
1734 3826 2107 3870 CARTHACINEI
2151 3828 2236 3869 IIS
2256 3844 2265 3854 ·

706 3918 802 3968 SIS,
829 3917 1101 3968 POSTQUAM
1129 3919 1427 3959 CYPRIANUI
1457 3919 1758 3962 SECESSISSE
1785 3921 2091 3962 NUNTIATUM
2114 3922 2227 3962 EST.

742 4035 1047 4108 Presbyteri
1067 4046 1118 4091 et
1148 4036 1357 4094 diaconi
1388 4038 1635 4106 Romani,
1658 4039 1722 4094 ad
1743 4054 1901 4111 quos,
1926 4050 2138 4097 mortue
2168 4040 2268 4095 Fa-

671 4128 850 4192 biano,
884 4145 1062 4184 rerum
1092 4130 1629 4189 administrandarem
1658 4149 1865 4190 summa
1898 4135 2153 4203 redierat,
2200 4151 2265 4190 ex

669 4221 996 4287 t‘lementio,
1018 4222 1154 4287 sive,
1199 4231 1257 4277 ut
1284 4234 1433 4279 vocat
1472 4225 1752 4291 Baluzins,
1786 4227 2095 4282 Crementie
2134 4226 2264 4281 snh-

669 4310 896 4367 diacono
939 4311 1344 4385 Carthaginiensi
1402 4314 1472 4371 de
1510 4317 1760 4389 Cypriani
1796 4332 2011 4374 secessu
2059 4318 2263 4374 didice-

673 4412 818 4459 runt.
840 4402 1082 4476 Cumque
1114 4421 1200 4461 res
1231 4425 1249 4459 ι
1287 4407 1462 4462 minus
1492 4408 1807 4479 simpliciter
1832 4421 1886 4466 et
1920 4409 2098 4466 minus
2129 4410 2265 4466 ﬁde-

670 4495 812 4563 liter,
852 4517 872 4550 ι
908 4506 966 4552 ιιι
1007 4499 1084 4554 ait
1128 4498 1429 4572 Cyprianus
1457 4500 1626 4572 Epist.
1661 4520 1760 4570 xv,
1796 4503 1983 4562 fuisset
2026 4506 2266 4562 nuntiata

670 4589 787 4644 sive
815 4589 885 4643 ab
914 4589 1016 4647 hoc
1036 4591 1386 4656 subdiacono,
1418 4595 1533 4649 sive
1552 4595 1622 4649 ab
1640 4596 1762 4651 aliis
1783 4597 1951 4670 (hunc
1971 4599 2113 4654 enim
2159 4615 2264 4656 non

668 4693 885 4737 accusat
926 4684 1294 4756 Cyprianus),
1351 4687 1483 4743 duas
1536 4690 1789 4759 epistolas
1847 4707 1947 4764 per
2015 4696 2262 4749 eumdem

672 4772 1038 4832 Crementium
1088 4776 1463 4851 Carthaginem
1535 4783 1837 4851 miserunt,
1905 4786 2129 4842 alteram
2198 4787 2265 4843 ad

669 4866 995 4940 Cyprianum
1026 4871 1092 4928 de
1137 4883 1309 4929 morte
1348 4874 1603 4943 Fabiani,
1634 4894 1753 4947 quae
1797 4880 2014 4951 quidem
2055 4882 2122 4937 ad
2168 4899 2266 4941 nos

669 4966 931 5035 pervenit,
963 4965 1187 5022 alteram
1228 4966 1294 5020 ad
1353 4967 1520 5036 ipsius
1541 4969 1780 5036 clerum;
1822 4988 2144 5043 quamquam
2191 4977 2267 5030 ait

669 5055 972 5127 Cyprianus
989 5100 1003 5121 ,
1039 5076 1059 5109 ι
1112 5073 1211 5114 nec
1235 5058 1358 5129 quis
1386 5060 1682 5130 scripserit,
1717 5077 1815 5118 nec
1839 5064 1907 5119 ad
1930 5081 2068 5135 quos
2091 5066 2265 5137 scrip~

672 5158 781 5203 tum
803 5149 872 5205 sit
902 5149 1266 5221 signiﬁcanter
1293 5165 1609 5219 expressum
1649 5172 1669 5205 ι
1705 5152 1890 5210 fuisse.
1918 5154 1974 5211 In
2003 5157 2102 5214 hac
2124 5160 2269 5228 epis-

672 5242 799 5307 tola,
826 5256 945 5311 qua:
976 5243 1133 5297 tertio
1176 5241 1296 5297 loco
1328 5243 1468 5313 apud
1513 5242 1809 5301 Pamelium
1847 5246 2079 5305 volvitur
2103 5291 2118 5317 ,
2165 5251 2265 5307 etsi

671 5333 801 5389 nihil
829 5335 1142 5390 nominatim
1173 5332 1240 5389 de
1258 5331 1529 5405 Cypriane
1572 5336 1673 5392 nisi
1707 5337 2002 5397 honoriﬁce
2035 5340 2263 5409 dicitur,

669 5428 748 5482 sie
778 5436 954 5484 tamen
978 5427 1047 5483 de
1066 5427 1209 5483 illius
1228 5441 1444 5482 secessu
1474 5426 1855 5499 lequunlur,ut
1878 5433 2025 5489 illum
2043 5434 2265 5492 minime

672 5522 934 5593 probent:
980 5525 1059 5580 sic
1085 5522 1154 5583 de
1183 5528 1449 5583 bonorum
1504 5534 1779 5592 pastorum
1809 5530 1950 5585 netis
1971 5531 2262 5598 disserunt,

667 5615 819 5686 quasi
845 5630 937 5671 eas
972 5616 1282 5677 desiderent
1311 5623 1363 5678 in
1401 5624 1696 5696 Cypriane;
1730 5622 1809 5678 sic
1834 5622 2065 5693 denique
2088 5623 2266 5694 gregis

668 5707 964 5763 custodiant
997 5708 1144 5765 clere
1163 5709 1986 5785 Carthaginensicommendant,
2008 5715 2160 5785 quasi
2186 5714 2263 5769 vi-

669 5799 770 5853 dua
794 5810 940 5856 esset
960 5803 1214 5874 episcopo
1242 5807 1492 5863 ecclesia.
1514 5806 1650 5862 Illud
1673 5807 1833 5863 etiam
1858 5808 2126 5881 Cypriane
2152 5824 2266 5864 mo-

672 5890 863 5948 lestum
892 5910 922 5947 e
953 5910 1014 5950 sc
1041 5906 1248 5965 poterat
1274 5899 1414 5970 quod
1433 5900 1633 5956 clerum
1655 5898 2127 5973 Carthaginiensem
2159 5902 2263 5959 lle-

2373 502 2518 561 mani
2560 509 2812 575 rogarent
2866 507 2923 557 ut
2969 499 3161 558 harum
3211 499 3510 558 litterarum
3553 500 3858 574 exemplum
3897 500 3965 560 ad

2372 610 2737 667 quoscumque
2769 604 2948 666 posset
2986 595 3373 651 transmitteret
3416 609 3514 666 per
3559 594 3780 652 idoneas
3807 610 3969 654 occa-

2371 690 2573 753 siones,
2597 690 2679 745 vel
2707 705 2833 746 suas
2859 691 3079 748 faceret.

2447 781 2550 836 Has
2561 780 2704 837 Cleri
2733 782 2956 838 Romani
2985 782 3189 839 litteras
3207 782 3349 840 circa
3366 797 3608 841 mensem
3635 783 3832 840 maium
3850 784 3936 841 cel
3951 812 3970 826 -

2372 870 2515 926 locat
2541 871 2945 938 'I‘illemontios;
2993 874 3087 929 sed
3126 873 3415 931 verisimile
3456 889 3562 932 non
3611 874 3670 930 ﬁt
3695 875 3969 934 Romanos

2372 961 2441 1017 de
2477 971 2654 1017 morte
2711 962 2898 1027 Fabii.
2926 964 3015 1034 qui
3048 964 3136 1020 die
3179 964 3435 1036 vigesima
3477 966 3706 1042 jauuarii
3756 976 3961 1040 martyr

2371 1054 2523 1118 obiit,
2549 1062 2657 1109 tam
2687 1068 2810 1110 sere
2832 1054 3157 1128 Cyprianum
3183 1055 3378 1114 fecisse
3409 1058 3718 1114 certiorem.
3746 1059 3968 1115 Etiamsi

2371 1149 2669 1219 persecutio
2696 1146 2998 1206 facultatem
3039 1148 3197 1220 hujus
3226 1151 3305 1207 rei
3336 1150 3718 1222 prteclusisset,
3750 1161 3807 1208 ιιι
3832 1166 3968 1209 cen-

2366 1240 2909 1311 jicit'l‘illemontius,
2945 1242 3165 1298 nimium
3208 1251 3386 1300 tamen
3429 1244 3797 1302 intercedebat
3821 1260 3970 1302 com-

2370 1334 2557 1389 mercii
2587 1333 2811 1389 Romam
2829 1334 2970 1391 inter
2989 1342 3042 1390 et
3059 1334 3457 1407 Carthaginem,
3485 1351 3646 1407 quam
3679 1344 3737 1391 ut
3763 1335 3830 1393 de
3859 1345 3966 1392 tam

2371 1424 2563 1495 insigni
2608 1436 2805 1481 eventu
2864 1442 2959 1497 per
2977 1436 3208 1498 quatuor
3226 1443 3438 1484 menses
3464 1448 3484 1482 r
3519 1444 3703 1486 rumor
3723 1430 3968 1488 incertus

2371 1531 2515 1576 esset
2552 1529 2607 1575 et
2653 1521 2836 1591 opinio
2883 1522 3043 1577 dubia
3093 1531 3338 1587 nutaret.
3384 1543 3404 1577 ι
3450 1531 3513 1579 ιιι
3548 1524 3623 1579 ait
3664 1523 3968 1597 Cyprianus

2374 1613 2475 1685 Ep.
2519 1631 2593 1670 tv.
2626 1615 2830 1674 Deinde
2854 1632 2980 1674 vero
3001 1633 3066 1674 ex
3081 1618 3307 1689 epistola
3328 1617 3558 1676 Celerini
3582 1616 3648 1672 ad
3666 1617 3963 1675 Lucianurn

2373 1708 2536 1779 (inter
2570 1706 2915 1781 Cyprianieas
2959 1711 3074 1782 xxI)
3108 1710 3363 1768 discimus
3405 1714 3683 1785 sexaginta
3730 1714 3972 1786 quinque

2372 1799 2609 1857 fesseres
2640 1801 2865 1859 Romam
2890 1802 3215 1876 Carthagine
3244 1806 3457 1861 venisse
3491 1806 3646 1875 paulo
3683 1816 3805 1878 post
3834 1806 3971 1865 Pas-

2370 1893 2470 1950 cha
2500 1904 2593 1950 aut
2621 1894 2757 1953 forte
2782 1897 2943 1953 etiam
2963 1906 3089 1955 ante
3114 1897 3340 1967 Pascha,
3373 1899 3515 1971 quod
3539 1900 3642 1957 hoc
3658 1914 3801 1957 anno
3830 1902 3972 1957 inci-

2370 1988 2451 2044 dit
2471 1988 2523 2042 in
2550 1988 2691 2044 diem
2721 1990 2751 2044 7
2772 1991 2930 2061 april.
2969 2006 3036 2047 ex
3075 1992 3227 2064 cyelo
3256 1986 3495 2058 Victorii,
3518 2002 3628 2049 aut.
3672 1995 3763 2059 5i,
3805 2004 3965 2050 mart.

2370 2095 2439 2137 ex
2470 2083 2622 2153 ryele
2644 2082 2945 2155 Hyppeliti.
2975 2085 3180 2142 Iudicat
3209 2095 3389 2144 tamen
3402 2087 3590 2145 Cieros
3614 2088 3883 2145 Romanus
3907 2090 3962 2144 in

2374 2173 2569 2229 litteris
2597 2175 2664 2230 de
2714 2176 2910 2247 quibus
2939 2193 3080 2235 nunc
3107 2180 3340 2252 agimus,
3364 2182 3632 2239 neminem
3646 2183 3966 2255 Carthagine

2374 2267 2586 2322 venisse
2615 2283 2681 2324 ex
2704 2284 2810 2340 quo
2830 2269 2897 2327 de
2915 2285 3131 2328 secessu
3145 2270 3398 2345 Cypriani
3415 2276 3612 2332 certior
3627 2277 3741 2333 fieri
3762 2288 3963 2349 posset,

2374 2368 2573 2429 praeter
2598 2360 2953 2418 Clctuentium
2971 2364 3379 2422 subdiaconum.
3397 2367 3561 2424 Multo
3582 2384 3712 2440 ergo
3728 2369 3969 2439 probabi-

2373 2451 2478 2506 lius
2502 2462 2586 2507 est
2616 2451 2753 2509 hanc
2787 2455 3068 2524 epistolam
3097 2472 3287 2514 mense
3312 2460 3507 2515 martio
3532 2459 3749 2515 allatam
3785 2461 3964 2517 fuisse.

2443 2543 2549 2600 Sed
2573 2546 3146 2616 objicit'l‘illcmentius
3166 2550 3492 2623 Cyprianum
3512 2554 3563 2609 in
3597 2553 3835 2625 Epistula
3874 2572 3967 2620 xv,

2372 2651 2532 2706 quam
2559 2647 2746 2694 :estate
2777 2642 3031 2712 scriptam
3062 2642 3224 2699 fuisse
3252 2654 3488 2708 constat.
3521 2646 3599 2701 sic
3624 2645 3799 2703 dehis
3820 2646 3972 2704 Cleri

2376 2728 2601 2786 llornani
2631 2733 2824 2789 litteris
2845 2734 3011 2807 loqui,
3038 2745 3094 2791 nt
3115 2752 3208 2793 eas
3238 2752 3408 2808 nuper
3434 2739 3627 2795 missas
3652 2754 3776 2796 esse
3801 2740 3970 2797 dicat.

2372 2822 2576 2892 Qumrit
2602 2823 2798 2881 deinde
2821 2841 2937 2892 cur,
2966 2842 3088 2883 cum
3116 2828 3417 2901 Cyprianus
3441 2831 3523 2886 his
3566 2831 3757 2887 litteris
3790 2834 3973 2891 statim

2374 2920 2732 2989 responderit,
2765 2921 2988 2979 Romani
3016 2931 3125 2979 tam
3155 2940 3278 2980 sero
3299 2928 3675 2997 rescripseriut
3696 2946 3709 2983 :
3733 2928 3971 2985 nondum

2374 3014 2517 3068 enim
2573 3014 2622 3068 id
2680 3012 2915 3071 fecerant
2945 3031 3066 3072 cum
3098 3018 3395 3090 Epistolam
3446 3037 3519 3077 xv
3561 3020 3820 3079 scriberet
3863 3025 3973 3095 (Zy-

2374 3108 2610 3180 priauus.
2641 3108 2782 3164 Nihil
2811 3112 2999 3180 probat
3028 3110 3180 3176 illud,
3213 3130 3232 3164 ι
3255 3127 3448 3183 nuper,
3483 3133 3498 3166 ι
3534 3113 3677 3185 quod
3705 3129 3800 3185 pro
3826 3116 3974 3171 varia

2373 3203 2449 3258 rei
2487 3203 2897 3260 consideranda:
2941 3204 3147 3259 ratione
3178 3205 3379 3260 variam
3425 3206 3586 3262 habet
3623 3208 3971 3264 sententiam.
4014 3258 4027 3267 .

2373 3294 2677 3367 Cyprianus
2721 3296 2773 3351 in
2809 3296 2910 3367 Ep.
2949 3314 3071 3362 va,
3103 3297 3371 3370 quoddam
3412 3310 3978 3356 antecessoremsuo-

2373 3406 2511 3467 ruur
2525 3388 2797 3445 decretum
2825 3390 3144 3461 jampridem
3174 3405 3238 3448 ac
3260 3408 3422 3462 nuper
3443 3389 3643 3449 factum
3676 3407 3798 3448 esse
3819 3393 3973 3448 dicit.

2376 3482 2553 3538 Potuit
2577 3499 2704 3556 ergo
2730 3484 2911 3539 dicere
2938 3501 3099 3556 nuper
3127 3499 3187 3541 se
3220 3485 3492 3557 accepisse
3519 3487 3802 3556 epistolam
3834 3498 3966 3544 ante

2373 3586 2601 3646 quatuor
2631 3590 2845 3632 menses
2881 3586 3175 3647 acceptam,
3207 3590 3331 3633 cum
3371 3579 3665 3649 prmsertim
3699 3579 3844 3635 nulla
3871 3579 3978 3636 alia

2377 3682 2470 3737 per
2498 3677 2664 3722 totum
2693 3668 2822 3723 illud
2868 3678 3076 3740 tempus
3117 3670 3341 3739 epistola
3387 3671 3641 3745 venisset.
3686 3670 3881 3728 Facilis
3918 3682 3980 3726 et

2373 3763 2625 3832 eitpedita
2679 3764 2819 3819 ratio
2859 3773 2942 3820 est
2996 3778 3092 3819 cur
3137 3763 3364 3821 Romani
3417 3764 3653 3821 nendum
3705 3764 3981 3839 Cypriane

2373 3855 2781 3925 respondissent
2806 3855 3139 3927 mensejulio
3162 3874 3177 3923 ;
3214 3857 3449 3913 nondum
3470 3858 3613 3914 enim
3636 3859 3981 3929 suSpieienes

2374 3947 2739 4018 deposuerant
2787 3949 2963 4005 adhuc
3016 3950 3269 4020 patebant
3319 3966 3506 4007 eorum
3550 3966 3710 4007 aures
3776 3952 3982 4023 iniquis

2372 4043 2741 4108 sermonibus,
2771 4051 2830 4098 ut
2856 4043 3039 4098 videre
3058 4052 3138 4098 est
3164 4044 3315 4099 initio
3358 4044 3611 4115 Epistola:
3649 4060 3738 4099 xv.
3769 4044 3979 4114 Quam-

2373 4136 2558 4192 obreut
2617 4152 2723 4191 non
2777 4135 3104 4206 rcSpeudere
3173 4144 3505 4201 statuerant;
3585 4138 3710 4194 hinc
3766 4136 3979 4192 litteras

2374 4245 2559 4286 mense
2579 4230 2715 4300 julie
2743 4245 2849 4285 non
2875 4231 2972 4300 ipsi
2998 4229 3287 4302 Cypriane,
3311 4229 3406 4289 sed
3432 4230 3549 4299 ejus
3576 4230 3723 4285 clere
3746 4231 3979 4301 inscrip.

2371 4335 2595 4388 serunt;
2642 4324 2885 4393 quamvis
2922 4323 3141 4378 minime
3192 4322 3411 4377 dttbittm
3461 4322 3530 4378 sit
3574 4322 3703 4393 quin
3747 4322 3979 4393 primam

2372 4416 2624 4489 Cypriani
2650 4416 2932 4488 epistolam
2963 4416 3320 4487 accepissent,
3344 4415 3554 4472 etiamsi
3580 4425 3707 4475 ante
3731 4431 3979 4473 mensem

2375 4512 2574 4566 maium
2593 4512 2794 4581 scripta
2824 4526 2927 4567 non
2961 4510 3168 4567 fuisset.

2373 4647 2466 4704 IX.
2496 4681 2569 4690 —-
2617 4666 2683 4704 nr.
2733 4666 2890 4705 PRIIIA
2936 4665 3179 4707 cvrnuat
3224 4664 3546 4711 ιιοιιιικοιιυιι
3591 4665 3838 4707 ιιττειιιε
3872 4666 3983 4706 nt:-

2445 4757 2745 4799 SPONSIONE.
2775 4773 2846 4783 -—
2872 4760 2937 4798 DE
2988 4758 3256 4799 TREDECI!
3289 4758 3529 4800 LITTEBIS
3545 4759 3982 4800 ANTESECUNDASI

2446 4851 2836 4893 RESPONSIONEII
2884 4850 3118 4892 SCRlPTlS
3167 4851 3235 4892 ET
3276 4849 3446 4892 SHIUL'
3478 4852 3585 4892 ουιι
3630 4852 3751 4892 ιιιΑ
3790 4850 3983 4891 ιιοιιλιι

2447 4942 2722 4995 PERLATIS,
2755 4943 2821 4983 EX
2851 4942 3033 4992 QUIBUS
3060 4942 3266 4984 IIULTAS
3288 4942 3603 4984 DESIDERAM
3622 4941 3982 4984 OSTENDITUR.

2444 5062 2640 5118 Primis
2668 5062 2858 5118 litteris
2885 5061 3027 5119 Cleri
3062 5063 3287 5120 Romani
3330 5066 3509 5121 statim
3546 5064 3823 5135 respondit
3867 5063 3984 5136 Cy-

2375 5156 2614 5226 prianus,
2644 5164 2697 5210 et
2724 5156 2795 5212 de
2826 5158 3064 5227 glorioso
3100 5156 3320 5214 Fabiani
3352 5160 3498 5215 exitu
3528 5160 3829 5230 gratulatus
3853 5171 3930 5215 ρει
3961 5203 3981 5229 ,

2372 5246 2443 5309 de.
2466 5265 2570 5319 quo
2597 5257 2753 5305 antea
2782 5249 3219 5305 rtnnerincertus
3245 5261 3384 5306 erat.
3416 5251 3570 5320 Quod
3599 5264 3778 5308 autem
3809 5270 3971 5324 spec-

2375 5350 2451 5396 tat
2476 5340 2543 5396 ad
2584 5340 2783 5396 alteras
2832 5340 2899 5395 ad
2953 5340 3161 5397 clerum
3204 5341 3684 5413 Carthaginensem
3723 5345 3983 5415 scriptas,

2370 5450 2487 5489 rem
2521 5433 2811 5504 prudenter
2848 5434 3175 5489 tractandam
3220 5450 3340 5491 esse
3377 5434 3658 5507 judicavit.
3688 5436 3820 5493 Cum
3853 5438 3986 5491 anl-

2372 5527 2749 5584 madvertisset
2778 5528 2829 5582 in
2856 5525 2939 5582 his
2959 5527 3174 5593 litteris,
3212 5546 3231 5579 ι
3269 5542 3369 5584 nec
3391 5528 3510 5598 quis
3547 5530 3975 5600 scripseril,nec

2372 5620 2440 5676 ad
2469 5634 2604 5691 quos
2632 5620 2888 5691 scriptum
2915 5623 3004 5684 sit,
3036 5619 3401 5692 signiﬁcanter
3429 5636 3745 5691 expressum
3779 5641 3798 5675 ι
3825 5637 3979 5688 esse,

2369 5729 2602 5786 cumque
2633 5730 2754 5770 eum
2783 5734 2801 5767 ι
2842 5715 2892 5769 in
2928 5714 3117 5771 iisdem
3163 5715 3356 5770 litteris
3382 5725 3435 5771 et
3480 5715 3745 5787 scriptura
3769 5723 3823 5770 et
3852 5730 3991 5770 sen-

2369 5822 2462 5865 sus
2491 5816 2547 5863 ct
2566 5808 2768 5863 charta:
2794 5808 2923 5880 ipsa:
2950 5823 3162 5879 quoque
3180 5817 3482 5876 moverent,
3516 5823 3584 5864 ne
3601 5808 3730 5879 quid
3760 5823 3825 5864 ex
3847 5824 3994 5865 vero

2370 5900 2455 5961 vel
2483 5899 2813 5959 subtractum
2845 5908 2987 5959 esset
3018 5918 3037 5953 ι
3095 5900 3177 5958 vel
3207 5900 3575 5968 immutatum,
3619 5899 3862 5958 eamdem
3903 5903 3991 5958 ad
