4200 6262
210 231 283 287 οτ
1420 217 1580 276 vm
1616 210 1864 274 sxxc'rt
1899 209 2235 274 CYPRIANI.
3464 233 3543 291 93'

210 350 341 405 illos
370 343 659 418 epistolam
691 338 1053 396 authenticam
1088 358 1107 392 ι
1138 336 1368 401 remisit,
1404 356 1423 389 ‹
1456 342 1514 391 ιιι
1535 343 1824 403 recognos-

211 449 418 499 cerent
453 455 521 493 an
559 437 673 507 ipsa
718 443 865 490 esset
916 447 1076 503 quam
1120 430 1419 487 Clementio
1457 426 1827 499 bypodiacono

212 529 604 605 perferendam
627 546 647 580 ι
666 525 930 582 dederant
956 521 1080 597 (Ep.
1108 519 1207 592 tv).
1231 524 1319 587 At,
1351 520 1441 575 ubi
1473 532 1654 575 veram
1684 513 1828 585 cpis—

215 626 392 684 tolam
416 638 538 680 esse
560 620 845 691 comperit,
869 634 977 674 non
1015 623 1294 688 expectato
1318 614 1678 669 Romanorum
1709 623 1826 663 res-

215 733 426 793 penso,
446 718 640 773 iterum
655 712 872 783 scripsit
893 709 1150 783 purgandi
1173 710 1255 791 sui
1278 723 1458 776 causa,
1480 716 1536 764 et
1555 707 1825 762 actionum

216 824 449 870 suarum
476 810 740 865 rationem
761 803 950 862 sedato
973 802 1137 860 corde
1161 800 1438 872 exposuit,
1468 798 1645 854 missis
1665 798 1826 854 etiam

218 904 287 961 ad
315 901 419 961 eos
446 899 709 958 tredecim
732 895 928 952 litteris
944 937 957 959 ,
989 909 1108 965 quae
1139 891 1206 947 ab
1229 892 1348 961 ipso
1369 890 1532 946 variis
1554 888 1620 945 de
1644 888 1825 952 rebus,

222 1015 289 1057 ex
319 1013 431 1069 quo
451 999 789 1055 secesserat,
821 988 1058 1059 scriptae,
1087 985 1286 1042 nullam
1309 998 1528 1055 prorsus
1557 983 1832 1054 negligen-

224 1094 315 1149 tiae
359 1089 726 1161 suspicionem
756 1078 1150 1152 relinquebant.
1179 1075 1270 1133 Sic
1292 1085 1470 1130 autem
1502 1073 1599 1129 has
1625 1075 1831 1129 litteras

224 1195 490 1243 recenset
530 1178 863 1252 Cyprianus:
893 1193 912 1226 ι
949 1174 1016 1230 Ει
1052 1166 1180 1240 quid
1216 1167 1416 1239 egerim
1442 1207 1457 1234 ,
1499 1184 1520 1218 ι
1555 1163 1726 1235 inquit
1772 1162 1827 1218 in

227 1280 334 1351 Ep.
366 1277 483 1333 xv?
512 1294 532 1328 ι
568 1276 855 1347 loquuntur
883 1271 1037 1326 vobis
1085 1264 1327 1340 epistolae
1364 1276 1463 1332 pro
1501 1256 1832 1351 temporibus

228 1347 450 1431 emissa:
492 1380 718 1423 numero
746 1363 1002 1420 tredecim
1049 1374 1184 1434 quas
1208 1358 1275 1412 ad
1314 1371 1412 1411 vos
1442 1349 1745 1411 transmisi,
1777 1347 1831 1403 in

232 1468 427 1542 quibus
456 1477 561 1520 nec
585 1461 735 1518 clero
753 1455 1064 1519 consilium,
1085 1466 1186 1508 nec
1209 1447 1611 1506 conlessoribus
1636 1444 1835 1501 exhor-
1880 1448 1889 1455 '

237 1538 399 1626 ratio,
446 1570 549 1611 nec
594 1549 922 1617 extorribus,
956 1545 1169 1618 quando
1197 1542 1465 1615 oportuit,
1505 1538 1830 1611 obiurgatio,

238 1669 337 1711 nec
362 1652 631 1707 universa:
666 1642 985 1702 fraternitati
1010 1640 1076 1696 ad
1106 1636 1501 1710 deprecandam
1534 1635 1648 1697 Dei,
1673 1634 1835 1689 mise-

240 1744 527 1802 ricordiam
553 1738 810 1795 allocutio
832 1744 889 1792 et
925 1732 1208 1805 persuasio
1242 1739 1424 1787 nostra
1451 1726 1640 1792 deluit,
1670 1741 1836 1796 quan-

242 1850 351 1897 tum
381 1834 680 1893 secundum
714 1832 887 1902 legem
919 1826 1044 1883 ﬁdei
1085 1834 1143 1882 et
1182 1825 1426 1880 timorem
1459 1822 1576 1888 Dei,
1609 1819 1836 1876 Domino

243 1938 581 2005 suggerente,
611 1936 797 1984 nostra
842 1922 1184 1981 mediocritas
1210 1919 1383 1991 potuit
1426 1917 1578 1973 eniti.
1609 1914 1834 1971 Postea-

245 2043 403 2101 quam
430 2039 564 2081 vero
585 2032 638 2080 et
658 2026 921 2078 tormenta
950 2024 1245 2082 venerunt,
1270 2015 1384 2070 sive
1404 2012 1515 2085 jam
1543 2011 1698 2067 tortis
1723 2008 1835 2064 l‘ra-

248 2100 409 2175 tribus
437 2116 659 2181 nostris,
685 2113 803 2169 sive
822 2110 1001 2166 adhuc
1018 2118 1075 2163 ut
1103 2115 1483 2180 torquerentur
1500 2103 1740 2170 inclusis,
1769 2100 1837 2158 ad

248 2209 669 2271 corroborandos
706 2215 764 2263 et
797 2202 1179 2263 confortandos
1200 2216 1295 2258 eos
1323 2208 1508 2256 noster
1535 2212 1715 2255 sermo
1741 2211 1836 2268 pe-

250 2307 492 2363 netravit.
540 2303 791 2359 Item.....
835 2299 1042 2355 litteras
1097 2295 1198 2352 feci
1244 2295 1437 2366 quibus
1484 2304 1746 2365 martyres
1787 2299 1840 2348 et

252 2401 589 2457 confessores
612 2393 842 2452 consilio
869 2406 991 2447 meo
1020 2399 1277 2462 quantum
1316 2403 1527 2460 possent
1566 2388 1633 2442 ad
1658 2387 1841 2442 Domi-

254 2496 368 2550 nica
425 2500 688 2564 prrecepta
746 2498 1078 2543 revocarem.
1126 2482 1258 2539 Item
1286 2479 1614 2553 presbyteris
1634 2489 1690 2535 et
1719 2478 1838 2534 dia-

252 2589 398 2644 ronis
434 2602 542 2642 non
578 2582 745 2640 deluit
792 2577 1084 2637 sacerdotii
1123 2577 1392 2648 vigor.....
1438 2574 1586 2631 Plebi
1626 2588 1841 2645 quoque

253 2685 375 2758 ipsi,
407 2696 661 2757 quantum
688 2679 982 2753 potuimus,
1015 2676 1251 2732 animout
1276 2676 1749 2747 composuimus..:
1773 2673 1842 2730 de

252 2780 363 2837 hoc
388 2780 546 2835 etiam
571 2778 653 2833 bis
676 2777 741 2832 ad
765 2776 970 2831 clerum
994 2773 1200 2828 litteras
1220 2771 1339 2838 l‘eci,
1373 2779 1477 2825 etc.
1509 2790 1527 2822 ι
1560 2770 1839 2840 Permagni

256 2881 348 2929 est
379 2868 631 2926 momenti
674 2867 922 2924 tredecim
966 2864 1086 2920 illas
1132 2864 1336 2920 litteras
1377 2876 1663 2918 secernere
1703 2862 1843 2917 inter

257 2960 634 3036 Cyprianicas,
668 2976 729 3018 ac
769 2970 947 3017 utrum
988 2971 1183 3015 omnes
1218 2966 1422 3021 extent,
1474 2970 1540 3009 an
1571 2952 1842 3009 nonnulla:

261 3056 515 3131 perierint
534 3054 868 3127 investigare.
901 3051 1110 3108 Nullam
1138 3064 1360 3122 prorsus
1386 3045 1681 3103 desiderari
1703 3045 1840 3116 pati-

258 3165 342 3209 tur
368 3151 718 3219 Pearsonius;
750 3149 870 3216 sed,
897 3157 1094 3219 prmtcr
1140 3143 1430 3216 Epistolam
1483 3141 1724 3214 quintam
1774 3138 1841 3193 ad

260 3246 473 3312 clerum,
521 3258 715 3299 nonam
766 3240 833 3297 ad
881 3238 1222 3296 confessores
1262 3245 1317 3291 et
1352 3234 1587 3306 quinque
1616 3232 1749 3287 alias
1782 3231 1845 3286 de

260 3336 452 3410 Lapsis,
503 3353 697 3410 nempe
728 3354 791 3403 x,
855 3352 943 3402 xt,
996 3351 1102 3401 xtt,
1152 3349 1280 3399 xm,
1335 3347 1456 3396 xtv,
1516 3343 1635 3400 quae
1664 3325 1844 3381 verbis

261 3430 509 3502 Cypriani
538 3430 699 3486 modo
726 3412 907 3485 citatis
932 3434 1179 3483 accurate
1198 3421 1546 3495 respondent,
1575 3416 1844 3490 Epistolas

262 3543 447 3595 Lxxxt,
509 3542 733 3593 xxxvn,
784 3537 980 3589 xxxvi,
1049 3537 1176 3585 vnt,
1231 3535 1343 3585 vn,
1393 3532 1446 3573 vn
1487 3521 1626 3574 inter
1678 3514 1846 3571 trede-

262 3622 359 3675 cim
386 3622 502 3677 illas
543 3625 790 3675 numeral
832 3631 952 3689 qua:
982 3616 1206 3672 Romam
1235 3614 1411 3669 missa!
1439 3612 1668 3667 fuerunt.
1700 3605 1844 3663 Con-

263 3725 336 3769 tra
363 3714 739 3770 'l'illemontius
789 3720 1019 3783 quatuor
1042 3708 1312 3780 Epistolas
1350 3723 1414 3763 ex
1446 3707 1551 3785 illis
1588 3704 1843 3761 tredecim

261 3823 370 3878 qua:
397 3806 625 3861 Romam
638 3804 817 3860 missae
842 3813 990 3870 sunt,
1014 3802 1236 3873 periisse
1265 3798 1572 3865 contendit;
1603 3811 1667 3852 ac
1696 3794 1848 3866 Epis-

262 3900 391 3957 telas
420 3915 534 3965 vni,
590 3914 688 3964 vn,
734 3913 808 3960 vt.
855 3910 1023 3951 xxxvi
1057 3893 1230 3949 serius
1277 3891 1506 3963 scriptas
1525 3903 1646 3945 esse
1670 3895 1843 3960 putat,

263 4006 453 4063 nempe
493 3990 601 4046 hoc
626 4005 768 4044 anno
814 3987 923 4045 250
972 3993 1219 4042 exeunte.
1254 3981 1508 4051 Quamvis
1530 3981 1753 4038 molesta
1778 3980 1850 4036 sit

260 4081 564 4139 hominibus
587 4080 810 4138 eruditis
839 4079 1185 4151 epistolarum
1212 4073 1461 4147 Cypriani
1483 4072 1689 4145 jactura
1707 4115 1721 4139 ,
1757 4088 1851 4130 co-

256 4193 347 4247 gar
373 4187 552 4231 tamen
577 4188 763 4230 eorum
800 4170 1125 4228 desiderium
1152 4183 1372 4239 angere.
1404 4167 1682 4222 Assentior
1705 4165 1847 4221 enim

257 4270 603 4327 Tillemontio
618 4268 685 4326 de
699 4266 954 4340 Epistolis
970 4283 1080 4333 vm,
1106 4280 1198 4332 vn,
1216 4280 1291 4332 vt,
1319 4277 1501 4328 xxxvn;
1534 4270 1589 4317 at
1615 4261 1683 4317 de
1703 4270 1851 4319 octo-

254 4368 461 4441 gesima
484 4367 646 4438 prima
676 4374 733 4422 et
762 4365 1033 4438 trigesima
1075 4361 1299 4433 septima
1326 4373 1429 4415 nec
1451 4357 1551 4429 ipsi
1571 4371 1670 4413 nec
1690 4357 1854 4412 Pear-

257 4461 412 4516 sonio
432 4457 681 4515 assentiri
701 4472 915 4530 possum
938 4471 1031 4513 eas
1058 4455 1159 4510 hoc
1191 4464 1429 4524 tempore
1439 4452 1664 4522 scriptas
1680 4458 1735 4506 et
1754 4450 1853 4505 Ro-

258 4569 399 4609 mam
428 4552 626 4608 missas
650 4550 838 4619 fuisse.
868 4550 1052 4621 Itaque
1077 4563 1141 4603 ex
1171 4546 1428 4617 Epistolis
1458 4544 1712 4601 tredecim
1742 4542 1853 4599 Ro-

258 4661 398 4703 mam
421 4645 625 4710 missis,
658 4652 862 4716 septem
892 4649 1095 4698 tantum
1118 4639 1246 4694 mihi
1275 4638 1525 4694 videntur
1547 4651 1849 4708 superesse.

326 4737 461 4793 Illud
513 4735 572 4792 1⁸
634 4743 876 4792 notatum
938 4732 1096 4789 velim
1142 4729 1198 4785 in
1250 4729 1561 4786 testimonio
1602 4727 1853 4801 Cypriani

259 4830 401 4901 quod
428 4829 592 4887 modo
615 4827 896 4886 retulimus
923 4867 939 4892 ,
962 4821 1213 4881 undecim
1237 4830 1441 4877 tantum
1472 4820 1727 4891 epistolas
1757 4820 1852 4876 deo

260 4925 484 4998 signari,
517 4923 763 4997 quamvis
785 4920 1040 4979 tredecim
1062 4918 1239 4973 missm
1260 4915 1524 4971 dicantur.
1544 4913 1700 4981 Nam,
1731 4928 1857 4969 cum

262 5037 421 5078 unam
436 5020 505 5077 ad
532 5006 799 5092 martyres
827 5026 945 5088 post
972 5021 1259 5077 tormenta,
1289 5019 1344 5067 et
1372 5009 1606 5081 quinque
1630 5007 1764 5063 alias
1787 5004 1856 5063 dc

270 5117 436 5190 lapsis
455 5114 688 5186 scriptas
717 5110 1032 5169 nominatim
1060 5112 1481 5169 commemoret,
1512 5116 1738 5158 necesse
1775 5110 1859 5157 est

260 5223 319 5268 ut
352 5222 561 5283 septem
602 5208 722 5264 alia:
758 5206 855 5260 his‘
880 5201 1059 5259 verbis
1099 5195 1654 5268 comprehendantur:
1693 5212 1714 5248 ι
1748 5191 1859 5250 Nec

262 5308 412 5364 clero
443 5303 755 5367 consilium,
798 5312 899 5355 nec
944 5290 1343 5351 conlessoribus
1381 5287 1721 5355 exhortatio,
1758 5300 1860 5343 nec

258 5398 578 5458 cxtorribus
608 5393 823 5467 quando
844 5391 1079 5464 oportuit
1102 5387 1424 5461 objurgatio,
1467 5400 1567 5442 nec
1596 5384 1862 5441 universa:

258 5488 589 5551 fraternitati
629 5486 696 5543 ad
718 5482 1111 5557 deprecandam
1135 5481 1229 5536 Dei
1271 5476 1697 5535 misericordiam
1726 5474 1863 5530 allo-

259 5589 411 5645 cutio
433 5596 489 5643 et
507 5584 783 5658 persuasio
810 5588 991 5638 nostra
1013 5572 1201 5635 defuit.
1222 5595 1242 5630 ι
1267 5575 1327 5632 2°
1352 5575 1431 5632 Ex
1458 5573 1542 5629 bis
1564 5580 1708 5644 patet
1728 5586 1862 5628 con-

254 5683 595 5755 jccturarum
614 5692 832 5749 operam
849 5683 906 5731 et
919 5674 1096 5731 oleum
1123 5686 1217 5728 eos
1231 5668 1455 5740 perdere
1492 5666 1582 5738 qui
1608 5663 1861 5721 tredecim

258 5779 387 5843 illas
412 5774 622 5833 litteras
649 5773 747 5832 sibi
764 5770 1010 5833 videntur
1026 5771 1167 5830 inter
1188 5767 1537 5847 Cyprianicas
1560 5764 1859 5841 deprehen-

1939 330 2100 387 disse.
2131 331 2362 389 Ubinam
2388 333 2531 390 enim
2576 345 2781 408 septem
2813 338 3067 409 epistolas
3108 344 3378 416 reperient
3411 363 3531 418 qua:

1942 420 2027 478 his
2074 422 2327 496 Cypriani
2365 426 2542 482 verbis
2589 430 3007 501 respondeant?
3049 434 3139 490 ubi
3183 437 3287 492 illa:
3343 441 3534 495 litterae

1936 531 2070 587 quas
2096 535 2155 574 se
2192 518 2259 574 ad
2298 520 2644 592 presbyteros
2691 532 2749 580 et
2796 523 3054 581 diaconos
3099 547 3117 580 ι
3167 530 3472 602 frequenter
3506 550 3525 584 ι

1937 611 2221 680 scripsisse
2265 624 2490 671 testatur
2523 619 2575 673 in
2631 619 2727 689 Ep.
2761 633 2972 689 xxxvn,
3031 630 3089 678 ut
3131 632 3431 697 martyrum
3480 635 3536 683 ct

1938 701 2309 761 confessorum
2339 721 2523 763 curam
2566 708 2672 763 illis
2705 712 3151 770 commendaret?
3184 714 3298 771 Una
3330 725 3535 772 tantum

1938 804 2084 850 extat
2135 806 2262 852 ante
2333 798 2660 870 trigesimam
2709 803 3034 874 septimam,
3079 821 3275 877 nempe
3327 808 3535 878 quinta.
3620 806 3623 811 ’

1938 887 2148 945 Nullam
2195 906 2418 961 prorsus
2447 892 2708 951 habemus
2736 897 3043 955 extorribns
3070 900 3323 971 scriptam
3348 902 3537 973 objur-

1938 983 2097 1053 gandi
2142 999 2307 1041 causa
2331 1028 2347 1054 ,
2377 986 2589 1043 nullam
2623 1006 2641 1039 ι
2681 990 2944 1047 universa:
2986 990 3308 1050 fraternitati
3345 996 3412 1052 ad
3447 996 3541 1052 de-

1940 1076 2264 1145 precandam
2287 1078 2380 1134 Dei
2408 1080 2858 1140 misericordiam.
2890 1104 2909 1138 ι
2935 1086 3042 1142 Sed
3069 1089 3184 1144 ham
3198 1091 3540 1161 expressiora

1941 1176 1995 1222 et
2019 1168 2257 1238 planiora
2299 1170 2431 1227 ﬁent
2467 1187 2537 1227 ex
2584 1172 2669 1229 bis
2717 1190 2837 1246 qua:
2883 1176 2951 1233 de
2977 1177 3236 1249 Epistolis
3279 1197 3403 1251 vm,
3435 1198 3538 1250 vn,

1939 1277 2011 1327 vt,
2044 1278 2228 1329 xxxvr,
2251 1263 2477 1320 dicenda
2524 1270 2688 1335 sunt;
2732 1285 2854 1325 nam
2896 1271 2965 1328 de
3012 1274 3282 1346 trigesima
3312 1278 3540 1350 septima

1941 1354 1993 1409 itt
2046 1355 2221 1425 capite
2276 1358 2523 1428 sequenti
2572 1376 2812 1432 agemus,
2867 1364 2936 1421 de
2986 1370 3311 1440 octogesima
3370 1372 3541 1442 trima

1940 1461 2062 1501 cum
2087 1447 2155 1503 ad
2187 1451 2621 1518 persecutionem
2664 1453 2800 1512 Galli
2827 1468 2880 1513 et
2907 1458 3179 1517 Volusiani
3207 1466 3537 1527 venerimus.

2016 1540 2245 1597 Dubium
2285 1558 2406 1600 esse
2447 1560 2554 1602 non
2590 1557 2767 1618 potest
2787 1553 2915 1622 quin
2944 1554 3027 1610 ha:
3051 1567 3281 1627 quatuor
3299 1559 3542 1631 epistola:

1942 1636 2402 1709 scriptaefuerint,
2450 1653 2508 1697 ut
2554 1645 2805 1702 observat
2835 1647 3238 1722 Tillemontius,
3265 1669 3386 1709 cum
3413 1670 3540 1726 spes

1941 1732 2432 1804 appropinquantis
2454 1737 2601 1808 pacis
2629 1738 2952 1812 Cyprianum
2988 1757 3305 1803 recreasset.
3334 1748 3391 1803 In
3419 1765 3542 1820 sep-

1945 1827 2070 1881 tima
2121 1825 2365 1886 hortatur
2402 1831 2743 1891 confessores
2785 1844 2844 1891 ut
2881 1838 3056 1909 magis
3082 1853 3147 1894 ac
3176 1842 3344 1913 magis
3381 1843 3544 1913 proli-

1942 1920 2086 1975 ciant
2117 1921 2168 1977 in
2201 1922 2462 1991 Domino;
2499 1942 2519 1977 ι
2558 1937 2614 1982 ιιι
2641 1941 2767 1983 cum
2802 1945 2898 2000 pro
2920 1944 3017 1987 sua
3051 1932 3422 1990 misericordia
3450 1951 3545 2006 pa-

1944 2025 2059 2067 cem
2092 2011 2303 2081 l‘ecerit,
2326 2030 2486 2087 quam
2513 2033 2573 2074 se
2600 2019 2863 2077 facturum
2893 2026 3237 2096 repromittit,
3276 2046 3294 2080 ι
3340 2028 3463 2084 novi
3489 2038 3545 2085 et

1945 2119 2081 2175 pene
2103 2107 2293 2162 mutati
2327 2107 2396 2163 ad
2422 2107 2720 2167 Ecclesiam
2750 2123 3115 2172 revertantur.
3142 2116 3199 2171 In
3230 2128 3416 2175 octava
3445 2135 3541 2175 au-

1945 2197 2145 2254 divisse
2188 2213 2248 2255 se
2287 2209 2469 2257 narrat
2509 2203 2562 2258 in
2607 2204 2817 2261 visione
2855 2206 3108 2265 divinitus
3138 2210 3362 2267 oblata:
3397 2231 3415 2264 ι
3452 2214 3545 2271 Dic

1945 2288 2022 2343 illi
2065 2304 2290 2347 securus
2313 2293 2405 2361 sit,
2428 2294 2552 2367 quia
2597 2310 2699 2366 pax
2721 2307 2942 2354 ventura
2971 2312 3082 2366 est;
3114 2301 3210 2357 sed
3239 2304 3380 2375 quod
3411 2305 3548 2361 inte-

1945 2382 2047 2437 rint
2074 2383 2283 2440 merula
2310 2394 2394 2441 est
2414 2428 2430 2454 ,
2466 2398 2759 2459 supersunt
2797 2391 2972 2448 adhuc
3001 2393 3164 2465 aliqui
3195 2397 3283 2467 qni
3314 2397 3545 2468 proben-

1948 2480 2053 2527 tur.
2086 2492 2111 2553 »Α
2132 2471 2192 2529 In
2231 2490 2383 2531 sexta
2419 2486 2598 2535 autem
2641 2489 2696 2535 et
2733 2480 3005 2552 trigesima
3036 2494 3186 2541 sexta
3219 2486 3320 2543 hac
3347 2503 3450 2543 una
3487 2506 3546 2547 re

1945 2565 2175 2622 reditum
2206 2582 2365 2625 suum
2401 2569 2730 2643 interpellari
2771 2584 3026 2645 testatur,
3059 2581 3203 2651 quod
3242 2591 3445 2639 metuat
3473 2601 3543 2642 nc

1946 2671 2134 2718 auctor
2155 2663 2226 2718 sit
2254 2667 2565 2736 rumpenda:
2590 2668 2757 2738 pacis.
2788 2670 2894 2728 Sed
2919 2673 3261 2745 Pearsonius,
3282 2688 3341 2734 ιιι
3365 2695 3424 2736 se
3449 2679 3548 2739 hac

1950 2752 2266 2812 dil'lieultate
2291 2758 2556 2829 exsolvat,
2589 2763 3021 2822 comminiscitur
3047 2784 3061 2821 :
3087 2786 3106 2818 ι
3135 2769 3543 2843 Proconsulem,

1947 2846 2089 2902 circa
2116 2848 2220 2905 hoc
2245 2859 2475 2923 tempus,
2506 2865 2800 2928 martyrum
2823 2861 3085 2930 sanguine
3105 2864 3376 2933 satiatum,
3392 2846 3398 2852 ’
3413 2866 3546 2922 Car-

1951 2938 2220 3010 tltaginem
2248 2943 2562 3014 reliquisse,
2611 2957 2666 3002 et
2702 2948 2772 3003 ab
2801 2949 2903 3005 hoc
2929 2951 3071 3006 illius
3100 2952 3342 3011 discessu
3371 2971 3546 3027 persc-

1948 3030 2221 3092 cutionem
2250 3035 2420 3091 multo
2450 3036 2635 3093 mitius
2667 3038 2721 3092 in
2764 3038 2879 3095 dies
2909 3056 3006 3112 per
3042 3044 3385 3115 magistratus
3407 3047 3545 3105 Car-

1951 3126 2166 3197 thagine
2222 3125 2513 3184 exercitam
2572 3126 2775 3196 fuisse;
2822 3145 2946 3187 nam
2992 3143 3113 3203 post
3142 3134 3259 3192 hanc
3310 3147 3549 3211 tempora

1948 3230 2007 3279 ut
2033 3219 2103 3277 de
2133 3221 2479 3291 proconsule,
2507 3224 2579 3278 ita
2623 3224 2693 3280 de
2729 3228 3012 3283 tormentis
3050 3237 3143 3284 aut
3185 3232 3467 3288 vexatione
3496 3233 3549 3290 in

1948 3333 2169 3375 carcere
2211 3317 2412 3373 nullam
2468 3318 2805 3375 mentionem
2859 3320 2994 3377 ﬁeri.
3034 3340 3054 3374 ι
3099 3321 3208 3380 Sed
3255 3327 3548 3387 notandum

1952 3413 2006 3468 1ο
2031 3413 2081 3468 in
2108 3410 2350 3484 epistolis
2395 3427 2531 3483 quas
2570 3411 2798 3473 Romam
2845 3414 3039 3470 missas
3087 3415 3252 3473 fuisse
3298 3430 3549 3489 constat,

1950 3519 2191 3576 quasque
2214 3504 2538 3561 Pearsonius
2577 3516 2699 3574 post
2737 3504 2857 3561 illas
2880 3515 3109 3576 quatuor
3132 3508 3406 3579 collocat,
3441 3512 3556 3567 nul-

1953 3601 2060 3655 lum
2091 3600 2312 3656 omnino
2341 3599 2487 3670 pacis
2512 3599 2991 3670 appropinquantis
3037 3610 3221 3659 extare
3243 3606 3550 3674 vestigium.

1940 3711 1977 3745 ,ι
2013 3693 2172 3749 Acies
2202 3691 2378 3749 adhuc
2406 3692 2647 3763 geritur,
2688 3710 2707 3743 ι
2758 3692 2929 3762 inquit
2962 3690 3264 3763 Cyprianus
3293 3698 3346 3751 in
3374 3696 3549 3768 Epist.

1950 3801 2062 3851 xw,
2088 3804 2106 3836 ι
2165 3794 2218 3840 et
2262 3799 2402 3857 agon
2441 3784 2683 3855 quotidie
2714 3784 3035 3841 celebratur.
3076 3805 3094 3840 ι
3124 3785 3184 3842 In
3216 3787 3388 3860 Epist.
3422 3807 3550 3859 xxv,

1953 3880 2021 3935 ad
2047 3879 2263 3951 Moysen
2301 3888 2347 3933 ct
2374 3878 2504 3934 alios
2522 3883 2834 3952 confectores
2886 3878 3168 3951 Romanos,
3210 3899 3369 3954 quant
3398 3884 3556 3941 Pear-

1953 3973 2138 4029 sonius
2162 3987 2351 4030 mense
2372 3981 2600 4044 augusto
2640 3974 2858 4029 ineunte
2882 3972 3138 4045 scriptam
3169 3985 3339 4047 putat,
3375 3978 3452 4035 sic
3475 3978 3553 4036 le~

1953 4067 2096 4139 gitur
2124 4065 2176 4121 in
2208 4064 2444 4122 editione
2469 4064 2760 4122 Oxoniensi
2787 4082 2799 4120 :
2829 4084 2851 4119 ι
2883 4065 3161 4139 Contingit
3204 4066 3291 4124 bic
3316 4084 3411 4141 per
3437 4079 3551 4127 tor-

1954 4166 2136 4214 menta
2181 4158 2436 4230 martyria
2479 4156 2765 4214 celebrari.
2799 4176 2819 4213 ι
2852 4157 2909 4214 ln
2944 4158 3192 4231 Epistola
3238 4160 3459 4218 Luciani
3485 4163 3555 4219 ad

1957 4240 2266 4322 Celerinum,
2297 4268 2418 4324 qua:
2444 4252 2645 4324 scripta
2681 4261 2764 4310 est
2793 4263 2915 4325 post
2961 4270 3203 4312 mensem
3241 4257 3461 4325 maium,
3492 4272 3556 4314 ac

1957 4354 2144 4403 testate
2172 4346 2286 4417 jam
2323 4346 2552 4418 incoepta
2576 4387 2591 4414 ,
2622 4347 2852 4419 perspici
2898 4358 3078 4421 potest
3121 4349 3248 4421 quid
3291 4358 3554 4423 martyres

1957 4448 2085 4494 ante
2105 4453 2304 4510 paucos
2337 4437 2453 4495 dies
2500 4439 2642 4510 passi
2689 4440 2914 4497 fuissent
2966 4461 2986 4495 ι
3027 4457 3147 4498 cum
3176 4440 3315 4497 fame
3339 4450 3394 4497 et
3428 4441 3552 4510 siti,

1960 4534 2053 4590 sed
2075 4539 2126 4588 et
2157 4531 2294 4601 ignis
2324 4545 2525 4601 vapore
2553 4551 2572 4583 ι
2600 4535 2992 4588 cruciarentur.
3033 4533 3115 4588 Ac
3160 4533 3452 4602 generatim
3500 4533 3552 4588 in

1959 4624 2209 4680 omnibus
2231 4622 2334 4678 illis
2357 4621 2596 4692 epistolis
2638 4638 2757 4692 qua:
2784 4621 2854 4679 de
2878 4622 3042 4694 lapsis
3066 4621 3375 4693 loquuntur,
3404 4623 3551 4678 nulla

1960 4716 2113 4788 pacis
2139 4715 2338 4772 mentio
2367 4728 2473 4770 non
2522 4712 2688 4770 modo
2739 4713 2849 4784 jam
2890 4728 3198 4779 concessaz,
3245 4723 3303 4770 ut
3344 4715 3557 4773 videtur

1962 4810 2273 4878 Pearsonio,
2299 4808 2391 4866 sed
2417 4822 2484 4864 ne
2507 4789 2989 4878 appropinquantis
3001 4806 3239 4878 quidem.
3261 4806 3555 4879 Lapsorum

1962 4926 2178 4970 causam
2210 4909 2262 4964 in
2290 4904 2520 4962 reditum
2549 4915 2706 4959 suum
2745 4899 3010 4972 integram
3040 4900 3241 4956 servari
3279 4900 3430 4969 jubet
3453 4900 3558 4972 Cy-

1966 5005 2206 5077 prianus,
2239 5011 2303 5053 ac
2348 5008 2576 5053 necesse
2623 5008 2745 5050 esse
2799 4993 2989 5049 statuit
3020 5003 3077 5048 ut
3106 4992 3343 5049 Ecclesia
3373 5006 3558 5065 pacem

1969 5098 2197 5169 accipiat
2219 5110 2248 5149 a
2278 5091 2510 5151 Domino
2558 5100 2842 5160 antequam
2872 5088 3035 5162 lapsis
3061 5104 3244 5161 pacem
3273 5088 3557 5145 concedat.

1966 5197 2038 5254 At
2066 5207 2327 5261 nusquam
2350 5190 2550 5247 indicat
2570 5204 2630 5245 se
2651 5187 2717 5244 de
2741 5188 3079 5258 persecution
3090 5187 3131 5243 is
3174 5188 3278 5243 line
3306 5186 3562 5244 divinitus

1966 5288 2309 5362 cognovisse,
2342 5284 2585 5358 quamvis
2614 5298 2678 5339 ea
2706 5296 2795 5339 res
2822 5283 3058 5338 maxima
3091 5281 3330 5352 apposita
3372 5280 3564 5339 fuisset

1968 5384 2033 5439 ad
2055 5378 2346 5454 placandos
2376 5378 2647 5447 lapsorum
2667 5373 2899 5442 animos,
2920 5374 3087 5445 quise
3109 5372 3160 5427 in
3190 5372 3406 5445 longum
3427 5384 3565 5430 tem-

1968 5491 2069 5548 pus
2121 5469 2321 5528 dili’erri
2367 5467 2597 5524 moleste
2647 5465 2908 5521 ferebant.
2968 5464 3026 5519 2"
3056 5463 3137 5521 Ex
3188 5465 3411 5539 epistola
3471 5480 3565 5522 vnt

1969 5566 2289 5642 perspicitur
2334 5559 2760 5634 persecutionem
2787 5559 2879 5615 diu
2923 5559 3212 5617 swviisse:
3256 5579 3275 5613 ι
3317 5558 3471 5627 Quod
3518 5558 3567 5615 si

1971 5666 2078 5723 duo
2117 5658 2402 5719 unanimes
2453 5663 2656 5713 tantum
2704 5660 2978 5727 possunt,
3049 5651 3221 5721 inquit
3266 5692 3284 5718 ,
3342 5651 3477 5722 quid
3522 5653 3570 5710 si

1976 5757 2296 5820 unanimitas
2339 5750 2481 5828 apud
2516 5762 2711 5809 omnes
2746 5744 2931 5809 esset?
2974 5742 3128 5815 Quod
3174 5743 3252 5817 si,
3279 5743 3575 5809 secundum
