4200 6262
613 320 684 382 99
1096 313 1105 325 ’
1797 318 1959 379 VITA
2002 314 2245 379 SANCTI
2283 308 2630 380 CYPRIANI.

614 454 798 512 pacem
843 454 1002 511 quam
1031 438 1184 496 nobis
1215 438 1470 498 Dominus
1496 441 1669 506 dedit,
1707 440 1971 495 universis
2020 438 2196 493 fratri-
2250 446 2257 453 ’

614 533 712 589 bus
758 533 1100 598 conveniret,
1141 531 1464 607 jampridem
1503 536 1574 592 de
1611 536 1787 591 divina
1837 533 2202 592 misericordia

613 626 1048 696 impelrassemus
1079 642 1148 697 qu
1164 627 1232 682 od
1271 629 1521 700 petimus,
1549 643 1646 683 nec
1679 628 1879 684 tamdiu
1912 630 1962 682 iu
1989 629 2090 683 huc
2113 643 2197 682 sa-

611 718 734 774 lutis
758 728 812 775 et
836 719 957 774 fidei
985 729 1184 776 nostra:
1213 723 1448 792 periculo
1473 720 1875 779 (lectitaremus.
1910 742 1927 775 )
1961 721 2077 776 Non
2113 734 2205 791 pu-

612 814 709 868 tttit
732 828 863 884 ergo
886 812 1000 869 haec
1022 815 1246 885 epistola
1276 815 1438 871 scribi
1460 816 1645 871 mense
1669 816 1820 883 aprili
1844 818 1965 869 anui
1993 815 2119 871 250.
2146 812 2202 868 In

608 906 793 961 eadem
835 908 1057 977 epistola
1086 908 1201 964 haec
1222 909 1469 980 leguntur
1494 927 1548 962 εει
1578 908 1814 978 Denique
1833 908 1896 962 ad
1925 908 2202 961 minimum

607 998 865 1055 famulum
892 1014 1045 1056 suum
1071 1010 1125 1057 et
1166 1002 1218 1056 in
1253 1001 1474 1057 delectis
1506 1002 1629 1056 licet
1672 1001 1914 1071 plurimis
1946 999 2205 1054 CttllSliltl-

608 1101 739 1158 tum,
773 1102 827 1148 et
849 1093 1158 1164 dignatione
1187 1094 1305 1164 eius
1328 1094 1628 1165 indignum,
1661 1100 1839 1147 tamen
1868 1093 1958 1147 ille
1982 1109 2078 1164 pro
2108 1108 2202 1148 sua

606 1186 748 1240 circa
785 1200 884 1240 nos
934 1186 1176 1242 bonitate
1204 1186 1462 1241 mandare
1501 1185 1747 1256 dignatus
1782 1194 1903 1239 est:
1936 1185 2021 1239 die
2078 1184 2151 1238 illi
2185 1226 2197 1249 ,

605 1276 776 1346 inquit
805 1312 821 1341 ,
863 1291 1085 1333 securus
1114 1278 1221 1343 sit,
1252 1278 1377 1347 quia
1407 1290 1508 1346 pax
1541 1283 1765 1330 ventura
1791 1285 1908 1330 est:
1943 1276 2035 1330 sed
2060 1274 2201 1345 quod

540 1358 553 1371 ’
604 1367 821 1422 interim
862 1369 1066 1424 morula
1095 1376 1199 1436 est,
1226 1377 1519 1439 supersunt
1543 1367 1717 1422 adhuc
1755 1367 1916 1436 aliqui
1954 1366 2044 1437 qui
2077 1378 2200 1437 pro.

606 1459 815 1515 bentur.
855 1479 874 1513 ι
905 1460 962 1516 Si
990 1460 1106 1516 hac
1127 1461 1345 1530 scripsit
1377 1460 1676 1531 Cyprianus
1692 1474 1874 1513 mense
1897 1459 2051 1528 aprili
2076 1461 2203 1513 anui

603 1552 731 1618 250,
759 1568 857 1609 cur
877 1553 1054 1609 adhuc
1080 1568 1278 1609 annum
1328 1552 1381 1606 in
1418 1544 1635 1609 se‘cessu
1679 1552 1832 1605 latuit
1861 1552 1930 1606 ob
1953 1566 2204 1622 persecu-

604 1647 829 1703 tionem?
843 1664 941 1703 cur
959 1652 1008 1703 in
1026 1648 1267 1719 Epistula
1284 1663 1478 1714 χχχιιι,
1509 1662 1669 1718 quam
1687 1661 1829 1701 anno
1846 1646 1953 1701 250
1972 1657 2200 1703 exeunte

602 1741 854 1810 scriptam
885 1756 1005 1796 esse
1031 1749 1262 1806 constat,
1290 1741 1568 1796 Aurelium
1600 1741 1672 1795 ait
1713 1741 2047 1810 auspicatum
2077 1756 2202 1796 esse

616 1853 633 1886 ι
685 1849 870 1904 pacem
917 1833 1044 1888 dum
1091 1833 1305 1888 dedicat
1337 1834 1656 1889 lectionem?
1693 1853 1713 1887 ι
1755 1834 1810 1889 '5"
1845 1833 2079 1902 Epistula
2112 1848 2204 1888 vttt

614 1926 867 1996 inscripta
896 1936 974 1981 εει
1008 1925 1313 1997 presbyteris
1335 1935 1381 1980 et
1406 1926 1725 1990 diaconibus,
1756 1942 1983 1998 eamque
2004 1927 2061 1982 S.
2091 1929 2203 1982 Au—

608 2019 854 2090 gustinus
883 2017 1000 2091 (lib.
1033 2035 1086 2074 IV
1132 2019 1195 2073 de
1218 2017 1472 2088 Bapt.,c.
1498 2017 1579 2090 2),
1611 2019 1677 2073 ad
1717 2020 1920 2075 clerum
1948 2019 2201 2089 scriptam

603 2112 770 2168 fuisse
812 2122 1057 2168 testatur.
1100 2113 1234 2168 Eam
1294 2120 1474 2167 tamen
1513 2113 1833 2167 Pearsonius
1873 2111 2204 2182 respondere

604 2214 752 2274 putat
779 2205 864 2261 bis
880 2205 1131 2277 Cypriani
1153 2206 1372 2261 verbis:
1409 2225 1430 2258 ι
1457 2205 1566 2262 Nec
1588 2207 1854 2260 rmiverste
1881 2204 2202 2261 fraternitati

601 2297 668 2352 ad
694 2296 1089 2368 deprecandam
1131 2298 1222 2354 Dei
1261 2299 1685 2355 misericordiam
1713 2290 1968 2354 allocutio
1993 2307 2048 2353 et
2076 2313 2202 2368 per-

601 2393 782 2450 suasio
811 2402 990 2450 nostra
1022 2393 1209 2449 defuit.
1237 2414 1256 2447 ι
1293 2394 1497 2450 Deinde
1531 2409 1660 2450 vero
1686 2395 1909 2464 epistola
1936 2412 1957 2446 ‹
1995 2394 2197 2448 univer-

601 2501 672 2540 sw
714 2486 1022 2557 fraternitati
1060 2506 1078 2540 ι
1111 2486 1308 2557 scripta
1340 2486 1439 2542 fuit
1480 2497 1605 2543 ante
1633 2495 1931 2552 tormenta,
1960 2495 2020 2542 ut
2057 2494 2202 2557 patet

601 2596 664 2634 ex
696 2580 869 2650 Epist.
902 2596 1010 2652 xv;
1041 2590 1097 2637 at
1137 2580 1254 2650 jam
1292 2587 1559 2636 tormenta
1606 2579 1803 2636 inﬂicta
1872 2579 2199 2635 confessori-

604 2674 702 2728 bus
733 2672 898 2729 fuisse
938 2682 1165 2750 testatur
1210 2673 1518 2747 Cyprianus
1562 2676 1617 2730 in
1654 2676 1847 2731 eadem
1877 2673 2050 2746 Epist.
2083 2691 2199 2730 vni.

602 2756 746 2822 idem
802 2766 1086 2823 dicendum
1133 2767 1202 2823 de
1238 2768 1473 2838 Epistula
1509 2784 1611 2836 vn,
1654 2769 1706 2823 in
1759 2783 1860 2838 qua
1902 2767 2201 2840 Cyprianus

601 2863 941 2919 confessores
970 2863 1212 2933 pluribus
1238 2863 1481 2918 hortatur
1511 2874 1566 2917 ιιι
1593 2861 1947 2919 confessionis
1975 2862 2199 2932 gloriam

601 2954 853 3010 laudabili
882 2955 988 3010 vita
1008 2966 1276 3021 tueantur,
1304 2970 1601 3026 eorumque
1628 2957 1754 3010 vitia
1786 2970 1889 3011 non
1915 2968 2081 3025 pauca
2110 2968 2199 3009 re-

602 3049 886 3118 prehendit
926 3050 978 3104 in
1000 3048 1086 3104 his
1110 3050 1252 3120 quod
1274 3050 1515 3104 nonnulli
1534 3050 1844 3104 extorresin
1869 3051 2091 3119 patriam
2114 3048 2199 3103 in-

594 3141 730 3210 jussi
777 3141 1084 3199 rediissem.
1118 3141 1247 3198 Inde
1310 3156 1495 3197 ansam
1538 3141 1727 3210 arripit
1771 3140 2095 3195 Pearsonius
2146 3147 2201 3193 ut

601 3236 791 3305 probet
830 3236 1156 3307 Cyprianum
1203 3236 1272 3291 de
1326 3235 1426 3290 hac
1464 3221 1700 3307 Epistula
1758 3250 1829 3289 vn
1871 3235 2011 3303 loqui
2076 3250 2196 3288 cum

601 3328 1026 3400 ohjurgatiotrem
1077 3329 1380 3383 extorribus
1421 3344 1525 3383 non
1570 3326 1805 3384 defuisse
1840 3327 1989 3382 dicit.
2038 3330 2101 3382 At
2154 3327 2199 3382 si

604 3420 744 3475 hanc
772 3422 1051 3491 epistolam
1092 3431 1571 3477 commemorasset
1600 3419 1898 3493 Cyprianus
1926 3422 1976 3474 iu
2005 3410 2199 3476 litteris

603 3512 671 3566 ad
695 3511 911 3569 Clerum
953 3514 1276 3581 Romanum,
1310 3530 1413 3569 non
1456 3515 1599 3569 illam
1648 3529 1715 3569 ex
1764 3529 1871 3569 uno
1902 3525 1993 3569 aut
2030 3515 2200 3571 altero

604 3606 787 3674 verbo,
822 3607 963 3678 quod
990 3607 1154 3663 veluti
1181 3609 1448 3664 transiens
1468 3608 1621 3676 dixit,
1653 3608 1747 3664 sed
1776 3622 1838 3663 ex
1865 3609 2027 3663 totius
2057 3609 2199 3679 cpis-

603 3701 727 3756 tola:
756 3702 981 3757 consilio
1002 3712 1056 3759 et
1085 3704 1361 3773 proposito
1388 3703 1739 3774 designasset.
1777 3703 1854 3757 Ex
1887 3704 1983 3756 hac
2019 3713 2196 3757 autem

604 3792 875 3849 [‘earsonii
913 3794 1170 3864 Opinione
1226 3808 1435 3851 summa
1485 3795 1692 3850 ordinis
1742 3794 2074 3865 perturbatio
2115 3793 2200 3848 in-

600 3886 757 3943 ducta
775 3898 857 3943 est
887 3888 939 3944 in
971 3889 1239 3959 Epistolas
1267 3889 1539 3962 Cypriani.
1583 3889 1640 3945 In
1687 3890 1925 3961 Epistula
1971 3906 2045 3946 vn
2079 3890 2196 3947 edi-

602 3980 761 4035 tionis
805 3979 1147 4045 Oxonieusis,
1194 3996 1315 4052 quae
1367 3992 1451 4038 est
1501 3998 1673 4037 xxxvr
1707 3983 1847 4054 apud
1879 3982 2192 4053 Parnelium,

603 4072 789 4126 metuit
810 4074 1107 4144 Cyprianus
1135 4089 1226 4139 ne,
1260 4074 1304 4127 si
1328 4074 1530 4140 redeat,
1556 4093 1576 4127 ι
1600 4084 1788 4130 auctor
1803 4076 2198 4146 sitrumpcndzc

603 4163 784 4234 pacis;
817 4182 838 4216 ι
883 4167 936 4220 in
966 4167 1201 4237 Epistula
1236 4178 1414 4221 autem
1463 4183 1519 4221 ιιι
1560 4169 1697 4223 edit.
1730 4168 1931 4235 Oxon.,
1966 4185 2084 4240 quzc
2112 4178 2197 4225 est

602 4272 691 4313 vm
718 4258 892 4325 Pam.,
923 4268 1187 4315 tormenta
1205 4258 1602 4316 confessoribus
1634 4275 1822 4316 recens
1848 4262 2045 4317 inﬂicta
2071 4277 2186 4318 mo-
2260 4326 2266 4331 λ

603 4354 798 4407 morari
824 4352 1095 4409 existimat
1119 4353 1463 4411 Pearsouius.
1517 4354 1572 4409 ln
1630 4354 1882 4423 Epistolis
1913 4372 2010 4410 xm
2036 4364 2087 4411 ct
2107 4372 2196 4411 xiv

600 4447 796 4513 Oxon.,
828 4462 948 4517 qua:
972 4456 1100 4503 sunt
1124 4463 1197 4503 vn
1221 4457 1275 4503 et
1295 4465 1343 4502 v1
1373 4448 1546 4515 Pam,
1581 4458 1843 4521 martyres
1866 4451 1976 4520 jam
2022 4466 2053 4507 e
2073 4467 2192 4507 car-

598 4556 721 4595 cere
742 4541 945 4595 solutos
974 4554 1096 4597 esse
1127 4542 1469 4612 perspicitur.
1493 4543 1561 4597 At
1591 4542 1642 4595 in
1685 4541 1860 4613 Epist.
1894 4560 1965 4599 xv
1992 4544 2190 4614 Oxon,

603 4651 657 4690 xt
688 4635 867 4704 Pam.,
893 4635 1070 4692 adhuc
1096 4637 1284 4693 inclusi
1314 4648 1531 4693 carcere
1571 4647 1839 4695 tenentur.

599 4763 753 4825 XI—
776 4786 914 4827 onno
942 4788 1311 4828 EPISTOLABUII
1346 4790 1587 4830 evomam
1614 4791 1753 4831 ANTE
1784 4792 2019 4832 DECIMA)!
2040 4792 2193 4842 QUIN-

669 4881 778 4919 ΤᾹΜ
818 4883 886 4921 ΑΙ)
910 4864 1154 4924 ΒΟΜΔΝΟΒ
1183 4884 1441 4924 SCRIPTAM
1466 4887 1479 4935 ;
1517 4886 1581 4925 AC
1624 4886 1780 4927 PRIMO
1806 4889 1872 4927 DE
1901 4890 2095 4939 QUINTA
2125 4892 2193 4932 ET

671 4974 906 5015 NONA.—-
921 4976 1238 5016 REFEBENDA
1262 4978 1327 5017 AD
1343 4978 1502 5018 ALIUD
1542 4980 1747 5020 TEMPUS
1766 4982 2043 5023 TRIGESIMA
2073 4983 2191 5024 SEP-

670 5067 820 5108 TIMA.

668 5185 972 5244 Eliminatis
989 5188 1095 5244 illis
1120 5190 1361 5259 epistolis
1389 5203 1457 5246 ex
1491 5191 1611 5248 loco
1633 5206 1745 5248 non
1763 5208 1883 5260 suo,
1905 5194 2016 5266 jam
2042 5198 2192 5252 solu-

599 5280 701 5335 tior
727 5281 834 5336 erit
855 5288 911 5337 et
933 5282 1249 5352 explicatior
1276 5288 1597 5339 eteterarum
1622 5285 1757 5340 ordo
1781 5326 1795 5351 ,
1828 5296 1935 5341 tum
1982 5288 2194 5344 illarum

596 5388 716 5445 quae
745 5374 970 5429 Romam
1001 5376 1182 5431 missa:
1202 5373 1438 5442 fuerunt,
1460 5385 1569 5431 tum
1592 5392 1727 5449 quas
1757 5389 1944 5449 postea
1972 5379 2193 5452 Cypria-

596 5483 697 5522 nus
722 5458 1124 5538 ingrauescente
1148 5469 1421 5541 lapsorum
1459 5471 1687 5527 tumultu
1709 5513 1726 5540 ,
1755 5480 1869 5528 tum
1896 5489 2056 5545 quas,
2093 5489 2196 5545 spe

596 5560 740 5631 pacis
761 5558 943 5616 divino
976 5564 1179 5618 monitu
1224 5571 1465 5631 ostensa,
1500 5564 1719 5636 scripsit
1755 5564 1858 5621 hoc
1908 5580 2050 5622 anno
2083 5568 2195 5625 250

594 5665 844 5712 exeunte.
878 5656 1057 5711 Prima
1082 5658 1322 5713 omnium
1367 5659 1425 5713 in
1448 5674 1666 5715 secessu
1719 5663 2040 5732 scriptarum
2072 5664 2192 5718 exi-

594 5751 841 5807 stimatur
865 5767 927 5807 ea
959 5766 1078 5821 quae
1108 5752 1252 5821 apud
1283 5753 1571 5807 l’amelium
1606 5766 1657 5808 et
1692 5756 1743 5806 in
1788 5755 2025 5809 editione
2046 5755 2191 5810 Oxo-

600 5842 1042 5916 uiensiquiutum
1086 5843 1265 5900 locum
1290 5845 1531 5901 sortitur.
1574 5845 1884 5919 Respondet
1916 5850 2060 5904 enim
2106 5849 2188 5909 his

3813 319 3923 379 100

2324 440 2499 496 verbis
2528 437 2781 511 Epistola)
2806 452 2915 494 xv:
2951 456 2971 491 ι
3004 436 3114 494 Nec
3152 437 3301 495 clero
3343 437 3626 495 consilium
3659 438 3845 496 defuit.
3885 460 3906 494 ι

2317 531 2621 603 Pauperum
2654 547 2837 588 curam
2868 531 3015 588 clero
3042 531 3418 599 commendat,
3458 547 3519 587 ac
3563 532 3695 602 petit
3726 551 3744 584 ι
3785 532 3919 589 nihil

2316 624 2419 678 illis
2467 625 2624 689 desit,
2676 641 2797 680 cum
2848 638 3053 679 summa
3085 624 3261 679 omnis
3286 639 3407 694 quae
3430 624 3643 679 redacta
3670 634 3772 693 est,
3808 627 3920 683 illic

2315 719 2379 772 sit
2430 719 2570 789 apud
2621 721 2849 776 clericos
2882 719 3167 775 distrilmta
3210 721 3712 790 propterejusmodi
3735 739 3916 793 casus,

2318 820 2375 864 ut
2424 810 2682 866 baberent
2727 814 2906 882 plures
2958 812 3095 866 unde
3124 812 3188 866 ad
3230 813 3583 870 necessitates
3613 823 3667 869 et
3694 831 3919 885 pressu-

2314 916 2401 955 ras
2451 903 2781 973 singularum
2832 906 3042 974 operari
3090 904 3317 975 possint.
3376 924 3394 956 ι
3431 903 3686 960 Hortatur
3727 908 3914 975 etiam,

2312 1004 2363 1048 et
2391 995 2605 1049 invidiae
2650 995 2984 1051 d'cliuanda:
3022 1010 3207 1064 causa,
3239 1012 3259 1049 ι
3302 1012 3409 1053 non
3436 998 3771 1068 glomeratim
3815 1013 3920 1056 nec

2316 1099 2410 1154 per
2465 1087 2859 1142 multitudinem
2925 1088 3082 1142 simul
3129 1086 3370 1158 junctam
3410 1088 3751 1147 confessores
3786 1111 3805 1144 ι
3839 1093 3919 1147 νὶ-

2314 1188 2504 1237 sautur
2524 1226 2538 1251 ,
2564 1198 2626 1239 ac
2663 1203 2682 1236 ι
2717 1183 3013 1255 presbyteri
3037 1194 3250 1255 quoque
3276 1186 3363 1256 qui
3388 1185 3499 1241 illic
3521 1184 3660 1257 apud
3696 1186 3915 1242 confes-

2309 1284 2462 1330 sores
2517 1275 2793 1345 oll‘erunt,
2850 1276 3043 1349 singuli
3114 1280 3233 1332 eum
3278 1278 3501 1349 singulis
3540 1279 3780 1335 diaconis
3818 1295 3919 1352 per

2310 1369 2454 1423 vices
2499 1370 2784 1426 alternent.
2828 1389 2847 1422 ι
2883 1370 3145 1439 Equidem
3163 1369 3319 1426 facile
3353 1370 3592 1425 dederim
3629 1386 3693 1427 ex
3717 1373 3919 1443 episto-

2309 1463 2375 1516 lis
2399 1477 2534 1533 qnas
2563 1462 2792 1517 Romam
2822 1462 3121 1535 Cyprianus
3149 1462 3297 1517 misit
3326 1463 3583 1534 purgandi
3609 1465 3689 1519 sui
3716 1479 3877 1520 causa
3898 1507 3914 1535 ,

2311 1555 2510 1610 nullam
2562 1554 2723 1610 hodie
2761 1566 2947 1610 extare
2997 1568 3117 1625 quae
3154 1554 3278 1610 huic
3323 1555 3522 1625 quinta:
3550 1558 3918 1627 prteponcnda

2309 1646 2398 1701 sit.
2435 1646 2562 1712 Sed,
2592 1645 2733 1716 quod
2762 1645 3088 1701 Pcarsonius
3124 1655 3179 1701 et
3218 1645 3401 1701 Fellus
3429 1647 3763 1715 prcetenduut
3806 1648 3918 1718 pri-

2311 1752 2449 1795 mam
2492 1740 2733 1794 omnium
2771 1756 2838 1794 ac
2886 1741 3066 1794 statim
3118 1749 3277 1810 atque
3324 1742 3551 1796 secessit
3589 1740 3912 1814 Cyprianus,

2311 1836 2564 1909 seriptam
2619 1833 2803 1900 fuisse,
2851 1834 2901 1889 id
2951 1833 3079 1887 mihi
3139 1835 3463 1904 persuadere
3511 1848 3617 1889 non
3675 1852 3913 1906 possum.

2308 1927 2463 1995 Nam,
2492 1944 2613 1983 cum
2640 1928 2957 1999 Cyprianus,
2976 1938 3035 1983 ut
3063 1929 3172 1999 jam
3195 1928 3497 1995 observari,
3517 1930 3785 2001 sigillatim
3806 1945 3913 1987 non

2309 2019 2550 2088 designet
2590 2021 2846 2074 tredecim
2881 2020 3001 2075 illas
3031 2036 3219 2077 omnes
3270 2023 3502 2089 litteras,
3554 2037 3783 2093 cumque
3820 2037 3914 2093 po-

2311 2111 2417 2182 puli
2445 2112 2881 2181 Cartlizigiuensis
2911 2127 3089 2180 casus,
3121 2116 3208 2184 qui
3245 2133 3263 2165 ‹
3299 2115 3364 2169 ad
3399 2115 3569 2186 prima
3601 2116 3758 2172 verba
3805 2115 3912 2170 mi-

2310 2204 2488 2260 nantis
2542 2207 2741 2264 inimici
2805 2228 2824 2262 ι
2870 2208 3026 2263 fidem
3066 2208 3408 2278 eiuraverat,
3444 2211 3732 2265 maximum
3763 2208 3916 2264 dolo-

2309 2316 2420 2357 rem
2452 2300 2723 2373 Cypriauo
2745 2301 3013 2358 attulisset
3035 2345 3051 2369 ,
3077 2305 3165 2356 vix
3190 2303 3408 2357 dubium
3439 2313 3519 2358 est
3558 2304 3684 2374 quin
3712 2304 3914 2359 clerum

2309 2409 2464 2447 suum
2500 2394 2550 2448 in
2579 2403 2719 2448 tanta
2749 2408 2926 2449 rerum
2957 2392 3273 2450 difficultate
3307 2397 3549 2452 Consiliis
3589 2398 3700 2451 suis
3729 2398 3913 2452 tinua-

2307 2487 2469 2551 verit,
2500 2482 2656 2557 eique
2686 2489 2891 2557 aliquas
2918 2487 3128 2544 litteras
3152 2497 3275 2544 ante
3306 2488 3441 2544 hanc
3471 2491 3711 2563 quintam
3734 2491 3912 2559 scrip-

2307 2579 2471 2642 serit;
2514 2589 2607 2632 aut
2653 2580 2841 2635 saltem
2884 2581 3097 2645 litteris,
3143 2598 3275 2651 quas
3325 2581 3482 2652 hujus
3509 2583 3770 2638 molestiae
3815 2597 3910 2637 ac-

2307 2680 2462 2740 cepto
2489 2673 2675 2725 nuntio
2704 2673 2934 2741 primum
2958 2673 3189 2743 scripsit,
3224 2674 3397 2743 aliqua
3433 2675 3559 2729 tanti
3592 2674 3795 2731 doloris
3830 2675 3905 2728 si-

2305 2766 2579 2836 gniﬁcatio
2610 2766 2787 2821 inesse
2816 2766 3018 2822 debuit.
3048 2767 3224 2833 Quare
3260 2782 3369 2822 non
3415 2767 3735 2823 crediderim
3766 2767 3910 2823 hanc

2306 2858 2587 2927 epistolam
2614 2860 2859 2913 omnium
2894 2863 3121 2929 primam
3154 2858 3321 2915 fuisse
3355 2863 3642 2930 scriptam;
3671 2859 3766 2915 sed
3799 2875 3909 2918 nou

2306 2949 2525 3006 dubium
2547 2952 2676 3023 quin
2706 2953 2904 3025 scripta
2931 2954 3001 3008 sit
3026 2969 3149 3008 cum
3184 2972 3202 3007 ι
3233 2954 3373 3009 circa
3397 2953 3527 3009 cieri
3568 2954 3909 3009 incolumita-

2310 3054 2415 3099 tem
2464 3046 2643 3101 omnia
2696 3046 2899 3118 intcgra
2939 3066 2958 3099 ι
2986 3055 3201 3112 essent,
3248 3062 3371 3102 cum
3412 3047 3585 3119 aliqua
3608 3046 3783 3103 adhuc
3811 3050 3908 3103 hu-

2306 3138 2535 3192 manitas
2558 3138 2958 3195 confessorihns
2982 3141 3326 3196 exhiberetur
3344 3182 3357 3206 ,
3391 3156 3453 3195 ae
3498 3141 3723 3211 proinde
3750 3151 3903 3198 antc-

2305 3242 2465 3297 quam
2497 3245 2622 3298 pars
2650 3231 2781 3285 cleri
2818 3231 3110 3286 Ecclesium
3138 3231 3362 3289 occultis
3393 3232 3757 3289 molitionibus
3779 3248 3905 3305 per-

2309 3320 2549 3377 turbaret
2597 3332 2687 3376 ant
2736 3322 2926 3380 edictis
2961 3324 3105 3379 Decii
3157 3334 3406 3395 pareret,
3461 3326 3569 3381 imo
3621 3338 3745 3382 ante
3790 3338 3904 3384 tor-

2306 3424 2484 3469 menta
2511 3415 2912 3472 confessoribns
2956 3434 3144 3474 mense
3178 3420 3335 3490 aprili
3372 3419 3590 3487 inflicta,
3620 3431 3746 3477 ante
3787 3432 3900 3477 tor-

2302 3508 2519 3563 ridioris
2551 3512 2785 3565 carceris
2844 3512 3092 3567 tenebras
3144 3528 3266 3583 qua:
3312 3515 3362 3568 in
3410 3515 3645 3585 Epismla
3684 3515 3906 3574 Lucianl

2302 3601 2371 3654 ad
2401 3602 2684 3657 L‘clerinum
2731 3614 3115 3662 metuerentur.
3161 3606 3387 3677 Scripta:
3421 3608 3582 3663 etiam
3624 3619 3747 3664 sunt
3780 3620 3907 3667 ante

2303 3694 2551 3748 eumdem
2597 3710 2837 3752 mensem
2867 3708 2976 3753 tres
3005 3699 3123 3754 alia:
3151 3699 3351 3757 littera‘.
3376 3741 3389 3764 ,
3429 3719 3448 3753 ι
3480 3702 3533 3756 in
3575 3703 3765 3773 quibus
3805 3719 3905 3761 nec

2306 3789 2706 3846 confessoribus
2779 3791 3086 3849 exhortatio
3111 3835 3127 3863 ,
3203 3812 3305 3852 nec
3344 3797 3646 3853 cxtorribus
3689 3798 3904 3871 quando

2304 3886 2540 3955 oportuit
2608 3887 2927 3958 objurgatio,
2990 3905 3091 3946 nec
3158 3893 3421 3948 nniversm
3465 3892 3783 3948 fraternitati
3833 3892 3902 3949 ad

2302 3980 2695 4051 deprecandam
2757 3982 2847 4038 Dei
2897 3984 3318 4042 illiset-icordiam
3373 3987 3625 4042 allocutio
3670 3997 3724 4042 et
3775 4003 3901 4059 per-

2304 4071 2486 4128 suasio
2516 4073 2705 4131 del‘uit.
2746 4094 2765 4128 ι
2788 4075 2987 4132 Iudicat
3010 4076 3308 4149 Cyprianus
3340 4079 3565 4149 scriptas
3584 4078 3749 4138 fuisse
3776 4089 3903 4137 ante

2303 4174 2589 4235 tormenta,
2621 4169 2715 4224 sed
2741 4185 2833 4224 cas
2854 4171 2919 4226 ad
2944 4186 3040 4227 nos
3072 4154 3175 4228 non
3202 4174 3510 4243 pervenisse
3536 4172 3895 4228 ostendimus.

2372 4261 2659 4316 Tormenta
2689 4264 3089 4321 confessoribus
3112 4266 3310 4321 inlli‘cm
3358 4278 3710 4329 csse'_mense
3745 4266 3903 4338 aprili

2301 4354 2588 4409 observant
2616 4356 2810 4411 eruditi
2848 4358 2966 4412 viri.
2995 4358 3317 4428 Mappalicus
3348 4359 3398 4413 in
3424 4360 3720 4428 quaestione
3754 4376 3900 4415 mar-

2303 4456 2387 4520 tyr
2426 4449 2677 4504 occubuit
2702 4450 2789 4506 die
2830 4452 3016 4522 aprilis
3058 4453 3146 4520 i7,
3180 4463 3236 4508 ut
3276 4455 3651 4527 martyrologia
3701 4463 3902 4510 testan-

2304 4551 2406 4608 tur,
2450 4557 2571 4598 cum
2603 4545 2775 4614 pridie
2812 4548 3104 4604 acerrimos
3134 4549 3402 4606 cruciatus
3428 4551 3782 4621 pertulissset,
3810 4552 3898 4606 iu-

2305 4644 2384 4692 tcr
2404 4651 2537 4708 quos
2558 4638 2766 4695 diccbat
2791 4644 3095 4711 proconsuli
3121 4660 3135 4697 :
3166 4660 3184 4696 ι
3220 4642 3439 4701 Videbis
3458 4660 3577 4702 cras
3596 4662 3843 4717 agonem.
3871 4664 3891 4702 ι

2305 4730 2527 4801 Scripsit
2554 4733 2729 4804 itaque
2752 4734 3051 4807 Cyprianus
3101 4736 3203 4792 hoc
3259 4753 3465 4805 mense,
3508 4749 3565 4795 ut
3606 4741 3900 4797 verisimile

2309 4832 2410 4890 est,
2442 4834 2671 4881 exeunte
2702 4827 2991 4897 Epistolam
3041 4846 3092 4884 rx
3130 4831 3194 4885 ad
3224 4840 3493 4904 martyres
3524 4841 3577 4888 et
3618 4833 3896 4889 confesso-

2301 4932 2409 4984 res,
2442 4918 2494 4973 in
2526 4936 2629 4990 qua
2655 4934 2837 4976 eorum
2869 4923 3054 4979 laudes
3081 4924 3233 4994 plena
3263 4938 3425 4980 manu
3444 4928 3669 4998 extollit,
3696 4942 3899 5003 eosque

2302 5009 2549 5067 hortatur
2579 5021 2635 5068 ut
2680 5032 2699 5064 ε
2755 5015 2913 5070 istum
2946 5016 3315 5073 beatissimum
3342 5027 3632 5092 martyrem
3672 5030 3727 5077 et
3761 5020 3899 5077 alios

2302 5105 2589 5176 participes
2615 5107 2855 5175 ejusdem
2886 5110 3303 5180 congressionis,
3356 5120 3409 5167 et
3431 5113 3655 5168 comites
3683 5113 3735 5168 in
3789 5113 3896 5171 fide

2300 5198 2537 5262 stabiles,
2569 5200 2622 5253 in
2652 5200 2837 5256 dolore
2863 5201 3146 5270 patientes,
3172 5204 3224 5257 in
3266 5204 3564 5274 quastione
3601 5205 3833 5259 victores
3868 5224 3889 5259 ι

2302 5298 2597 5348 sectentur.
2630 5292 2747 5347 Non
2783 5294 3002 5350 dubium
3043 5295 3170 5366 quin
3226 5295 3342 5352 lucc
3387 5297 3500 5367 ipsa
3541 5297 3610 5352 sit
3656 5296 3901 5368 Epistula

2299 5400 2458 5457 quam
2479 5385 2760 5457 scripsisse
2783 5388 3243 5460 seaitCyprianus
3285 5389 3336 5443 in
3363 5389 3530 5459 lipist.
3565 5405 3652 5459 xv,
3691 5409 3713 5443 ι
3750 5399 3897 5462 βοει-

2299 5495 2456 5550 quam
2486 5487 2749 5535 tormenta
2772 5463 3051 5536 venerunt.
3089 5499 3129 5533 »-
3830 5464 3846 5481 ’

2361 5568 2478 5625 Non
2514 5572 2680 5626 multo
2726 5582 2867 5642 post,
2912 5572 2961 5628 id
3010 5582 3094 5629 est
3141 5588 3325 5631 mense
3370 5576 3531 5642 maio,
3575 5575 3905 5637 Pearsonius

2300 5664 2745 5721 etTillemontius
2789 5670 2905 5737 post
2936 5662 3231 5726 Baroniunr
3266 5682 3325 5726 et.
3364 5653 3716 5729 Lombertum
3738 5671 3900 5728 iscri-

2303 5758 2444 5829 ptam
2489 5759 2795 5815 existimant
2838 5761 3141 5833 Epistolam
3167 5779 3394 5834 xxxvii,
3445 5767 3499 5821 in
3539 5783 3643 5839 qua
3667 5766 3900 5840 Cypria-

2306 5867 2404 5908 nus
2450 5853 2778 5930 presbyteris
2807 5864 2863 5914 et
2898 5855 3141 5915 diaconis
3181 5874 3475 5933 pauperum
3504 5846 3714 5920 “curam
3750 5875 3903 5928 conp
