4200 6262
200 248 313 309 tor
554 323 558 326 j
1426 252 1581 313 ma
1623 252 2258 333 SANCTIJCYPRIANI.
2308 332 2318 342 ,

204 368 474 435 mendat,
516 377 570 425 et
596 369 757 424 etiam
782 375 940 440 atque
981 371 1142 427 etiam
1168 371 1413 428 hortatur
1454 394 1473 426 ι
1511 384 1568 430 ut
1594 375 1835 446 corpori-

209 464 323 518 bus
352 464 522 521 etiam
541 465 782 519 omnium
805 464 916 536 qui,
951 466 1049 520 etsi
1082 468 1202 521 torti
1236 484 1338 523 non
1367 478 1492 524 sunt
1516 469 1567 523 in
1595 484 1841 535 carcere,

3438 284 3540 346 l02

1959 376 2104 443 prior
2133 397 2151 431 ι
2177 394 2243 434 ex
2265 380 2661 441 co::fessoribus
2689 405 2708 439 ι
2746 398 3033 447 coronatus
3063 394 3247 462 fuerit,
3285 398 3555 459 Numerue

208 564 414 611 tamen
444 556 681 627 glorioso
702 558 847 611 exitu
880 558 1067 613 innrtis
1094 558 1380 626 excedunt,
1416 560 1751 630 impertiatur
1786 568 1843 614 et

208 649 510 718 vigilantia
551 660 606 703 et
631 664 758 722 cura
789 651 1127 720 propensior,
1182 662 1236 707 et
1264 653 1380 709 dies
1410 669 1597 709 eorum
1641 656 1840 725 quibus

211 741 505 797 excedunt
536 760 557 794 ι
592 752 939 810 annotentur,
989 764 1007 795 ι
1047 753 1105 799 ut
1152 748 1694 802 commemoratioues
1751 764 1845 803 eo-

213 849 349 889 rum
399 834 540 890 inter
602 835 893 890 memorias
941 846 1235 909 martyrum
1278 839 1553 895 celebrare
1586 858 1605 891 »
1640 850 1842 909 posset.

216 928 536 998 Diligenter
564 928 898 985 observanda
930 941 1057 985 sunt
1077 946 1196 1001 qnze
1226 941 1556 1002 sequuntur:
1597 952 1617 985 ι
1645 935 1756 1001 Qua
1769 949 1849 988 m-

218 1037 400 1092 quam
458 1022 761 1088 Tertullus,
820 1024 1013 1095 inquit,
1073 1023 1419 1081 lidelissimus
1468 1034 1522 1082 et
1566 1025 1848 1083 devotissi-

220 1131 358 1171 mus
388 1116 553 1172 frater
572 1125 777 1186 noster,
807 1133 903 1189 pro
916 1128 1108 1175 caetera
1123 1119 1487 1177 sollicitudine
1509 1129 1564 1176 et
1591 1136 1716 1177 cura
1751 1137 1846 1178 sua

220 1226 405 1280 quam
439 1210 687 1282 fratribus
717 1214 768 1267 in
797 1212 945 1267 omni
983 1213 1244 1284 obsequio
1289 1215 1618 1284 operationis
1650 1217 1847 1285 imper-

214 1303 323 1371 .tit,
375 1303 472 1374 qui
499 1319 598 1360 nec
625 1304 730 1359 illic
774 1305 913 1360 circa
941 1320 1226 1376 corporum
1249 1321 1431 1360 curam
1457 1306 1648 1374 deest,
1678 1307 1850 1378 scrip-

226 1396 373 1451 serit
403 1397 765 1452 etscribatac
783 1398 1199 1469 signiﬁcctmibi
1245 1402 1361 1456 dies
1406 1401 1596 1472 quibus
1637 1402 1688 1456 in
1728 1418 1849 1457 car—

234 1503 369 1544 cere
398 1489 544 1545 beati
576 1489 768 1545 fratres
797 1492 965 1546 nostri
1015 1492 1080 1547 ad
1113 1493 1564 1549 immortalitatem
1601 1495 1849 1566 gloriosae

236 1583 435 1637 mortis
481 1583 629 1638 exitu
686 1591 985 1649 transeunt,
1031 1595 1084 1638 et
1130 1586 1473 1640 celebrantur
1505 1586 1588 1640 hic
1616 1602 1645 1639 a
1696 1588 1849 1641 nobis

237 1677 546 1731 oblationes
576 1685 627 1731 et
656 1676 915 1731 sacriﬁcia
948 1677 1018 1732 ob
1064 1679 1605 1735 commemorationes
1635 1696 1847 1746 eorum,

236 1785 369 1838 qum
388 1772 495 1823 cito
515 1770 790 1824 vobiscum
813 1770 1036 1825 Domino
1060 1781 1369 1841 protegente
1391 1773 1800 1827 celebrabimus.
1825 1792 1844 1825 ι
1916 1770 1923 1775 ’

242 1865 535 1936 Equidem,
578 1865 678 1922 etsi
713 1874 788 1921 tot
836 1865 1111 1921 hominum
1162 1867 1493 1923 eruditorum
1532 1869 1851 1923 auctoritate

246 1962 539 2032 plurimum
568 1977 808 2023 moveor,
841 1976 947 2015 non
974 1970 1149 2019 tamen
1177 1962 1333 2017 video
1354 1978 1449 2018 cur
1473 1978 1657 2019 mense
1684 1965 1847 2028 maio,

247 2054 299 2109 id
327 2062 411 2108 est
439 2054 491 2108 in
542 2053 777 2108 maximo
826 2054 1211 2123 persecutionis
1256 2055 1525 2121 inccndio,
1592 2055 1708 2111 lure
1744 2055 1851 2129 Cy-

250 2148 494 2216 prianum
523 2147 805 2214 scripsisse
829 2147 1011 2212 velint,
1042 2162 1165 2202 eum
1192 2148 1305 2218 ipse
1332 2147 1440 2203 cito
1463 2163 1851 2203 commemora-

251 2240 425 2295 tiones
447 2249 743 2312 martyrum
771 2254 895 2294 cum
916 2239 1062 2295 clero
1089 2254 1187 2294 suo
1214 2240 1607 2296 celebraturum
1626 2255 1684 2297 se
1714 2257 1852 2296 nun-

252 2334 363 2389 tiet.
398 2332 517 2389 Iam
543 2351 672 2404 ergo
697 2333 1051 2404 refrigesccus
1073 2334 1371 2405 persecutio
1389 2349 1539 2406 spem
1562 2335 1851 2392 illimaturi

252 2428 458 2483 reditus
482 2426 772 2493 alfcrebat;
803 2435 856 2481 et
880 2442 999 2497 quae
1028 2441 1204 2482 causa:
1235 2427 1642 2483 'l‘illemontium
1668 2442 1853 2483 move-

252 2532 378 2577 runt
439 2532 496 2578 ut
546 2522 814 2593 Epistolas
864 2536 955 2589 vr,
1007 2537 1099 2583 vn.
1156 2538 1270 2590 rm,
1317 2538 1451 2577 xxx:
1498 2523 1751 2593 rejiceret
1799 2524 1852 2578 in

255 2618 413 2671 linem
443 2615 566 2670 anni
617 2614 746 2680 250,
780 2614 985 2671 emdem
1017 2628 1233 2670 movere
1262 2615 1563 2672 debuerunt
1588 2626 1643 2671 ut
1668 2617 1736 2672 de
1759 2618 1853 2671 tri—

252 2709 456 2779 gesima
481 2708 708 2779 septima
731 2708 873 2763 idem
896 2708 1157 2778 judicium
1171 2707 1353 2765 ferret.
1374 2710 1639 2765 Praeterea
1668 2725 1854 2766 mense

256 2807 403 2860 maio
442 2816 704 2875 martyres
748 2803 1029 2860 horrendis
1078 2803 1402 2859 cruciatibus
1429 2803 1845 2874 torquebantur;

256 2898 387 2963 sed,
420 2912 544 2952 cum
579 2897 807 2967 Epistula
836 2910 1043 2952 xxxvm
1081 2897 1426 2959 scriberetur,
1467 2911 1572 2952 non
1621 2897 1730 2965 jam
1762 2912 1856 2966 per

256 2991 490 3046 vulnera
516 2990 748 3062 martyrii
772 3006 1028 3047 coronam
1052 2990 1422 3063 acquirebant,
1450 2990 1566 3057 sed,
1600 2991 1642 3043 si
1683 2991 1770 3060 qui
1801 2991 1854 3045 in

258 3084 462 3141 malum
503 3084 793 3149 evolareat,
828 3085 895 3139 id'
939 3085 1221 3163 moriendo
1244 3084 1298 3138 in
1344 3098 1562 3138 carcere
1591 3083 1708 3137 sine
1743 3093 1854 3137 tor-

256 3180 452 3237 mentis
475 3180 912 3251 assequebantur.
963 3182 1032 3235 At
1056 3194 1240 3235 mense
1294 3180 1433 3232 maio
1472 3195 1576 3232 non
1620 3180 1857 3261 morien—

263 3272 386 3327 tium
410 3274 463 3328 in
491 3287 709 3329 carcere
730 3274 849 3328 sine
899 3273 1202 3339 tormentis,
1231 3272 1326 3327 sed
1354 3273 1515 3327 vitam
1559 3273 1700 3327 inter
1734 3287 1857 3327 cru-

263 3367 426 3421 ciatus
492 3364 930 3437 profundeutium
979 3365 1271 3421 annotandi
1342 3364 1458 3420 dies
1508 3363 1730 3419 fuissent
1803 3372 1858 3419 et

264 3462 521 3532 Cypriane
587 3460 890 3516 nuntiandi.
961 3446 1150 3515 Multo‘
1189 3474 1318 3530 ergo
1367 3459 1709 3515 verisimilius
1774 3466 1860 3514 est

261 3556 618 3612 clncubratam
701 3554 868 3611 fuisse
948 3555 1085 3610 hanc
1138 3554 1430 3624 Epistulam
1506 3568 1666 3608 χχχιιι
1733 3568 1859 3608 cum

263 3649 558 3716 persecutio
586 3648 639 3703 in
659 3646 777 3703 dies
802 3646 1221 3719 demitigaretur,
1248 3647 1474 3703 necdum
1516 3658 1694 3703 tamen
1720 3662 1854 3703 eon-

260 3743 488 3799 fessores
510 3757 543 3798 e
572 3741 797 3798 carcere
819 3740 981 3797 soluti
1005 3752 1207 3798 essent.

258 3951 653 4018 XL—QUINQUE
678 3971 721 4012 ε.
743 3970 981 4012 CYPRIANI
1006 3956 1247 4010 unum
1269 3971 1336 4010 ne
1363 3954 1858 4009 Laesus—ramulis

326 4056 776 4103 vitasunt-monuit
797 4063 881 4114 QUI
918 4060 1297 4103 conuumoxuu
1338 4060 1513 4101 LAPSIS
1540 4059 1818 4100 DEDERANT
1840 4086 1854 4110 ,

326 4160 431 4201 NON
460 4159 1026 4201 DlSSIHULAVlT.—NON
1044 4156 1437 4197 SUSPENSIONEM
1458 4154 1555 4195 δεῖ)
1576 4153 1859 4194 ιίΧΕΟΜΜυ·

234 4310 253 4327 θ
324 4244 655 4293 Νιωτιοκωι
694 4253 827 4293 lLLlS
850 4245 1107 4293 uta’uun.

331 4393 637 4449 Plurimum
657 4397 829 4451 solatii
875 4395 1203 4470 percipiebat
1239 4395 1537 4466 Cyprianus
1569 4402 1633 4449 ea‘
1660 4402 1861 4464 marty-

250 4504 379 4545 rum
415 4488 695 4558 trinmpbis
722 4507 736 4556 ;
763 4489 858 4546 sed
898 4491 1036 4545 hanc
1072 4488 1313 4545 l:etitiam
1359 4487 1861 4544 contaminare-runt

252 4582 481 4640 nefariae
508 4584 889 4640 nonnullorum
920 4584 1356 4655 presbyterorum
1404 4580 1709 4636 molitiones
1743 4579 1856 4649 qui,

251 4693 382 4733 eum
411 4678 459 4732 ei
485 4677 555 4733 ab
581 4679 735 4733 initio
762 4678 1103 4749 episcopatus
1119 4688 1330 4746 semper
1352 4674 1704 4737 obsr'nissent,
1736 4673 1860 4728 abs-

254 4773 371 4828 enti
412 4773 756 4843 gravissimas
797 4774 1069 4828 molestias
1096 4771 1472 4827 exhibuerunt.
1500 4773 1648 4823 Actie
1671 4768 1861 4823 abillis

258 4868 537 4938 tragoedia:
573 4868 851 4923 materiam
879 4866 1026 4923 dedit
1060 4867 1274 4936 antiqua
1306 4875 1360 4921 et
1408 4863 1685 4919 laudabilis
1721 4876 1854 4917 cono

260 4960 512 5026 suctudo,
543 4977 705 5031 quam
718 4961 785 5016 ad
808 4962 1093 5032 perniciem
1117 4960 1407 5016 multorum
1424 4965 1739 5014 convertere
1767 4973 1856 5011 co.

261 5054 549 5110 natisunt.
578 5055 690 5110 Mos
716 5064 834 5110 erat
870 5055 922 5110 in
965 5054 1206 5111 Ecclesia
1273 5064 1329 5109 ut
1377 5053 1541 5124 lapsis
1588 5052 1677 5124 qui
1704 5051 1859 5106 libel-

258 5146 344 5202 los
394 5163 422 5201 a
478 5148 803 5221 martyribus
864 5148 1264 5218 impetrassent,
1315 5145 1516 5218 aliquid
1559 5145 1631 5202 de
1688 5146 1861 5217 poenis

260 5240 537 5295 canonicis
556 5241 935 5312 episcoporum
961 5240 1163 5310 judicio
1185 5240 1566 5296 remitteretur.
1612 5237 1862 5307 Exagitat

261 5334 367 5388 hoc
395 5334 692 5390 institutum
724 5335 1084 5391 Tertullianus
1122 5333 1222 5389 sub
1267 5334 1427 5389 finem
1455 5333 1575 5389 libri
1607 5333 1669 5387 de
1694 5332 1862 5387 Pudi-

258 5425 384 5478 citia
401 5462 419 5492 ,
446 5427 589 5495 quod
640 5427 771 5481 olim
797 5427 1095 5483 eatltolicus
1123 5426 1173 5480 in
1202 5425 1337 5481 libro
1362 5426 1427 5480 ad
1450 5425 1705 5498 Martyres
1750 5425 1862 5479 lau-

258 5517 503 5575 daverat.
536 5519 814 5589 Ejusmodi
845 5530 1029 5575 autem
1079 5519 1287 5574 libellos
1315 5526 1419 5573 non
1467 5518 1691 5589 quilibet
1730 5532 1861 5573 con-

257 5612 498 5667 fessores
530 5611 749 5677 dabant,
783 5612 876 5668 sed
910 5614 943 5668 ii
967 5612 1054 5684 qui
1080 5612 1254 5681 capite
1303 5610 1541 5665 damnati
1577 5617 1747 5673 erant,
1772 5618 1862 5664 aut

255 5702 451 5758 saltem
480 5703 690 5773 aliquos
716 5705 980 5759 cruciatus
1012 5705 1250 5774 perpessi
1283 5702 1515 5758 fuerant.
1548 5702 1680 5756 llinc
1706 5702 1862 5757 Cele-

242 5799 411 5857 ‘rin‘us
463 5797 517 5854 in
570 5797 668 5871 Ep.
724 5801 791 5855 ad
844 5796 1133 5856 Lucianum
1188 5808 1337 5870 rogat
1381 5814 1400 5852 ι
1436 5805 1493 5853 ut
1538 5798 1857 5871 quicumque

1951 473 2282 528 ettIandidar
2302 486 2574 543 peccatum
2611 480 2907 537 remittant.
2953 505 2969 536 ι
3007 486 3384 559 Quamobrem,
3432 506 3553 550 tum

1954 564 2097 619 Decii
2129 568 2515 634 persecutionis
2546 572 2693 626 initia
2736 577 3060 633 cruciatibus
3098 594 3366 648 carerent,
3418 586 3554 644 nulli

1954 654 2219 711 dabantur
2245 658 2434 726 libelli,
2468 677 2624 726 nemo
2655 678 2721 719 ex
2761 666 2923 736 lapsis
2964 670 3413 743 subterfugiendze
3440 693 3553 746 poe—

1955 747 2195 804 nitentia:
2224 766 2410 805 ansam
2468 754 2716 824 habebat,
2772 756 3037 829 frigebunt
3072 765 3247 834 cupidi
3295 782 3551 825 novarum

1954 855 2132 894 rerum
2168 844 2502 916 presbyteri:
2519 856 2592 916 at,
2612 858 2891 920 postquam
2918 863 3177 910 tormenta
3194 873 3379 915 mense
3398 863 3552 931 aprili

1954 932 2152 989 inflicta
2189 948 2335 1003 sunt,
2375 949 2426 994 et
2455 943 2698 998 nonnulli
2745 959 2811 1000 ex
2846 948 3245 1009 confcssoribus
3296 958 3553 1029 martyrio

1956 1029 2223 1097 coronati,
2268 1038 2379 1086 tum
2412 1033 2579 1090 libelli
2607 1036 2873 1107 prodiere,
2911 1042 3003 1097 sed
3039 1052 3214 1100 tamen
3242 1046 3424 1103 debito
3452 1049 3553 1105 ho-

1955 1133 2085 1176 nore
2139 1129 2194 1177 et
2245 1125 2478 1195 episcopi
2530 1127 2772 1198 dignitati
2822 1140 2875 1186 et
2928 1133 3134 1203 legibus
3164 1140 3543 1200 ecclesiasticis

1954 1221 2190 1267 servato.
2218 1213 2350 1269 Nam
2380 1225 2643 1290 martyres
2658 1220 2727 1274 ad
2747 1222 3072 1294 Cyprianum
3097 1226 3305 1286 litteras
3342 1232 3554 1291 dircxe-
3595 1287 3601 1293 .

1954 1312 2104 1365 runt.
2138 1315 2189 1359 et
2222 1307 2495 1375 petierunt
2520 1327 2541 1362 ι
2580 1320 2705 1367 tunc
2726 1313 2992 1372 desideria
3046 1334 3141 1375 sua
3163 1324 3477 1395 examinari,
3502 1337 3577 1395 et,

1956 1411 2140 1465 pacem
2186 1399 2302 1454 dari
2343 1402 2558 1472 quando
2612 1406 2721 1477 ipsa
2760 1418 2884 1465 ante
2916 1420 3088 1469 mater
3108 1415 3345 1473 Ecclesia
3370 1434 3555 1490 pacem

1955 1490 2023 1545 de
2054 1491 2420 1549 misericordia
2449 1496 2657 1551 Dolhiui
2681 1501 2827 1569 prior
2847 1507 3160 1574 sumpserit,
3200 1528 3220 1561 ι
3255 1520 3309 1565 et
3335 1511 3556 1583 Cypria-

1957 1599 2081 1635 num
2111 1601 2131 1634 ι
2163 1584 2338 1639 divina
2363 1589 2623 1655 prolectio
2645 1610 2663 1644 ι
2688 1593 2937 1650 reducem
2962 1614 2981 1649 ι
3008 1599 3073 1653 ad
3097 1602 3377 1658 ecclesiam
3402 1620 3554 1666 suam

1958 1676 2143 1732 fecerit
2168 1678 2361 1751 (Epist.
2394 1682 2473 1755 χ).
2500 1683 2761 1741 Praeterea
2793 1692 2973 1756 paucis
3001 1693 3266 1751 dabantur
3294 1698 3476 1766 libelli,
3502 1709 3558 1757 ut

1962 1775 2281 1843 perspicitur
2330 1792 2395 1831 ex
2437 1778 2537 1847 Ep.
2585 1796 2730 1837 χχιιι.
2785 1783 3107 1855 Mappalicus
3156 1800 3360 1863 martyr
3401 1796 3559 1852 matri

1961 1873 2188 1932 tantum,
2239 1883 2360 1935 qurc
2397 1869 2543 1939 lapsa
2584 1871 2777 1936 fuerat.
2828 1874 3119 1935 domestica
3173 1884 3369 1953 pietate
3412 1901 3561 1942 com-

1959 1968 2136 2013 motus
2187 1961 2443 2029 dederat;
2498 1966 2627 2020 nulli
2658 1982 2877 2034 prorsus
2922 1971 3248 2031 Saturninus
3272 1990 3393 2048 post
3451 1988 3560 2036 tor«

1961 2063 2137 2108 menta
2172 2056 2345 2111 adhuc
2377 2058 2427 2111 in
2453 2072 2673 2116 carcere
2725 2065 3081 2131 «restitutus;
3117 2070 3211 2124 sed
3255 2073 3415 2140 paulo
3436 2082 3555 2143 post

1958 2148 2161 2202 servari
2193 2149 2384 2204 modus
2413 2166 2475 2205 ae
2499 2151 2737 2207 delectus
2769 2155 2927 2211 desiit
2960 2175 2973 2212 :
3009 2175 3029 2211 ι
3054 2159 3189 2214 Nam
3222 2162 3486 2220 Lucia‘nus
3507 2172 3562 2221 et

1959 2238 2076 2308 ipse
2123 2257 2264 2296 unus
2308 2242 2376 2298 de
2411 2244 2811 2303 confessoribus
2862 2249 2966 2305 title
3005 2253 3225 2323 quidem
3251 2255 3454 2311 Calidas
3506 2266 3562 2314 ct

1960 2334 2162 2390 virtute
2201 2337 2488 2393 robustus:
2532 2360 2550 2393 ι
2585 2349 2642 2395 ut
2693 2342 2766 2396 ait
2815 2343 3009 2400 ibidem
3060 2346 3378 2420 Cyprianus,
3409 2370 3427 2403 ι
3466 2352 3562 2410 scd

1961 2427 2138 2483 minus
2170 2429 2441 2487 Dominica
2472 2434 2701 2491 lectione
2747 2434 2999 2494 fomlatus
3050 2441 3291 2511 quietiam
3337 2454 3562 2502 conatus

1960 2527 2067 2589 eSt,
2089 2522 2651 2597 imperitijampridem
2669 2540 2729 2584 se
2746 2530 2886 2600 vulgi
2903 2543 3176 2589 auctorem
3198 2537 3552 2607 constituens,

1961 2626 2015 2671 ut
2041 2633 2196 2672 manu
2230 2620 2345 2688 ejus
2395 2623 2579 2693 scripti
2627 2621 2794 2677 libelli
2833 2625 3089 2695 gregatim
3121 2628 3304 2683 multis
3346 2630 3561 2688 nomine

1961 2710 2113 2765 Pauli
2145 2710 2423 2768 darentur.
2467 2734 2485 2766 ι
2515 2716 2688 2786 Atque
2744 2716 2859 2774 lucc
2909 2717 3136 2775 faciebat
3166 2741 3185 2774 ι
3217 2725 3324 2777 non
3354 2726 3559 2783 tantum

1961 2803 2127 2856 Paulo
2150 2804 2326 2858 adhuc
2350 2805 2401 2859 in
2428 2821 2647 2864 carcere
2671 2809 2869 2880 posito,
2903 2812 3065 2868 sedet
3087 2824 3206 2883 pou
3228 2815 3344 2885 ejus
3371 2828 3559 2873 exces-

1962 2907 2100 2959 sum,
2133 2895 2321 2951 dicens
2353 2896 2454 2953 hoc
2473 2899 2573 2953 sibi
2604 2900 2672 2955 ab
2704 2903 2794 2957 illo
2838 2906 3168 2961 mandatum.
3203 2907 3383 2963 Aureli
3431 2926 3565 2980 quo-

1961 3002 2084 3057 que,
2111 2987 2469 3045 adolescentis
2510 2999 2773 3049 tormenta
2827 2998 3092 3064 perpessi,
3127 2998 3345 3053 nomine
3400 3000 3564 3057 libelli

1972 3081 2123 3135 multi
2144 3081 2251 3136 dati
2281 3085 2669 3153 suutejusdetn
2711 3087 2931 3143 Luciaui
2977 3106 3136 3146 manu
3165 3092 3370 3163 scripti,
3420 3094 3565 3164 quod

1974 3172 2177 3228 litteras
2207 3175 2294 3229 ille
2324 3191 2427 3229 non
2444 3188 2644 3234 nosset.
2679 3199 2697 3232 ι
2726 3178 2951 3235 Videtur
2973 3184 3113 3240 idem
3157 3184 3423 3240 Lucianus
3464 3202 3562 3241 au-

1970 3273 2085 3320 ctor
2109 3264 2276 3322 fuisse
2308 3266 2610 3326 libellorum
2639 3286 2774 3342 quos
2796 3274 2845 3329 in
2891 3275 3028 3332 hanc
3053 3280 3372 3333 sententiam
3396 3280 3567 3351 scrip-

1964 3363 2047 3412 tos
2071 3355 2238 3415 fuisse
2261 3360 2503 3416 audierat
2525 3363 2823 3435 Cyprianus
2853 3367 2976 3439 (Ep.
3010 3366 3110 3442 XI).
3142 3387 3163 3422 ι
3191 3371 3568 3428 Communicct

1964 3449 2053 3506 ille
2080 3466 2202 3507 cum
2226 3453 2355 3507 suis.
2395 3472 2413 3504 ι
2446 3453 2745 3511 Nonnullos
2770 3459 2903 3513 alios
2928 3468 3075 3514 notat
3096 3460 3399 3532 Cyprianus
3429 3481 3446 3513 ι
3477 3463 3571 3534 qui

1966 3560 2227 3616 personas
2265 3549 2591 3619 accipientes
2636 3552 2688 3605 in
2733 3552 3003 3609 beneficiis
3051 3574 3070 3607 ι
3140 3564 3434 3628 martyrum
3476 3564 3568 3616 aut

1972 3639 2429 3710 gratificabantur,
2455 3658 2475 3693 ι
2507 3651 2601 3698 aut
2628 3642 2820 3699 illicitae
2843 3648 3218 3717 negotiationis
3246 3648 3508 3704 nundinas
3536 3668 3563 3704 ι

1975 3733 2401 3802 aucupabantur.

2038 3825 2152 3881 Non
2184 3826 2462 3898 ignorabat
2483 3828 2783 3900 Cyprianus
2810 3830 3047 3902 quinque
3073 3833 3421 3905 presbyteros
3446 3851 3463 3886 ι
3495 3832 3568 3890 fo-

1967 3927 2145 3974 menta
2174 3919 2490 3990 quibusdam
2514 3921 2913 3978 confcssoribus
2965 3935 3019 3979 et
3051 3924 3386 3982 hortamenta
3417 3947 3434 3979 ι
3472 3928 3571 3982 tri-

1964 4018 2153 4079 buere,
2189 4031 2207 4064 ι
2243 4029 2310 4069 ne
2338 4015 2728 4071 concordarent
2758 4032 2877 4070 cum
2902 4016 3175 4089 episcopo,
3206 4033 3275 4074 ne
3306 4020 3565 4075 ecclesias

1968 4108 2157 4163 sticam
2189 4106 2521 4177 disciplinam
2546 4122 2667 4162 cum
2688 4109 2790 4164 title
2820 4098 3069 4182 et‘quiete
3103 4112 3253 4182 juxta
3303 4122 3570 4184 przeccp‘ta‘

1967 4203 2232 4259 dominica
2258 4203 2593 4258 continerent
2619 4201 2741 4276 (Ep.
2769 4203 2919 4265 χω.»
2942 4205 3048 4260 Sed
3079 4214 3277 4272 tamen,
3308 4218 3429 4262 cum
3462 4216 3571 4267 tota

1968 4312 2056 4351 res
2079 4296 2144 4351 ad
2190 4296 2358 4366 ipsius
2412 4294 2643 4351 reditum
2688 4295 2892 4366 integra
2937 4305 3262 4365 servaretur,
3298 4313 3473 4369 neque
3516 4300 3571 4358 in

1969 4391 2069 4445 hac
2090 4389 2395 4445 libellorum
2421 4388 2655 4456 licentia,
2682 4390 2842 4461 lapsis
2859 4393 3147 4463 quidquam
3164 4404 3287 4449 ante
3310 4394 3565 4449 Ecclesiae

1958 4500 2153 4554 pacem
2182 4493 2238 4540 et
2260 4484 2501 4556 episcopi
2537 4485 2799 4554 judicium
2845 4487 3278 4556 promitteretur,
3313 4488 3567 4545 dissimu-

1968 4576 2111 4632 labat
2136 4588 2189 4633 et
2210 4576 2520 4648 patientiam
2553 4578 2787 4645 tenebat,
2811 4579 2961 4649 quasi
2995 4580 3355 4635 verecundum
3394 4582 3561 4636 silen-

1973 4670 2101 4724 tium
2160 4671 2445 4739 proliceret
2491 4656 2556 4725 ad
2608 4671 2842 4741 quietem
2879 4671 3001 4746 (Ep.
3055 4671 3130 4744 χ).
3177 4673 3283 4729 Sed
3334 4676 3571 4747 quinque

1973 4763 2268 4836 presbyteri
2301 4778 2397 4819 nec
2425 4764 2721 4834 Evangelii,
2755 4778 2854 4821 nec
2899 4766 3007 4820 loci
3034 4766 3116 4821 sui
3148 4780 3435 4837 memores,
3472 4780 3573 4826 nec

1969 4855 2204 4911 futurum
2231 4856 2438 4911 Domini
2466 4855 2753 4927 judicium,
2787 4873 2885 4914 nec
2915 4860 3258 4929 prirpositum
3288 4860 3388 4916 sibi
3430 4860 3572 4929 cpis-

1969 4966 2163 5023 copum
2185 4951 2505 5021 cogitantes,
2538 4967 2733 5006 novum
2762 4960 2816 5008 et
2855 4955 2954 5009 Sub
2997 4954 3428 5010 antedessor'rbus‘
3458 4952 3566 5025 Cy-

1971 5047 2141 5117 priani
2165 5046 2463 5102 inauditum
2496 5044 2700 5103 facinus
2739 5048 3041 5106 ediderunt.
3072 5049 3259 5122 Lapsis
3304 5064 3487 5122 pacem
3516 5059 3572 5107 et

1971 5140 2365 5195 Eucharistiam
2419 5140 2680 5197 dederant
2736 5149 2911 5198 caute
2958 5152 3128 5198 actam
3180 5143 3566 5214 pamitentiam,

1970 5247 2100 5289 ante
2135 5234 2537 5305 exomologesin
2583 5234 2880 5304 gravissimi
2930 5243 3089 5307 atque
3125 5234 3348 5291 extremi
3380 5234 3563 5291 delicti

1972 5330 2185 5395 factam,
2213 5336 2338 5382 ante
2382 5343 2597 5383 manum
2642 5328 2709 5383 ab
2752 5328 3004 5399 episcopo
3044 5337 3098 5384 et
3124 5328 3275 5384 clero
3313 5327 3366 5383 in
3400 5331 3571 5402 pumi-

1976 5422 2194 5479 tentiam
2225 5421 2550 5490 impositam.
2594 5441 2611 5472 ι
2650 5420 2783 5476 Tum
2812 5434 2942 5476 vero
2961 5422 3256 5493 Cyprianus
3305 5422 3568 5481 intellexit

1973 5512 2410 5569 dissimulandum
2445 5528 2548 5568 non
2579 5529 2699 5567 esse
2730 5514 2782 5567 in
2814 5520 2872 5568 re
2904 5515 3031 5568 tanti
3074 5518 3351 5582 momenti,
3405 5532 3471 5573 ne
3500 5517 3568 5575 ad

1971 5608 2267 5680 periculum
2326 5608 2496 5679 plebis
2526 5608 2728 5677 pariter
2765 5618 2815 5662 et
2850 5614 3001 5662 suum
3036 5610 3364 5665 taciturnitas
3406 5614 3568 5671 nimia

1976 5707 2309 5777 procederet.
2356 5705 2553 5771 Quare,
2588 5715 2641 5756 ut
2673 5704 2795 5759 mali
2829 5708 3140 5775 progressus
3186 5708 3563 5781 supprimerct,

1974 5811 2081 5859 tres
2102 5799 2357 5876 epistolas
2386 5798 2453 5859 de
2477 5797 2671 5858 eodem
2697 5796 2816 5858 oleo
2847 5808 2899 5857 et
2945 5814 3111 5874 opera
3133 5799 3368 5875 scripsit,
3402 5796 3569 5873 animi

3542 5984 3571 5999 ,Α
