4172 6264
683 305 790 368 103

678 434 728 480 et
751 424 953 482 doloris
980 425 1201 497 plenas:
1233 437 1391 479 unam
1431 420 1497 477 ad
1528 428 1790 492 martyres
1819 428 1874 476 et
1914 421 2270 484 confessores,

677 518 837 575 aliam
865 519 930 575 ad
963 522 1308 592 presbyteros
1333 527 1387 573 et
1412 516 1689 583 diaconos,
1719 515 1928 571 tertiam
1956 514 2022 571 ad
2043 514 2271 585 plebem.

679 609 773 666 Ha:
804 611 992 667 litterae
1026 620 1154 666 sunt
1206 609 1347 681 apud
1379 608 1671 665 Pamelium
1726 606 2026 673 undecima,
2067 604 2275 661 decima

676 681 1107 763 etduodecimai
1142 702 1194 758 in
1245 714 1562 773 unaquaque
1610 699 1732 755 dure
1775 699 1892 755 aliae
1942 712 2272 754 commemo-

675 808 879 850 l‘illlllﬂ‘.

744 885 1004 957 Martyres
1031 886 1286 944 admonet
1318 907 1336 941 ι
1373 897 1480 944 uta
1509 886 1703 959 quibus
1733 894 1842 942 tam
1869 884 2063 942 devote
2086 892 2142 939 ct
2164 882 2276 936 fur-

680 981 804 1039 titer
830 990 1077 1038 servatur
1122 983 1254 1040 fides
1278 983 1508 1048 Domini,
1551 983 1619 1038 ab
1642 981 1832 1038 iisdem
1860 981 1946 1036 lex
1983 992 2196 1049 quoque
2223 987 2279 1032 ct

674 1074 954 1146 disciplina
984 1076 1192 1133 Domini
1211 1086 1535 1133 reservetur.
1575 1095 1592 1127 ι
1632 1074 1809 1129 Mirari
1838 1087 1898 1128 se
1938 1071 2275 1127 demonstrat

674 1168 814 1241 quod
846 1185 973 1234 non,
995 1170 1200 1225 utolim
1228 1169 1342 1225 fieri
1362 1169 1588 1234 solebat,
1620 1184 1650 1220 a
1697 1164 2021 1238 presbyteris
2074 1172 2129 1219 et
2156 1162 2271 1218 dia-

680 1262 830 1320 c0nis
854 1272 1108 1334 regantur
1136 1272 1190 1319 et
1215 1262 1548 1328 erudiantur,
1581 1260 1675 1317 sed
1707 1265 1882 1331 potius
1901 1277 1929 1313 a
1955 1257 2274 1330 quibusdam

677 1355 1005 1427 presbyteris
1049 1355 1169 1426 jura
1238 1356 1413 1412 omnia
1459 1353 1886 1426 pcrvertentibus
1936 1352 2039 1423 pia:
2091 1365 2277 1407 eorum

676 1449 976 1506 voluntates
1008 1449 1440 1520 interpellentur.
1478 1446 1735 1503 Hortatur
1763 1461 1892 1517 ergo
1922 1444 2092 1516 utipsi
2128 1459 2278 1515 pres-

676 1542 896 1614 byteros
923 1541 1152 1598 doceant
1174 1558 1296 1613 quae
1321 1558 1386 1598 ex
1409 1540 1743 1612 presbyteris
1771 1554 1866 1595 eos
1898 1538 2082 1593 audire
2118 1552 2277 1607 Opur-

682 1641 859 1690 tuerat
890 1650 903 1688 :
934 1633 1235 1705 prtescribit
1261 1641 1337 1702 ut,
1365 1632 1417 1688 in
1436 1630 1627 1689 dandis
1653 1631 1846 1687 libellis
1873 1644 2270 1686 antecessortnn

674 1740 893 1782 suorum
930 1726 1151 1799 vestigia
1172 1737 1480 1799 sequentes,
1525 1727 1753 1783 sollicite
1798 1735 1852 1782 et
1895 1735 2049 1782 caute
2095 1734 2276 1796 peten-

677 1819 807 1876 tium
847 1819 1113 1877 desideria
1170 1820 1496 1891 ponderent,
1548 1819 1838 1890 inSpiciant
1886 1830 1941 1877 et
1997 1829 2173 1874 actum
2225 1828 2280 1875 et

676 1926 842 1983 opera
868 1922 923 1968 et
948 1911 1139 1967 merita
1168 1913 1528 1984 singulorum,
1557 1913 1795 1983 ipsorum
1827 1928 2039 1985 quoque
2059 1911 2279 1968 delicta-

677 2019 794 2059 rutn
821 2019 1024 2076 genera
1052 2012 1109 2062 et
1132 2006 1417 2077 qualitates
1446 2007 1720 2078 cogitent;
1747 2006 1977 2079 denique
2018 2023 2152 2078 quos
2178 2008 2279 2078 ipsi

676 2096 878 2165 vident,
898 2112 1035 2169 quos
1056 2107 1274 2167 norunt,
1290 2113 1518 2170 quorum
1540 2100 1910 2171 poenitentiam
1928 2099 2279 2155 satisfactioni

679 2190 979 2260 proximam
1028 2189 1387 2262 conSpiciunt,
1420 2191 1702 2263 designent
1742 2191 2054 2246 nominatim
2074 2190 2273 2258 libello,

676 2292 731 2340 et
765 2284 844 2340 sic
869 2283 936 2340 ad
974 2284 1286 2357 episcopum
1312 2285 1434 2343 ﬁdei
1489 2301 1554 2343 ac
1599 2285 1895 2357 disciplina:
1922 2299 2278 2358 congruentes

677 2375 881 2432 litteras
937 2375 1192 2448 dirigant.

754 2468 809 2524 In
838 2469 1074 2541 Epistola
1093 2471 1162 2525 ad
1182 2470 1373 2527 derunt
1408 2471 1583 2528 adlmc
1622 2471 1994 2529 vehementius
2036 2472 2279 2541 indigna-

678 2570 764 2617 tur
787 2561 839 2617 in
866 2562 1212 2635 presbyteros
1260 2566 1350 2636 qui
1375 2576 1618 2622 sanctum
1650 2566 1860 2621 Domini
1890 2583 2086 2638 corpus
2100 2566 2277 2637 profa-

675 2668 806 2709 uare
835 2655 951 2725 ausi
985 2653 1214 2712 fuerant.
1246 2655 1510 2726 Declarat,
1550 2677 1569 2711 ι
1604 2659 1648 2714 si
1672 2659 1811 2714 ultra
1841 2660 1892 2713 in
1934 2659 2125 2715 iisdem
2157 2674 2279 2731 pcr-

674 2748 1063 2816 severaverint,
1094 2768 1114 2803 »
1148 2766 1369 2807 usurum
1401 2766 1460 2808 se
1485 2769 1547 2809 ea
1577 2752 1944 2809 admonitione
2005 2773 2024 2806 ι
2069 2769 2171 2824 qua
2216 2754 2279 2808 il-

674 2840 783 2896 ltnn
817 2842 891 2897 uti
928 2842 1186 2900 Dominus
1208 2844 1453 2917 jubebat,
1490 2864 1509 2900 ι
1546 2858 1601 2902 nt
1637 2847 1851 2902 interim
1896 2846 2280 2917 prohibeantur

676 2933 891 2991 offerre.
914 2935 1067 3004 Nam,
1091 2950 1288 3010 praeter
1302 2948 1589 2995 nocturnas
1606 2940 1860 3003 visiones.
1893 2956 1987 3010 per
2005 2939 2120 2995 dies
2148 2956 2280 3010 quo-

670 3043 775 3098 que
803 3047 822 3081 ι
857 3029 1181 3099 implebatur
1207 3050 1225 3083 ι
1262 3031 1464 3103 Spiritu
1490 3042 1678 3087 sancto
1702 3047 1988 3102 puerormn
2021 3033 2279 3087 innocens

676 3132 830 3188 actas,
861 3139 982 3194 qum
1005 3125 1055 3179 in
1086 3126 1287 3181 exstasi
1316 3125 1531 3181 videbat
1558 3126 1727 3181 oculis
1752 3134 1809 3181 et
1837 3125 2089 3180 audiebat
2112 3135 2166 3181 ct
2195 3126 2275 3180 lo-

672 3215 940 3284 quebatur
967 3231 1030 3272 ea
1055 3219 1254 3289 quibus
1286 3237 1305 3271 ι
1341 3219 1671 3291 Cyprianum
1700 3238 1719 3272 ι
1766 3219 2026 3275 Dominus
2058 3235 2279 3277 monere

671 3316 728 3362 ct
748 3306 1031 3366 instituere
1069 3330 1088 3364 ι
1123 3311 1462 3383 dignabatur.
1495 3313 1551 3368 In
1580 3313 1819 3384 Epistola
1846 3315 1913 3366 ad
1945 3314 2142 3384 plebem
2184 3315 2279 3371 de-

670 3397 839 3454 clarat
860 3415 1020 3456 nosse
1048 3416 1108 3457 se
1133 3402 1303 3471 plebis
1329 3418 1440 3459 suae
1456 3404 1691 3474 quietem
1722 3403 1919 3474 pariter
1933 3414 1987 3458 et
2005 3407 2273 3474 timorem;

671 3506 775 3547 nec
803 3491 1015 3549 dubitat
1039 3496 1165 3566 quin
1200 3497 1335 3567 lapsi
1368 3498 1422 3553 in
1455 3497 1825 3555 satisfactione
1852 3497 1950 3553 Dei
2005 3508 2061 3555 et
2087 3500 2277 3573 depre-

670 3585 883 3641 catione
906 3586 1217 3657 vigilarent,
1251 3589 1354 3644 nisi
1384 3589 1505 3646 illos
1554 3589 1775 3662 quidam
1829 3592 1898 3648 de
1946 3592 2277 3667 presbyteris

668 3676 1033 3748 gratificantes
1081 3679 1438 3752 decepissent.
1485 3682 1744 3739 llortatur
1773 3694 1831 3741 ut
1874 3685 1979 3758 ipsi
2037 3685 2275 3758 singulos
2324 3698 2361 3761 ὲ

668 3780 878 3843 regant,
924 3782 979 3830 et
1036 3774 1283 3831 consilio
1321 3791 1387 3832 ac
1435 3776 1804 3835 moderatione
1837 3794 1933 3836 sua
1982 3779 2275 3837 secundum

667 3862 849 3921 divina
896 3878 1162 3939 praecepta
1213 3868 1484 3941 lapsorum
1536 3872 1745 3933 animos
1795 3881 2115 3946 temperent.
2147 3875 2254 3931 'l‘o-
2326 3929 2332 3935 _

670 3967 778 4016 tam
807 3975 924 4016 rem
972 3961 1026 4017 in
1073 3963 1303 4021 reditum
1346 3981 1503 4021 suum
1547 3966 1810 4039 integram
1837 3970 2041 4026 servari
2083 3969 2255 4042 jubet.
2319 4021 2326 4039 τ

680 4058 806 4115 tut,
840 4066 962 4107 cum
1004 4052 1069 4107 ad
1123 4070 1219 4110 vos
1276 4072 1373 4127 per
1421 4058 1514 4114 Dei
1564 4060 2007 4129 misericordiam,
2079 4063 2270 4135 inquit,

669 4145 995 4208 venerimus,
1045 4151 1322 4207 convocati
1378 4152 1678 4224 coepiscopi
1735 4154 1916 4225 plures
1969 4156 2262 4213 secundum

671 4235 882 4293 Domini
921 4236 1255 4309 disciplinam
1309 4249 1363 4297 et
1404 4243 1767 4301 confessorem
1832 4248 2169 4318 praesentiam
2209 4258 2264 4305 ct

1854 305 2016 364 VITA
2057 302 2302 363 SANCTI
2340 299 2685 360 CYPRUM.

3882 297 3995 366 tot

2384 418 2470 476 die
2497 435 2602 490 quo
2650 418 2826 490 erupit
2874 419 3196 488 persecutio,
3226 432 3332 473 non
3389 418 3625 477 defuisse
3679 422 3774 495 qui
3831 423 3999 496 lapsis

2382 510 2768 568 Eucltarisnatn
2800 509 3010 567 darent.

2454 606 2685 661 Nimium
2714 606 2958 661 restricte
3010 607 3336 679 Cyprianum
3374 606 3718 664 doctissimus
3765 609 3996 680 scriptor

2384 699 2780 770 interpretatur.
2805 698 2949 754 Illius
2972 703 3131 755 verba
3155 698 3295 755 nihil
3323 700 3471 755 aliud
3504 713 3697 756 sonant
3718 701 3819 757 nisi
3846 717 3997 772 pres-

2382 790 2603 862 byteros
2642 808 2764 847 cum
2838 791 3003 862 lapsis
3052 792 3228 849 adhuc
3278 794 3484 850 recenti
3541 808 3732 850 eorum
3790 795 3998 851 scelere

2383 884 2831 940 commonicasse.
2867 884 3093 949 Revera,
3124 885 3170 939 si
3220 885 3595 941 consideretur
3627 897 3837 958 tempus
3893 887 3999 943 illis

2386 977 2714 1046 temporibus
2739 977 2789 1031 in
2823 978 3133 1047 poenitentia
3162 979 3378 1033 Solitum
3404 978 3662 1049 impendi,
3695 980 3877 1035 dicere
3902 997 3998 1052 po.

2385 1069 2485 1125 tuit
2513 1069 2809 1141 Cyprianus
2834 1071 2952 1126 sine
2990 1071 3221 1126 absurda
3257 1074 3670 1144 exaggeratione
3718 1073 3999 1146 presbyte-

2386 1180 2476 1220 ros
2507 1180 2625 1219 cum
2666 1164 2826 1234 lapsis
2860 1184 2880 1218 ι
2920 1182 2949 1220 a
2984 1166 3157 1237 primo
3185 1167 3363 1221 statim
3419 1168 3805 1231 persecutionis
3856 1167 3944 1224 die
3971 1186 3994 1221 ι

2390 1258 2837 1313 communicasse.
2855 1258 3143 1323 Pra'terea,
3168 1274 3289 1313 cum
3310 1258 3443 1330 lapsi
3472 1275 3575 1314 non
3599 1259 3788 1315 eodem
3811 1275 3999 1316 omnes

2388 1362 2629 1424 tempore
2657 1352 3006 1424 deliquerint,
3037 1353 3130 1409 sed
3164 1354 3253 1408 alti
3283 1354 3464 1419 citius,
3494 1353 3581 1408 alii
3621 1354 3796 1409 serius
3817 1397 3831 1421 ,
3880 1354 4000 1410 fieri

2388 1446 2561 1516 pomit
2590 1456 2646 1500 ut
2675 1446 2827 1500 mnlti
2859 1446 3142 1517 perpaucis
3174 1446 3364 1501 diebus
3391 1456 3508 1516 post
3543 1446 3839 1501 admissum
3870 1460 3995 1503 sce-

2386 1540 2467 1593 lus
2490 1540 2920 1596 communionem
2942 1540 3011 1596 ab
3033 1542 3288 1611 improbis
3317 1540 3643 1612 presbyteris
3660 1542 3999 1611 acciperent.

2383 1630 2473 1686 Sic
2533 1631 2915 1702 interpretandi
2961 1630 3212 1703 Cypriani
3254 1632 3626 1688 necessitatem
3678 1632 3834 1689 affert
3885 1643 3997 1687 tota

2384 1741 2562 1781 rerum
2589 1734 2855 1797 gestarum
2887 1727 3057 1782 series
3104 1737 3158 1782 et
3197 1726 3465 1797 junctura.
3524 1727 3652 1783 Nam
3696 1711 4001 1800 presbyteri

2383 1834 2566 1875 ansam
2594 1818 2841 1875 turbandi
2889 1833 3120 1890 rapuere
3175 1835 3242 1875 ex
3296 1819 3495 1875 libellis
3529 1830 3853 1892 martyrum,
3901 1809 3997 1892 qui

2386 1925 2504 1987 post
2526 1925 2791 1972 tormenta
2808 1915 3237 1985 daricoeperunt;
3260 1916 3632 1988 etCyprianus
3662 1916 3711 1970 in
3756 1917 3851 1987 lip.
3902 1930 3988 1982 xv,

2383 2018 2439 2063 ut
2466 2018 2759 2080 martyrum
2785 2006 2997 2062 libellos
3020 2017 3140 2079 post
3156 2006 3366 2062 inflicta
3396 2016 3681 2070 tormenta,
3714 2006 3784 2060 ita
3824 2006 3992 2060 etiam

2385 2114 2505 2174 post
2557 2103 2703 2174 ipsos
2755 2102 2966 2158 libellos
3036 2101 3311 2158 audaciam
3368 2117 3554 2157 eorum
3610 2107 3994 2155 connnemorat

2390 2215 2408 2248 ι
2445 2198 2533 2268 qui
2555 2212 2679 2251 cum
2704 2196 2866 2268 lapsis
2887 2194 3410 2264 communicarejam
3443 2204 3741 2265 cmperant.
3781 2212 3799 2245 ι
3834 2191 3990 2250 Unde

2384 2289 2544 2345 etiam
2572 2297 2717 2358 patet
2744 2302 2937 2344 recens
2966 2288 3189 2343 omnino
3218 2286 3384 2343 fuisse
3411 2286 3619 2342 facinus
3650 2285 3987 2357 presbytero-

2383 2396 2526 2434 rum.
2557 2378 2707 2435 ldem
2739 2388 2967 2435 testatur
2994 2378 3047 2433 in
3090 2378 3264 2449 Epist.
3310 2394 3403 2444 χιι,
3441 2378 3510 2432 ad
3550 2377 3785 2447 plebem:
3823 2394 3842 2427 ι
3879 2375 3986 2431 Au-

2387 2471 2478 2528 dio
2531 2481 2732 2537 tamen,
2809 2472 2999 2541 inquit,
3069 2470 3326 2542 quosdam
3354 2470 3421 2526 de
3452 2469 3849 2541 presbyteris...
3876 2467 3984 2538 jam

2388 2582 2508 2621 cum
2540 2564 2703 2635 lapsis
2726 2564 3123 2620 communicare
3160 2562 3407 2633 coepisse.
3461 2581 3480 2613 ι
3513 2561 3643 2625 Sed,
3678 2559 3820 2631 quod
3870 2575 3984 2615 rem

2390 2671 2714 2727 causamque
2745 2655 2982 2711 maxime
3006 2656 3263 2720 continet,
3302 2653 3539 2709 declarat
3591 2652 3888 2724 Cyprianus
3930 2653 3980 2708 in

2387 2750 2621 2820 Epistola
2652 2748 2720 2803 ad
2767 2751 2957 2803 clerum
2985 2749 3415 2821 presbyterorum
3444 2746 3650 2803 facinus
3687 2763 3750 2802 ex
3784 2762 3849 2802 eo
3888 2762 3983 2818 ge-

2384 2860 2513 2901 nere
2535 2858 2669 2912 esse
2709 2843 2851 2914 quod
2881 2842 3005 2900 ferri
3036 2852 3090 2899 et
3126 2842 3447 2898 dissinmlari
3499 2857 3603 2897 non
3636 2842 3805 2913 possit
3837 2859 3851 2895 :
3880 2841 3978 2897 de-

2384 2945 2648 2990 monstrat
2666 2949 2726 2990 se
2743 2934 2832 2989 diu
2862 2935 3171 3003 patientiam
3198 2935 3453 3002 tenuisse;
3479 2934 3595 3002 sed,
3621 2950 3742 2991 cum
3765 2934 3976 3004 quidam

2393 3030 2562 3102 plebis
2589 3029 3019 3099 tranquillitatem
3053 3030 3267 3086 turbare
3295 3039 3559 3086 conentur
3583 3045 3646 3084 ae
3677 3037 3845 3084 totum
3876 3028 3976 3084 sibi

2388 3124 2676 3190 vindicent,
2714 3133 2888 3179 tacere
2919 3123 3055 3178 ultra
3080 3139 3184 3178 non
3212 3133 3460 3193 oportere
3485 3139 3499 3188 ;
3530 3122 3893 3178 dissimulasse
3917 3136 3976 3176 sc

2382 3234 2596 3290 semper
2647 3228 2702 3274 et
2745 3218 3030 3287 pertulisse
3076 3218 3428 3297 contumelias
3458 3216 3795 3288 episcopatus
3820 3256 3834 3281 ,
3877 3214 3974 3271 scd

2382 3327 2524 3367 nunc
2546 3310 2918 3366 dissimulandi
2948 3311 3121 3366 locum
3149 3327 3253 3367 non
3311 3326 3430 3366 esse
3466 3330 3483 3363 ι
3525 3309 3741 3380 quando
3773 3307 3977 3379 decipi-

2382 3411 2468 3459 tur
2522 3402 2827 3459 fraternitas
2870 3419 2901 3458 a
2947 3403 3265 3474 quibusdam
3315 3402 3430 3474 qui,
3457 3401 3585 3457 dum
3607 3400 3725 3457 sine
3768 3398 3987 3456 ratione

2380 3495 2725 3551 restituenda:
2765 3495 2951 3552 salutis
3005 3495 3306 3568 plausibilcs
3338 3508 3459 3552 esse
3508 3494 3755 3564 cupiunt,
3805 3492 3976 3563 magis

2381 3588 2544 3660 lapsis
2569 3589 2785 3645 obsunt.
2827 3608 2846 3642 ι

2452 3681 2823 3739 Tillemontius
2855 3682 3047 3739 merito
3083 3682 3432 3743 Lombertum
3474 3680 3687 3746 refellit,
3728 3679 3816 3748 qui
3860 3678 3976 3735 hinc

2381 3774 2542 3832 verba
2567 3775 2809 3846 ejusdem
2835 3774 3091 3848 Epistolte
3115 3776 3183 3829 ad
3208 3775 3416 3845 clerum,
3447 3793 3467 3828 ‹
3504 3784 3563 3830 ut
3595 3771 3806 3830 interim
3845 3787 3975 3843 pro-

2380 3866 2666 3925 hibeantur
2693 3866 2910 3936 offerre,
2945 3887 2964 3920 ι
2998 3867 3075 3924 sic
3103 3867 3485 3939 interpretatur
3532 3866 3689 3938 quiti
3723 3874 3864 3922 vetet
3892 3865 3977 3921 in-

2380 3959 2537 4016 terim
2558 3958 2861 4033 Cyprianus
2893 3976 2961 4017 ne
2988 3959 3285 4033 presbyteri
3302 3958 3530 4016 offerant
3554 3958 3767 4015 nomina
3791 3958 3974 4027 lapso-

2379 4068 2518 4109 rum.
2549 4052 2838 4110 Contendit
2863 4052 3236 4109 Tillcmontius
3268 4051 3520 4124 suspendi
3546 4052 3647 4108 hos
3689 4049 3971 4123 presbyte-

2326 4207 2333 4215 .
2377 4159 2490 4214 ros,
2518 4155 2610 4201 aut
2660 4149 2848 4204 saltem
2897 4146 3271 4219 suspensionis
3312 4146 3483 4201 minas
3538 4145 3643 4201 illis
3698 4144 3971 4210 intentari,

2317 4232 2324 4241 ’
2379 4252 2480 4294 nec
2506 4252 2601 4294 eos
2623 4246 2801 4295 tamen
2828 4239 3047 4311 deponi.
3079 4237 3241 4295 Addit
3272 4237 3416 4294 idem
3441 4236 3609 4292 visum
3643 4234 3834 4292 fuissse
3865 4234 3972 4291 Ba-

665 4336 900 4384 vestram
927 4345 1140 4401 quoque
1165 4334 1510 4404 sententiam,
1542 4335 1819 4393 beatorum
1849 4350 2142 4411 martyrum
2165 4340 2253 4396 lit-
2311 4357 2325 4415 i.
2378 4329 2552 4398 ronio,
2581 4340 2638 4387 et
2672 4340 2798 4386 ante
2822 4347 2944 4387 eum
2974 4329 3232 4396 Pamelio,
3251 4329 3403 4400 cujus
3437 4328 3740 4385 observatio
3768 4328 3819 4382 in
3860 4326 4013 4383 edi.-

667 4428 809 4478 teras
828 4432 882 4479 et
904 4421 1172 4480 desideria
1210 4425 1518 4484 examinare
1556 4429 1840 4499 possimus.
1874 4450 1894 4483 ι

737 4513 820 4570 Ex
842 4514 925 4572 Itis
953 4515 1207 4587 Epistola:
1228 4518 1297 4572 ad
1323 4518 1534 4585 clerum,
1572 4539 1592 4573 ‹
1627 4520 1718 4576 diu
1740 4522 2047 4593 patientiam
2086 4540 2259 4581 meam
2321 4513 2330 4529 ³

673 4606 843 4674 tenui,
874 4626 894 4660 ι
927 4608 1159 4680 perspici
1184 4619 1364 4680 potest
1405 4620 1515 4667 tres
1562 4611 1681 4667 illas
1726 4614 1979 4684 epistolas
2015 4623 2141 4671 ante
2175 4617 2266 4686 ju-
2305 4607 2335 4682 Ξ

670 4697 819 4753 nium
852 4714 1093 4756 mensem
1128 4702 1356 4773 scriptas
1381 4716 1486 4759 non
1527 4701 1709 4761 fuisse.
1751 4704 1858 4762 Sed
1898 4707 2074 4762 minus
2112 4708 2252 4765 belle

665 4789 1040 4850 Tillemontius
1070 4796 1347 4853 existimat
1384 4797 1708 4869 Cyprianum
1748 4813 1855 4855 non
1876 4801 2049 4857 solum
2090 4801 2247 4859 libel-

2292 4458 2319 4504 χ*
2378 4421 2552 4479 tiones
2606 4422 2798 4479 Priorii
2838 4432 2894 4479 et
2937 4422 3065 4480 Felli
3107 4423 3377 4511 translata.
3411 4421 3538 4490 Sed,
3563 4421 3707 4492 quod
3729 4436 3856 4494 pace
3897 4430 3977 4477 tot

2336 4594 2341 4599 ἱ
2381 4513 2655 4570 hominum
2705 4515 3141 4573 doctissimorum
3187 4515 3447 4582 dixerim,
3505 4516 3803 4588 Cyprianus
3888 4514 3975 4571 bis

2384 4608 2582 4676 verbis,
2620 4627 2638 4662 ι
2685 4610 2977 4666 utinteritn
3012 4610 3397 4682 prohibeantur
3421 4607 3638 4678 offerre,
3674 4631 3693 4664 ι
3722 4622 3830 4667 non
3847 4626 3973 4667 sus-

2332 4702 2342 4767 ζ
2389 4701 2697 4773 pensionem
2745 4701 2841 4758 sed
2859 4701 3465 4759 exeommunicationem
3488 4701 3748 4775 designat,
3797 4718 3977 4776 neque

2383 4795 2523 4853 hanc
2541 4813 2750 4871 poenam
2777 4798 2832 4854 in
2854 4792 3092 4870 praesens
3121 4806 3329 4870 tempus
3376 4797 3589 4870 infligit,
3640 4798 3737 4856 sed
3765 4809 3972 4857 tantum

664 4884 838 4942 lorum
890 4887 1185 4957 licentiam,
1241 4890 1338 4948 sed
1381 4892 1541 4948 etiam
1571 4892 1922 4950 Eucharistim
1970 4895 2259 4967 profanam
2372 4889 2627 4946 minatur.
2651 4889 2819 4947 Addit
2852 4901 3063 4947 autem:
3103 4909 3121 4942 ι
3160 4890 3345 4947 Actori
3373 4901 3426 4948 et
3464 4890 3606 4964 apud
3632 4906 3730 4948 nos
3745 4901 3798 4949 et
3827 4893 3974 4963 apud

671 4980 880 5036 facinus
912 4980 1005 5036 diu
1037 4983 1299 5052 patienter
1328 4985 1532 5043 tulisse.
1562 4987 1765 5044 Focum
1795 4986 2037 5045 fecerunt
2055 4989 2283 5046 doetis-.

2372 4981 2710 5039 confessores
2736 4983 2880 5068 ipsos
2911 4994 2965 5039 ct
2990 4980 3133 5053 apud
3164 4982 3373 5053 plebem
3404 4985 3705 5040 universam
3748 5000 3974 5041 causam

661 5072 800 5167 sime
821 5074 935 5130 viro
957 5075 1071 5131 lucc
1094 5073 1345 5149 Cypriani
1376 5078 1537 5135 verba
1573 5079 1627 5134 in
1658 5079 1828 5152 Epist.
1860 5097 1925 5137 Lv
1963 5084 2104 5154 (pag.
2133 5071 2280 5167 85):}

668 5183 686 5217 ι
720 5164 896 5223 Unum
924 5167 1054 5224 illud
1085 5168 1137 5223 in
1162 5184 1268 5240 quo
1297 5184 1401 5227 non
1431 5187 1551 5229 mea
1580 5188 1680 5230 nec
1716 5174 1990 5231 hominum
2026 5175 2119 5232 sed
2157 5164 2283 5240 Dei?

661 5272 820 5315 causa
850 5268 953 5328 est,
980 5261 1048 5318 de
1083 5276 1271 5318 eorum
1301 5263 1537 5321 facinore
1563 5283 1669 5322 non
1698 5276 1825 5337 puto
1872 5284 1993 5325 esse
2015 5271 2245 5328 reticen-

666 5349 790 5407 dum
842 5354 985 5429 quod
1031 5370 1062 5411 a
1114 5354 1286 5426 primo
1333 5360 1512 5414 statim
1565 5360 1948 5431 persecutionis
1994 5362 2100 5430 die,
2132 5378 2252 5419 cum

662 5447 897 5501 recentia
944 5447 1368 5524 delinquentium
1397 5451 1632 5511 facinora
1668 5455 1954 5525 ferverent,
1983 5465 2037 5512 et
2073 5455 2242 5512 sacri-

660 5535 797 5594 ficiis
825 5540 1069 5599 nefandis
1094 5560 1198 5600 non
1225 5554 1431 5603 tantum
1455 5546 1651 5604 diaboli
1673 5547 1877 5617 altaria,
1925 5549 2021 5606 scd
2077 5548 2253 5606 adhuc

661 5646 853 5689 manus
880 5632 1010 5705 ipsa:
1040 5636 1309 5709 lapsorum
1335 5651 1494 5713 atque
1519 5658 1611 5698 ora
1637 5641 1919 5713 fumarent,
1952 5646 2246 5701 communi-
2268 5712 2275 5713 ί

2332 5734 2666 5811 ςΕρὶειοιειιιι
2698 5751 2889 5802 xxvnt,
2933 5735 2984 5791 in
3027 5751 3127 5807 qua
3157 5736 3456 5808 gratulatur
3500 5738 3824 5811 presbyteris
3847 5737 3971 5793 suis

659 5737 783 5781 care
797 5739 917 5782 cum
941 5727 1104 5799 lapsis
1128 5741 1184 5787 et
1200 5732 1526 5802 poenitentia:
1545 5735 1765 5806 agenda:
1787 5737 2119 5795 intercedere
2141 5754 2245 5795 non

2280 5059 2320 5295 l

2370 5087 2522 5128 suam
2577 5089 2697 5129 cum
2727 5073 2956 5129 Domino
2988 5074 3330 5144 permittente
3356 5074 3409 5130 in
3439 5077 3612 5130 sinum
3642 5076 3828 5130 matris
3871 5075 3977 5132 Ec-

2374 5168 2552 5224 clesiae
2589 5168 2828 5240 recolligi
2880 5168 3239 5239 coeperimus;
3284 5167 3419 5236 lucc,
3476 5168 3712 5239 inquam,
3796 5168 3971 5238 addit,

2312 5287 2326 5329 ε
2371 5262 2496 5335 quia
2529 5270 2655 5318 tunc
2682 5263 3009 5319 deliberatus
3047 5272 3184 5329 erat,
3211 5278 3319 5320 non
3364 5273 3541 5319 utrum
3568 5274 3754 5321 essent
3800 5264 3972 5335 depo—

2318 5338 2336 5397 ‘3
2386 5356 2546 5411 nendi
2584 5371 2755 5414 necne
2803 5355 2856 5412 lii
2925 5356 3241 5430 presbyteri,
3264 5366 3320 5413 ut
3364 5358 3539 5430 placet
3598 5358 3968 5427 Tillemontio,

2328 5445 2337 5495 Ῐ
2384 5450 2480 5507 sed
2534 5458 2709 5507 utrum
2744 5450 2826 5507 eis
2868 5459 3014 5508 esset
3038 5452 3308 5509 reddenda
3352 5467 3526 5511 necne
3550 5455 3878 5521 communio,
3910 5462 3971 5510 et

2375 5560 2478 5616 qua
2502 5544 2830 5616 conditione,
2859 5561 2959 5618 qua
3013 5547 3342 5618 paenitentiae
3382 5549 3499 5621 lege
3526 5550 3817 5607 reddenda.
3860 5548 3973 5622 Cy-

2376 5638 2620 5708 prianum
2648 5640 2803 5696 aliter
2855 5640 3193 5714 interpretari
3248 5657 3353 5697 non
3395 5657 3611 5715 possum
3674 5660 3793 5700 cum
3847 5643 3979 5719 lego,

662 5812 995 5877 desuterunt.
1024 5820 1107 5880 Ex
1135 5821 1217 5880 bis
1238 5826 1898 5888 concluditTillemontius
1923 5830 1991 5888 ab
2013 5831 2128 5904 ipso
2158 5831 2249 5889 illo
2365 5842 2421 5892 et
2455 5831 2724 5903 diaconis,
2755 5832 2898 5906 quod
2955 5850 3075 5891 cum
3115 5834 3249 5892 Gaio
3295 5835 3546 5896 Diddensi
3577 5836 3795 5912 ejusque
3846 5836 3973 5895 dia-
