  <div class='ocr_page' id='page_1' title='image "/cluster/home/n/w/nwhite01/storage/ocr_20150623/4/hvd.32044048207708/058.png"; bbox 0 0 4200 6262; ppageno 0'>
   <div class='ocr_carea' id='block_1_1' title="bbox 302 262 444 331">
    <p class='ocr_par' dir='ltr' id='par_1_1' title="bbox 302 262 444 331">
     <span class='ocr_line' id='line_1_1' title="bbox 302 262 444 331; baseline -0.028 0"><span class='ocrx_word' id='word_1_1' title='bbox 302 262 444 331; x_wconf 63' lang='grc'><strong>105</strong></span> 
     </span>
    </p>
   </div>
   <div class='ocr_carea' id='block_1_2' title="bbox 272 388 1925 462">
    <p class='ocr_par' dir='ltr' id='par_1_2' title="bbox 272 388 1925 462">
     <span class='ocr_line' id='line_1_2' title="bbox 272 388 1925 462; baseline 0.005 -19"><span class='ocrx_word' id='word_1_2' title='bbox 272 420 275 421; x_wconf 52' lang='grc' dir='ltr'><em>ν</em></span> <span class='ocrx_word' id='word_1_3' title='bbox 303 400 493 457; x_wconf 78' lang='lat' dir='ltr'><strong>cono,</strong></span> <span class='ocrx_word' id='word_1_4' title='bbox 522 388 613 459; x_wconf 98' lang='lat' dir='ltr'><strong>qui</strong></span> <span class='ocrx_word' id='word_1_5' title='bbox 639 389 1074 446; x_wconf 88' lang='lat' dir='ltr'><strong>communionem</strong></span> <span class='ocrx_word' id='word_1_6' title='bbox 1105 390 1268 462; x_wconf 83' lang='lat' dir='ltr'><strong>lapsis</strong></span> <span class='ocrx_word' id='word_1_7' title='bbox 1306 388 1587 460; x_wconf 82' lang='lat' dir='ltr'><strong>dederant,</strong></span> <span class='ocrx_word' id='word_1_8' title='bbox 1620 395 1925 451; x_wconf 66' lang='lat' dir='ltr'><strong>communio</strong></span> 
     </span>
    </p>
   </div>
   <div class='ocr_carea' id='block_1_3' title="bbox 296 483 1927 557">
    <p class='ocr_par' dir='ltr' id='par_1_3' title="bbox 296 483 1927 557">
     <span class='ocr_line' id='line_1_3' title="bbox 296 483 1927 557; baseline 0.004 -19"><span class='ocrx_word' id='word_1_9' title='bbox 296 495 455 539; x_wconf 80' lang='lat' dir='ltr'><strong>care</strong></span> <span class='ocrx_word' id='word_1_10' title='bbox 480 483 803 539; x_wconf 77' lang='lat' dir='ltr'><strong>noluissent.</strong></span> <span class='ocrx_word' id='word_1_11' title='bbox 833 483 1079 540; x_wconf 89' lang='lat' dir='ltr'><strong>Renovat</strong></span> <span class='ocrx_word' id='word_1_12' title='bbox 1101 485 1152 539; x_wconf 91' lang='lat' dir='ltr'><strong>in</strong></span> <span class='ocrx_word' id='word_1_13' title='bbox 1180 484 1368 541; x_wconf 89' lang='lat' dir='ltr'><strong>eadem</strong></span> <span class='ocrx_word' id='word_1_14' title='bbox 1397 486 1624 557; x_wconf 90' lang='lat' dir='ltr'><strong>epistola</strong></span> <span class='ocrx_word' id='word_1_15' title='bbox 1651 486 1927 544; x_wconf 88' lang='lat' dir='ltr'><strong>decretum</strong></span> 
     </span>
    </p>
   </div>
   <div class='ocr_carea' id='block_1_4' title="bbox 303 577 1928 653">
    <p class='ocr_par' dir='ltr' id='par_1_4' title="bbox 303 577 1928 653">
     <span class='ocr_line' id='line_1_4' title="bbox 303 577 1928 653; baseline 0.003 -21"><span class='ocrx_word' id='word_1_16' title='bbox 303 590 509 639; x_wconf 85' lang='lat' dir='ltr'><strong>suum,</strong></span> <span class='ocrx_word' id='word_1_17' title='bbox 530 584 588 631; x_wconf 88' lang='lat' dir='ltr'><strong>ut</strong></span> <span class='ocrx_word' id='word_1_18' title='bbox 615 591 645 631; x_wconf 83' lang='lat' dir='ltr'><strong>a</strong></span> <span class='ocrx_word' id='word_1_19' title='bbox 674 577 1058 635; x_wconf 91' lang='lat' dir='ltr'><strong>communione</strong></span> <span class='ocrx_word' id='word_1_20' title='bbox 1086 592 1178 634; x_wconf 87' lang='lat' dir='ltr'><strong>sua</strong></span> <span class='ocrx_word' id='word_1_21' title='bbox 1203 588 1449 635; x_wconf 89' lang='lat' dir='ltr'><strong>arceatur</strong></span> <span class='ocrx_word' id='word_1_22' title='bbox 1479 581 1805 653; x_wconf 87' lang='lat' dir='ltr'><strong>quicumque</strong></span> <span class='ocrx_word' id='word_1_23' title='bbox 1833 596 1928 637; x_wconf 84' lang='lat' dir='ltr'><strong>au-</strong></span> 
     </span>
    </p>
   </div>
   <div class='ocr_carea' id='block_1_5' title="bbox 297 664 1926 742">
    <p class='ocr_par' dir='ltr' id='par_1_5' title="bbox 297 664 1926 742">
     <span class='ocr_line' id='line_1_5' title="bbox 297 664 1926 742; baseline 0.001 -16"><span class='ocrx_word' id='word_1_24' title='bbox 297 680 416 726; x_wconf 73' lang='lat' dir='ltr'><strong>Sus</strong></span> <span class='ocrx_word' id='word_1_25' title='bbox 457 668 618 725; x_wconf 85' lang='lat' dir='ltr'><strong>fuerit</strong></span> <span class='ocrx_word' id='word_1_26' title='bbox 672 664 1075 727; x_wconf 86' lang='lat' dir='ltr'><strong>communicare</strong></span> <span class='ocrx_word' id='word_1_27' title='bbox 1125 685 1247 726; x_wconf 91' lang='lat' dir='ltr'><strong>cum</strong></span> <span class='ocrx_word' id='word_1_28' title='bbox 1302 672 1487 742; x_wconf 83' lang='lat' dir='ltr'><strong>lapsis.</strong></span> <span class='ocrx_word' id='word_1_29' title='bbox 1542 674 1633 728; x_wconf 90' lang='lat' dir='ltr'><strong>Sic</strong></span> <span class='ocrx_word' id='word_1_30' title='bbox 1679 673 1840 729; x_wconf 85' lang='lat' dir='ltr'><strong>etiam</strong></span> <span class='ocrx_word' id='word_1_31' title='bbox 1874 675 1926 728; x_wconf 89' lang='lat' dir='ltr'><strong>in</strong></span> 
     </span>
    </p>
   </div>
   <div class='ocr_carea' id='block_1_6' title="bbox 298 761 1928 837">
    <p class='ocr_par' dir='ltr' id='par_1_6' title="bbox 298 761 1928 837">
     <span class='ocr_line' id='line_1_6' title="bbox 298 761 1928 837; baseline 0 -16"><span class='ocrx_word' id='word_1_32' title='bbox 298 761 495 833; x_wconf 87' lang='lat' dir='ltr'><strong>Epist.</strong></span> <span class='ocrx_word' id='word_1_33' title='bbox 532 779 600 818; x_wconf 80' lang='grc' dir='ltr'><strong>ιιι</strong></span> <span class='ocrx_word' id='word_1_34' title='bbox 648 763 797 837; x_wconf 88' lang='lat' dir='ltr'><strong>(pag.</strong></span> <span class='ocrx_word' id='word_1_35' title='bbox 842 764 957 836; x_wconf 82' lang='lat'><strong>67),</strong></span> <span class='ocrx_word' id='word_1_36' title='bbox 987 765 1328 821; x_wconf 77' lang='lat' dir='ltr'><strong>severitatem</strong></span> <span class='ocrx_word' id='word_1_37' title='bbox 1357 780 1388 821; x_wconf 92' lang='lat' dir='ltr'><strong>a</strong></span> <span class='ocrx_word' id='word_1_38' title='bbox 1432 781 1491 821; x_wconf 89' lang='lat' dir='ltr'><strong>se</strong></span> <span class='ocrx_word' id='word_1_39' title='bbox 1542 766 1828 837; x_wconf 85' lang='lat' dir='ltr'><strong>aliquando</strong></span> <span class='ocrx_word' id='word_1_40' title='bbox 1874 767 1928 821; x_wconf 93' lang='lat' dir='ltr'><strong>in</strong></span> 
     </span>
    </p>
   </div>
   <div class='ocr_carea' id='block_1_7' title="bbox 298 853 1926 927">
    <p class='ocr_par' dir='ltr' id='par_1_7' title="bbox 298 853 1926 927">
     <span class='ocr_line' id='line_1_7' title="bbox 298 853 1926 927; baseline 0.001 -14"><span class='ocrx_word' id='word_1_41' title='bbox 298 853 505 927; x_wconf 78' lang='lat' dir='ltr'><strong>lapsos</strong></span> <span class='ocrx_word' id='word_1_42' title='bbox 529 854 826 911; x_wconf 84' lang='lat' dir='ltr'><strong>adhibitam</strong></span> <span class='ocrx_word' id='word_1_43' title='bbox 855 870 1155 926; x_wconf 81' lang='lat' dir='ltr'><strong>exponens,</strong></span> <span class='ocrx_word' id='word_1_44' title='bbox 1184 856 1490 914; x_wconf 85' lang='lat' dir='ltr'><strong>decrevisse</strong></span> <span class='ocrx_word' id='word_1_45' title='bbox 1530 874 1591 914; x_wconf 90' lang='lat' dir='ltr'><strong>sc</strong></span> <span class='ocrx_word' id='word_1_46' title='bbox 1630 869 1813 914; x_wconf 90' lang='lat' dir='ltr'><strong>narrat</strong></span> <span class='ocrx_word' id='word_1_47' title='bbox 1838 867 1926 924; x_wconf 88' lang='lat' dir='ltr'><strong>ut,</strong></span> 
     </span>
    </p>
   </div>
   <div class='ocr_carea' id='block_1_8' title="bbox 302 947 1929 1021">
    <p class='ocr_par' dir='ltr' id='par_1_8' title="bbox 302 947 1929 1021">
     <span class='ocr_line' id='line_1_8' title="bbox 302 947 1929 1021; baseline 0.002 -18"><span class='ocrx_word' id='word_1_48' title='bbox 302 966 339 1003; x_wconf 68' lang='grc' dir='ltr'><strong>ι</strong></span> <span class='ocrx_word' id='word_1_49' title='bbox 373 949 421 1004; x_wconf 97' lang='lat' dir='ltr'><strong>si</strong></span> <span class='ocrx_word' id='word_1_50' title='bbox 451 948 574 1018; x_wconf 89' lang='lat' dir='ltr'><strong>quis</strong></span> <span class='ocrx_word' id='word_1_51' title='bbox 603 957 731 1003; x_wconf 87' lang='lat' dir='ltr'><strong>ante</strong></span> <span class='ocrx_word' id='word_1_52' title='bbox 757 947 1043 1004; x_wconf 87' lang='lat' dir='ltr'><strong>consilium</strong></span> <span class='ocrx_word' id='word_1_53' title='bbox 1076 958 1343 1018; x_wconf 89' lang='lat' dir='ltr'><strong>nostrum,</strong></span> <span class='ocrx_word' id='word_1_54' title='bbox 1382 968 1401 1002; x_wconf 77' lang='grc' dir='ltr'><strong>ι</strong></span> <span class='ocrx_word' id='word_1_55' title='bbox 1436 949 1629 1021; x_wconf 85' lang='lat' dir='ltr'><strong>inquit,</strong></span> <span class='ocrx_word' id='word_1_56' title='bbox 1667 968 1686 1001; x_wconf 84' lang='grc' dir='ltr'><strong>ι</strong></span> <span class='ocrx_word' id='word_1_57' title='bbox 1724 959 1778 1005; x_wconf 91' lang='lat' dir='ltr'><strong>et</strong></span> <span class='ocrx_word' id='word_1_58' title='bbox 1794 954 1929 1006; x_wconf 69' lang='lat' dir='ltr'><strong>ante</strong></span> 
     </span>
    </p>
   </div>
   <div class='ocr_carea' id='block_1_9' title="bbox 302 1040 1927 1111">
    <p class='ocr_par' dir='ltr' id='par_1_9' title="bbox 302 1040 1927 1111">
     <span class='ocr_line' id='line_1_9' title="bbox 302 1040 1927 1111; baseline -0.001 -11"><span class='ocrx_word' id='word_1_59' title='bbox 302 1040 653 1100; x_wconf 79' lang='lat' dir='ltr'><strong>sententiam</strong></span> <span class='ocrx_word' id='word_1_60' title='bbox 682 1041 751 1098; x_wconf 89' lang='lat' dir='ltr'><strong>de</strong></span> <span class='ocrx_word' id='word_1_61' title='bbox 783 1040 1021 1096; x_wconf 90' lang='lat' dir='ltr'><strong>omnium</strong></span> <span class='ocrx_word' id='word_1_62' title='bbox 1051 1040 1283 1097; x_wconf 89' lang='lat' dir='ltr'><strong>consilio</strong></span> <span class='ocrx_word' id='word_1_63' title='bbox 1313 1049 1591 1108; x_wconf 83' lang='lat' dir='ltr'><strong>statutam,</strong></span> <span class='ocrx_word' id='word_1_64' title='bbox 1642 1041 1804 1111; x_wconf 88' lang='lat' dir='ltr'><strong>lapsis</strong></span> <span class='ocrx_word' id='word_1_65' title='bbox 1849 1051 1927 1098; x_wconf 84' lang='lat' dir='ltr'><strong>te-</strong></span> 
     </span>
    </p>
   </div>
   <div class='ocr_carea' id='block_1_10' title="bbox 304 1121 1928 1207">
    <p class='ocr_par' dir='ltr' id='par_1_10' title="bbox 304 1121 1928 1207">
     <span class='ocr_line' id='line_1_10' title="bbox 304 1121 1928 1207; baseline -0.002 -13"><span class='ocrx_word' id='word_1_66' title='bbox 304 1152 477 1194; x_wconf 87' lang='lat' dir='ltr'><strong>mere</strong></span> <span class='ocrx_word' id='word_1_67' title='bbox 500 1121 896 1193; x_wconf 82' lang='lat' dir='ltr'><strong>communicare</strong></span> <span class='ocrx_word' id='word_1_68' title='bbox 922 1135 1204 1201; x_wconf 91' lang='lat' dir='ltr'><strong>voluisset,</strong></span> <span class='ocrx_word' id='word_1_69' title='bbox 1230 1136 1344 1207; x_wconf 90' lang='lat' dir='ltr'><strong>ipse</strong></span> <span class='ocrx_word' id='word_1_70' title='bbox 1364 1149 1394 1189; x_wconf 92' lang='lat' dir='ltr'><strong>a</strong></span> <span class='ocrx_word' id='word_1_71' title='bbox 1423 1136 1806 1192; x_wconf 88' lang='lat' dir='ltr'><strong>communione</strong></span> <span class='ocrx_word' id='word_1_72' title='bbox 1832 1135 1928 1191; x_wconf 83' lang='lat' dir='ltr'><strong>ab-</strong></span> 
     </span>
    </p>
   </div>
   <div class='ocr_carea' id='block_1_11' title="bbox 314 1227 1926 1287">
    <p class='ocr_par' dir='ltr' id='par_1_11' title="bbox 314 1227 1926 1287">
     <span class='ocr_line' id='line_1_11' title="bbox 314 1227 1926 1287; baseline -0.003 0"><span class='ocrx_word' id='word_1_73' title='bbox 314 1232 643 1287; x_wconf 77' lang='lat' dir='ltr'><strong>Stincretur.</strong></span> <span class='ocrx_word' id='word_1_74' title='bbox 686 1251 707 1283; x_wconf 76' lang='grc' dir='ltr'><strong>ι</strong></span> <span class='ocrx_word' id='word_1_75' title='bbox 763 1227 934 1285; x_wconf 87' lang='lat' dir='ltr'><strong>Porro</strong></span> <span class='ocrx_word' id='word_1_76' title='bbox 984 1228 1256 1285; x_wconf 89' lang='lat' dir='ltr'><strong>abstinere</strong></span> <span class='ocrx_word' id='word_1_77' title='bbox 1308 1244 1338 1282; x_wconf 87' lang='lat' dir='ltr'><strong>a</strong></span> <span class='ocrx_word' id='word_1_78' title='bbox 1393 1228 1771 1283; x_wconf 90' lang='lat' dir='ltr'><strong>communione</strong></span> <span class='ocrx_word' id='word_1_79' title='bbox 1818 1242 1926 1283; x_wconf 90' lang='lat' dir='ltr'><strong>non</strong></span> 
     </span>
    </p>
   </div>
   <div class='ocr_carea' id='block_1_12' title="bbox 308 1318 1922 1393">
    <p class='ocr_par' dir='ltr' id='par_1_12' title="bbox 308 1318 1922 1393">
     <span class='ocr_line' id='line_1_12' title="bbox 308 1318 1922 1393; baseline -0.002 -15"><span class='ocrx_word' id='word_1_80' title='bbox 308 1321 468 1378; x_wconf 86' lang='lat' dir='ltr'><strong>idem</strong></span> <span class='ocrx_word' id='word_1_81' title='bbox 494 1330 573 1377; x_wconf 89' lang='lat' dir='ltr'><strong>est</strong></span> <span class='ocrx_word' id='word_1_82' title='bbox 595 1336 658 1377; x_wconf 87' lang='lat' dir='ltr'><strong>ac</strong></span> <span class='ocrx_word' id='word_1_83' title='bbox 698 1319 1050 1393; x_wconf 87' lang='lat' dir='ltr'><strong>suspendere,</strong></span> <span class='ocrx_word' id='word_1_84' title='bbox 1081 1318 1379 1391; x_wconf 74' lang='lat' dir='ltr'><strong>prmsertim</strong></span> <span class='ocrx_word' id='word_1_85' title='bbox 1413 1318 1553 1391; x_wconf 89' lang='lat' dir='ltr'><strong>apud</strong></span> <span class='ocrx_word' id='word_1_86' title='bbox 1574 1319 1922 1392; x_wconf 83' lang='lat' dir='ltr'><strong>Cyprianum,</strong></span> 
     </span>
    </p>
   </div>
   <div class='ocr_carea' id='block_1_13' title="bbox 308 1414 1925 1487">
    <p class='ocr_par' dir='ltr' id='par_1_13' title="bbox 308 1414 1925 1487">
     <span class='ocr_line' id='line_1_13' title="bbox 308 1414 1925 1487; baseline 0.001 -17"><span class='ocrx_word' id='word_1_87' title='bbox 308 1416 407 1487; x_wconf 86' lang='lat' dir='ltr'><strong>qui</strong></span> <span class='ocrx_word' id='word_1_88' title='bbox 452 1414 557 1472; x_wconf 86' lang='lat' dir='ltr'><strong>hac</strong></span> <span class='ocrx_word' id='word_1_89' title='bbox 606 1431 740 1472; x_wconf 87' lang='lat' dir='ltr'><strong>voce</strong></span> <span class='ocrx_word' id='word_1_90' title='bbox 796 1414 1413 1472; x_wconf 80' lang='lat' dir='ltr'><strong>excommunicationem</strong></span> <span class='ocrx_word' id='word_1_91' title='bbox 1459 1414 1733 1486; x_wconf 81' lang='lat' dir='ltr'><strong>designat,</strong></span> <span class='ocrx_word' id='word_1_92' title='bbox 1778 1414 1925 1471; x_wconf 88' lang='lat' dir='ltr'><strong>velut</strong></span> 
     </span>
    </p>
   </div>
   <div class='ocr_carea' id='block_1_14' title="bbox 308 1505 1922 1578">
    <p class='ocr_par' dir='ltr' id='par_1_14' title="bbox 308 1505 1922 1578">
     <span class='ocr_line' id='line_1_14' title="bbox 308 1505 1922 1578; baseline 0.001 -16"><span class='ocrx_word' id='word_1_93' title='bbox 308 1522 441 1563; x_wconf 88' lang='lat' dir='ltr'><strong>cum</strong></span> <span class='ocrx_word' id='word_1_94' title='bbox 470 1508 542 1562; x_wconf 88' lang='lat' dir='ltr'><strong>ait</strong></span> <span class='ocrx_word' id='word_1_95' title='bbox 573 1508 879 1564; x_wconf 87' lang='lat' dir='ltr'><strong>abstentum</strong></span> <span class='ocrx_word' id='word_1_96' title='bbox 905 1522 937 1563; x_wconf 89' lang='lat' dir='ltr'><strong>a</strong></span> <span class='ocrx_word' id='word_1_97' title='bbox 961 1522 1022 1564; x_wconf 90' lang='lat' dir='ltr'><strong>se</strong></span> <span class='ocrx_word' id='word_1_98' title='bbox 1052 1522 1174 1564; x_wconf 90' lang='lat' dir='ltr'><strong>esse</strong></span> <span class='ocrx_word' id='word_1_99' title='bbox 1212 1505 1607 1564; x_wconf 88' lang='lat' dir='ltr'><strong>Felicissimum</strong></span> <span class='ocrx_word' id='word_1_100' title='bbox 1649 1508 1702 1563; x_wconf 90' lang='lat' dir='ltr'><strong>in</strong></span> <span class='ocrx_word' id='word_1_101' title='bbox 1746 1507 1922 1578; x_wconf 87' lang='lat' dir='ltr'><strong>Epist.</strong></span> 
     </span>
    </p>
   </div>
   <div class='ocr_carea' id='block_1_15' title="bbox 313 1598 1924 1667">
    <p class='ocr_par' dir='ltr' id='par_1_15' title="bbox 313 1598 1924 1667">
     <span class='ocr_line' id='line_1_15' title="bbox 313 1598 1924 1667; baseline -0.001 -10"><span class='ocrx_word' id='word_1_102' title='bbox 313 1615 525 1667; x_wconf 67' lang='lat' dir='ltr'><strong>xevm;</strong></span> <span class='ocrx_word' id='word_1_103' title='bbox 560 1599 811 1656; x_wconf 83' lang='lat' dir='ltr'><strong>Jovinum</strong></span> <span class='ocrx_word' id='word_1_104' title='bbox 844 1608 899 1657; x_wconf 89' lang='lat' dir='ltr'><strong>ct</strong></span> <span class='ocrx_word' id='word_1_105' title='bbox 938 1599 1227 1657; x_wconf 79' lang='lat' dir='ltr'><strong>Maximum</strong></span> <span class='ocrx_word' id='word_1_106' title='bbox 1271 1600 1342 1656; x_wconf 93' lang='lat' dir='ltr'><strong>ob</strong></span> <span class='ocrx_word' id='word_1_107' title='bbox 1386 1598 1615 1656; x_wconf 88' lang='lat' dir='ltr'><strong>nefanda</strong></span> <span class='ocrx_word' id='word_1_108' title='bbox 1661 1601 1924 1657; x_wconf 79' lang='lat' dir='ltr'><strong>sacrificia</strong></span> 
     </span>
    </p>
   </div>
   <div class='ocr_carea' id='block_1_16' title="bbox 320 1693 1923 1766">
    <p class='ocr_par' dir='ltr' id='par_1_16' title="bbox 320 1693 1923 1766">
     <span class='ocr_line' id='line_1_16' title="bbox 320 1693 1923 1766; baseline 0.001 -16"><span class='ocrx_word' id='word_1_109' title='bbox 320 1694 377 1750; x_wconf 89' lang='lat' dir='ltr'><strong>in</strong></span> <span class='ocrx_word' id='word_1_110' title='bbox 410 1695 646 1752; x_wconf 89' lang='lat' dir='ltr'><strong>concilio</strong></span> <span class='ocrx_word' id='word_1_111' title='bbox 669 1696 965 1762; x_wconf 89' lang='lat' dir='ltr'><strong>abstentos,</strong></span> <span class='ocrx_word' id='word_1_112' title='bbox 997 1695 1094 1766; x_wconf 84' lang='lat' dir='ltr'><strong>Ep.</strong></span> <span class='ocrx_word' id='word_1_113' title='bbox 1120 1711 1206 1763; x_wconf 80' lang='lat' dir='ltr'><strong>LV;</strong></span> <span class='ocrx_word' id='word_1_114' title='bbox 1230 1693 1583 1750; x_wconf 84' lang='lat' dir='ltr'><strong>Novatianum</strong></span> <span class='ocrx_word' id='word_1_115' title='bbox 1612 1709 1707 1765; x_wconf 89' lang='lat' dir='ltr'><strong>per</strong></span> <span class='ocrx_word' id='word_1_116' title='bbox 1753 1704 1923 1752; x_wconf 92' lang='lat' dir='ltr'><strong>totum</strong></span> 
     </span>
    </p>
   </div>
   <div class='ocr_carea' id='block_1_17' title="bbox 316 1787 1921 1859">
    <p class='ocr_par' dir='ltr' id='par_1_17' title="bbox 316 1787 1921 1859">
     <span class='ocr_line' id='line_1_17' title="bbox 316 1787 1921 1859; baseline -0.001 -14"><span class='ocrx_word' id='word_1_117' title='bbox 316 1789 508 1846; x_wconf 86' lang='lat' dir='ltr'><strong>orbem</strong></span> <span class='ocrx_word' id='word_1_118' title='bbox 558 1805 589 1844; x_wconf 92' lang='lat' dir='ltr'><strong>a</strong></span> <span class='ocrx_word' id='word_1_119' title='bbox 619 1788 990 1846; x_wconf 89' lang='lat' dir='ltr'><strong>sacerdotibus</strong></span> <span class='ocrx_word' id='word_1_120' title='bbox 1043 1788 1136 1845; x_wconf 88' lang='lat' dir='ltr'><strong>Dei</strong></span> <span class='ocrx_word' id='word_1_121' title='bbox 1178 1788 1501 1859; x_wconf 89' lang='lat' dir='ltr'><strong>abstentum,</strong></span> <span class='ocrx_word' id='word_1_122' title='bbox 1545 1787 1716 1859; x_wconf 89' lang='lat' dir='ltr'><strong>Epist.</strong></span> <span class='ocrx_word' id='word_1_123' title='bbox 1756 1804 1921 1845; x_wconf 80' lang='lat' dir='ltr'><strong>vau.</strong></span> 
     </span>
    </p>
   </div>
   <div class='ocr_carea' id='block_1_18' title="bbox 321 1882 1914 1955">
    <p class='ocr_par' dir='ltr' id='par_1_18' title="bbox 321 1882 1914 1955">
     <span class='ocr_line' id='line_1_18' title="bbox 321 1882 1914 1955; baseline -0.003 -14"><span class='ocrx_word' id='word_1_124' title='bbox 321 1882 425 1941; x_wconf 83' lang='lat' dir='ltr'><strong>llis</strong></span> <span class='ocrx_word' id='word_1_125' title='bbox 455 1898 583 1955; x_wconf 80' lang='lat' dir='ltr'><strong>ergo</strong></span> <span class='ocrx_word' id='word_1_126' title='bbox 611 1884 811 1951; x_wconf 91' lang='lat' dir='ltr'><strong>verbis,</strong></span> <span class='ocrx_word' id='word_1_127' title='bbox 848 1902 869 1936; x_wconf 86' lang='grc' dir='ltr'><strong>ι</strong></span> <span class='ocrx_word' id='word_1_128' title='bbox 902 1892 962 1939; x_wconf 93' lang='lat' dir='ltr'><strong>ut</strong></span> <span class='ocrx_word' id='word_1_129' title='bbox 989 1882 1203 1939; x_wconf 88' lang='lat' dir='ltr'><strong>interim</strong></span> <span class='ocrx_word' id='word_1_130' title='bbox 1231 1882 1620 1953; x_wconf 86' lang='lat' dir='ltr'><strong>prohibeantur</strong></span> <span class='ocrx_word' id='word_1_131' title='bbox 1648 1882 1865 1953; x_wconf 80' lang='lat' dir='ltr'><strong>offerre,</strong></span> <span class='ocrx_word' id='word_1_132' title='bbox 1894 1902 1914 1936; x_wconf 77' lang='grc' dir='ltr'><strong>ι</strong></span> 
     </span>
    </p>
   </div>
   <div class='ocr_carea' id='block_1_19' title="bbox 325 1977 1923 2047">
    <p class='ocr_par' dir='ltr' id='par_1_19' title="bbox 325 1977 1923 2047">
     <span class='ocr_line' id='line_1_19' title="bbox 325 1977 1923 2047; baseline -0.002 -10"><span class='ocrx_word' id='word_1_133' title='bbox 325 1994 436 2037; x_wconf 82' lang='lat' dir='ltr'><strong>non</strong></span> <span class='ocrx_word' id='word_1_134' title='bbox 474 1980 647 2035; x_wconf 86' lang='lat' dir='ltr'><strong>solum</strong></span> <span class='ocrx_word' id='word_1_135' title='bbox 674 1978 1042 2047; x_wconf 83' lang='lat' dir='ltr'><strong>sacerdotalis,</strong></span> <span class='ocrx_word' id='word_1_136' title='bbox 1094 1977 1190 2035; x_wconf 90' lang='lat' dir='ltr'><strong>sed</strong></span> <span class='ocrx_word' id='word_1_137' title='bbox 1243 1979 1403 2035; x_wconf 91' lang='lat' dir='ltr'><strong>etiam</strong></span> <span class='ocrx_word' id='word_1_138' title='bbox 1443 1978 1578 2034; x_wconf 89' lang='lat' dir='ltr'><strong>laica</strong></span> <span class='ocrx_word' id='word_1_139' title='bbox 1631 1977 1832 2035; x_wconf 91' lang='lat' dir='ltr'><strong>oblatio</strong></span> <span class='ocrx_word' id='word_1_140' title='bbox 1866 1988 1923 2034; x_wconf 89' lang='lat' dir='ltr'><strong>et</strong></span> 
     </span>
    </p>
   </div>
   <div class='ocr_carea' id='block_1_20' title="bbox 310 2068 1920 2128">
    <p class='ocr_par' dir='ltr' id='par_1_20' title="bbox 310 2068 1920 2128">
     <span class='ocr_line' id='line_1_20' title="bbox 310 2068 1920 2128; baseline -0.001 -1"><span class='ocrx_word' id='word_1_141' title='bbox 310 2071 628 2127; x_wconf 89' lang='lat' dir='ltr'><strong>communio</strong></span> <span class='ocrx_word' id='word_1_142' title='bbox 650 2070 937 2128; x_wconf 84' lang='lat' dir='ltr'><strong>auferenda</strong></span> <span class='ocrx_word' id='word_1_143' title='bbox 975 2070 1345 2127; x_wconf 81' lang='lat' dir='ltr'><strong>denuntiatur.</strong></span> <span class='ocrx_word' id='word_1_144' title='bbox 1379 2068 1512 2125; x_wconf 91' lang='lat' dir='ltr'><strong>lllud</strong></span> <span class='ocrx_word' id='word_1_145' title='bbox 1545 2069 1710 2125; x_wconf 91' lang='lat' dir='ltr'><strong>etiam</strong></span> <span class='ocrx_word' id='word_1_146' title='bbox 1740 2085 1808 2126; x_wconf 80' lang='lat' dir='ltr'><strong>cx</strong></span> <span class='ocrx_word' id='word_1_147' title='bbox 1833 2069 1920 2126; x_wconf 87' lang='lat' dir='ltr'><strong>bis</strong></span> 
     </span>
    </p>
   </div>
   <div class='ocr_carea' id='block_1_21' title="bbox 314 2161 1918 2234">
    <p class='ocr_par' dir='ltr' id='par_1_21' title="bbox 314 2161 1918 2234">
     <span class='ocr_line' id='line_1_21' title="bbox 314 2161 1918 2234; baseline -0.001 -17"><span class='ocrx_word' id='word_1_148' title='bbox 314 2177 449 2233; x_wconf 80' lang='lat' dir='ltr'><strong>qua:-</strong></span> <span class='ocrx_word' id='word_1_149' title='bbox 479 2163 713 2217; x_wconf 79' lang='lat' dir='ltr'><strong>diximus</strong></span> <span class='ocrx_word' id='word_1_150' title='bbox 753 2162 1074 2234; x_wconf 88' lang='lat' dir='ltr'><strong>perspicitur</strong></span> <span class='ocrx_word' id='word_1_151' title='bbox 1111 2161 1249 2217; x_wconf 89' lang='lat' dir='ltr'><strong>banc</strong></span> <span class='ocrx_word' id='word_1_152' title='bbox 1279 2176 1493 2233; x_wconf 74' lang='lat' dir='ltr'><strong>pmnam</strong></span> <span class='ocrx_word' id='word_1_153' title='bbox 1534 2177 1639 2217; x_wconf 89' lang='lat' dir='ltr'><strong>non</strong></span> <span class='ocrx_word' id='word_1_154' title='bbox 1679 2162 1860 2218; x_wconf 89' lang='lat' dir='ltr'><strong>statim</strong></span> <span class='ocrx_word' id='word_1_155' title='bbox 1888 2177 1918 2216; x_wconf 89' lang='lat' dir='ltr'><strong>a</strong></span> 
     </span>
    </p>
   </div>
   <div class='ocr_carea' id='block_1_22' title="bbox 312 2253 1916 2327">
    <p class='ocr_par' dir='ltr' id='par_1_22' title="bbox 312 2253 1916 2327">
     <span class='ocr_line' id='line_1_22' title="bbox 312 2253 1916 2327; baseline 0 -17"><span class='ocrx_word' id='word_1_156' title='bbox 312 2253 585 2327; x_wconf 88' lang='lat' dir='ltr'><strong>Cypriano</strong></span> <span class='ocrx_word' id='word_1_157' title='bbox 616 2257 904 2326; x_wconf 82' lang='lat' dir='ltr'><strong>irrogatam</strong></span> <span class='ocrx_word' id='word_1_158' title='bbox 936 2255 1122 2320; x_wconf 88' lang='lat' dir='ltr'><strong>fuisse,</strong></span> <span class='ocrx_word' id='word_1_159' title='bbox 1153 2255 1247 2311; x_wconf 89' lang='lat' dir='ltr'><strong>sed</strong></span> <span class='ocrx_word' id='word_1_160' title='bbox 1286 2255 1463 2310; x_wconf 90' lang='lat' dir='ltr'><strong>minas</strong></span> <span class='ocrx_word' id='word_1_161' title='bbox 1508 2254 1878 2311; x_wconf 88' lang='lat' dir='ltr'><strong>tantummodo</strong></span> <span class='ocrx_word' id='word_1_162' title='bbox 1901 2296 1916 2322; x_wconf 95' lang='lat'><strong>,</strong></span> 
     </span>
    </p>
   </div>
   <div class='ocr_carea' id='block_1_23' title="bbox 313 2348 1920 2420">
    <p class='ocr_par' dir='ltr' id='par_1_23' title="bbox 313 2348 1920 2420">
     <span class='ocr_line' id='line_1_23' title="bbox 313 2348 1920 2420; baseline 0.001 -17"><span class='ocrx_word' id='word_1_163' title='bbox 313 2356 373 2403; x_wconf 87' lang='lat' dir='ltr'><strong>ut</strong></span> <span class='ocrx_word' id='word_1_164' title='bbox 395 2348 728 2404; x_wconf 81' lang='lat' dir='ltr'><strong>difﬁcillimis</strong></span> <span class='ocrx_word' id='word_1_165' title='bbox 758 2348 1089 2419; x_wconf 85' lang='lat' dir='ltr'><strong>temporibus</strong></span> <span class='ocrx_word' id='word_1_166' title='bbox 1110 2363 1173 2403; x_wconf 88' lang='lat' dir='ltr'><strong>ac</strong></span> <span class='ocrx_word' id='word_1_167' title='bbox 1198 2363 1406 2405; x_wconf 90' lang='lat' dir='ltr'><strong>summa</strong></span> <span class='ocrx_word' id='word_1_168' title='bbox 1437 2349 1718 2420; x_wconf 88' lang='lat' dir='ltr'><strong>prudentia</strong></span> <span class='ocrx_word' id='word_1_169' title='bbox 1757 2364 1920 2420; x_wconf 84' lang='lat' dir='ltr'><strong>egen-</strong></span> 
     </span>
    </p>
   </div>
   <div class='ocr_carea' id='block_1_24' title="bbox 317 2428 1916 2512">
    <p class='ocr_par' dir='ltr' id='par_1_24' title="bbox 317 2428 1916 2512">
     <span class='ocr_line' id='line_1_24' title="bbox 317 2428 1916 2512; baseline -0.001 -16"><span class='ocrx_word' id='word_1_170' title='bbox 317 2441 477 2509; x_wconf 88' lang='lat' dir='ltr'><strong>tibus,</strong></span> <span class='ocrx_word' id='word_1_171' title='bbox 505 2442 794 2497; x_wconf 83' lang='lat' dir='ltr'><strong>intentatas</strong></span> <span class='ocrx_word' id='word_1_172' title='bbox 815 2428 1002 2497; x_wconf 76' lang='lat' dir='ltr'><strong>fuisse.</strong></span> <span class='ocrx_word' id='word_1_173' title='bbox 1020 2440 1196 2512; x_wconf 86' lang='lat' dir='ltr'><strong>Atque</strong></span> <span class='ocrx_word' id='word_1_174' title='bbox 1217 2440 1270 2496; x_wconf 90' lang='lat' dir='ltr'><strong>id</strong></span> <span class='ocrx_word' id='word_1_175' title='bbox 1285 2445 1447 2497; x_wconf 83' lang='lat' dir='ltr'><strong>etiam</strong></span> <span class='ocrx_word' id='word_1_176' title='bbox 1480 2440 1767 2498; x_wconf 87' lang='lat' dir='ltr'><strong>conﬁrmat</strong></span> <span class='ocrx_word' id='word_1_177' title='bbox 1790 2456 1916 2496; x_wconf 91' lang='lat' dir='ltr'><strong>cum</strong></span> 
     </span>
    </p>
   </div>
   <div class='ocr_carea' id='block_1_25' title="bbox 315 2533 1919 2609">
    <p class='ocr_par' dir='ltr' id='par_1_25' title="bbox 315 2533 1919 2609">
     <span class='ocr_line' id='line_1_25' title="bbox 315 2533 1919 2609; baseline -0.002 -16"><span class='ocrx_word' id='word_1_178' title='bbox 315 2536 511 2593; x_wconf 80' lang='lat' dir='ltr'><strong>eximia</strong></span> <span class='ocrx_word' id='word_1_179' title='bbox 553 2537 808 2609; x_wconf 80' lang='lat' dir='ltr'><strong>Cypriani</strong></span> <span class='ocrx_word' id='word_1_180' title='bbox 836 2535 890 2592; x_wconf 91' lang='lat' dir='ltr'><strong>in</strong></span> <span class='ocrx_word' id='word_1_181' title='bbox 942 2536 1185 2593; x_wconf 89' lang='lat' dir='ltr'><strong>tacendis</strong></span> <span class='ocrx_word' id='word_1_182' title='bbox 1220 2535 1653 2608; x_wconf 88' lang='lat' dir='ltr'><strong>presbyterorum</strong></span> <span class='ocrx_word' id='word_1_183' title='bbox 1687 2533 1919 2592; x_wconf 87' lang='lat' dir='ltr'><strong>nomini-</strong></span> 
     </span>
    </p>
   </div>
   <div class='ocr_carea' id='block_1_26' title="bbox 321 2628 1917 2700">
    <p class='ocr_par' dir='ltr' id='par_1_26' title="bbox 321 2628 1917 2700">
     <span class='ocr_line' id='line_1_26' title="bbox 321 2628 1917 2700; baseline 0.002 -16"><span class='ocrx_word' id='word_1_184' title='bbox 321 2628 418 2685; x_wconf 87' lang='lat' dir='ltr'><strong>bus</strong></span> <span class='ocrx_word' id='word_1_185' title='bbox 456 2630 673 2699; x_wconf 89' lang='lat' dir='ltr'><strong>lenitas,</strong></span> <span class='ocrx_word' id='word_1_186' title='bbox 705 2639 818 2686; x_wconf 89' lang='lat' dir='ltr'><strong>tum</strong></span> <span class='ocrx_word' id='word_1_187' title='bbox 857 2630 927 2685; x_wconf 91' lang='lat' dir='ltr'><strong>ab</strong></span> <span class='ocrx_word' id='word_1_188' title='bbox 965 2644 1032 2685; x_wconf 90' lang='lat' dir='ltr'><strong>eo</strong></span> <span class='ocrx_word' id='word_1_189' title='bbox 1073 2628 1313 2700; x_wconf 89' lang='lat' dir='ltr'><strong>apposita</strong></span> <span class='ocrx_word' id='word_1_190' title='bbox 1338 2628 1595 2696; x_wconf 89' lang='lat' dir='ltr'><strong>conditio,</strong></span> <span class='ocrx_word' id='word_1_191' title='bbox 1634 2648 1654 2682; x_wconf 87' lang='grc' dir='ltr'><strong>ι</strong></span> <span class='ocrx_word' id='word_1_192' title='bbox 1687 2629 1734 2685; x_wconf 92' lang='lat' dir='ltr'><strong>si</strong></span> <span class='ocrx_word' id='word_1_193' title='bbox 1777 2630 1917 2687; x_wconf 89' lang='lat' dir='ltr'><strong>ultra</strong></span> 
     </span>
    </p>
   </div>
   <div class='ocr_carea' id='block_1_27' title="bbox 319 2723 1164 2796">
    <p class='ocr_par' dir='ltr' id='par_1_27' title="bbox 319 2723 1164 2796">
     <span class='ocr_line' id='line_1_27' title="bbox 319 2723 1164 2796; baseline -0.005 -15"><span class='ocrx_word' id='word_1_194' title='bbox 319 2723 374 2781; x_wconf 92' lang='lat' dir='ltr'><strong>in</strong></span> <span class='ocrx_word' id='word_1_195' title='bbox 399 2724 589 2781; x_wconf 89' lang='lat' dir='ltr'><strong>iisdem</strong></span> <span class='ocrx_word' id='word_1_196' title='bbox 619 2724 1107 2796; x_wconf 88' lang='lat' dir='ltr'><strong>perseveraverint.</strong></span> <span class='ocrx_word' id='word_1_197' title='bbox 1143 2742 1164 2778; x_wconf 87' lang='grc'><strong>›</strong></span> 
     </span>
    </p>
   </div>
   <div class='ocr_carea' id='block_1_28' title="bbox 390 2814 1919 2889">
    <p class='ocr_par' dir='ltr' id='par_1_28' title="bbox 390 2814 1919 2889">
     <span class='ocr_line' id='line_1_28' title="bbox 390 2814 1919 2889; baseline 0.002 -18"><span class='ocrx_word' id='word_1_198' title='bbox 390 2816 489 2873; x_wconf 80' lang='lat' dir='ltr'><strong>llis</strong></span> <span class='ocrx_word' id='word_1_199' title='bbox 507 2817 702 2873; x_wconf 89' lang='lat' dir='ltr'><strong>litteris</strong></span> <span class='ocrx_word' id='word_1_200' title='bbox 741 2832 850 2873; x_wconf 92' lang='lat' dir='ltr'><strong>non</strong></span> <span class='ocrx_word' id='word_1_201' title='bbox 890 2814 1169 2888; x_wconf 90' lang='lat' dir='ltr'><strong>respondit</strong></span> <span class='ocrx_word' id='word_1_202' title='bbox 1201 2815 1414 2883; x_wconf 89' lang='lat' dir='ltr'><strong>clerus;</strong></span> <span class='ocrx_word' id='word_1_203' title='bbox 1455 2816 1550 2873; x_wconf 90' lang='lat' dir='ltr'><strong>sed</strong></span> <span class='ocrx_word' id='word_1_204' title='bbox 1595 2816 1754 2889; x_wconf 86' lang='lat' dir='ltr'><strong>paulo</strong></span> <span class='ocrx_word' id='word_1_205' title='bbox 1794 2826 1919 2889; x_wconf 90' lang='lat' dir='ltr'><strong>post</strong></span> 
     </span>
    </p>
   </div>
   <div class='ocr_carea' id='block_1_29' title="bbox 322 2909 1913 2983">
    <p class='ocr_par' dir='ltr' id='par_1_29' title="bbox 322 2909 1913 2983">
     <span class='ocr_line' id='line_1_29' title="bbox 322 2909 1913 2983; baseline 0.003 -17"><span class='ocrx_word' id='word_1_206' title='bbox 322 2909 628 2982; x_wconf 85' lang='lat' dir='ltr'><strong>Cyprianus</strong></span> <span class='ocrx_word' id='word_1_207' title='bbox 646 2910 711 2966; x_wconf 89' lang='lat' dir='ltr'><strong>ad</strong></span> <span class='ocrx_word' id='word_1_208' title='bbox 736 2910 1029 2968; x_wconf 88' lang='lat' dir='ltr'><strong>custodiam</strong></span> <span class='ocrx_word' id='word_1_209' title='bbox 1066 2911 1241 2983; x_wconf 88' lang='lat' dir='ltr'><strong>gregis</strong></span> <span class='ocrx_word' id='word_1_210' title='bbox 1262 2925 1478 2982; x_wconf 88' lang='lat' dir='ltr'><strong>semper</strong></span> <span class='ocrx_word' id='word_1_211' title='bbox 1501 2921 1768 2978; x_wconf 86' lang='lat' dir='ltr'><strong>attentus,</strong></span> <span class='ocrx_word' id='word_1_212' title='bbox 1792 2928 1913 2970; x_wconf 91' lang='lat' dir='ltr'><strong>cum</strong></span> 
     </span>
    </p>
   </div>
   <div class='ocr_carea' id='block_1_30' title="bbox 325 3002 1917 3082">
    <p class='ocr_par' dir='ltr' id='par_1_30' title="bbox 325 3002 1917 3082">
     <span class='ocr_line' id='line_1_30' title="bbox 325 3002 1917 3082; baseline 0.003 -23"><span class='ocrx_word' id='word_1_213' title='bbox 325 3002 543 3060; x_wconf 80' lang='lat' dir='ltr'><strong>videret</strong></span> <span class='ocrx_word' id='word_1_214' title='bbox 583 3003 683 3059; x_wconf 91' lang='lat' dir='ltr'><strong>sibi</strong></span> <span class='ocrx_word' id='word_1_215' title='bbox 730 3004 1026 3082; x_wconf 76' lang='lat' dir='ltr'><strong>facultatem</strong></span> <span class='ocrx_word' id='word_1_216' title='bbox 1075 3004 1334 3062; x_wconf 87' lang='lat' dir='ltr'><strong>redeundi</strong></span> <span class='ocrx_word' id='word_1_217' title='bbox 1378 3005 1616 3061; x_wconf 91' lang='lat' dir='ltr'><strong>nondum</strong></span> <span class='ocrx_word' id='word_1_218' title='bbox 1670 3020 1823 3071; x_wconf 89' lang='lat' dir='ltr'><strong>esse,</strong></span> <span class='ocrx_word' id='word_1_219' title='bbox 1862 3016 1917 3063; x_wconf 86' lang='lat' dir='ltr'><strong>et</strong></span> 
     </span>
    </p>
   </div>
   <div class='ocr_carea' id='block_1_31' title="bbox 318 3094 1916 3168">
    <p class='ocr_par' dir='ltr' id='par_1_31' title="bbox 318 3094 1916 3168">
     <span class='ocr_line' id='line_1_31' title="bbox 318 3094 1916 3168; baseline 0.004 -20"><span class='ocrx_word' id='word_1_220' title='bbox 318 3094 435 3167; x_wconf 83' lang='lat' dir='ltr'><strong>jam</strong></span> <span class='ocrx_word' id='word_1_221' title='bbox 457 3104 697 3153; x_wconf 81' lang='lat' dir='ltr'><strong>:estatem</strong></span> <span class='ocrx_word' id='word_1_222' title='bbox 742 3097 1005 3168; x_wconf 86' lang='lat' dir='ltr'><strong>coepisse,</strong></span> <span class='ocrx_word' id='word_1_223' title='bbox 1061 3096 1205 3168; x_wconf 90' lang='lat' dir='ltr'><strong>quod</strong></span> <span class='ocrx_word' id='word_1_224' title='bbox 1257 3107 1470 3168; x_wconf 88' lang='lat' dir='ltr'><strong>tempus</strong></span> <span class='ocrx_word' id='word_1_225' title='bbox 1513 3096 1916 3154; x_wconf 82' lang='lat' dir='ltr'><strong>infirmitatibus</strong></span> 
     </span>
    </p>
   </div>
   <div class='ocr_carea' id='block_1_32' title="bbox 318 3176 1913 3263">
    <p class='ocr_par' dir='ltr' id='par_1_32' title="bbox 318 3176 1913 3263">
     <span class='ocr_line' id='line_1_32' title="bbox 318 3176 1913 3263; baseline -0.001 -16"><span class='ocrx_word' id='word_1_226' title='bbox 318 3176 554 3247; x_wconf 63' lang='lat' dir='ltr'><strong>assiduis</strong></span> <span class='ocrx_word' id='word_1_227' title='bbox 580 3199 634 3247; x_wconf 89' lang='lat' dir='ltr'><strong>et</strong></span> <span class='ocrx_word' id='word_1_228' title='bbox 659 3191 911 3263; x_wconf 88' lang='lat' dir='ltr'><strong>gravibus</strong></span> <span class='ocrx_word' id='word_1_229' title='bbox 940 3188 1256 3256; x_wconf 84' lang='lat' dir='ltr'><strong>infestatur,</strong></span> <span class='ocrx_word' id='word_1_230' title='bbox 1298 3201 1354 3247; x_wconf 90' lang='lat' dir='ltr'><strong>et</strong></span> <span class='ocrx_word' id='word_1_231' title='bbox 1387 3190 1554 3262; x_wconf 88' lang='lat' dir='ltr'><strong>lapsis</strong></span> <span class='ocrx_word' id='word_1_232' title='bbox 1584 3200 1639 3247; x_wconf 91' lang='lat' dir='ltr'><strong>et</strong></span> <span class='ocrx_word' id='word_1_233' title='bbox 1683 3190 1913 3247; x_wconf 81' lang='lat' dir='ltr'><strong>audien-</strong></span> 
     </span>
    </p>
   </div>
   <div class='ocr_carea' id='block_1_33' title="bbox 317 3281 1916 3355">
    <p class='ocr_par' dir='ltr' id='par_1_33' title="bbox 317 3281 1916 3355">
     <span class='ocr_line' id='line_1_33' title="bbox 317 3281 1916 3355; baseline -0.001 -16"><span class='ocrx_word' id='word_1_234' title='bbox 317 3283 460 3339; x_wconf 87' lang='lat' dir='ltr'><strong>tibus</strong></span> <span class='ocrx_word' id='word_1_235' title='bbox 488 3281 884 3354; x_wconf 87' lang='lat' dir='ltr'><strong>providendum</strong></span> <span class='ocrx_word' id='word_1_236' title='bbox 913 3282 1260 3340; x_wconf 79' lang='lat' dir='ltr'><strong>existimavit.</strong></span> <span class='ocrx_word' id='word_1_237' title='bbox 1303 3282 1531 3353; x_wconf 87' lang='lat' dir='ltr'><strong>Scripsit</strong></span> <span class='ocrx_word' id='word_1_238' title='bbox 1569 3282 1751 3355; x_wconf 85' lang='lat' dir='ltr'><strong>itaque</strong></span> <span class='ocrx_word' id='word_1_239' title='bbox 1787 3282 1916 3354; x_wconf 91' lang='lat' dir='ltr'><strong>Epi-</strong></span> 
     </span>
    </p>
   </div>
   <div class='ocr_carea' id='block_1_34' title="bbox 316 3376 1914 3449">
    <p class='ocr_par' dir='ltr' id='par_1_34' title="bbox 316 3376 1914 3449">
     <span class='ocr_line' id='line_1_34' title="bbox 316 3376 1914 3449; baseline -0.001 -15"><span class='ocrx_word' id='word_1_240' title='bbox 316 3376 512 3434; x_wconf 86' lang='lat' dir='ltr'><strong>stolam</strong></span> <span class='ocrx_word' id='word_1_241' title='bbox 577 3392 670 3432; x_wconf 76' lang='lat' dir='ltr'><strong>xm</strong></span> <span class='ocrx_word' id='word_1_242' title='bbox 714 3376 783 3433; x_wconf 91' lang='lat' dir='ltr'><strong>ad</strong></span> <span class='ocrx_word' id='word_1_243' title='bbox 827 3377 1066 3444; x_wconf 87' lang='lat' dir='ltr'><strong>clerum,</strong></span> <span class='ocrx_word' id='word_1_244' title='bbox 1121 3377 1174 3433; x_wconf 92' lang='lat' dir='ltr'><strong>in</strong></span> <span class='ocrx_word' id='word_1_245' title='bbox 1218 3391 1323 3449; x_wconf 88' lang='lat' dir='ltr'><strong>qua</strong></span> <span class='ocrx_word' id='word_1_246' title='bbox 1372 3376 1568 3444; x_wconf 89' lang='lat' dir='ltr'><strong>edicit,</strong></span> <span class='ocrx_word' id='word_1_247' title='bbox 1625 3385 1684 3433; x_wconf 89' lang='lat' dir='ltr'><strong>ut</strong></span> <span class='ocrx_word' id='word_1_248' title='bbox 1748 3376 1914 3447; x_wconf 90' lang='lat' dir='ltr'><strong>lapsis</strong></span> 
     </span>
    </p>
   </div>
   <div class='ocr_carea' id='block_1_35' title="bbox 316 3469 1913 3544">
    <p class='ocr_par' dir='ltr' id='par_1_35' title="bbox 316 3469 1913 3544">
     <span class='ocr_line' id='line_1_35' title="bbox 316 3469 1913 3544; baseline 0.001 -18"><span class='ocrx_word' id='word_1_249' title='bbox 316 3469 527 3527; x_wconf 86' lang='lat' dir='ltr'><strong>libellos</strong></span> <span class='ocrx_word' id='word_1_250' title='bbox 566 3480 866 3544; x_wconf 85' lang='lat' dir='ltr'><strong>martyrum</strong></span> <span class='ocrx_word' id='word_1_251' title='bbox 907 3470 1263 3539; x_wconf 85' lang='lat' dir='ltr'><strong>habentibus,</strong></span> <span class='ocrx_word' id='word_1_252' title='bbox 1307 3469 1356 3527; x_wconf 92' lang='lat' dir='ltr'><strong>si</strong></span> <span class='ocrx_word' id='word_1_253' title='bbox 1395 3470 1696 3542; x_wconf 89' lang='lat' dir='ltr'><strong>periculose</strong></span> <span class='ocrx_word' id='word_1_254' title='bbox 1742 3486 1913 3543; x_wconf 67' lang='lat' dir='ltr'><strong>aegro-</strong></span> 
     </span>
    </p>
   </div>
   <div class='ocr_carea' id='block_1_36' title="bbox 319 3564 1908 3636">
    <p class='ocr_par' dir='ltr' id='par_1_36' title="bbox 319 3564 1908 3636">
     <span class='ocr_line' id='line_1_36' title="bbox 319 3564 1908 3636; baseline -0.003 -17"><span class='ocrx_word' id='word_1_255' title='bbox 319 3564 563 3632; x_wconf 86' lang='lat' dir='ltr'><strong>taverint,</strong></span> <span class='ocrx_word' id='word_1_256' title='bbox 590 3564 730 3636; x_wconf 90' lang='lat' dir='ltr'><strong>apud</strong></span> <span class='ocrx_word' id='word_1_257' title='bbox 751 3564 1117 3636; x_wconf 87' lang='lat' dir='ltr'><strong>presbyterum</strong></span> <span class='ocrx_word' id='word_1_258' title='bbox 1144 3577 1539 3635; x_wconf 88' lang='lat' dir='ltr'><strong>quemcumque</strong></span> <span class='ocrx_word' id='word_1_259' title='bbox 1564 3570 1908 3635; x_wconf 69' lang='lat' dir='ltr'><strong>praesentem,</strong></span> 
     </span>
    </p>
   </div>
   <div class='ocr_carea' id='block_1_37' title="bbox 314 3657 1912 3731">
    <p class='ocr_par' dir='ltr' id='par_1_37' title="bbox 314 3657 1912 3731">
     <span class='ocr_line' id='line_1_37' title="bbox 314 3657 1912 3731; baseline 0.001 -18"><span class='ocrx_word' id='word_1_260' title='bbox 314 3658 408 3714; x_wconf 86' lang='lat' dir='ltr'><strong>vel</strong></span> <span class='ocrx_word' id='word_1_261' title='bbox 463 3658 508 3713; x_wconf 89' lang='lat' dir='ltr'><strong>si</strong></span> <span class='ocrx_word' id='word_1_262' title='bbox 565 3659 849 3731; x_wconf 89' lang='lat' dir='ltr'><strong>presbyter</strong></span> <span class='ocrx_word' id='word_1_263' title='bbox 888 3667 1134 3729; x_wconf 87' lang='lat' dir='ltr'><strong>repertus</strong></span> <span class='ocrx_word' id='word_1_264' title='bbox 1187 3672 1295 3714; x_wconf 89' lang='lat' dir='ltr'><strong>non</strong></span> <span class='ocrx_word' id='word_1_265' title='bbox 1373 3657 1571 3727; x_wconf 86' lang='lat' dir='ltr'><strong>fuerit,</strong></span> <span class='ocrx_word' id='word_1_266' title='bbox 1622 3667 1677 3715; x_wconf 90' lang='lat' dir='ltr'><strong>et</strong></span> <span class='ocrx_word' id='word_1_267' title='bbox 1720 3674 1912 3729; x_wconf 86' lang='lat' dir='ltr'><strong>urgere</strong></span> 
     </span>
    </p>
   </div>
   <div class='ocr_carea' id='block_1_38' title="bbox 314 3736 1910 3823">
    <p class='ocr_par' dir='ltr' id='par_1_38' title="bbox 314 3736 1910 3823">
     <span class='ocr_line' id='line_1_38' title="bbox 314 3736 1910 3823; baseline 0.001 -17"><span class='ocrx_word' id='word_1_268' title='bbox 314 3750 494 3807; x_wconf 76' lang='lat' dir='ltr'><strong>exitus</strong></span> <span class='ocrx_word' id='word_1_269' title='bbox 522 3751 752 3822; x_wconf 73' lang='lat' dir='ltr'><strong>cmperit</strong></span> <span class='ocrx_word' id='word_1_270' title='bbox 771 3792 786 3818; x_wconf 95' lang='lat'><strong>,</strong></span> <span class='ocrx_word' id='word_1_271' title='bbox 816 3750 957 3822; x_wconf 88' lang='lat' dir='ltr'><strong>apud</strong></span> <span class='ocrx_word' id='word_1_272' title='bbox 996 3751 1283 3808; x_wconf 90' lang='lat' dir='ltr'><strong>diaconum</strong></span> <span class='ocrx_word' id='word_1_273' title='bbox 1310 3736 1522 3823; x_wconf 86' lang='lat' dir='ltr'><strong>quoque</strong></span> <span class='ocrx_word' id='word_1_274' title='bbox 1558 3752 1910 3823; x_wconf 76' lang='lat' dir='ltr'><strong>exomologe—</strong></span> 
     </span>
    </p>
   </div>
   <div class='ocr_carea' id='block_1_39' title="bbox 312 3843 1911 3916">
    <p class='ocr_par' dir='ltr' id='par_1_39' title="bbox 312 3843 1911 3916">
     <span class='ocr_line' id='line_1_39' title="bbox 312 3843 1911 3916; baseline 0.001 -16"><span class='ocrx_word' id='word_1_275' title='bbox 312 3844 399 3900; x_wconf 84' lang='lat' dir='ltr'><strong>sin</strong></span> <span class='ocrx_word' id='word_1_276' title='bbox 429 3843 610 3900; x_wconf 89' lang='lat' dir='ltr'><strong>delicti</strong></span> <span class='ocrx_word' id='word_1_277' title='bbox 631 3844 714 3900; x_wconf 91' lang='lat' dir='ltr'><strong>sui</strong></span> <span class='ocrx_word' id='word_1_278' title='bbox 753 3843 931 3901; x_wconf 89' lang='lat' dir='ltr'><strong>facere</strong></span> <span class='ocrx_word' id='word_1_279' title='bbox 958 3844 1147 3913; x_wconf 88' lang='lat' dir='ltr'><strong>liceat,</strong></span> <span class='ocrx_word' id='word_1_280' title='bbox 1190 3845 1353 3900; x_wconf 90' lang='lat' dir='ltr'><strong>modo</strong></span> <span class='ocrx_word' id='word_1_281' title='bbox 1398 3853 1576 3901; x_wconf 91' lang='lat' dir='ltr'><strong>tamen</strong></span> <span class='ocrx_word' id='word_1_282' title='bbox 1614 3854 1911 3916; x_wconf 87' lang='lat' dir='ltr'><strong>martyrum</strong></span> 
     </span>
    </p>
   </div>
   <div class='ocr_carea' id='block_1_40' title="bbox 312 3915 1909 4008">
    <p class='ocr_par' dir='ltr' id='par_1_40' title="bbox 312 3915 1909 4008">
     <span class='ocr_line' id='line_1_40' title="bbox 312 3915 1909 4008; baseline 0.001 -16"><span class='ocrx_word' id='word_1_283' title='bbox 312 3935 664 4007; x_wconf 62' lang='lat' dir='ltr'><strong>praerogativa</strong></span> <span class='ocrx_word' id='word_1_284' title='bbox 703 3935 845 4008; x_wconf 89' lang='lat' dir='ltr'><strong>apud</strong></span> <span class='ocrx_word' id='word_1_285' title='bbox 893 3935 1057 3992; x_wconf 91' lang='lat' dir='ltr'><strong>Deum</strong></span> <span class='ocrx_word' id='word_1_286' title='bbox 1084 3928 1326 4007; x_wconf 87' lang='lat' dir='ltr'><strong>adjuvari</strong></span> <span class='ocrx_word' id='word_1_287' title='bbox 1370 3937 1599 4008; x_wconf 89' lang='lat' dir='ltr'><strong>possint.</strong></span> <span class='ocrx_word' id='word_1_288' title='bbox 1645 3915 1909 4006; x_wconf 58' lang='lat' dir='ltr'><strong>(fateris,</strong></span> 
     </span>
    </p>
   </div>
   <div class='ocr_carea' id='block_1_41' title="bbox 312 4029 1912 4102">
    <p class='ocr_par' dir='ltr' id='par_1_41' title="bbox 312 4029 1912 4102">
     <span class='ocr_line' id='line_1_41' title="bbox 312 4029 1912 4102; baseline 0.003 -19"><span class='ocrx_word' id='word_1_289' title='bbox 312 4029 405 4100; x_wconf 87' lang='lat' dir='ltr'><strong>qui</strong></span> <span class='ocrx_word' id='word_1_290' title='bbox 445 4045 553 4086; x_wconf 91' lang='lat' dir='ltr'><strong>non</strong></span> <span class='ocrx_word' id='word_1_291' title='bbox 593 4038 915 4102; x_wconf 88' lang='lat' dir='ltr'><strong>acceperant</strong></span> <span class='ocrx_word' id='word_1_292' title='bbox 939 4030 1184 4099; x_wconf 90' lang='lat' dir='ltr'><strong>libellos,</strong></span> <span class='ocrx_word' id='word_1_293' title='bbox 1217 4030 1312 4088; x_wconf 89' lang='lat' dir='ltr'><strong>sed</strong></span> <span class='ocrx_word' id='word_1_294' title='bbox 1363 4032 1525 4088; x_wconf 89' lang='lat' dir='ltr'><strong>mites</strong></span> <span class='ocrx_word' id='word_1_295' title='bbox 1576 4039 1633 4088; x_wconf 90' lang='lat' dir='ltr'><strong>et</strong></span> <span class='ocrx_word' id='word_1_296' title='bbox 1682 4031 1912 4098; x_wconf 83' lang='lat' dir='ltr'><strong>humiles</strong></span> 
     </span>
    </p>
   </div>
   <div class='ocr_carea' id='block_1_42' title="bbox 313 4122 1914 4197">
    <p class='ocr_par' dir='ltr' id='par_1_42' title="bbox 313 4122 1914 4197">
     <span class='ocr_line' id='line_1_42' title="bbox 313 4122 1914 4197; baseline 0.001 -19"><span class='ocrx_word' id='word_1_297' title='bbox 313 4124 686 4194; x_wconf 74' lang='lat' dir='ltr'><strong>pmnitentiam</strong></span> <span class='ocrx_word' id='word_1_298' title='bbox 716 4124 965 4196; x_wconf 84' lang='lat' dir='ltr'><strong>agebant,</strong></span> <span class='ocrx_word' id='word_1_299' title='bbox 991 4124 1225 4180; x_wconf 87' lang='lat' dir='ltr'><strong>futurum</strong></span> <span class='ocrx_word' id='word_1_300' title='bbox 1265 4122 1529 4195; x_wconf 88' lang='lat' dir='ltr'><strong>promittit</strong></span> <span class='ocrx_word' id='word_1_301' title='bbox 1556 4133 1615 4180; x_wconf 92' lang='lat' dir='ltr'><strong>ut</strong></span> <span class='ocrx_word' id='word_1_302' title='bbox 1642 4124 1747 4179; x_wconf 90' lang='lat' dir='ltr'><strong>illis</strong></span> <span class='ocrx_word' id='word_1_303' title='bbox 1780 4138 1914 4197; x_wconf 90' lang='lat' dir='ltr'><strong>quo-</strong></span> 
     </span>
    </p>
   </div>
   <div class='ocr_carea' id='block_1_43' title="bbox 311 4216 1914 4291">
    <p class='ocr_par' dir='ltr' id='par_1_43' title="bbox 311 4216 1914 4291">
     <span class='ocr_line' id='line_1_43' title="bbox 311 4216 1914 4291; baseline 0.001 -18"><span class='ocrx_word' id='word_1_304' title='bbox 311 4233 421 4288; x_wconf 80' lang='lat' dir='ltr'><strong>que</strong></span> <span class='ocrx_word' id='word_1_305' title='bbox 448 4216 631 4275; x_wconf 89' lang='lat' dir='ltr'><strong>divino</strong></span> <span class='ocrx_word' id='word_1_306' title='bbox 654 4218 897 4275; x_wconf 90' lang='lat' dir='ltr'><strong>remedio</strong></span> <span class='ocrx_word' id='word_1_307' title='bbox 937 4218 1265 4275; x_wconf 88' lang='lat' dir='ltr'><strong>consulatur.</strong></span> <span class='ocrx_word' id='word_1_308' title='bbox 1312 4217 1570 4276; x_wconf 89' lang='lat' dir='ltr'><strong>Similiter</strong></span> <span class='ocrx_word' id='word_1_309' title='bbox 1598 4219 1914 4291; x_wconf 69' lang='lat' dir='ltr'><strong>praescribit</strong></span> 
     </span>
    </p>
   </div>
   <div class='ocr_carea' id='block_1_44' title="bbox 310 4310 1914 4383">
    <p class='ocr_par' dir='ltr' id='par_1_44' title="bbox 310 4310 1914 4383">
     <span class='ocr_line' id='line_1_44' title="bbox 310 4310 1914 4383; baseline -0.001 -15"><span class='ocrx_word' id='word_1_310' title='bbox 310 4320 377 4368; x_wconf 84' lang='grc' dir='ltr'><strong>ιιι</strong></span> <span class='ocrx_word' id='word_1_311' title='bbox 424 4311 763 4370; x_wconf 89' lang='lat' dir='ltr'><strong>audientibus</strong></span> <span class='ocrx_word' id='word_1_312' title='bbox 805 4312 1040 4368; x_wconf 80' lang='lat' dir='ltr'><strong>divinam</strong></span> <span class='ocrx_word' id='word_1_313' title='bbox 1084 4315 1311 4383; x_wconf 85' lang='lat' dir='ltr'><strong>gratiam</strong></span> <span class='ocrx_word' id='word_1_314' title='bbox 1360 4310 1772 4383; x_wconf 85' lang='lat' dir='ltr'><strong>implorantibus</strong></span> <span class='ocrx_word' id='word_1_315' title='bbox 1814 4313 1914 4367; x_wconf 89' lang='lat' dir='ltr'><strong>mi-</strong></span> 
     </span>
    </p>
   </div>
   <div class='ocr_carea' id='block_1_45' title="bbox 310 4402 1913 4475">
    <p class='ocr_par' dir='ltr' id='par_1_45' title="bbox 310 4402 1913 4475">
     <span class='ocr_line' id='line_1_45' title="bbox 310 4402 1913 4475; baseline -0.001 -14"><span class='ocrx_word' id='word_1_316' title='bbox 310 4403 612 4461; x_wconf 87' lang='lat' dir='ltr'><strong>sericordia</strong></span> <span class='ocrx_word' id='word_1_317' title='bbox 662 4404 871 4460; x_wconf 92' lang='lat' dir='ltr'><strong>Domini</strong></span> <span class='ocrx_word' id='word_1_318' title='bbox 922 4420 1029 4460; x_wconf 90' lang='lat' dir='ltr'><strong>non</strong></span> <span class='ocrx_word' id='word_1_319' title='bbox 1079 4402 1394 4475; x_wconf 86' lang='lat' dir='ltr'><strong>deuegetur.</strong></span> <span class='ocrx_word' id='word_1_320' title='bbox 1468 4403 1639 4459; x_wconf 91' lang='lat' dir='ltr'><strong>Simili</strong></span> <span class='ocrx_word' id='word_1_321' title='bbox 1693 4402 1913 4460; x_wconf 85' lang='lat' dir='ltr'><strong>decreto</strong></span> 
     </span>
    </p>
   </div>
   <div class='ocr_carea' id='block_1_46' title="bbox 310 4492 1913 4569">
    <p class='ocr_par' dir='ltr' id='par_1_46' title="bbox 310 4492 1913 4569">
     <span class='ocr_line' id='line_1_46' title="bbox 310 4492 1913 4569; baseline 0.001 -16"><span class='ocrx_word' id='word_1_322' title='bbox 310 4494 485 4565; x_wconf 84' lang='lat' dir='ltr'><strong>lapsis</strong></span> <span class='ocrx_word' id='word_1_323' title='bbox 507 4496 776 4553; x_wconf 89' lang='lat' dir='ltr'><strong>consuluit</strong></span> <span class='ocrx_word' id='word_1_324' title='bbox 821 4497 873 4552; x_wconf 92' lang='lat' dir='ltr'><strong>in</strong></span> <span class='ocrx_word' id='word_1_325' title='bbox 920 4492 1021 4553; x_wconf 82' lang='lat' dir='ltr'><strong>bac</strong></span> <span class='ocrx_word' id='word_1_326' title='bbox 1048 4497 1421 4567; x_wconf 87' lang='lat' dir='ltr'><strong>persecutione</strong></span> <span class='ocrx_word' id='word_1_327' title='bbox 1463 4496 1748 4569; x_wconf 88' lang='lat' dir='ltr'><strong>Dionysius</strong></span> <span class='ocrx_word' id='word_1_328' title='bbox 1786 4496 1913 4554; x_wconf 85' lang='lat' dir='ltr'><strong>Ale-</strong></span> 
     </span>
    </p>
   </div>
   <div class='ocr_carea' id='block_1_47' title="bbox 318 4588 1915 4662">
    <p class='ocr_par' dir='ltr' id='par_1_47' title="bbox 318 4588 1915 4662">
     <span class='ocr_line' id='line_1_47' title="bbox 318 4588 1915 4662; baseline -0.001 -16"><span class='ocrx_word' id='word_1_329' title='bbox 318 4588 636 4646; x_wconf 78' lang='lat' dir='ltr'><strong>xandrinus.</strong></span> <span class='ocrx_word' id='word_1_330' title='bbox 668 4590 789 4662; x_wconf 83' lang='lat' dir='ltr'><strong>Ipse</strong></span> <span class='ocrx_word' id='word_1_331' title='bbox 813 4591 961 4646; x_wconf 85' lang='lat' dir='ltr'><strong>enim</strong></span> <span class='ocrx_word' id='word_1_332' title='bbox 989 4599 1220 4647; x_wconf 80' lang='lat' dir='ltr'><strong>testatur</strong></span> <span class='ocrx_word' id='word_1_333' title='bbox 1247 4591 1298 4646; x_wconf 87' lang='lat' dir='ltr'><strong>in</strong></span> <span class='ocrx_word' id='word_1_334' title='bbox 1331 4589 1572 4661; x_wconf 87' lang='lat' dir='ltr'><strong>Epistola</strong></span> <span class='ocrx_word' id='word_1_335' title='bbox 1597 4591 1665 4644; x_wconf 87' lang='lat' dir='ltr'><strong>ad</strong></span> <span class='ocrx_word' id='word_1_336' title='bbox 1692 4590 1915 4646; x_wconf 86' lang='lat' dir='ltr'><strong>Fabium</strong></span> 
     </span>
    </p>
   </div>
   <div class='ocr_carea' id='block_1_48' title="bbox 319 4682 1911 4755">
    <p class='ocr_par' dir='ltr' id='par_1_48' title="bbox 319 4682 1911 4755">
     <span class='ocr_line' id='line_1_48' title="bbox 319 4682 1911 4755; baseline 0.001 -16"><span class='ocrx_word' id='word_1_337' title='bbox 319 4682 693 4739; x_wconf 79' lang='lat' dir='ltr'><strong>Autiochenum</strong></span> <span class='ocrx_word' id='word_1_338' title='bbox 729 4696 788 4739; x_wconf 90' lang='lat' dir='ltr'><strong>se</strong></span> <span class='ocrx_word' id='word_1_339' title='bbox 817 4683 1136 4755; x_wconf 76' lang='lat' dir='ltr'><strong>prmcepisse</strong></span> <span class='ocrx_word' id='word_1_340' title='bbox 1170 4702 1189 4735; x_wconf 89' lang='grc' dir='ltr'><strong>ι</strong></span> <span class='ocrx_word' id='word_1_341' title='bbox 1224 4691 1284 4738; x_wconf 92' lang='lat' dir='ltr'><strong>ut</strong></span> <span class='ocrx_word' id='word_1_342' title='bbox 1322 4683 1628 4752; x_wconf 88' lang='lat' dir='ltr'><strong>morituris,</strong></span> <span class='ocrx_word' id='word_1_343' title='bbox 1665 4684 1709 4738; x_wconf 92' lang='lat' dir='ltr'><strong>si</strong></span> <span class='ocrx_word' id='word_1_344' title='bbox 1761 4692 1911 4754; x_wconf 90' lang='lat' dir='ltr'><strong>pete-</strong></span> 
     </span>
    </p>
   </div>
   <div class='ocr_carea' id='block_1_49' title="bbox 278 4774 1912 4851">
    <p class='ocr_par' dir='ltr' id='par_1_49' title="bbox 278 4774 1912 4851">
     <span class='ocr_line' id='line_1_49' title="bbox 278 4774 1912 4851; baseline -0.001 -19"><span class='ocrx_word' id='word_1_345' title='bbox 278 4783 472 4851; x_wconf 27' lang='lat' dir='ltr'><strong>.rent,</strong></span> <span class='ocrx_word' id='word_1_346' title='bbox 519 4784 576 4831; x_wconf 90' lang='lat' dir='ltr'><strong>et</strong></span> <span class='ocrx_word' id='word_1_347' title='bbox 605 4774 840 4832; x_wconf 84' lang='lat' dir='ltr'><strong>maxime</strong></span> <span class='ocrx_word' id='word_1_348' title='bbox 883 4776 928 4831; x_wconf 88' lang='lat' dir='ltr'><strong>si</strong></span> <span class='ocrx_word' id='word_1_349' title='bbox 968 4784 1124 4832; x_wconf 88' lang='lat' dir='ltr'><strong>antea</strong></span> <span class='ocrx_word' id='word_1_350' title='bbox 1162 4775 1474 4849; x_wconf 88' lang='lat' dir='ltr'><strong>suppliciter</strong></span> <span class='ocrx_word' id='word_1_351' title='bbox 1517 4776 1912 4846; x_wconf 88' lang='lat' dir='ltr'><strong>postulassent,</strong></span> 
     </span>
    </p>
   </div>
   <div class='ocr_carea' id='block_1_50' title="bbox 315 4866 1913 4939">
    <p class='ocr_par' dir='ltr' id='par_1_50' title="bbox 315 4866 1913 4939">
     <span class='ocr_line' id='line_1_50' title="bbox 315 4866 1913 4939; baseline 0 -17"><span class='ocrx_word' id='word_1_352' title='bbox 315 4866 475 4923; x_wconf 87' lang='lat' dir='ltr'><strong>venia</strong></span> <span class='ocrx_word' id='word_1_353' title='bbox 502 4866 906 4939; x_wconf 88' lang='lat' dir='ltr'><strong>indulgeretur,</strong></span> <span class='ocrx_word' id='word_1_354' title='bbox 930 4883 1039 4939; x_wconf 92' lang='lat' dir='ltr'><strong>quo</strong></span> <span class='ocrx_word' id='word_1_355' title='bbox 1062 4867 1218 4924; x_wconf 87' lang='lat' dir='ltr'><strong>bonae</strong></span> <span class='ocrx_word' id='word_1_356' title='bbox 1243 4868 1357 4938; x_wconf 89' lang='lat' dir='ltr'><strong>spei</strong></span> <span class='ocrx_word' id='word_1_357' title='bbox 1391 4866 1533 4937; x_wconf 90' lang='lat' dir='ltr'><strong>pleni</strong></span> <span class='ocrx_word' id='word_1_358' title='bbox 1563 4882 1628 4923; x_wconf 81' lang='lat' dir='ltr'><strong>ex</strong></span> <span class='ocrx_word' id='word_1_359' title='bbox 1660 4867 1762 4924; x_wconf 85' lang='lat' dir='ltr'><strong>hac</strong></span> <span class='ocrx_word' id='word_1_360' title='bbox 1804 4868 1913 4923; x_wconf 87' lang='lat' dir='ltr'><strong>vita</strong></span> 
     </span>
    </p>
   </div>
   <div class='ocr_carea' id='block_1_51' title="bbox 316 4959 1917 5031">
    <p class='ocr_par' dir='ltr' id='par_1_51' title="bbox 316 4959 1917 5031">
     <span class='ocr_line' id='line_1_51' title="bbox 316 4959 1917 5031; baseline 0.001 -16"><span class='ocrx_word' id='word_1_361' title='bbox 316 4959 615 5030; x_wconf 80' lang='lat' dir='ltr'><strong>migrarent</strong></span> <span class='ocrx_word' id='word_1_362' title='bbox 647 4979 667 5013; x_wconf 80' lang='grc' dir='ltr'><strong>ι</strong></span> <span class='ocrx_word' id='word_1_363' title='bbox 696 4960 921 5031; x_wconf 88' lang='lat' dir='ltr'><strong>(Euseb.</strong></span> <span class='ocrx_word' id='word_1_364' title='bbox 948 4960 1043 5017; x_wconf 91' lang='lat' dir='ltr'><strong>lib.</strong></span> <span class='ocrx_word' id='word_1_365' title='bbox 1065 4976 1141 5029; x_wconf 87' lang='lat' dir='ltr'><strong>vt,</strong></span> <span class='ocrx_word' id='word_1_366' title='bbox 1160 4974 1281 5031; x_wconf 92' lang='lat' dir='ltr'><strong>cap.</strong></span> <span class='ocrx_word' id='word_1_367' title='bbox 1298 4959 1418 5031; x_wconf 67' lang='grc'><strong>44).</strong></span> <span class='ocrx_word' id='word_1_368' title='bbox 1445 4960 1739 5016; x_wconf 84' lang='lat' dir='ltr'><strong>Discrimen</strong></span> <span class='ocrx_word' id='word_1_369' title='bbox 1766 4960 1917 5031; x_wconf 88' lang='lat' dir='ltr'><strong>ponit</strong></span> 
     </span>
    </p>
   </div>
   <div class='ocr_carea' id='block_1_52' title="bbox 300 5051 1912 5126">
    <p class='ocr_par' dir='ltr' id='par_1_52' title="bbox 300 5051 1912 5126">
     <span class='ocr_line' id='line_1_52' title="bbox 300 5051 1912 5126; baseline 0.001 -17"><span class='ocrx_word' id='word_1_370' title='bbox 300 5051 607 5126; x_wconf 68' lang='lat' dir='ltr'><strong>.Dionysius</strong></span> <span class='ocrx_word' id='word_1_371' title='bbox 635 5057 779 5111; x_wconf 83' lang='lat' dir='ltr'><strong>inter</strong></span> <span class='ocrx_word' id='word_1_372' title='bbox 825 5068 919 5111; x_wconf 91' lang='lat' dir='ltr'><strong>eos</strong></span> <span class='ocrx_word' id='word_1_373' title='bbox 943 5053 1037 5125; x_wconf 90' lang='lat' dir='ltr'><strong>qui</strong></span> <span class='ocrx_word' id='word_1_374' title='bbox 1082 5054 1452 5124; x_wconf 70' lang='lat' dir='ltr'><strong>pmnitentiam</strong></span> <span class='ocrx_word' id='word_1_375' title='bbox 1496 5062 1722 5126; x_wconf 83' lang='lat' dir='ltr'><strong>urgente</strong></span> <span class='ocrx_word' id='word_1_376' title='bbox 1765 5054 1912 5126; x_wconf 83' lang='lat' dir='ltr'><strong>peri-</strong></span> 
     </span>
    </p>
   </div>
   <div class='ocr_carea' id='block_1_53' title="bbox 318 5146 1912 5219">
    <p class='ocr_par' dir='ltr' id='par_1_53' title="bbox 318 5146 1912 5219">
     <span class='ocr_line' id='line_1_53' title="bbox 318 5146 1912 5219; baseline 0.001 -17"><span class='ocrx_word' id='word_1_377' title='bbox 318 5146 453 5214; x_wconf 79' lang='lat' dir='ltr'><strong>culo</strong></span> <span class='ocrx_word' id='word_1_378' title='bbox 474 5147 765 5218; x_wconf 86' lang='lat' dir='ltr'><strong>petebant,</strong></span> <span class='ocrx_word' id='word_1_379' title='bbox 796 5156 853 5203; x_wconf 89' lang='lat' dir='ltr'><strong>et</strong></span> <span class='ocrx_word' id='word_1_380' title='bbox 890 5162 994 5204; x_wconf 82' lang='lat' dir='ltr'><strong>eos</strong></span> <span class='ocrx_word' id='word_1_381' title='bbox 1024 5147 1115 5219; x_wconf 90' lang='lat' dir='ltr'><strong>qui</strong></span> <span class='ocrx_word' id='word_1_382' title='bbox 1159 5156 1285 5204; x_wconf 88' lang='lat' dir='ltr'><strong>ame</strong></span> <span class='ocrx_word' id='word_1_383' title='bbox 1323 5147 1569 5204; x_wconf 86' lang='lat' dir='ltr'><strong>morbum</strong></span> <span class='ocrx_word' id='word_1_384' title='bbox 1624 5147 1912 5219; x_wconf 89' lang='lat' dir='ltr'><strong>petierant.</strong></span> 
     </span>
    </p>
   </div>
   <div class='ocr_carea' id='block_1_54' title="bbox 318 5238 1913 5309">
    <p class='ocr_par' dir='ltr' id='par_1_54' title="bbox 318 5238 1913 5309">
     <span class='ocr_line' id='line_1_54' title="bbox 318 5238 1913 5309; baseline 0.003 -14"><span class='ocrx_word' id='word_1_385' title='bbox 318 5238 576 5309; x_wconf 82' lang='lat' dir='ltr'><strong>Quamvis</strong></span> <span class='ocrx_word' id='word_1_386' title='bbox 617 5251 798 5299; x_wconf 89' lang='lat' dir='ltr'><strong>autem</strong></span> <span class='ocrx_word' id='word_1_387' title='bbox 847 5241 902 5298; x_wconf 92' lang='lat' dir='ltr'><strong>in</strong></span> <span class='ocrx_word' id='word_1_388' title='bbox 951 5241 1057 5298; x_wconf 87' lang='lat' dir='ltr'><strong>hoc</strong></span> <span class='ocrx_word' id='word_1_389' title='bbox 1096 5240 1306 5299; x_wconf 89' lang='lat' dir='ltr'><strong>delectu</strong></span> <span class='ocrx_word' id='word_1_390' title='bbox 1354 5241 1602 5299; x_wconf 84' lang='lat' dir='ltr'><strong>habendo</strong></span> <span class='ocrx_word' id='word_1_391' title='bbox 1650 5257 1757 5301; x_wconf 90' lang='lat' dir='ltr'><strong>non</strong></span> <span class='ocrx_word' id='word_1_392' title='bbox 1806 5251 1913 5299; x_wconf 86' lang='lat' dir='ltr'><strong>tam</strong></span> 
     </span>
    </p>
   </div>
   <div class='ocr_carea' id='block_1_55' title="bbox 315 5334 1917 5408">
    <p class='ocr_par' dir='ltr' id='par_1_55' title="bbox 315 5334 1917 5408">
     <span class='ocr_line' id='line_1_55' title="bbox 315 5334 1917 5408; baseline 0.001 -18"><span class='ocrx_word' id='word_1_393' title='bbox 315 5334 563 5392; x_wconf 86' lang='lat' dir='ltr'><strong>videatur</strong></span> <span class='ocrx_word' id='word_1_394' title='bbox 609 5345 894 5392; x_wconf 89' lang='lat' dir='ltr'><strong>accuratus</strong></span> <span class='ocrx_word' id='word_1_395' title='bbox 945 5349 1068 5392; x_wconf 89' lang='lat' dir='ltr'><strong>esse</strong></span> <span class='ocrx_word' id='word_1_396' title='bbox 1115 5350 1276 5405; x_wconf 89' lang='lat' dir='ltr'><strong>quam</strong></span> <span class='ocrx_word' id='word_1_397' title='bbox 1305 5336 1624 5408; x_wconf 82' lang='lat' dir='ltr'><strong>Cyprianus,</strong></span> <span class='ocrx_word' id='word_1_398' title='bbox 1671 5336 1764 5408; x_wconf 92' lang='lat' dir='ltr'><strong>qui</strong></span> <span class='ocrx_word' id='word_1_399' title='bbox 1819 5352 1917 5392; x_wconf 87' lang='lat' dir='ltr'><strong>no-</strong></span> 
     </span>
    </p>
   </div>
   <div class='ocr_carea' id='block_1_56' title="bbox 320 5426 1918 5500">
    <p class='ocr_par' dir='ltr' id='par_1_56' title="bbox 320 5426 1918 5500">
     <span class='ocr_line' id='line_1_56' title="bbox 320 5426 1918 5500; baseline 0.001 -18"><span class='ocrx_word' id='word_1_400' title='bbox 320 5427 565 5483; x_wconf 86' lang='lat' dir='ltr'><strong>minatim</strong></span> <span class='ocrx_word' id='word_1_401' title='bbox 595 5428 818 5499; x_wconf 83' lang='lat' dir='ltr'><strong>requirit</strong></span> <span class='ocrx_word' id='word_1_402' title='bbox 855 5436 910 5483; x_wconf 90' lang='lat' dir='ltr'><strong>ut</strong></span> <span class='ocrx_word' id='word_1_403' title='bbox 941 5427 1031 5499; x_wconf 92' lang='lat' dir='ltr'><strong>qui</strong></span> <span class='ocrx_word' id='word_1_404' title='bbox 1070 5426 1278 5483; x_wconf 90' lang='lat' dir='ltr'><strong>libellos</strong></span> <span class='ocrx_word' id='word_1_405' title='bbox 1316 5442 1346 5481; x_wconf 92' lang='lat' dir='ltr'><strong>a</strong></span> <span class='ocrx_word' id='word_1_406' title='bbox 1404 5426 1733 5500; x_wconf 88' lang='lat' dir='ltr'><strong>martyribus</strong></span> <span class='ocrx_word' id='word_1_407' title='bbox 1765 5441 1918 5484; x_wconf 87' lang='lat' dir='ltr'><strong>acce-</strong></span> 
     </span>
    </p>
   </div>
   <div class='ocr_carea' id='block_1_57' title="bbox 320 5520 1915 5593">
    <p class='ocr_par' dir='ltr' id='par_1_57' title="bbox 320 5520 1915 5593">
     <span class='ocr_line' id='line_1_57' title="bbox 320 5520 1915 5593; baseline 0.001 -19"><span class='ocrx_word' id='word_1_408' title='bbox 320 5528 531 5591; x_wconf 86' lang='lat' dir='ltr'><strong>perant,</strong></span> <span class='ocrx_word' id='word_1_409' title='bbox 561 5535 746 5577; x_wconf 90' lang='lat' dir='ltr'><strong>eorum</strong></span> <span class='ocrx_word' id='word_1_410' title='bbox 778 5520 976 5577; x_wconf 76' lang='lat' dir='ltr'><strong>auxilio</strong></span> <span class='ocrx_word' id='word_1_411' title='bbox 1002 5528 1055 5577; x_wconf 91' lang='lat' dir='ltr'><strong>et</strong></span> <span class='ocrx_word' id='word_1_412' title='bbox 1077 5520 1425 5593; x_wconf 62' lang='lat' dir='ltr'><strong>praerogativa</strong></span> <span class='ocrx_word' id='word_1_413' title='bbox 1458 5520 1598 5593; x_wconf 87' lang='lat' dir='ltr'><strong>apud</strong></span> <span class='ocrx_word' id='word_1_414' title='bbox 1633 5520 1915 5577; x_wconf 89' lang='lat' dir='ltr'><strong>Dominum</strong></span> 
     </span>
    </p>
   </div>
   <div class='ocr_carea' id='block_1_58' title="bbox 260 5611 1916 5684">
    <p class='ocr_par' dir='ltr' id='par_1_58' title="bbox 260 5611 1916 5684">
     <span class='ocr_line' id='line_1_58' title="bbox 260 5611 1916 5684; baseline 0.002 -18"><span class='ocrx_word' id='word_1_415' title='bbox 260 5630 267 5631; x_wconf 49' lang='grc' dir='ltr'>ί</span> <span class='ocrx_word' id='word_1_416' title='bbox 318 5611 560 5683; x_wconf 88' lang='lat' dir='ltr'><strong>adjuvari</strong></span> <span class='ocrx_word' id='word_1_417' title='bbox 582 5612 820 5684; x_wconf 88' lang='lat' dir='ltr'><strong>possint,</strong></span> <span class='ocrx_word' id='word_1_418' title='bbox 853 5612 1098 5669; x_wconf 90' lang='lat' dir='ltr'><strong>eamdem</strong></span> <span class='ocrx_word' id='word_1_419' title='bbox 1142 5621 1318 5670; x_wconf 87' lang='lat' dir='ltr'><strong>tamen</strong></span> <span class='ocrx_word' id='word_1_420' title='bbox 1367 5612 1648 5684; x_wconf 87' lang='lat' dir='ltr'><strong>utriusque</strong></span> <span class='ocrx_word' id='word_1_421' title='bbox 1691 5621 1916 5669; x_wconf 84' lang='lat' dir='ltr'><strong>sentcn-</strong></span> 
     </span>
    </p>
   </div>
   <div class='ocr_carea' id='block_1_59' title="bbox 323 5704 1919 5778">
    <p class='ocr_par' dir='ltr' id='par_1_59' title="bbox 323 5704 1919 5778">
     <span class='ocr_line' id='line_1_59' title="bbox 323 5704 1919 5778; baseline 0.001 -18"><span class='ocrx_word' id='word_1_422' title='bbox 323 5704 451 5761; x_wconf 91' lang='lat' dir='ltr'><strong>tiam</strong></span> <span class='ocrx_word' id='word_1_423' title='bbox 495 5721 617 5763; x_wconf 89' lang='lat' dir='ltr'><strong>esse</strong></span> <span class='ocrx_word' id='word_1_424' title='bbox 664 5705 1022 5774; x_wconf 90' lang='lat' dir='ltr'><strong>crediderim;</strong></span> <span class='ocrx_word' id='word_1_425' title='bbox 1068 5720 1170 5762; x_wconf 90' lang='lat' dir='ltr'><strong>nec</strong></span> <span class='ocrx_word' id='word_1_426' title='bbox 1223 5705 1407 5761; x_wconf 90' lang='lat' dir='ltr'><strong>dubito</strong></span> <span class='ocrx_word' id='word_1_427' title='bbox 1458 5706 1586 5777; x_wconf 89' lang='lat' dir='ltr'><strong>quin</strong></span> <span class='ocrx_word' id='word_1_428' title='bbox 1634 5704 1919 5778; x_wconf 90' lang='lat' dir='ltr'><strong>Dionysius</strong></span> 
     </span>
    </p>
   </div>
   <div class='ocr_carea' id='block_1_60' title="bbox 319 5796 1919 5875">
    <p class='ocr_par' dir='ltr' id='par_1_60' title="bbox 319 5796 1919 5875">
     <span class='ocr_line' id='line_1_60' title="bbox 319 5796 1919 5875; baseline 0.001 -21"><span class='ocrx_word' id='word_1_429' title='bbox 319 5814 505 5875; x_wconf 87' lang='lat' dir='ltr'><strong>pacem</strong></span> <span class='ocrx_word' id='word_1_430' title='bbox 533 5815 637 5859; x_wconf 92' lang='lat' dir='ltr'><strong>non</strong></span> <span class='ocrx_word' id='word_1_431' title='bbox 680 5800 1062 5866; x_wconf 88' lang='lat' dir='ltr'><strong>concessisset,</strong></span> <span class='ocrx_word' id='word_1_432' title='bbox 1090 5799 1135 5853; x_wconf 88' lang='lat' dir='ltr'><strong>si</strong></span> <span class='ocrx_word' id='word_1_433' title='bbox 1167 5799 1255 5870; x_wconf 87' lang='lat' dir='ltr'><strong>qui</strong></span> <span class='ocrx_word' id='word_1_434' title='bbox 1292 5796 1664 5864; x_wconf 81' lang='lat' dir='ltr'><strong>paenitentiam</strong></span> <span class='ocrx_word' id='word_1_435' title='bbox 1719 5797 1919 5856; x_wconf 81' lang='lat' dir='ltr'><strong>audac-</strong></span> 
     </span>
    </p>
   </div>
   <div class='ocr_carea' id='block_1_61' title="bbox 771 5891 1375 5975">
    <p class='ocr_par' dir='ltr' id='par_1_61' title="bbox 771 5891 1375 5975">
     <span class='ocr_line' id='line_1_61' title="bbox 771 5891 1375 5975; baseline -0.005 -18"><span class='ocrx_word' id='word_1_436' title='bbox 771 5894 833 5957; x_wconf 90' lang='lat' dir='ltr'><strong>S.</strong></span> <span class='ocrx_word' id='word_1_437' title='bbox 879 5891 1216 5975; x_wconf 66' lang='lat' dir='ltr'><strong>Cyrnum.</strong></span> <span class='ocrx_word' id='word_1_438' title='bbox 1270 5893 1375 5955; x_wconf 88' lang='lat' dir='ltr'><strong>IV.</strong></span> 
     </span>
    </p>
   </div>
   <div class='ocr_carea' id='block_1_62' title="bbox 1520 270 2353 333">
    <p class='ocr_par' dir='ltr' id='par_1_62' title="bbox 1520 270 2353 333">
     <span class='ocr_line' id='line_1_62' title="bbox 1520 270 2353 333; baseline 0.005 -4"><span class='ocrx_word' id='word_1_439' title='bbox 1520 273 1679 331; x_wconf 81' lang='lat' dir='ltr'><strong>VITA</strong></span> <span class='ocrx_word' id='word_1_440' title='bbox 1722 271 1967 332; x_wconf 83' lang='lat' dir='ltr'><strong>SANCTI</strong></span> <span class='ocrx_word' id='word_1_441' title='bbox 2006 270 2353 333; x_wconf 61' lang='lat' dir='ltr'><strong>CYPRUM;</strong></span> 
     </span>
    </p>
   </div>
   <div class='ocr_carea' id='block_1_63' title="bbox 3532 292 3637 351">
    <p class='ocr_par' dir='ltr' id='par_1_63' title="bbox 3532 292 3637 351">
     <span class='ocr_line' id='line_1_63' title="bbox 3532 292 3637 351; baseline 0.019 -2"><span class='ocrx_word' id='word_1_442' title='bbox 3532 292 3637 351; x_wconf 72' lang='lat'><strong>106</strong></span> 
     </span>
    </p>
   </div>
   <div class='ocr_carea' id='block_1_64' title="bbox 2042 396 3628 470">
    <p class='ocr_par' dir='ltr' id='par_1_64' title="bbox 2042 396 3628 470">
     <span class='ocr_line' id='line_1_64' title="bbox 2042 396 3628 470; baseline 0.008 -19"><span class='ocrx_word' id='word_1_443' title='bbox 2042 405 2124 451; x_wconf 90' lang='lat' dir='ltr'><strong>tcr</strong></span> <span class='ocrx_word' id='word_1_444' title='bbox 2163 396 2589 468; x_wconf 86' lang='lat' dir='ltr'><strong>detrectassent,</strong></span> <span class='ocrx_word' id='word_1_445' title='bbox 2640 397 2691 454; x_wconf 89' lang='lat' dir='ltr'><strong>id</strong></span> <span class='ocrx_word' id='word_1_446' title='bbox 2725 398 2866 470; x_wconf 88' lang='lat' dir='ltr'><strong>quod</strong></span> <span class='ocrx_word' id='word_1_447' title='bbox 2916 398 2969 456; x_wconf 89' lang='lat' dir='ltr'><strong>in</strong></span> <span class='ocrx_word' id='word_1_448' title='bbox 3012 399 3189 459; x_wconf 86' lang='lat' dir='ltr'><strong>Africa</strong></span> <span class='ocrx_word' id='word_1_449' title='bbox 3211 406 3561 465; x_wconf 89' lang='lat' dir='ltr'><strong>commissum</strong></span> <span class='ocrx_word' id='word_1_450' title='bbox 3598 425 3628 464; x_wconf 89' lang='lat' dir='ltr'><strong>a</strong></span> 
     </span>
    </p>
   </div>
   <div class='ocr_carea' id='block_1_65' title="bbox 2033 489 2563 560">
    <p class='ocr_par' dir='ltr' id='par_1_65' title="bbox 2033 489 2563 560">
     <span class='ocr_line' id='line_1_65' title="bbox 2033 489 2563 560; baseline 0.004 -16"><span class='ocrx_word' id='word_1_451' title='bbox 2033 489 2279 560; x_wconf 88' lang='lat' dir='ltr'><strong>pluribus</strong></span> <span class='ocrx_word' id='word_1_452' title='bbox 2302 490 2563 548; x_wconf 86' lang='lat' dir='ltr'><strong>videmus.</strong></span> 
     </span>
    </p>
   </div>
   <div class='ocr_carea' id='block_1_66' title="bbox 2105 583 3632 665">
    <p class='ocr_par' dir='ltr' id='par_1_66' title="bbox 2105 583 3632 665">
     <span class='ocr_line' id='line_1_66' title="bbox 2105 583 3632 665; baseline 0.009 -26"><span class='ocrx_word' id='word_1_453' title='bbox 2105 583 2239 639; x_wconf 89' lang='lat' dir='ltr'><strong>Cum</strong></span> <span class='ocrx_word' id='word_1_454' title='bbox 2293 585 2658 665; x_wconf 84' lang='lat' dir='ltr'><strong>respondisset</strong></span> <span class='ocrx_word' id='word_1_455' title='bbox 2684 586 2860 644; x_wconf 90' lang='lat' dir='ltr'><strong>clerus</strong></span> <span class='ocrx_word' id='word_1_456' title='bbox 2906 587 3029 645; x_wconf 90' lang='lat' dir='ltr'><strong>buic</strong></span> <span class='ocrx_word' id='word_1_457' title='bbox 3089 591 3330 662; x_wconf 81' lang='lat' dir='ltr'><strong>epistola:</strong></span> <span class='ocrx_word' id='word_1_458' title='bbox 3377 595 3632 665; x_wconf 87' lang='lat' dir='ltr'><strong>(questus</strong></span> 
     </span>
    </p>
   </div>
   <div class='ocr_carea' id='block_1_67' title="bbox 2035 676 3627 751">
    <p class='ocr_par' dir='ltr' id='par_1_67' title="bbox 2035 676 3627 751">
     <span class='ocr_line' id='line_1_67' title="bbox 2035 676 3627 751; baseline 0.011 -22"><span class='ocrx_word' id='word_1_459' title='bbox 2035 676 2176 732; x_wconf 90' lang='lat' dir='ltr'><strong>enim</strong></span> <span class='ocrx_word' id='word_1_460' title='bbox 2226 676 2397 732; x_wconf 88' lang='lat' dir='ltr'><strong>fuerat</strong></span> <span class='ocrx_word' id='word_1_461' title='bbox 2442 678 2742 750; x_wconf 87' lang='lat' dir='ltr'><strong>Cyprianus</strong></span> <span class='ocrx_word' id='word_1_462' title='bbox 2792 681 2935 751; x_wconf 91' lang='lat' dir='ltr'><strong>quod</strong></span> <span class='ocrx_word' id='word_1_463' title='bbox 2975 690 3055 738; x_wconf 89' lang='lat' dir='ltr'><strong>tot</strong></span> <span class='ocrx_word' id='word_1_464' title='bbox 3091 685 3204 741; x_wconf 89' lang='lat' dir='ltr'><strong>suis</strong></span> <span class='ocrx_word' id='word_1_465' title='bbox 3261 686 3455 743; x_wconf 88' lang='lat' dir='ltr'><strong>litteris</strong></span> <span class='ocrx_word' id='word_1_466' title='bbox 3494 690 3627 746; x_wconf 86' lang='lat' dir='ltr'><strong>nihil</strong></span> 
     </span>
    </p>
   </div>
   <div class='ocr_carea' id='block_1_68' title="bbox 2034 769 3632 850">
    <p class='ocr_par' dir='ltr' id='par_1_68' title="bbox 2034 769 3632 850">
     <span class='ocr_line' id='line_1_68' title="bbox 2034 769 3632 850; baseline 0.008 -26"><span class='ocrx_word' id='word_1_467' title='bbox 2034 769 2451 841; x_wconf 77' lang='lat' dir='ltr'><strong>rcSponderet),</strong></span> <span class='ocrx_word' id='word_1_468' title='bbox 2480 785 2545 828; x_wconf 92' lang='lat' dir='ltr'><strong>ac</strong></span> <span class='ocrx_word' id='word_1_469' title='bbox 2587 772 2747 827; x_wconf 92' lang='lat' dir='ltr'><strong>simul</strong></span> <span class='ocrx_word' id='word_1_470' title='bbox 2781 775 3141 833; x_wconf 87' lang='lat' dir='ltr'><strong>consuluisset</strong></span> <span class='ocrx_word' id='word_1_471' title='bbox 3187 777 3255 834; x_wconf 90' lang='lat' dir='ltr'><strong>de</strong></span> <span class='ocrx_word' id='word_1_472' title='bbox 3313 780 3632 850; x_wconf 89' lang='lat' dir='ltr'><strong>quibusdam</strong></span> 
     </span>
    </p>
   </div>
   <div class='ocr_carea' id='block_1_69' title="bbox 2034 860 3637 942">
    <p class='ocr_par' dir='ltr' id='par_1_69' title="bbox 2034 860 3637 942">
     <span class='ocr_line' id='line_1_69' title="bbox 2034 860 3637 942; baseline 0.01 -26"><span class='ocrx_word' id='word_1_473' title='bbox 2034 860 2408 924; x_wconf 85' lang='lat' dir='ltr'><strong>immoderatis</strong></span> <span class='ocrx_word' id='word_1_474' title='bbox 2445 874 2499 921; x_wconf 89' lang='lat' dir='ltr'><strong>et</strong></span> <span class='ocrx_word' id='word_1_475' title='bbox 2538 867 3083 925; x_wconf 90' lang='lat' dir='ltr'><strong>communicationem</strong></span> <span class='ocrx_word' id='word_1_476' title='bbox 3128 871 3494 942; x_wconf 85' lang='lat' dir='ltr'><strong>accipiendam</strong></span> <span class='ocrx_word' id='word_1_477' title='bbox 3525 874 3637 932; x_wconf 89' lang='lat' dir='ltr'><strong>fes-</strong></span> 
     </span>
    </p>
   </div>
   <div class='ocr_carea' id='block_1_70' title="bbox 2035 953 3633 1037">
    <p class='ocr_par' dir='ltr' id='par_1_70' title="bbox 2035 953 3633 1037">
     <span class='ocr_line' id='line_1_70' title="bbox 2035 953 3633 1037; baseline 0.01 -29"><span class='ocrx_word' id='word_1_478' title='bbox 2035 953 2267 1010; x_wconf 89' lang='lat' dir='ltr'><strong>tinanter</strong></span> <span class='ocrx_word' id='word_1_479' title='bbox 2296 957 2629 1027; x_wconf 87' lang='lat' dir='ltr'><strong>urgentibus,</strong></span> <span class='ocrx_word' id='word_1_480' title='bbox 2654 958 3161 1033; x_wconf 84' lang='lat' dir='ltr'><strong>scribitCypriauus</strong></span> <span class='ocrx_word' id='word_1_481' title='bbox 3196 964 3486 1037; x_wconf 79' lang='lat' dir='ltr'><strong>Epismlam</strong></span> <span class='ocrx_word' id='word_1_482' title='bbox 3521 984 3633 1037; x_wconf 78' lang='lat' dir='ltr'><strong>xiv,</strong></span> 
     </span>
    </p>
   </div>
   <div class='ocr_carea' id='block_1_71' title="bbox 2034 1038 3636 1122">
    <p class='ocr_par' dir='ltr' id='par_1_71' title="bbox 2034 1038 3636 1122">
     <span class='ocr_line' id='line_1_71' title="bbox 2034 1038 3636 1122; baseline 0.012 -24"><span class='ocrx_word' id='word_1_483' title='bbox 2034 1044 2086 1098; x_wconf 91' lang='lat' dir='ltr'><strong>in</strong></span> <span class='ocrx_word' id='word_1_484' title='bbox 2117 1060 2219 1115; x_wconf 90' lang='lat' dir='ltr'><strong>qua</strong></span> <span class='ocrx_word' id='word_1_485' title='bbox 2244 1047 2531 1104; x_wconf 85' lang='lat' dir='ltr'><strong>confirmat</strong></span> <span class='ocrx_word' id='word_1_486' title='bbox 2557 1051 2703 1121; x_wconf 88' lang='lat' dir='ltr'><strong>quod</strong></span> <span class='ocrx_word' id='word_1_487' title='bbox 2742 1053 2999 1122; x_wconf 84' lang='lat' dir='ltr'><strong>proximis</strong></span> <span class='ocrx_word' id='word_1_488' title='bbox 3035 1038 3228 1113; x_wconf 82' lang='lat' dir='ltr'><strong>litteris</strong></span> <span class='ocrx_word' id='word_1_489' title='bbox 3268 1068 3530 1116; x_wconf 89' lang='lat' dir='ltr'><strong>statuerat</strong></span> <span class='ocrx_word' id='word_1_490' title='bbox 3566 1062 3636 1119; x_wconf 90' lang='lat' dir='ltr'><strong>de</strong></span> 
     </span>
    </p>
   </div>
   <div class='ocr_carea' id='block_1_72' title="bbox 2033 1132 3628 1213">
    <p class='ocr_par' dir='ltr' id='par_1_72' title="bbox 2033 1132 3628 1213">
     <span class='ocr_line' id='line_1_72' title="bbox 2033 1132 3628 1213; baseline 0.016 -24"><span class='ocrx_word' id='word_1_491' title='bbox 2033 1134 2198 1206; x_wconf 90' lang='lat' dir='ltr'><strong>lapsis</strong></span> <span class='ocrx_word' id='word_1_492' title='bbox 2227 1139 2529 1207; x_wconf 90' lang='lat' dir='ltr'><strong>periculose</strong></span> <span class='ocrx_word' id='word_1_493' title='bbox 2582 1132 2998 1212; x_wconf 68' lang='lat' dir='ltr'><strong>mgrotantibtis;</strong></span> <span class='ocrx_word' id='word_1_494' title='bbox 3054 1148 3405 1207; x_wconf 85' lang='lat' dir='ltr'><strong>vehementer</strong></span> <span class='ocrx_word' id='word_1_495' title='bbox 3449 1163 3628 1213; x_wconf 89' lang='lat' dir='ltr'><strong>autem</strong></span> 
     </span>
    </p>
   </div>
   <div class='ocr_carea' id='block_1_73' title="bbox 1989 1233 3626 1323">
    <p class='ocr_par' dir='ltr' id='par_1_73' title="bbox 1989 1233 3626 1323">
     <span class='ocr_line' id='line_1_73' title="bbox 1989 1233 3626 1323; baseline 0.012 -35"><span class='ocrx_word' id='word_1_496' title='bbox 1989 1262 1998 1270; x_wconf 92' lang='lat'><strong>-</strong></span> <span class='ocrx_word' id='word_1_497' title='bbox 2032 1233 2227 1289; x_wconf 89' lang='lat' dir='ltr'><strong>refellit</strong></span> <span class='ocrx_word' id='word_1_498' title='bbox 2261 1245 2316 1291; x_wconf 93' lang='lat' dir='ltr'><strong>ct</strong></span> <span class='ocrx_word' id='word_1_499' title='bbox 2358 1239 2584 1310; x_wconf 86' lang='lat' dir='ltr'><strong>castigat</strong></span> <span class='ocrx_word' id='word_1_500' title='bbox 2615 1240 2951 1309; x_wconf 84' lang='lat' dir='ltr'><strong>importunus</strong></span> <span class='ocrx_word' id='word_1_501' title='bbox 2995 1244 3115 1301; x_wconf 89' lang='lat' dir='ltr'><strong>illos</strong></span> <span class='ocrx_word' id='word_1_502' title='bbox 3171 1247 3321 1316; x_wconf 87' lang='lat' dir='ltr'><strong>pacis</strong></span> <span class='ocrx_word' id='word_1_503' title='bbox 3364 1250 3626 1323; x_wconf 47' lang='lat' dir='ltr'><strong>efﬂagita&#39;</strong></span> 
     </span>
    </p>
   </div>
   <div class='ocr_carea' id='block_1_74' title="bbox 2032 1328 3625 1413">
    <p class='ocr_par' dir='ltr' id='par_1_74' title="bbox 2032 1328 3625 1413">
     <span class='ocr_line' id='line_1_74' title="bbox 2032 1328 3625 1413; baseline 0.014 -33"><span class='ocrx_word' id='word_1_504' title='bbox 2032 1333 2179 1382; x_wconf 88' lang='lat' dir='ltr'><strong>tores</strong></span> <span class='ocrx_word' id='word_1_505' title='bbox 2214 1347 2231 1379; x_wconf 87' lang='grc' dir='ltr'><strong>ι</strong></span> <span class='ocrx_word' id='word_1_506' title='bbox 2269 1328 2405 1397; x_wconf 85' lang='lat' dir='ltr'><strong>Qui,</strong></span> <span class='ocrx_word' id='word_1_507' title='bbox 2438 1331 2483 1386; x_wconf 91' lang='lat' dir='ltr'><strong>si</strong></span> <span class='ocrx_word' id='word_1_508' title='bbox 2531 1333 2753 1390; x_wconf 90' lang='lat' dir='ltr'><strong>nimium</strong></span> <span class='ocrx_word' id='word_1_509' title='bbox 2798 1348 3119 1407; x_wconf 89' lang='lat' dir='ltr'><strong>properant,</strong></span> <span class='ocrx_word' id='word_1_510' title='bbox 3176 1338 3377 1413; x_wconf 89' lang='lat' dir='ltr'><strong>inquit,</strong></span> <span class='ocrx_word' id='word_1_511' title='bbox 3428 1344 3625 1402; x_wconf 85' lang='lat' dir='ltr'><strong>habent</strong></span> 
     </span>
    </p>
   </div>
   <div class='ocr_carea' id='block_1_75' title="bbox 2030 1420 3624 1507">
    <p class='ocr_par' dir='ltr' id='par_1_75' title="bbox 2030 1420 3624 1507">
     <span class='ocr_line' id='line_1_75' title="bbox 2030 1420 3624 1507; baseline 0.013 -32"><span class='ocrx_word' id='word_1_512' title='bbox 2030 1420 2084 1476; x_wconf 93' lang='lat' dir='ltr'><strong>in</strong></span> <span class='ocrx_word' id='word_1_513' title='bbox 2112 1436 2206 1477; x_wconf 91' lang='lat' dir='ltr'><strong>sua</strong></span> <span class='ocrx_word' id='word_1_514' title='bbox 2242 1431 2509 1494; x_wconf 88' lang='lat' dir='ltr'><strong>potestate</strong></span> <span class='ocrx_word' id='word_1_515' title='bbox 2541 1426 2685 1497; x_wconf 89' lang='lat' dir='ltr'><strong>quod</strong></span> <span class='ocrx_word' id='word_1_516' title='bbox 2733 1429 3040 1498; x_wconf 84' lang='lat' dir='ltr'><strong>postulant,</strong></span> <span class='ocrx_word' id='word_1_517' title='bbox 3088 1441 3329 1504; x_wconf 90' lang='lat' dir='ltr'><strong>tempore</strong></span> <span class='ocrx_word' id='word_1_518' title='bbox 3367 1436 3484 1507; x_wconf 89' lang='lat' dir='ltr'><strong>ipso</strong></span> <span class='ocrx_word' id='word_1_519' title='bbox 3521 1440 3624 1496; x_wconf 91' lang='lat' dir='ltr'><strong>sibi</strong></span> 
     </span>
    </p>
   </div>
   <div class='ocr_carea' id='block_1_76' title="bbox 2030 1513 3624 1601">
    <p class='ocr_par' dir='ltr' id='par_1_76' title="bbox 2030 1513 3624 1601">
     <span class='ocr_line' id='line_1_76' title="bbox 2030 1513 3624 1601; baseline 0.014 -33"><span class='ocrx_word' id='word_1_520' title='bbox 2030 1513 2311 1584; x_wconf 86' lang='lat' dir='ltr'><strong>plusquam</strong></span> <span class='ocrx_word' id='word_1_521' title='bbox 2335 1517 2610 1587; x_wconf 90' lang='lat' dir='ltr'><strong>postulant</strong></span> <span class='ocrx_word' id='word_1_522' title='bbox 2648 1519 2928 1592; x_wconf 88' lang='lat' dir='ltr'><strong>largiente.</strong></span> <span class='ocrx_word' id='word_1_523' title='bbox 2952 1523 3113 1581; x_wconf 87' lang='lat' dir='ltr'><strong>Acies</strong></span> <span class='ocrx_word' id='word_1_524' title='bbox 3138 1526 3313 1585; x_wconf 87' lang='lat' dir='ltr'><strong>adhuc</strong></span> <span class='ocrx_word' id='word_1_525' title='bbox 3328 1532 3534 1601; x_wconf 87' lang='lat' dir='ltr'><strong>geritur</strong></span> <span class='ocrx_word' id='word_1_526' title='bbox 3568 1544 3624 1590; x_wconf 91' lang='lat' dir='ltr'><strong>et</strong></span> 
     </span>
    </p>
   </div>
   <div class='ocr_carea' id='block_1_77' title="bbox 2028 1609 3622 1682">
    <p class='ocr_par' dir='ltr' id='par_1_77' title="bbox 2028 1609 3622 1682">
     <span class='ocr_line' id='line_1_77' title="bbox 2028 1609 3622 1682; baseline 0.014 -22"><span class='ocrx_word' id='word_1_527' title='bbox 2028 1620 2166 1676; x_wconf 76' lang='lat' dir='ltr'><strong>agon</strong></span> <span class='ocrx_word' id='word_1_528' title='bbox 2217 1609 2455 1679; x_wconf 91' lang='lat' dir='ltr'><strong>quotidie</strong></span> <span class='ocrx_word' id='word_1_529' title='bbox 2499 1610 2825 1670; x_wconf 90' lang='lat' dir='ltr'><strong>celebratur.</strong></span> <span class='ocrx_word' id='word_1_530' title='bbox 2875 1615 2929 1671; x_wconf 89' lang='lat' dir='ltr'><strong>Si</strong></span> <span class='ocrx_word' id='word_1_531' title='bbox 2954 1618 3230 1676; x_wconf 90' lang='lat' dir='ltr'><strong>commissi</strong></span> <span class='ocrx_word' id='word_1_532' title='bbox 3274 1636 3407 1679; x_wconf 88' lang='lat' dir='ltr'><strong>vere</strong></span> <span class='ocrx_word' id='word_1_533' title='bbox 3442 1635 3498 1680; x_wconf 90' lang='lat' dir='ltr'><strong>et</strong></span> <span class='ocrx_word' id='word_1_534' title='bbox 3528 1626 3622 1682; x_wconf 83' lang='lat' dir='ltr'><strong>fir-</strong></span> 
     </span>
    </p>
   </div>
   <div class='ocr_carea' id='block_1_78' title="bbox 2029 1698 3623 1785">
    <p class='ocr_par' dir='ltr' id='par_1_78' title="bbox 2029 1698 3623 1785">
     <span class='ocr_line' id='line_1_78' title="bbox 2029 1698 3623 1785; baseline 0.014 -34"><span class='ocrx_word' id='word_1_535' title='bbox 2029 1698 2189 1756; x_wconf 88' lang='lat' dir='ltr'><strong>miter</strong></span> <span class='ocrx_word' id='word_1_536' title='bbox 2241 1702 2469 1771; x_wconf 77' lang='lat' dir='ltr'><strong>poenitet</strong></span> <span class='ocrx_word' id='word_1_537' title='bbox 2511 1712 2566 1759; x_wconf 87' lang='lat' dir='ltr'><strong>et</strong></span> <span class='ocrx_word' id='word_1_538' title='bbox 2609 1704 2734 1761; x_wconf 87' lang='lat' dir='ltr'><strong>fidei</strong></span> <span class='ocrx_word' id='word_1_539' title='bbox 2772 1707 2921 1763; x_wconf 87' lang='lat' dir='ltr'><strong>calor</strong></span> <span class='ocrx_word' id='word_1_540' title='bbox 2968 1713 3252 1781; x_wconf 63' lang='lat' dir='ltr'><strong>praevalet,</strong></span> <span class='ocrx_word' id='word_1_541' title='bbox 3292 1715 3381 1785; x_wconf 89' lang='lat' dir='ltr'><strong>qui</strong></span> <span class='ocrx_word' id='word_1_542' title='bbox 3419 1716 3623 1775; x_wconf 87' lang='lat' dir='ltr'><strong>differri</strong></span> 
     </span>
    </p>
   </div>
   <div class='ocr_carea' id='block_1_79' title="bbox 2028 1801 3621 1869">
    <p class='ocr_par' dir='ltr' id='par_1_79' title="bbox 2028 1801 3621 1869">
     <span class='ocr_line' id='line_1_79' title="bbox 2028 1801 3621 1869; baseline 0.014 -24"><span class='ocrx_word' id='word_1_543' title='bbox 2028 1805 2135 1847; x_wconf 89' lang='lat' dir='ltr'><strong>non</strong></span> <span class='ocrx_word' id='word_1_544' title='bbox 2163 1802 2369 1864; x_wconf 90' lang='lat' dir='ltr'><strong>potest,</strong></span> <span class='ocrx_word' id='word_1_545' title='bbox 2398 1804 2581 1865; x_wconf 85' lang='lat' dir='ltr'><strong>potest</strong></span> <span class='ocrx_word' id='word_1_546' title='bbox 2617 1801 2885 1855; x_wconf 91' lang='lat' dir='ltr'><strong>coronari.</strong></span> <span class='ocrx_word' id='word_1_547' title='bbox 2926 1820 2945 1854; x_wconf 80' lang='grc' dir='ltr'><strong>ι</strong></span> <span class='ocrx_word' id='word_1_548' title='bbox 2984 1802 3209 1861; x_wconf 80' lang='lat' dir='ltr'><strong>Videtur</strong></span> <span class='ocrx_word' id='word_1_549' title='bbox 3237 1806 3340 1864; x_wconf 88' lang='lat' dir='ltr'><strong>bac</strong></span> <span class='ocrx_word' id='word_1_550' title='bbox 3375 1812 3621 1869; x_wconf 88' lang='lat' dir='ltr'><strong>oratione</strong></span> 
     </span>
    </p>
   </div>
   <div class='ocr_carea' id='block_1_80' title="bbox 2026 1883 3625 1974">
    <p class='ocr_par' dir='ltr' id='par_1_80' title="bbox 2026 1883 3625 1974">
     <span class='ocr_line' id='line_1_80' title="bbox 2026 1883 3625 1974; baseline 0.013 -33"><span class='ocrx_word' id='word_1_551' title='bbox 2026 1883 2328 1957; x_wconf 86' lang='lat' dir='ltr'><strong>Cyprianus</strong></span> <span class='ocrx_word' id='word_1_552' title='bbox 2356 1887 2519 1959; x_wconf 89' lang='lat' dir='ltr'><strong>lapsis</strong></span> <span class='ocrx_word' id='word_1_553' title='bbox 2548 1892 2849 1950; x_wconf 88' lang='lat' dir='ltr'><strong>concedere</strong></span> <span class='ocrx_word' id='word_1_554' title='bbox 2878 1905 2936 1950; x_wconf 90' lang='lat' dir='ltr'><strong>ut</strong></span> <span class='ocrx_word' id='word_1_555' title='bbox 2966 1897 3174 1968; x_wconf 89' lang='lat' dir='ltr'><strong>seipsos</strong></span> <span class='ocrx_word' id='word_1_556' title='bbox 3221 1900 3449 1958; x_wconf 84' lang='lat' dir='ltr'><strong>offerant</strong></span> <span class='ocrx_word' id='word_1_557' title='bbox 3479 1904 3625 1974; x_wconf 87' lang='lat' dir='ltr'><strong>judi-</strong></span> 
     </span>
    </p>
   </div>
   <div class='ocr_carea' id='block_1_81' title="bbox 2026 1979 3615 2065">
    <p class='ocr_par' dir='ltr' id='par_1_81' title="bbox 2026 1979 3615 2065">
     <span class='ocr_line' id='line_1_81' title="bbox 2026 1979 3615 2065; baseline 0.014 -33"><span class='ocrx_word' id='word_1_558' title='bbox 2026 1979 2201 2046; x_wconf 88' lang='lat' dir='ltr'><strong>cibus;</strong></span> <span class='ocrx_word' id='word_1_559' title='bbox 2229 1995 2405 2053; x_wconf 89' lang='lat' dir='ltr'><strong>neque</strong></span> <span class='ocrx_word' id='word_1_560' title='bbox 2427 1981 2569 2038; x_wconf 90' lang='lat' dir='ltr'><strong>enim</strong></span> <span class='ocrx_word' id='word_1_561' title='bbox 2588 2026 2604 2051; x_wconf 94' lang='lat'><strong>,</strong></span> <span class='ocrx_word' id='word_1_562' title='bbox 2629 1985 2674 2041; x_wconf 89' lang='lat' dir='ltr'><strong>si</strong></span> <span class='ocrx_word' id='word_1_563' title='bbox 2699 2000 2794 2043; x_wconf 90' lang='lat' dir='ltr'><strong>eos</strong></span> <span class='ocrx_word' id='word_1_564' title='bbox 2819 1989 3080 2047; x_wconf 88' lang='lat' dir='ltr'><strong>voluisset</strong></span> <span class='ocrx_word' id='word_1_565' title='bbox 3104 2003 3421 2064; x_wconf 80' lang='lat' dir='ltr'><strong>exspectare</strong></span> <span class='ocrx_word' id='word_1_566' title='bbox 3438 2040 3453 2065; x_wconf 95' lang='lat'><strong>,</strong></span> <span class='ocrx_word' id='word_1_567' title='bbox 3486 1999 3615 2054; x_wconf 86' lang='lat' dir='ltr'><strong>dum</strong></span> 
     </span>
    </p>
   </div>
   <div class='ocr_carea' id='block_1_82' title="bbox 2024 2071 3618 2165">
    <p class='ocr_par' dir='ltr' id='par_1_82' title="bbox 2024 2071 3618 2165">
     <span class='ocr_line' id='line_1_82' title="bbox 2024 2071 3618 2165; baseline 0.014 -38"><span class='ocrx_word' id='word_1_568' title='bbox 2024 2071 2144 2128; x_wconf 88' lang='lat' dir='ltr'><strong>dies</strong></span> <span class='ocrx_word' id='word_1_569' title='bbox 2172 2073 2279 2129; x_wconf 91' lang='lat' dir='ltr'><strong>illis</strong></span> <span class='ocrx_word' id='word_1_570' title='bbox 2324 2075 2624 2149; x_wconf 87' lang='lat' dir='ltr'><strong>diceretur,</strong></span> <span class='ocrx_word' id='word_1_571' title='bbox 2681 2082 2734 2138; x_wconf 92' lang='lat' dir='ltr'><strong>in</strong></span> <span class='ocrx_word' id='word_1_572' title='bbox 2762 2097 2952 2140; x_wconf 90' lang='lat' dir='ltr'><strong>eorum</strong></span> <span class='ocrx_word' id='word_1_573' title='bbox 2999 2096 3265 2158; x_wconf 89' lang='lat' dir='ltr'><strong>potestate</strong></span> <span class='ocrx_word' id='word_1_574' title='bbox 3303 2108 3427 2149; x_wconf 90' lang='lat' dir='ltr'><strong>esse</strong></span> <span class='ocrx_word' id='word_1_575' title='bbox 3474 2095 3618 2165; x_wconf 88' lang='lat' dir='ltr'><strong>quod</strong></span> 
     </span>
    </p>
   </div>
   <div class='ocr_carea' id='block_1_83' title="bbox 2028 2166 3619 2260">
    <p class='ocr_par' dir='ltr' id='par_1_83' title="bbox 2028 2166 3619 2260">
     <span class='ocr_line' id='line_1_83' title="bbox 2028 2166 3619 2260; baseline 0.016 -39"><span class='ocrx_word' id='word_1_576' title='bbox 2028 2166 2337 2260; x_wconf 76' lang='lat' dir='ltr'><strong>postulant,</strong></span> <span class='ocrx_word' id='word_1_577' title='bbox 2382 2169 2626 2228; x_wconf 81' lang='lat' dir='ltr'><strong>dixisset.</strong></span> <span class='ocrx_word' id='word_1_578' title='bbox 2675 2174 2807 2232; x_wconf 88' lang='lat' dir='ltr'><strong>Erat</strong></span> <span class='ocrx_word' id='word_1_579' title='bbox 2849 2193 2979 2236; x_wconf 89' lang='lat' dir='ltr'><strong>sane</strong></span> <span class='ocrx_word' id='word_1_580' title='bbox 3024 2183 3247 2239; x_wconf 91' lang='lat' dir='ltr'><strong>vetitum</strong></span> <span class='ocrx_word' id='word_1_581' title='bbox 3298 2202 3367 2243; x_wconf 90' lang='lat' dir='ltr'><strong>ne</strong></span> <span class='ocrx_word' id='word_1_582' title='bbox 3412 2189 3532 2260; x_wconf 90' lang='lat' dir='ltr'><strong>quis</strong></span> <span class='ocrx_word' id='word_1_583' title='bbox 3560 2205 3619 2247; x_wconf 88' lang='lat' dir='ltr'><strong>se</strong></span> 
     </span>
    </p>
   </div>
   <div class='ocr_carea' id='block_1_84' title="bbox 2028 2257 3620 2347">
    <p class='ocr_par' dir='ltr' id='par_1_84' title="bbox 2028 2257 3620 2347">
     <span class='ocr_line' id='line_1_84' title="bbox 2028 2257 3620 2347; baseline 0.018 -36"><span class='ocrx_word' id='word_1_584' title='bbox 2028 2257 2169 2313; x_wconf 89' lang='lat' dir='ltr'><strong>ultro</strong></span> <span class='ocrx_word' id='word_1_585' title='bbox 2195 2260 2451 2333; x_wconf 71' lang='lat' dir='ltr'><strong>offerret,</strong></span> <span class='ocrx_word' id='word_1_586' title='bbox 2484 2264 2643 2337; x_wconf 91' lang='lat' dir='ltr'><strong>idque</strong></span> <span class='ocrx_word' id='word_1_587' title='bbox 2666 2267 2963 2328; x_wconf 88' lang='lat' dir='ltr'><strong>declaravit</strong></span> <span class='ocrx_word' id='word_1_588' title='bbox 2982 2272 3279 2347; x_wconf 87' lang='lat' dir='ltr'><strong>Cyprianus</strong></span> <span class='ocrx_word' id='word_1_589' title='bbox 3299 2257 3478 2336; x_wconf 84' lang='lat' dir='ltr'><strong>coram</strong></span> <span class='ocrx_word' id='word_1_590' title='bbox 3514 2284 3620 2340; x_wconf 80' lang='lat' dir='ltr'><strong>Pa-</strong></span> 
     </span>
    </p>
   </div>
   <div class='ocr_carea' id='block_1_85' title="bbox 2026 2359 3617 2442">
    <p class='ocr_par' dir='ltr' id='par_1_85' title="bbox 2026 2359 3617 2442">
     <span class='ocr_line' id='line_1_85' title="bbox 2026 2359 3617 2442; baseline 0.019 -36"><span class='ocrx_word' id='word_1_591' title='bbox 2026 2360 2180 2433; x_wconf 84' lang='lat' dir='ltr'><strong>terno</strong></span> <span class='ocrx_word' id='word_1_592' title='bbox 2205 2359 2561 2428; x_wconf 84' lang='lat' dir='ltr'><strong>proconsule;</strong></span> <span class='ocrx_word' id='word_1_593' title='bbox 2594 2363 2688 2419; x_wconf 92' lang='lat' dir='ltr'><strong>scd</strong></span> <span class='ocrx_word' id='word_1_594' title='bbox 2719 2364 2979 2436; x_wconf 89' lang='lat' dir='ltr'><strong>ejusmodi</strong></span> <span class='ocrx_word' id='word_1_595' title='bbox 3002 2369 3148 2442; x_wconf 84' lang='lat' dir='ltr'><strong>leges</strong></span> <span class='ocrx_word' id='word_1_596' title='bbox 3177 2374 3343 2431; x_wconf 91' lang='lat' dir='ltr'><strong>variis</strong></span> <span class='ocrx_word' id='word_1_597' title='bbox 3385 2377 3617 2435; x_wconf 89' lang='lat' dir='ltr'><strong>circum-</strong></span> 
     </span>
    </p>
   </div>
   <div class='ocr_carea' id='block_1_86' title="bbox 2021 2448 3614 2540">
    <p class='ocr_par' dir='ltr' id='par_1_86' title="bbox 2021 2448 3614 2540">
     <span class='ocr_line' id='line_1_86' title="bbox 2021 2448 3614 2540; baseline 0.018 -40"><span class='ocrx_word' id='word_1_598' title='bbox 2021 2448 2238 2540; x_wconf 81' lang='lat' dir='ltr'><strong>stantiis</strong></span> <span class='ocrx_word' id='word_1_599' title='bbox 2281 2451 2551 2510; x_wconf 88' lang='lat' dir='ltr'><strong>interdum</strong></span> <span class='ocrx_word' id='word_1_600' title='bbox 2606 2457 2824 2515; x_wconf 87' lang='lat' dir='ltr'><strong>cedunt.</strong></span> <span class='ocrx_word' id='word_1_601' title='bbox 2883 2461 3076 2520; x_wconf 83' lang='lat' dir='ltr'><strong>Multos</strong></span> <span class='ocrx_word' id='word_1_602' title='bbox 3129 2467 3275 2523; x_wconf 90' lang='lat' dir='ltr'><strong>cnim</strong></span> <span class='ocrx_word' id='word_1_603' title='bbox 3338 2470 3614 2540; x_wconf 86' lang='lat' dir='ltr'><strong>videmus,</strong></span> 
     </span>
    </p>
   </div>
   <div class='ocr_carea' id='block_1_87' title="bbox 2021 2539 3616 2634">
    <p class='ocr_par' dir='ltr' id='par_1_87' title="bbox 2021 2539 3616 2634">
     <span class='ocr_line' id='line_1_87' title="bbox 2021 2539 3616 2634; baseline 0.016 -40"><span class='ocrx_word' id='word_1_604' title='bbox 2021 2539 2179 2634; x_wconf 71' lang='lat' dir='ltr'><strong>velut</strong></span> <span class='ocrx_word' id='word_1_605' title='bbox 2207 2544 2347 2614; x_wconf 89' lang='lat' dir='ltr'><strong>apud</strong></span> <span class='ocrx_word' id='word_1_606' title='bbox 2375 2544 2643 2606; x_wconf 69' lang='lat' dir='ltr'><strong>Iustinum</strong></span> <span class='ocrx_word' id='word_1_607' title='bbox 2688 2552 2743 2606; x_wconf 89' lang='lat' dir='ltr'><strong>in</strong></span> <span class='ocrx_word' id='word_1_608' title='bbox 2782 2553 2990 2612; x_wconf 89' lang='lat' dir='ltr'><strong>minore</strong></span> <span class='ocrx_word' id='word_1_609' title='bbox 3032 2558 3319 2632; x_wconf 83' lang='lat' dir='ltr'><strong>Apologia,</strong></span> <span class='ocrx_word' id='word_1_610' title='bbox 3376 2573 3424 2619; x_wconf 90' lang='lat' dir='ltr'><strong>et</strong></span> <span class='ocrx_word' id='word_1_611' title='bbox 3478 2539 3616 2634; x_wconf 89' lang='lat' dir='ltr'><strong>apud</strong></span> 
     </span>
    </p>
   </div>
   <div class='ocr_carea' id='block_1_88' title="bbox 2022 2630 3619 2726">
    <p class='ocr_par' dir='ltr' id='par_1_88' title="bbox 2022 2630 3619 2726">
     <span class='ocr_line' id='line_1_88' title="bbox 2022 2630 3619 2726; baseline 0.018 -40"><span class='ocrx_word' id='word_1_612' title='bbox 2022 2630 2313 2691; x_wconf 84' lang='lat' dir='ltr'><strong>Eusebium</strong></span> <span class='ocrx_word' id='word_1_613' title='bbox 2341 2637 2436 2695; x_wconf 89' lang='lat' dir='ltr'><strong>lib.</strong></span> <span class='ocrx_word' id='word_1_614' title='bbox 2469 2656 2584 2711; x_wconf 90' lang='lat' dir='ltr'><strong>vm,</strong></span> <span class='ocrx_word' id='word_1_615' title='bbox 2609 2643 2754 2726; x_wconf 81' lang='lat' dir='ltr'><strong>ultro</strong></span> <span class='ocrx_word' id='word_1_616' title='bbox 2773 2644 3007 2716; x_wconf 88' lang='lat' dir='ltr'><strong>judicem</strong></span> <span class='ocrx_word' id='word_1_617' title='bbox 3037 2630 3256 2708; x_wconf 82' lang='lat' dir='ltr'><strong>adortos</strong></span> <span class='ocrx_word' id='word_1_618' title='bbox 3282 2669 3403 2713; x_wconf 89' lang='lat' dir='ltr'><strong>esse</strong></span> <span class='ocrx_word' id='word_1_619' title='bbox 3423 2700 3438 2724; x_wconf 94' lang='lat'><strong>,</strong></span> <span class='ocrx_word' id='word_1_620' title='bbox 3473 2630 3527 2714; x_wconf 80' lang='lat' dir='ltr'><strong>et</strong></span> <span class='ocrx_word' id='word_1_621' title='bbox 3551 2660 3619 2714; x_wconf 89' lang='lat' dir='ltr'><strong>ad</strong></span> 
     </span>
    </p>
   </div>
   <div class='ocr_carea' id='block_1_89' title="bbox 2021 2725 3619 2816">
    <p class='ocr_par' dir='ltr' id='par_1_89' title="bbox 2021 2725 3619 2816">
     <span class='ocr_line' id='line_1_89' title="bbox 2021 2725 3619 2816; baseline 0.018 -37"><span class='ocrx_word' id='word_1_622' title='bbox 2021 2725 2416 2787; x_wconf 88' lang='lat' dir='ltr'><strong>confessionem</strong></span> <span class='ocrx_word' id='word_1_623' title='bbox 2464 2725 2744 2792; x_wconf 81' lang='lat' dir='ltr'><strong>invocatas</strong></span> <span class='ocrx_word' id='word_1_624' title='bbox 2773 2739 3025 2796; x_wconf 89' lang='lat' dir='ltr'><strong>venisse:</strong></span> <span class='ocrx_word' id='word_1_625' title='bbox 3078 2744 3130 2798; x_wconf 91' lang='lat' dir='ltr'><strong>in</strong></span> <span class='ocrx_word' id='word_1_626' title='bbox 3177 2746 3371 2816; x_wconf 90' lang='lat' dir='ltr'><strong>quibus</strong></span> <span class='ocrx_word' id='word_1_627' title='bbox 3422 2751 3465 2806; x_wconf 92' lang='lat' dir='ltr'><strong>si</strong></span> <span class='ocrx_word' id='word_1_628' title='bbox 3511 2767 3619 2808; x_wconf 87' lang='lat' dir='ltr'><strong>non</strong></span> 
     </span>
    </p>
   </div>
   <div class='ocr_carea' id='block_1_90' title="bbox 2020 2818 3609 2912">
    <p class='ocr_par' dir='ltr' id='par_1_90' title="bbox 2020 2818 3609 2912">
     <span class='ocr_line' id='line_1_90' title="bbox 2020 2818 3609 2912; baseline 0.018 -40"><span class='ocrx_word' id='word_1_629' title='bbox 2020 2818 2353 2912; x_wconf 86' lang='lat' dir='ltr'><strong>vituperatur</strong></span> <span class='ocrx_word' id='word_1_630' title='bbox 2376 2822 2493 2880; x_wconf 78' lang='lat' dir='ltr'><strong>htec</strong></span> <span class='ocrx_word' id='word_1_631' title='bbox 2514 2825 2753 2897; x_wconf 89' lang='lat' dir='ltr'><strong>libertas,</strong></span> <span class='ocrx_word' id='word_1_632' title='bbox 2792 2832 3167 2892; x_wconf 74' lang='lat' dir='ltr'><strong>multominus</strong></span> <span class='ocrx_word' id='word_1_633' title='bbox 3193 2839 3246 2893; x_wconf 92' lang='lat' dir='ltr'><strong>in</strong></span> <span class='ocrx_word' id='word_1_634' title='bbox 3278 2840 3439 2912; x_wconf 89' lang='lat' dir='ltr'><strong>lapsis</strong></span> <span class='ocrx_word' id='word_1_635' title='bbox 3460 2860 3609 2900; x_wconf 82' lang='lat' dir='ltr'><strong>scm-</strong></span> 
     </span>
    </p>
   </div>
   <div class='ocr_carea' id='block_1_91' title="bbox 2021 2911 3616 2992">
    <p class='ocr_par' dir='ltr' id='par_1_91' title="bbox 2021 2911 3616 2992">
     <span class='ocr_line' id='line_1_91' title="bbox 2021 2911 3616 2992; baseline 0.017 -26"><span class='ocrx_word' id='word_1_636' title='bbox 2021 2925 2117 2981; x_wconf 87' lang='lat' dir='ltr'><strong>per</strong></span> <span class='ocrx_word' id='word_1_637' title='bbox 2144 2911 2494 2984; x_wconf 88' lang='lat' dir='ltr'><strong>vituperanda</strong></span> <span class='ocrx_word' id='word_1_638' title='bbox 2516 2961 2531 2985; x_wconf 94' lang='lat'><strong>,</strong></span> <span class='ocrx_word' id='word_1_639' title='bbox 2560 2934 2693 2989; x_wconf 90' lang='lat' dir='ltr'><strong>quos</strong></span> <span class='ocrx_word' id='word_1_640' title='bbox 2724 2938 2818 2992; x_wconf 90' lang='lat' dir='ltr'><strong>par</strong></span> <span class='ocrx_word' id='word_1_641' title='bbox 2842 2935 2962 2981; x_wconf 87' lang='lat' dir='ltr'><strong>erat</strong></span> <span class='ocrx_word' id='word_1_642' title='bbox 2993 2927 3197 2984; x_wconf 91' lang='lat' dir='ltr'><strong>illatum</strong></span> <span class='ocrx_word' id='word_1_643' title='bbox 3229 2911 3431 2988; x_wconf 87' lang='lat' dir='ltr'><strong>nomini</strong></span> <span class='ocrx_word' id='word_1_644' title='bbox 3460 2935 3616 2992; x_wconf 87' lang='lat' dir='ltr'><strong>Chri-</strong></span> 
     </span>
    </p>
   </div>
   <div class='ocr_carea' id='block_1_92' title="bbox 2018 3004 3611 3083">
    <p class='ocr_par' dir='ltr' id='par_1_92' title="bbox 2018 3004 3611 3083">
     <span class='ocr_line' id='line_1_92' title="bbox 2018 3004 3611 3083; baseline 0.015 -25"><span class='ocrx_word' id='word_1_645' title='bbox 2018 3004 2195 3061; x_wconf 88' lang='lat' dir='ltr'><strong>stiano</strong></span> <span class='ocrx_word' id='word_1_646' title='bbox 2232 3006 2468 3065; x_wconf 90' lang='lat' dir='ltr'><strong>dedecus</strong></span> <span class='ocrx_word' id='word_1_647' title='bbox 2490 3026 2777 3083; x_wconf 89' lang='lat' dir='ltr'><strong>reparare,</strong></span> <span class='ocrx_word' id='word_1_648' title='bbox 2817 3032 2883 3072; x_wconf 89' lang='lat' dir='ltr'><strong>ac</strong></span> <span class='ocrx_word' id='word_1_649' title='bbox 2933 3018 3207 3075; x_wconf 90' lang='lat' dir='ltr'><strong>Christum</strong></span> <span class='ocrx_word' id='word_1_650' title='bbox 3250 3022 3323 3078; x_wconf 92' lang='lat' dir='ltr'><strong>ibi</strong></span> <span class='ocrx_word' id='word_1_651' title='bbox 3363 3027 3611 3083; x_wconf 78' lang='lat' dir='ltr'><strong>confiteri</strong></span> 
     </span>
    </p>
   </div>
   <div class='ocr_carea' id='block_1_93' title="bbox 2020 3096 3617 3175">
    <p class='ocr_par' dir='ltr' id='par_1_93' title="bbox 2020 3096 3617 3175">
     <span class='ocr_line' id='line_1_93' title="bbox 2020 3096 3617 3175; baseline 0.015 -25"><span class='ocrx_word' id='word_1_652' title='bbox 2020 3096 2111 3169; x_wconf 84' lang='lat' dir='ltr'><strong>ubi</strong></span> <span class='ocrx_word' id='word_1_653' title='bbox 2136 3100 2361 3170; x_wconf 90' lang='lat' dir='ltr'><strong>turpiter</strong></span> <span class='ocrx_word' id='word_1_654' title='bbox 2401 3115 2749 3172; x_wconf 86' lang='lat' dir='ltr'><strong>negaverant.</strong></span> <span class='ocrx_word' id='word_1_655' title='bbox 2797 3105 3011 3165; x_wconf 88' lang='lat' dir='ltr'><strong>Laudes</strong></span> <span class='ocrx_word' id='word_1_656' title='bbox 3055 3110 3313 3169; x_wconf 74' lang='lat' dir='ltr'><strong>Ecclesia:</strong></span> <span class='ocrx_word' id='word_1_657' title='bbox 3360 3116 3617 3175; x_wconf 77' lang='lat' dir='ltr'><strong>Romamn</strong></span> 
     </span>
    </p>
   </div>
   <div class='ocr_carea' id='block_1_94' title="bbox 2019 3187 3614 3279">
    <p class='ocr_par' dir='ltr' id='par_1_94' title="bbox 2019 3187 3614 3279">
     <span class='ocr_line' id='line_1_94' title="bbox 2019 3187 3614 3279; baseline 0.015 -37"><span class='ocrx_word' id='word_1_658' title='bbox 2019 3187 2177 3259; x_wconf 90' lang='lat' dir='ltr'><strong>plena</strong></span> <span class='ocrx_word' id='word_1_659' title='bbox 2205 3206 2366 3248; x_wconf 88' lang='lat' dir='ltr'><strong>manu</strong></span> <span class='ocrx_word' id='word_1_660' title='bbox 2405 3194 2706 3267; x_wconf 88' lang='lat' dir='ltr'><strong>Cyprianus</strong></span> <span class='ocrx_word' id='word_1_661' title='bbox 2747 3198 2800 3253; x_wconf 93' lang='lat' dir='ltr'><strong>in</strong></span> <span class='ocrx_word' id='word_1_662' title='bbox 2856 3201 3054 3257; x_wconf 74' lang='lat' dir='ltr'><strong>ctelum</strong></span> <span class='ocrx_word' id='word_1_663' title='bbox 3082 3204 3254 3275; x_wconf 92' lang='lat' dir='ltr'><strong>tollit,</strong></span> <span class='ocrx_word' id='word_1_664' title='bbox 3306 3206 3407 3279; x_wconf 89' lang='lat' dir='ltr'><strong>Ep.</strong></span> <span class='ocrx_word' id='word_1_665' title='bbox 3466 3225 3614 3277; x_wconf 82' lang='lat' dir='ltr'><strong>Lvn,</strong></span> 
     </span>
    </p>
   </div>
   <div class='ocr_carea' id='block_1_95' title="bbox 2019 3281 3620 3368">
    <p class='ocr_par' dir='ltr' id='par_1_95' title="bbox 2019 3281 3620 3368">
     <span class='ocr_line' id='line_1_95' title="bbox 2019 3281 3620 3368; baseline 0.017 -34"><span class='ocrx_word' id='word_1_666' title='bbox 2019 3281 2161 3351; x_wconf 88' lang='lat' dir='ltr'><strong>quod</strong></span> <span class='ocrx_word' id='word_1_667' title='bbox 2190 3283 2495 3354; x_wconf 76' lang='lat' dir='ltr'><strong>prodeunte</strong></span> <span class='ocrx_word' id='word_1_668' title='bbox 2519 3287 2585 3344; x_wconf 89' lang='lat' dir='ltr'><strong>ad</strong></span> <span class='ocrx_word' id='word_1_669' title='bbox 2609 3290 2980 3349; x_wconf 87' lang='lat' dir='ltr'><strong>confitendum</strong></span> <span class='ocrx_word' id='word_1_670' title='bbox 3007 3294 3259 3355; x_wconf 89' lang='lat' dir='ltr'><strong>Cornelio</strong></span> <span class='ocrx_word' id='word_1_671' title='bbox 3278 3343 3291 3368; x_wconf 94' lang='lat'><strong>,</strong></span> <span class='ocrx_word' id='word_1_672' title='bbox 3322 3305 3620 3361; x_wconf 91' lang='lat' dir='ltr'><strong>accurrerit</strong></span> 
     </span>
    </p>
   </div>
   <div class='ocr_carea' id='block_1_96' title="bbox 2020 3382 3619 3466">
    <p class='ocr_par' dir='ltr' id='par_1_96' title="bbox 2020 3382 3619 3466">
     <span class='ocr_line' id='line_1_96' title="bbox 2020 3382 3619 3466; baseline 0.016 -39"><span class='ocrx_word' id='word_1_673' title='bbox 2020 3386 2376 3444; x_wconf 88' lang='lat' dir='ltr'><strong>properanter</strong></span> <span class='ocrx_word' id='word_1_674' title='bbox 2401 3386 2458 3434; x_wconf 91' lang='lat' dir='ltr'><strong>et</strong></span> <span class='ocrx_word' id='word_1_675' title='bbox 2498 3382 2704 3437; x_wconf 91' lang='lat' dir='ltr'><strong>venerit</strong></span> <span class='ocrx_word' id='word_1_676' title='bbox 2729 3383 2973 3456; x_wconf 90' lang='lat' dir='ltr'><strong>quisquis</strong></span> <span class='ocrx_word' id='word_1_677' title='bbox 2999 3388 3233 3456; x_wconf 89' lang='lat' dir='ltr'><strong>audivit,</strong></span> <span class='ocrx_word' id='word_1_678' title='bbox 3284 3407 3384 3449; x_wconf 90' lang='lat' dir='ltr'><strong>nec</strong></span> <span class='ocrx_word' id='word_1_679' title='bbox 3423 3395 3619 3466; x_wconf 84' lang='lat' dir='ltr'><strong>singuli</strong></span> 
     </span>
    </p>
   </div>
   <div class='ocr_carea' id='block_1_97' title="bbox 2020 3466 3613 3555">
    <p class='ocr_par' dir='ltr' id='par_1_97' title="bbox 2020 3466 3613 3555">
     <span class='ocr_line' id='line_1_97' title="bbox 2020 3466 3613 3555; baseline 0.014 -35"><span class='ocrx_word' id='word_1_680' title='bbox 2020 3466 2235 3538; x_wconf 89' lang='lat' dir='ltr'><strong>milites,</strong></span> <span class='ocrx_word' id='word_1_681' title='bbox 2269 3469 2363 3526; x_wconf 91' lang='lat' dir='ltr'><strong>sed</strong></span> <span class='ocrx_word' id='word_1_682' title='bbox 2391 3478 2500 3527; x_wconf 90' lang='lat' dir='ltr'><strong>tota</strong></span> <span class='ocrx_word' id='word_1_683' title='bbox 2530 3472 2693 3530; x_wconf 91' lang='lat' dir='ltr'><strong>simul</strong></span> <span class='ocrx_word' id='word_1_684' title='bbox 2720 3486 2897 3533; x_wconf 89' lang='lat' dir='ltr'><strong>castra</strong></span> <span class='ocrx_word' id='word_1_685' title='bbox 2940 3479 3008 3534; x_wconf 91' lang='lat' dir='ltr'><strong>ad</strong></span> <span class='ocrx_word' id='word_1_686' title='bbox 3039 3496 3269 3554; x_wconf 80' lang='lat' dir='ltr'><strong>pugnam</strong></span> <span class='ocrx_word' id='word_1_687' title='bbox 3298 3486 3613 3555; x_wconf 87' lang='lat' dir='ltr'><strong>prodierint,</strong></span> 
     </span>
    </p>
   </div>
   <div class='ocr_carea' id='block_1_98' title="bbox 2017 3560 3615 3655">
    <p class='ocr_par' dir='ltr' id='par_1_98' title="bbox 2017 3560 3615 3655">
     <span class='ocr_line' id='line_1_98' title="bbox 2017 3560 3615 3655; baseline 0.016 -41"><span class='ocrx_word' id='word_1_688' title='bbox 2017 3560 2300 3655; x_wconf 79' lang='lat' dir='ltr'><strong>omnisque</strong></span> <span class='ocrx_word' id='word_1_689' title='bbox 2349 3563 2588 3621; x_wconf 88' lang='lat' dir='ltr'><strong>Ecclesia</strong></span> <span class='ocrx_word' id='word_1_690' title='bbox 2628 3567 2869 3626; x_wconf 89' lang='lat' dir='ltr'><strong>Romana</strong></span> <span class='ocrx_word' id='word_1_691' title='bbox 2915 3573 3161 3630; x_wconf 87' lang='lat' dir='ltr'><strong>confessa</strong></span> <span class='ocrx_word' id='word_1_692' title='bbox 3199 3578 3306 3646; x_wconf 89' lang='lat' dir='ltr'><strong>sit,</strong></span> <span class='ocrx_word' id='word_1_693' title='bbox 3367 3595 3430 3637; x_wconf 92' lang='lat' dir='ltr'><strong>ac</strong></span> <span class='ocrx_word' id='word_1_694' title='bbox 3480 3582 3615 3655; x_wconf 88' lang='lat' dir='ltr'><strong>lapsi</strong></span> 
     </span>
    </p>
   </div>
   <div class='ocr_carea' id='block_1_99' title="bbox 2017 3650 3134 3724">
    <p class='ocr_par' dir='ltr' id='par_1_99' title="bbox 2017 3650 3134 3724">
     <span class='ocr_line' id='line_1_99' title="bbox 2017 3650 3134 3724; baseline 0.013 -20"><span class='ocrx_word' id='word_1_695' title='bbox 2017 3650 2231 3721; x_wconf 88' lang='lat' dir='ltr'><strong>plurimi</strong></span> <span class='ocrx_word' id='word_1_696' title='bbox 2252 3652 2484 3724; x_wconf 83' lang='lat' dir='ltr'><strong>gloriosa</strong></span> <span class='ocrx_word' id='word_1_697' title='bbox 2510 3657 2855 3718; x_wconf 91' lang='lat' dir='ltr'><strong>confessione</strong></span> <span class='ocrx_word' id='word_1_698' title='bbox 2880 3665 3134 3721; x_wconf 89' lang='lat' dir='ltr'><strong>restituti.</strong></span> 
     </span>
    </p>
   </div>
   <div class='ocr_carea' id='block_1_100' title="bbox 2015 3784 3613 3868">
    <p class='ocr_par' dir='ltr' id='par_1_100' title="bbox 2015 3784 3613 3868">
     <span class='ocr_line' id='line_1_100' title="bbox 2015 3784 3613 3868; baseline 0.015 -26"><span class='ocrx_word' id='word_1_699' title='bbox 2015 3784 2308 3845; x_wconf 77' lang='lat' dir='ltr'><strong>Xll.—ns</strong></span> <span class='ocrx_word' id='word_1_700' title='bbox 2347 3807 2598 3849; x_wconf 71' lang='lat' dir='ltr'><strong>EPISTOLA</strong></span> <span class='ocrx_word' id='word_1_701' title='bbox 2636 3809 2705 3850; x_wconf 76' lang='lat' dir='ltr'><strong>XV</strong></span> <span class='ocrx_word' id='word_1_702' title='bbox 2732 3810 2778 3851; x_wconf 85' lang='lat' dir='ltr'><strong>S.</strong></span> <span class='ocrx_word' id='word_1_703' title='bbox 2814 3811 3055 3854; x_wconf 76' lang='lat' dir='ltr'><strong>CYPRIANI</strong></span> <span class='ocrx_word' id='word_1_704' title='bbox 3090 3817 3157 3857; x_wconf 82' lang='lat' dir='ltr'><strong>ET</strong></span> <span class='ocrx_word' id='word_1_705' title='bbox 3190 3818 3443 3863; x_wconf 83' lang='lat' dir='ltr'><strong>PLURIBUS</strong></span> <span class='ocrx_word' id='word_1_706' title='bbox 3477 3825 3613 3868; x_wconf 79' lang='lat' dir='ltr'><strong>ALIIS</strong></span> 
     </span>
    </p>
   </div>
   <div class='ocr_carea' id='block_1_101' title="bbox 2161 3880 3465 3960">
    <p class='ocr_par' dir='ltr' id='par_1_101' title="bbox 2161 3880 3465 3960">
     <span class='ocr_line' id='line_1_101' title="bbox 2161 3880 3465 3960; baseline 0.014 -20"><span class='ocrx_word' id='word_1_707' title='bbox 2161 3900 2331 3943; x_wconf 69' lang='lat' dir='ltr'><strong>panno</strong></span> <span class='ocrx_word' id='word_1_708' title='bbox 2367 3902 2496 3943; x_wconf 79' lang='lat' dir='ltr'><strong>rosr</strong></span> <span class='ocrx_word' id='word_1_709' title='bbox 2526 3902 2664 3945; x_wconf 76' lang='lat' dir='ltr'><strong>novo</strong></span> <span class='ocrx_word' id='word_1_710' title='bbox 2697 3880 2959 3949; x_wconf 79' lang='grc' dir='ltr'><strong>τυιιυιτιι</strong></span> <span class='ocrx_word' id='word_1_711' title='bbox 2978 3909 3187 3955; x_wconf 73' lang='lat' dir='ltr'><strong>nxon&#39;ro</strong></span> <span class='ocrx_word' id='word_1_712' title='bbox 3213 3914 3465 3960; x_wconf 73' lang='lat' dir='ltr'><strong>scrupus.</strong></span> 
     </span>
    </p>
   </div>
   <div class='ocr_carea' id='block_1_102' title="bbox 2092 4018 3612 4108">
    <p class='ocr_par' dir='ltr' id='par_1_102' title="bbox 2092 4018 3612 4108">
     <span class='ocr_line' id='line_1_102' title="bbox 2092 4018 3612 4108; baseline 0.015 -36"><span class='ocrx_word' id='word_1_713' title='bbox 2092 4018 2191 4074; x_wconf 83' lang='lat' dir='ltr'><strong>Tot</strong></span> <span class='ocrx_word' id='word_1_714' title='bbox 2218 4018 2382 4076; x_wconf 81' lang='lat' dir='ltr'><strong>rebus</strong></span> <span class='ocrx_word' id='word_1_715' title='bbox 2406 4019 2474 4076; x_wconf 90' lang='lat' dir='ltr'><strong>ad</strong></span> <span class='ocrx_word' id='word_1_716' title='bbox 2503 4019 2763 4079; x_wconf 76' lang='lat' dir='ltr'><strong>Ecclesia:</strong></span> <span class='ocrx_word' id='word_1_717' title='bbox 2792 4024 3218 4095; x_wconf 85' lang='lat' dir='ltr'><strong>pacificationem</strong></span> <span class='ocrx_word' id='word_1_718' title='bbox 3254 4032 3460 4092; x_wconf 90' lang='lat' dir='ltr'><strong>fortiter</strong></span> <span class='ocrx_word' id='word_1_719' title='bbox 3480 4052 3612 4108; x_wconf 86' lang='lat' dir='ltr'><strong>pru-</strong></span> 
     </span>
    </p>
   </div>
   <div class='ocr_carea' id='block_1_103' title="bbox 2016 4110 3610 4197">
    <p class='ocr_par' dir='ltr' id='par_1_103' title="bbox 2016 4110 3610 4197">
     <span class='ocr_line' id='line_1_103' title="bbox 2016 4110 3610 4197; baseline 0.012 -29"><span class='ocrx_word' id='word_1_720' title='bbox 2016 4110 2312 4184; x_wconf 89' lang='lat' dir='ltr'><strong>denterque</strong></span> <span class='ocrx_word' id='word_1_721' title='bbox 2355 4114 2551 4185; x_wconf 87' lang='lat' dir='ltr'><strong>gestis,</strong></span> <span class='ocrx_word' id='word_1_722' title='bbox 2608 4116 2823 4188; x_wconf 90' lang='lat' dir='ltr'><strong>scripsit</strong></span> <span class='ocrx_word' id='word_1_723' title='bbox 2865 4117 3165 4192; x_wconf 88' lang='lat' dir='ltr'><strong>Cyprianus</strong></span> <span class='ocrx_word' id='word_1_724' title='bbox 3218 4124 3388 4197; x_wconf 90' lang='lat' dir='ltr'><strong>Epist.</strong></span> <span class='ocrx_word' id='word_1_725' title='bbox 3426 4146 3498 4185; x_wconf 81' lang='lat' dir='ltr'><strong>xv</strong></span> <span class='ocrx_word' id='word_1_726' title='bbox 3542 4132 3610 4186; x_wconf 89' lang='lat' dir='ltr'><strong>ad</strong></span> 
     </span>
    </p>
   </div>
   <div class='ocr_carea' id='block_1_104' title="bbox 2009 4205 3611 4293">
    <p class='ocr_par' dir='ltr' id='par_1_104' title="bbox 2009 4205 3611 4293">
     <span class='ocr_line' id='line_1_104' title="bbox 2009 4205 3611 4293; baseline 0.012 -32"><span class='ocrx_word' id='word_1_727' title='bbox 2009 4205 2232 4263; x_wconf 79' lang='lat' dir='ltr'><strong>Clerum</strong></span> <span class='ocrx_word' id='word_1_728' title='bbox 2266 4206 2597 4275; x_wconf 85' lang='lat' dir='ltr'><strong>ROmanum,</strong></span> <span class='ocrx_word' id='word_1_729' title='bbox 2639 4210 2898 4281; x_wconf 86' lang='lat' dir='ltr'><strong>purgandi</strong></span> <span class='ocrx_word' id='word_1_730' title='bbox 2945 4214 3025 4268; x_wconf 88' lang='lat' dir='ltr'><strong>sui</strong></span> <span class='ocrx_word' id='word_1_731' title='bbox 3063 4230 3259 4287; x_wconf 88' lang='lat' dir='ltr'><strong>causa;</strong></span> <span class='ocrx_word' id='word_1_732' title='bbox 3310 4236 3408 4277; x_wconf 90' lang='lat' dir='ltr'><strong>nec</strong></span> <span class='ocrx_word' id='word_1_733' title='bbox 3437 4224 3611 4293; x_wconf 89' lang='lat' dir='ltr'><strong>aptius</strong></span> 
     </span>
    </p>
   </div>
   <div class='ocr_carea' id='block_1_105' title="bbox 2017 4298 3609 4381">
    <p class='ocr_par' dir='ltr' id='par_1_105' title="bbox 2017 4298 3609 4381">
     <span class='ocr_line' id='line_1_105' title="bbox 2017 4298 3609 4381; baseline 0.014 -29"><span class='ocrx_word' id='word_1_734' title='bbox 2017 4298 2304 4371; x_wconf 81' lang='lat' dir='ltr'><strong>quidquam</strong></span> <span class='ocrx_word' id='word_1_735' title='bbox 2351 4315 2472 4356; x_wconf 89' lang='lat' dir='ltr'><strong>esse</strong></span> <span class='ocrx_word' id='word_1_736' title='bbox 2503 4301 2762 4372; x_wconf 86' lang='lat' dir='ltr'><strong>judicavit</strong></span> <span class='ocrx_word' id='word_1_737' title='bbox 2801 4302 2866 4359; x_wconf 89' lang='lat' dir='ltr'><strong>ad</strong></span> <span class='ocrx_word' id='word_1_738' title='bbox 2895 4303 3104 4377; x_wconf 89' lang='lat' dir='ltr'><strong>iniquas</strong></span> <span class='ocrx_word' id='word_1_739' title='bbox 3148 4311 3482 4381; x_wconf 74' lang='lat' dir='ltr'><strong>suspiciones</strong></span> <span class='ocrx_word' id='word_1_740' title='bbox 3524 4333 3609 4375; x_wconf 51' lang='lat' dir='ltr'><strong>rc‘</strong></span> 
     </span>
    </p>
   </div>
   <div class='ocr_carea' id='block_1_106' title="bbox 2017 4391 3612 4477">
    <p class='ocr_par' dir='ltr' id='par_1_106' title="bbox 2017 4391 3612 4477">
     <span class='ocr_line' id='line_1_106' title="bbox 2017 4391 3612 4477; baseline 0.011 -29"><span class='ocrx_word' id='word_1_741' title='bbox 2017 4391 2324 4463; x_wconf 90' lang='lat' dir='ltr'><strong>pellendas,</strong></span> <span class='ocrx_word' id='word_1_742' title='bbox 2384 4408 2543 4464; x_wconf 91' lang='lat' dir='ltr'><strong>quam</strong></span> <span class='ocrx_word' id='word_1_743' title='bbox 2595 4404 2652 4450; x_wconf 93' lang='lat' dir='ltr'><strong>ut</strong></span> <span class='ocrx_word' id='word_1_744' title='bbox 2698 4394 2926 4451; x_wconf 80' lang='lat' dir='ltr'><strong>Romam</strong></span> <span class='ocrx_word' id='word_1_745' title='bbox 2978 4399 3216 4457; x_wconf 89' lang='lat' dir='ltr'><strong>mitteret</strong></span> <span class='ocrx_word' id='word_1_746' title='bbox 3264 4406 3500 4477; x_wconf 87' lang='lat' dir='ltr'><strong>quinque</strong></span> <span class='ocrx_word' id='word_1_747' title='bbox 3541 4409 3612 4466; x_wconf 90' lang='lat' dir='ltr'><strong>de</strong></span> 
     </span>
    </p>
   </div>
   <div class='ocr_carea' id='block_1_107' title="bbox 2018 4483 3612 4561">
    <p class='ocr_par' dir='ltr' id='par_1_107' title="bbox 2018 4483 3612 4561">
     <span class='ocr_line' id='line_1_107' title="bbox 2018 4483 3612 4561; baseline 0.012 -22"><span class='ocrx_word' id='word_1_748' title='bbox 2018 4483 2185 4556; x_wconf 89' lang='lat' dir='ltr'><strong>lapsis</strong></span> <span class='ocrx_word' id='word_1_749' title='bbox 2222 4485 2429 4542; x_wconf 90' lang='lat' dir='ltr'><strong>litteras</strong></span> <span class='ocrx_word' id='word_1_750' title='bbox 2457 4501 2581 4542; x_wconf 91' lang='lat' dir='ltr'><strong>cum</strong></span> <span class='ocrx_word' id='word_1_751' title='bbox 2606 4496 2730 4545; x_wconf 92' lang='lat' dir='ltr'><strong>octo</strong></span> <span class='ocrx_word' id='word_1_752' title='bbox 2756 4488 2874 4545; x_wconf 90' lang='lat' dir='ltr'><strong>aliis</strong></span> <span class='ocrx_word' id='word_1_753' title='bbox 2902 4493 3101 4561; x_wconf 88' lang='lat' dir='ltr'><strong>pariter</strong></span> <span class='ocrx_word' id='word_1_754' title='bbox 3126 4493 3179 4549; x_wconf 90' lang='lat' dir='ltr'><strong>in</strong></span> <span class='ocrx_word' id='word_1_755' title='bbox 3225 4509 3444 4554; x_wconf 87' lang='lat' dir='ltr'><strong>secessu</strong></span> <span class='ocrx_word' id='word_1_756' title='bbox 3477 4501 3612 4559; x_wconf 81' lang='lat' dir='ltr'><strong>scri-</strong></span> 
     </span>
    </p>
   </div>
   <div class='ocr_carea' id='block_1_108' title="bbox 2020 4578 3610 4665">
    <p class='ocr_par' dir='ltr' id='par_1_108' title="bbox 2020 4578 3610 4665">
     <span class='ocr_line' id='line_1_108' title="bbox 2020 4578 3610 4665; baseline 0.014 -33"><span class='ocrx_word' id='word_1_757' title='bbox 2020 4578 2143 4648; x_wconf 91' lang='lat' dir='ltr'><strong>ptis,</strong></span> <span class='ocrx_word' id='word_1_758' title='bbox 2170 4595 2239 4634; x_wconf 79' lang='lat' dir='ltr'><strong>ex</strong></span> <span class='ocrx_word' id='word_1_759' title='bbox 2268 4579 2463 4649; x_wconf 89' lang='lat' dir='ltr'><strong>quibus</strong></span> <span class='ocrx_word' id='word_1_760' title='bbox 2481 4579 2613 4635; x_wconf 91' lang='lat' dir='ltr'><strong>duas</strong></span> <span class='ocrx_word' id='word_1_761' title='bbox 2644 4590 2846 4638; x_wconf 92' lang='lat' dir='ltr'><strong>tantum</strong></span> <span class='ocrx_word' id='word_1_762' title='bbox 2873 4580 3158 4656; x_wconf 76' lang='lat' dir='ltr'><strong>superesse</strong></span> <span class='ocrx_word' id='word_1_763' title='bbox 3183 4587 3610 4665; x_wconf 84' lang='lat' dir='ltr'><strong>observavimus,</strong></span> 
     </span>
    </p>
   </div>
   <div class='ocr_carea' id='block_1_109' title="bbox 2020 4672 3609 4750">
    <p class='ocr_par' dir='ltr' id='par_1_109' title="bbox 2020 4672 3609 4750">
     <span class='ocr_line' id='line_1_109' title="bbox 2020 4672 3609 4750; baseline 0.014 -23"><span class='ocrx_word' id='word_1_764' title='bbox 2020 4686 2214 4743; x_wconf 89' lang='lat' dir='ltr'><strong>nempe</strong></span> <span class='ocrx_word' id='word_1_765' title='bbox 2239 4672 2478 4743; x_wconf 88' lang='lat' dir='ltr'><strong>quintam</strong></span> <span class='ocrx_word' id='word_1_766' title='bbox 2519 4672 2588 4728; x_wconf 89' lang='lat' dir='ltr'><strong>ad</strong></span> <span class='ocrx_word' id='word_1_767' title='bbox 2627 4674 2831 4730; x_wconf 90' lang='lat' dir='ltr'><strong>clerum</strong></span> <span class='ocrx_word' id='word_1_768' title='bbox 2858 4686 2913 4732; x_wconf 87' lang='lat' dir='ltr'><strong>et</strong></span> <span class='ocrx_word' id='word_1_769' title='bbox 2933 4693 3127 4735; x_wconf 89' lang='lat' dir='ltr'><strong>nonam</strong></span> <span class='ocrx_word' id='word_1_770' title='bbox 3154 4682 3222 4739; x_wconf 92' lang='lat' dir='ltr'><strong>ad</strong></span> <span class='ocrx_word' id='word_1_771' title='bbox 3249 4685 3609 4750; x_wconf 87' lang='lat' dir='ltr'><strong>confessores.</strong></span> 
     </span>
    </p>
   </div>
   <div class='ocr_carea' id='block_1_110' title="bbox 2018 4764 3610 4839">
    <p class='ocr_par' dir='ltr' id='par_1_110' title="bbox 2018 4764 3610 4839">
     <span class='ocr_line' id='line_1_110' title="bbox 2018 4764 3610 4839; baseline 0.012 -19"><span class='ocrx_word' id='word_1_772' title='bbox 2018 4764 2239 4821; x_wconf 82' lang='lat' dir='ltr'><strong>Miriﬁce</strong></span> <span class='ocrx_word' id='word_1_773' title='bbox 2267 4773 2445 4821; x_wconf 89' lang='lat' dir='ltr'><strong>autem</strong></span> <span class='ocrx_word' id='word_1_774' title='bbox 2471 4765 2646 4821; x_wconf 90' lang='lat' dir='ltr'><strong>elucet</strong></span> <span class='ocrx_word' id='word_1_775' title='bbox 2672 4765 2922 4838; x_wconf 83' lang='lat' dir='ltr'><strong>Cypriani</strong></span> <span class='ocrx_word' id='word_1_776' title='bbox 2966 4771 3201 4829; x_wconf 90' lang='lat' dir='ltr'><strong>charitas</strong></span> <span class='ocrx_word' id='word_1_777' title='bbox 3235 4785 3290 4833; x_wconf 91' lang='lat' dir='ltr'><strong>et</strong></span> <span class='ocrx_word' id='word_1_778' title='bbox 3314 4780 3475 4836; x_wconf 89' lang='lat' dir='ltr'><strong>animi</strong></span> <span class='ocrx_word' id='word_1_779' title='bbox 3501 4799 3610 4839; x_wconf 89' lang='lat' dir='ltr'><strong>mo-</strong></span> 
     </span>
    </p>
   </div>
   <div class='ocr_carea' id='block_1_111' title="bbox 2019 4856 3605 4932">
    <p class='ocr_par' dir='ltr' id='par_1_111' title="bbox 2019 4856 3605 4932">
     <span class='ocr_line' id='line_1_111' title="bbox 2019 4856 3605 4932; baseline 0.011 -18"><span class='ocrx_word' id='word_1_780' title='bbox 2019 4858 2229 4915; x_wconf 89' lang='lat' dir='ltr'><strong>deratio</strong></span> <span class='ocrx_word' id='word_1_781' title='bbox 2270 4858 2326 4914; x_wconf 89' lang='lat' dir='ltr'><strong>in</strong></span> <span class='ocrx_word' id='word_1_782' title='bbox 2372 4859 2441 4913; x_wconf 85' lang='lat' dir='ltr'><strong>ad</strong></span> <span class='ocrx_word' id='word_1_783' title='bbox 2492 4856 2752 4914; x_wconf 82' lang='lat' dir='ltr'><strong>Romanos</strong></span> <span class='ocrx_word' id='word_1_784' title='bbox 2796 4860 3035 4931; x_wconf 89' lang='lat' dir='ltr'><strong>Epistola</strong></span> <span class='ocrx_word' id='word_1_785' title='bbox 3083 4881 3156 4921; x_wconf 80' lang='lat' dir='ltr'><strong>xv</strong></span> <span class='ocrx_word' id='word_1_786' title='bbox 3194 4885 3211 4925; x_wconf 88' lang='lat'><strong>:</strong></span> <span class='ocrx_word' id='word_1_787' title='bbox 3263 4871 3410 4927; x_wconf 88' lang='lat' dir='ltr'><strong>nulla</strong></span> <span class='ocrx_word' id='word_1_788' title='bbox 3461 4878 3605 4932; x_wconf 90' lang='lat' dir='ltr'><strong>enim</strong></span> 
     </span>
    </p>
   </div>
   <div class='ocr_carea' id='block_1_112' title="bbox 2019 4950 3609 5033">
    <p class='ocr_par' dir='ltr' id='par_1_112' title="bbox 2019 4950 3609 5033">
     <span class='ocr_line' id='line_1_112' title="bbox 2019 4950 3609 5033; baseline 0.01 -25"><span class='ocrx_word' id='word_1_789' title='bbox 2019 4952 2161 5008; x_wconf 88' lang='lat' dir='ltr'><strong>inest</strong></span> <span class='ocrx_word' id='word_1_790' title='bbox 2187 4951 2351 5007; x_wconf 90' lang='lat' dir='ltr'><strong>animi</strong></span> <span class='ocrx_word' id='word_1_791' title='bbox 2391 4950 2581 5007; x_wconf 79' lang='lat' dir='ltr'><strong>offensi</strong></span> <span class='ocrx_word' id='word_1_792' title='bbox 2610 4951 2959 5024; x_wconf 83' lang='lat' dir='ltr'><strong>significatio,</strong></span> <span class='ocrx_word' id='word_1_793' title='bbox 2994 4956 3155 5014; x_wconf 79' lang='lat' dir='ltr'><strong>nulla:</strong></span> <span class='ocrx_word' id='word_1_794' title='bbox 3196 4962 3460 5033; x_wconf 64' lang='lat' dir='ltr'><strong>querelae;</strong></span> <span class='ocrx_word' id='word_1_795' title='bbox 3511 4970 3609 5024; x_wconf 84' lang='lat' dir='ltr'><strong>sed</strong></span> 
     </span>
    </p>
   </div>
   <div class='ocr_carea' id='block_1_113' title="bbox 2020 5046 3612 5130">
    <p class='ocr_par' dir='ltr' id='par_1_113' title="bbox 2020 5046 3612 5130">
     <span class='ocr_line' id='line_1_113' title="bbox 2020 5046 3612 5130; baseline 0.008 -26"><span class='ocrx_word' id='word_1_796' title='bbox 2020 5063 2117 5105; x_wconf 89' lang='lat' dir='ltr'><strong>cur</strong></span> <span class='ocrx_word' id='word_1_797' title='bbox 2140 5046 2445 5115; x_wconf 89' lang='lat' dir='ltr'><strong>secesserit,</strong></span> <span class='ocrx_word' id='word_1_798' title='bbox 2462 5046 2591 5119; x_wconf 88' lang='lat' dir='ltr'><strong>quid</strong></span> <span class='ocrx_word' id='word_1_799' title='bbox 2611 5047 2782 5118; x_wconf 85' lang='lat' dir='ltr'><strong>egerit</strong></span> <span class='ocrx_word' id='word_1_800' title='bbox 2797 5047 2850 5103; x_wconf 89' lang='lat' dir='ltr'><strong>in</strong></span> <span class='ocrx_word' id='word_1_801' title='bbox 2866 5062 3106 5116; x_wconf 88' lang='lat' dir='ltr'><strong>secessu,</strong></span> <span class='ocrx_word' id='word_1_802' title='bbox 3119 5052 3350 5112; x_wconf 86' lang='lat' dir='ltr'><strong>breviter</strong></span> <span class='ocrx_word' id='word_1_803' title='bbox 3369 5062 3612 5130; x_wconf 79' lang='lat' dir='ltr'><strong>exponit;</strong></span> 
     </span>
    </p>
   </div>
   <div class='ocr_carea' id='block_1_114' title="bbox 2021 5137 3614 5211">
    <p class='ocr_par' dir='ltr' id='par_1_114' title="bbox 2021 5137 3614 5211">
     <span class='ocr_line' id='line_1_114' title="bbox 2021 5137 3614 5211; baseline 0.008 -15"><span class='ocrx_word' id='word_1_804' title='bbox 2021 5147 2077 5197; x_wconf 89' lang='lat' dir='ltr'><strong>et</strong></span> <span class='ocrx_word' id='word_1_805' title='bbox 2123 5153 2222 5211; x_wconf 90' lang='lat' dir='ltr'><strong>pro</strong></span> <span class='ocrx_word' id='word_1_806' title='bbox 2249 5152 2460 5195; x_wconf 91' lang='lat' dir='ltr'><strong>summo</strong></span> <span class='ocrx_word' id='word_1_807' title='bbox 2482 5152 2583 5194; x_wconf 87' lang='lat' dir='ltr'><strong>suo</strong></span> <span class='ocrx_word' id='word_1_808' title='bbox 2622 5137 2840 5196; x_wconf 86' lang='lat' dir='ltr'><strong>unitatis</strong></span> <span class='ocrx_word' id='word_1_809' title='bbox 2884 5141 3063 5199; x_wconf 88' lang='lat' dir='ltr'><strong>studio</strong></span> <span class='ocrx_word' id='word_1_810' title='bbox 3100 5143 3337 5202; x_wconf 86' lang='lat' dir='ltr'><strong>declarat</strong></span> <span class='ocrx_word' id='word_1_811' title='bbox 3370 5164 3431 5206; x_wconf 89' lang='lat' dir='ltr'><strong>se</strong></span> <span class='ocrx_word' id='word_1_812' title='bbox 3455 5151 3509 5207; x_wconf 93' lang='lat' dir='ltr'><strong>in</strong></span> <span class='ocrx_word' id='word_1_813' title='bbox 3549 5153 3614 5208; x_wconf 69' lang='lat' dir='ltr'><strong>iis</strong></span> 
     </span>
    </p>
   </div>
   <div class='ocr_carea' id='block_1_115' title="bbox 2022 5231 3611 5315">
    <p class='ocr_par' dir='ltr' id='par_1_115' title="bbox 2022 5231 3611 5315">
     <span class='ocr_line' id='line_1_115' title="bbox 2022 5231 3611 5315; baseline 0.011 -28"><span class='ocrx_word' id='word_1_814' title='bbox 2022 5247 2141 5304; x_wconf 74' lang='lat' dir='ltr'><strong>qua:</strong></span> <span class='ocrx_word' id='word_1_815' title='bbox 2167 5231 2331 5303; x_wconf 83' lang='lat' dir='ltr'><strong>lapsis</strong></span> <span class='ocrx_word' id='word_1_816' title='bbox 2360 5231 2751 5315; x_wconf 61' lang='lat' dir='ltr'><strong>penitentibus</strong></span> <span class='ocrx_word' id='word_1_817' title='bbox 2781 5234 3086 5304; x_wconf 90' lang='lat' dir='ltr'><strong>concessit,</strong></span> <span class='ocrx_word' id='word_1_818' title='bbox 3119 5237 3367 5296; x_wconf 90' lang='lat' dir='ltr'><strong>standum</strong></span> <span class='ocrx_word' id='word_1_819' title='bbox 3395 5253 3611 5314; x_wconf 87' lang='lat' dir='ltr'><strong>putasse</strong></span> 
     </span>
    </p>
   </div>
   <div class='ocr_carea' id='block_1_116' title="bbox 2022 5324 3610 5408">
    <p class='ocr_par' dir='ltr' id='par_1_116' title="bbox 2022 5324 3610 5408">
     <span class='ocr_line' id='line_1_116' title="bbox 2022 5324 3610 5408; baseline 0.011 -28"><span class='ocrx_word' id='word_1_820' title='bbox 2022 5333 2079 5380; x_wconf 90' lang='lat' dir='ltr'><strong>et</strong></span> <span class='ocrx_word' id='word_1_821' title='bbox 2127 5339 2250 5381; x_wconf 91' lang='lat' dir='ltr'><strong>cum</strong></span> <span class='ocrx_word' id='word_1_822' title='bbox 2298 5324 2527 5380; x_wconf 87' lang='lat' dir='ltr'><strong>Romani</strong></span> <span class='ocrx_word' id='word_1_823' title='bbox 2581 5324 2724 5382; x_wconf 91' lang='lat' dir='ltr'><strong>Cleri</strong></span> <span class='ocrx_word' id='word_1_824' title='bbox 2770 5327 3072 5394; x_wconf 90' lang='lat' dir='ltr'><strong>sententia,</strong></span> <span class='ocrx_word' id='word_1_825' title='bbox 3106 5345 3176 5387; x_wconf 91' lang='lat' dir='ltr'><strong>ne</strong></span> <span class='ocrx_word' id='word_1_826' title='bbox 3210 5340 3362 5390; x_wconf 90' lang='lat' dir='ltr'><strong>actus</strong></span> <span class='ocrx_word' id='word_1_827' title='bbox 3390 5347 3610 5408; x_wconf 89' lang='lat' dir='ltr'><strong>noster,</strong></span> 
     </span>
    </p>
   </div>
   <div class='ocr_carea' id='block_1_117' title="bbox 2023 5417 3617 5490">
    <p class='ocr_par' dir='ltr' id='par_1_117' title="bbox 2023 5417 3617 5490">
     <span class='ocr_line' id='line_1_117' title="bbox 2023 5417 3617 5490; baseline 0.009 -16"><span class='ocrx_word' id='word_1_828' title='bbox 2023 5417 2215 5489; x_wconf 90' lang='lat' dir='ltr'><strong>inquit,</strong></span> <span class='ocrx_word' id='word_1_829' title='bbox 2250 5435 2271 5470; x_wconf 87' lang='grc' dir='ltr'><strong>ι</strong></span> <span class='ocrx_word' id='word_1_830' title='bbox 2303 5418 2394 5489; x_wconf 90' lang='lat' dir='ltr'><strong>qui</strong></span> <span class='ocrx_word' id='word_1_831' title='bbox 2423 5417 2687 5474; x_wconf 90' lang='lat' dir='ltr'><strong>adunatus</strong></span> <span class='ocrx_word' id='word_1_832' title='bbox 2711 5434 2831 5477; x_wconf 88' lang='lat' dir='ltr'><strong>esse</strong></span> <span class='ocrx_word' id='word_1_833' title='bbox 2854 5430 2904 5477; x_wconf 89' lang='lat' dir='ltr'><strong>et</strong></span> <span class='ocrx_word' id='word_1_834' title='bbox 2927 5424 3233 5480; x_wconf 88' lang='lat' dir='ltr'><strong>consentire</strong></span> <span class='ocrx_word' id='word_1_835' title='bbox 3258 5424 3402 5484; x_wconf 89' lang='lat' dir='ltr'><strong>circa</strong></span> <span class='ocrx_word' id='word_1_836' title='bbox 3437 5433 3617 5490; x_wconf 86' lang='lat' dir='ltr'><strong>omnia</strong></span> 
     </span>
    </p>
   </div>
   <div class='ocr_carea' id='block_1_118' title="bbox 2022 5508 3606 5587">
    <p class='ocr_par' dir='ltr' id='par_1_118' title="bbox 2022 5508 3606 5587">
     <span class='ocr_line' id='line_1_118' title="bbox 2022 5508 3606 5587; baseline 0 -20"><span class='ocrx_word' id='word_1_837' title='bbox 2022 5510 2203 5577; x_wconf 90' lang='lat' dir='ltr'><strong>debet,</strong></span> <span class='ocrx_word' id='word_1_838' title='bbox 2244 5528 2263 5562; x_wconf 80' lang='grc' dir='ltr'><strong>ι</strong></span> <span class='ocrx_word' id='word_1_839' title='bbox 2291 5509 2343 5565; x_wconf 92' lang='lat' dir='ltr'><strong>in</strong></span> <span class='ocrx_word' id='word_1_840' title='bbox 2368 5508 2548 5582; x_wconf 88' lang='lat' dir='ltr'><strong>aliquo</strong></span> <span class='ocrx_word' id='word_1_841' title='bbox 2576 5509 2926 5583; x_wconf 89' lang='lat' dir='ltr'><strong>discreparet.</strong></span> <span class='ocrx_word' id='word_1_842' title='bbox 3364 5549 3372 5557; x_wconf 90' lang='grc'><strong><em>-</em></strong></span> <span class='ocrx_word' id='word_1_843' title='bbox 3598 5578 3606 5587; x_wconf 37' lang='grc'><em>,</em></span> 
     </span>
    </p>
   </div>
   <div class='ocr_carea' id='block_1_119' title="bbox 2094 5602 3622 5677">
    <p class='ocr_par' dir='ltr' id='par_1_119' title="bbox 2094 5602 3622 5677">
     <span class='ocr_line' id='line_1_119' title="bbox 2094 5602 3622 5677; baseline 0.012 -19"><span class='ocrx_word' id='word_1_844' title='bbox 2094 5602 2341 5675; x_wconf 84' lang='lat' dir='ltr'><strong>Quinque</strong></span> <span class='ocrx_word' id='word_1_845' title='bbox 2364 5602 2556 5659; x_wconf 87' lang='lat' dir='ltr'><strong>littera:</strong></span> <span class='ocrx_word' id='word_1_846' title='bbox 2581 5618 2714 5675; x_wconf 90' lang='lat' dir='ltr'><strong>quas</strong></span> <span class='ocrx_word' id='word_1_847' title='bbox 2738 5603 3041 5677; x_wconf 88' lang='lat' dir='ltr'><strong>Cyprianus</strong></span> <span class='ocrx_word' id='word_1_848' title='bbox 3066 5609 3207 5669; x_wconf 90' lang='lat' dir='ltr'><strong>inter</strong></span> <span class='ocrx_word' id='word_1_849' title='bbox 3247 5623 3426 5674; x_wconf 92' lang='lat' dir='ltr'><strong>motus</strong></span> <span class='ocrx_word' id='word_1_850' title='bbox 3467 5632 3497 5674; x_wconf 89' lang='lat' dir='ltr'><strong>a</strong></span> <span class='ocrx_word' id='word_1_851' title='bbox 3544 5619 3622 5676; x_wconf 58' lang='lat' dir='ltr'><strong>lac</strong></span> 
     </span>
    </p>
   </div>
   <div class='ocr_carea' id='block_1_120' title="bbox 2026 5698 3621 5780">
    <p class='ocr_par' dir='ltr' id='par_1_120' title="bbox 2026 5698 3621 5780">
     <span class='ocr_line' id='line_1_120' title="bbox 2026 5698 3621 5780; baseline 0.011 -26"><span class='ocrx_word' id='word_1_852' title='bbox 2026 5699 2138 5771; x_wconf 87' lang='lat' dir='ltr'><strong>psis</strong></span> <span class='ocrx_word' id='word_1_853' title='bbox 2163 5698 2425 5755; x_wconf 82' lang='lat' dir='ltr'><strong>excitatos</strong></span> <span class='ocrx_word' id='word_1_854' title='bbox 2462 5698 2790 5770; x_wconf 88' lang='lat' dir='ltr'><strong>scripserat,</strong></span> <span class='ocrx_word' id='word_1_855' title='bbox 2818 5716 2926 5757; x_wconf 92' lang='lat' dir='ltr'><strong>non</strong></span> <span class='ocrx_word' id='word_1_856' title='bbox 2964 5703 3143 5763; x_wconf 89' lang='lat' dir='ltr'><strong>solum</strong></span> <span class='ocrx_word' id='word_1_857' title='bbox 3181 5706 3440 5769; x_wconf 81' lang='lat' dir='ltr'><strong>Romanis</strong></span> <span class='ocrx_word' id='word_1_858' title='bbox 3462 5753 3477 5780; x_wconf 93' lang='lat'><strong>,</strong></span> <span class='ocrx_word' id='word_1_859' title='bbox 3523 5715 3621 5771; x_wconf 88' lang='lat' dir='ltr'><strong>sed</strong></span> 
     </span>
    </p>
   </div>
   <div class='ocr_carea' id='block_1_121' title="bbox 2027 5792 3629 5886">
    <p class='ocr_par' dir='ltr' id='par_1_121' title="bbox 2027 5792 3629 5886">
     <span class='ocr_line' id='line_1_121' title="bbox 2027 5792 3629 5886; baseline 0.005 -32"><span class='ocrx_word' id='word_1_860' title='bbox 2027 5795 2191 5854; x_wconf 89' lang='lat' dir='ltr'><strong>etiam</strong></span> <span class='ocrx_word' id='word_1_861' title='bbox 2228 5793 2294 5852; x_wconf 93' lang='lat' dir='ltr'><strong>ad</strong></span> <span class='ocrx_word' id='word_1_862' title='bbox 2322 5792 2580 5868; x_wconf 87' lang='lat' dir='ltr'><strong>plurimos</strong></span> <span class='ocrx_word' id='word_1_863' title='bbox 2620 5794 2907 5871; x_wconf 89' lang='lat' dir='ltr'><strong>episcopos</strong></span> <span class='ocrx_word' id='word_1_864' title='bbox 2932 5799 3111 5858; x_wconf 82' lang='lat' dir='ltr'><strong>missa:</strong></span> <span class='ocrx_word' id='word_1_865' title='bbox 3136 5802 3379 5877; x_wconf 81' lang='lat' dir='ltr'><strong>luerunt;</strong></span> <span class='ocrx_word' id='word_1_866' title='bbox 3407 5808 3629 5886; x_wconf 75' lang='lat' dir='ltr'><strong>jamque</strong></span> 
     </span>
    </p>
   </div>
   <div class='ocr_carea' id='block_1_122' title="bbox 3125 5896 3165 5963">
    <p class='ocr_par' dir='ltr' id='par_1_122' title="bbox 3125 5896 3165 5963">
     <span class='ocr_line' id='line_1_122' title="bbox 3125 5896 3165 5963; baseline 0 -11"><span class='ocrx_word' id='word_1_867' title='bbox 3125 5896 3165 5963; x_wconf 80' lang='grc' dir='ltr'><strong>ιι.</strong></span> 
     </span>
    </p>
   </div>
  </div>
