  <div class='ocr_page' id='page_1' title='image "/cluster/home/n/w/nwhite01/storage/ocr_20150623/4/hvd.32044048207708/060.png"; bbox 0 0 4172 6264; ppageno 0'>
   <div class='ocr_carea' id='block_1_1' title="bbox 402 276 506 336">
    <p class='ocr_par' dir='ltr' id='par_1_1' title="bbox 402 276 506 336">
     <span class='ocr_line' id='line_1_1' title="bbox 402 276 506 336; baseline 0 0"><span class='ocrx_word' id='word_1_1' title='bbox 402 276 506 336; x_wconf 72' lang='grc'><strong>109</strong></span> 
     </span>
    </p>
   </div>
   <div class='ocr_carea' id='block_1_2' title="bbox 401 393 1996 468">
    <p class='ocr_par' dir='ltr' id='par_1_2' title="bbox 401 393 1996 468">
     <span class='ocr_line' id='line_1_2' title="bbox 401 393 1996 468; baseline 0.001 -20"><span class='ocrx_word' id='word_1_2' title='bbox 401 401 526 448; x_wconf 88' lang='lat' dir='ltr'><strong>runt</strong></span> <span class='ocrx_word' id='word_1_3' title='bbox 548 405 642 448; x_wconf 87' lang='lat' dir='ltr'><strong>eas</strong></span> <span class='ocrx_word' id='word_1_4' title='bbox 671 393 945 464; x_wconf 68' lang='lat' dir='ltr'><strong>praepositi</strong></span> <span class='ocrx_word' id='word_1_5' title='bbox 977 393 1234 466; x_wconf 71' lang='lat' dir='ltr'><strong>tantisper</strong></span> <span class='ocrx_word' id='word_1_6' title='bbox 1259 393 1338 452; x_wconf 90' lang='lat' dir='ltr'><strong>sic</strong></span> <span class='ocrx_word' id='word_1_7' title='bbox 1365 409 1486 452; x_wconf 82' lang='lat' dir='ltr'><strong>esse</strong></span> <span class='ocrx_word' id='word_1_8' title='bbox 1513 394 1687 452; x_wconf 89' lang='lat' dir='ltr'><strong>donec</strong></span> <span class='ocrx_word' id='word_1_9' title='bbox 1713 397 1996 468; x_wconf 81' lang='lat' dir='ltr'><strong>episcOpus</strong></span> 
     </span>
    </p>
   </div>
   <div class='ocr_carea' id='block_1_3' title="bbox 402 488 2005 561">
    <p class='ocr_par' dir='ltr' id='par_1_3' title="bbox 402 488 2005 561">
     <span class='ocr_line' id='line_1_3' title="bbox 402 488 2005 561; baseline 0.003 -18"><span class='ocrx_word' id='word_1_10' title='bbox 402 488 781 543; x_wconf 94' lang='lat' dir='ltr'><strong>constituatur.</strong></span> <span class='ocrx_word' id='word_1_11' title='bbox 834 509 853 540; x_wconf 86' lang='grc'><strong>›</strong></span> <span class='ocrx_word' id='word_1_12' title='bbox 889 489 1060 560; x_wconf 81' lang='lat' dir='ltr'><strong>Rogat</strong></span> <span class='ocrx_word' id='word_1_13' title='bbox 1101 504 1230 561; x_wconf 86' lang='lat' dir='ltr'><strong>ergo</strong></span> <span class='ocrx_word' id='word_1_14' title='bbox 1276 489 1571 546; x_wconf 89' lang='lat' dir='ltr'><strong>Lucianum</strong></span> <span class='ocrx_word' id='word_1_15' title='bbox 1619 489 1902 547; x_wconf 90' lang='lat' dir='ltr'><strong>Celerinus</strong></span> <span class='ocrx_word' id='word_1_16' title='bbox 1946 503 2005 548; x_wconf 89' lang='lat' dir='ltr'><strong>ut</strong></span> 
     </span>
    </p>
   </div>
   <div class='ocr_carea' id='block_1_4' title="bbox 401 581 2000 656">
    <p class='ocr_par' dir='ltr' id='par_1_4' title="bbox 401 581 2000 656">
     <span class='ocr_line' id='line_1_4' title="bbox 401 581 2000 656; baseline 0.002 -20"><span class='ocrx_word' id='word_1_17' title='bbox 401 582 610 637; x_wconf 64' lang='lat' dir='ltr'><strong>ca&#39;teris</strong></span> <span class='ocrx_word' id='word_1_18' title='bbox 633 581 1036 638; x_wconf 84' lang='lat' dir='ltr'><strong>cenfessoribus</strong></span> <span class='ocrx_word' id='word_1_19' title='bbox 1075 584 1270 640; x_wconf 82' lang='lat' dir='ltr'><strong>referat</strong></span> <span class='ocrx_word' id='word_1_20' title='bbox 1298 584 1444 640; x_wconf 88' lang='lat' dir='ltr'><strong>etab</strong></span> <span class='ocrx_word' id='word_1_21' title='bbox 1473 586 1552 640; x_wconf 88' lang='lat' dir='ltr'><strong>eis</strong></span> <span class='ocrx_word' id='word_1_22' title='bbox 1593 595 1735 656; x_wconf 81' lang='lat' dir='ltr'><strong>petat</strong></span> <span class='ocrx_word' id='word_1_23' title='bbox 1771 604 1790 638; x_wconf 80' lang='grc' dir='ltr'><strong>ι</strong></span> <span class='ocrx_word' id='word_1_24' title='bbox 1829 594 1883 639; x_wconf 86' lang='grc' dir='ltr'><strong>ιιι</strong></span> <span class='ocrx_word' id='word_1_25' title='bbox 1913 586 2000 656; x_wconf 90' lang='lat' dir='ltr'><strong>qui</strong></span> 
     </span>
    </p>
   </div>
   <div class='ocr_carea' id='block_1_5' title="bbox 401 673 1998 748">
    <p class='ocr_par' dir='ltr' id='par_1_5' title="bbox 401 673 1998 748">
     <span class='ocr_line' id='line_1_5' title="bbox 401 673 1998 748; baseline 0.004 -22"><span class='ocrx_word' id='word_1_26' title='bbox 401 673 548 743; x_wconf 79' lang='lat' dir='ltr'><strong>prior</strong></span> <span class='ocrx_word' id='word_1_27' title='bbox 572 683 860 730; x_wconf 85' lang='lat' dir='ltr'><strong>coronatus</strong></span> <span class='ocrx_word' id='word_1_28' title='bbox 907 674 1094 737; x_wconf 84' lang='lat' dir='ltr'><strong>fuerit,</strong></span> <span class='ocrx_word' id='word_1_29' title='bbox 1139 676 1259 731; x_wconf 85' lang='lat' dir='ltr'><strong>istis</strong></span> <span class='ocrx_word' id='word_1_30' title='bbox 1283 677 1557 732; x_wconf 89' lang='lat' dir='ltr'><strong>sororibus</strong></span> <span class='ocrx_word' id='word_1_31' title='bbox 1593 678 1697 732; x_wconf 87' lang='lat' dir='ltr'><strong>tale</strong></span> <span class='ocrx_word' id='word_1_32' title='bbox 1727 690 1998 748; x_wconf 88' lang='lat' dir='ltr'><strong>peccatum</strong></span> 
     </span>
    </p>
   </div>
   <div class='ocr_carea' id='block_1_6' title="bbox 399 764 1999 838">
    <p class='ocr_par' dir='ltr' id='par_1_6' title="bbox 399 764 1999 838">
     <span class='ocr_line' id='line_1_6' title="bbox 399 764 1999 838; baseline 0.005 -19"><span class='ocrx_word' id='word_1_33' title='bbox 399 764 693 819; x_wconf 82' lang='lat' dir='ltr'><strong>remittant.</strong></span> <span class='ocrx_word' id='word_1_34' title='bbox 736 785 755 818; x_wconf 76' lang='grc' dir='ltr'><strong>ι</strong></span> <span class='ocrx_word' id='word_1_35' title='bbox 786 767 962 837; x_wconf 84' lang='lat' dir='ltr'><strong>Atque</strong></span> <span class='ocrx_word' id='word_1_36' title='bbox 989 767 1039 822; x_wconf 97' lang='lat' dir='ltr'><strong>id</strong></span> <span class='ocrx_word' id='word_1_37' title='bbox 1073 771 1205 838; x_wconf 86' lang='lat' dir='ltr'><strong>petit</strong></span> <span class='ocrx_word' id='word_1_38' title='bbox 1243 785 1347 824; x_wconf 92' lang='lat' dir='ltr'><strong>non</strong></span> <span class='ocrx_word' id='word_1_39' title='bbox 1374 784 1474 824; x_wconf 83' lang='lat' dir='ltr'><strong>suo</strong></span> <span class='ocrx_word' id='word_1_40' title='bbox 1515 778 1720 825; x_wconf 80' lang='lat' dir='ltr'><strong>tantum</strong></span> <span class='ocrx_word' id='word_1_41' title='bbox 1751 771 1999 838; x_wconf 86' lang='lat' dir='ltr'><strong>nomine,</strong></span> 
     </span>
    </p>
   </div>
   <div class='ocr_carea' id='block_1_7' title="bbox 397 857 2000 934">
    <p class='ocr_par' dir='ltr' id='par_1_7' title="bbox 397 857 2000 934">
     <span class='ocr_line' id='line_1_7' title="bbox 397 857 2000 934; baseline 0.005 -22"><span class='ocrx_word' id='word_1_42' title='bbox 397 857 491 912; x_wconf 87' lang='lat' dir='ltr'><strong>sed</strong></span> <span class='ocrx_word' id='word_1_43' title='bbox 528 857 690 913; x_wconf 86' lang='lat' dir='ltr'><strong>etiam</strong></span> <span class='ocrx_word' id='word_1_44' title='bbox 730 861 1006 932; x_wconf 79' lang='lat' dir='ltr'><strong>sexaginta</strong></span> <span class='ocrx_word' id='word_1_45' title='bbox 1047 862 1282 932; x_wconf 82' lang='lat' dir='ltr'><strong>quinque</strong></span> <span class='ocrx_word' id='word_1_46' title='bbox 1321 861 1723 930; x_wconf 89' lang='lat' dir='ltr'><strong>confessorum,</strong></span> <span class='ocrx_word' id='word_1_47' title='bbox 1757 863 1822 918; x_wconf 90' lang='lat' dir='ltr'><strong>ad</strong></span> <span class='ocrx_word' id='word_1_48' title='bbox 1867 880 2000 934; x_wconf 90' lang='lat' dir='ltr'><strong>quos</strong></span> 
     </span>
    </p>
   </div>
   <div class='ocr_carea' id='block_1_8' title="bbox 396 949 2003 1027">
    <p class='ocr_par' dir='ltr' id='par_1_8' title="bbox 396 949 2003 1027">
     <span class='ocr_line' id='line_1_8' title="bbox 396 949 2003 1027; baseline 0.004 -22"><span class='ocrx_word' id='word_1_49' title='bbox 396 949 722 1022; x_wconf 76' lang='lat' dir='ltr'><strong>Carthagine</strong></span> <span class='ocrx_word' id='word_1_50' title='bbox 748 951 980 1008; x_wconf 77' lang='lat' dir='ltr'><strong>Romam</strong></span> <span class='ocrx_word' id='word_1_51' title='bbox 1000 954 1281 1010; x_wconf 88' lang='lat' dir='ltr'><strong>venientes</strong></span> <span class='ocrx_word' id='word_1_52' title='bbox 1311 956 1426 1010; x_wconf 71' lang='lat' dir='ltr'><strong>istm</strong></span> <span class='ocrx_word' id='word_1_53' title='bbox 1454 956 1710 1012; x_wconf 83' lang='lat' dir='ltr'><strong>mulieres</strong></span> <span class='ocrx_word' id='word_1_54' title='bbox 1745 975 1764 1008; x_wconf 78' lang='grc' dir='ltr'><strong>ι</strong></span> <span class='ocrx_word' id='word_1_55' title='bbox 1799 957 1852 1012; x_wconf 90' lang='lat' dir='ltr'><strong>in</strong></span> <span class='ocrx_word' id='word_1_56' title='bbox 1879 973 2003 1027; x_wconf 84' lang='lat' dir='ltr'><strong>por-</strong></span> 
     </span>
    </p>
   </div>
   <div class='ocr_carea' id='block_1_9' title="bbox 397 1047 2001 1121">
    <p class='ocr_par' dir='ltr' id='par_1_9' title="bbox 397 1047 2001 1121">
     <span class='ocr_line' id='line_1_9' title="bbox 397 1047 2001 1121; baseline 0.004 -20"><span class='ocrx_word' id='word_1_57' title='bbox 397 1055 508 1101; x_wconf 84' lang='lat' dir='ltr'><strong>tum</strong></span> <span class='ocrx_word' id='word_1_58' title='bbox 551 1047 952 1104; x_wconf 84' lang='lat' dir='ltr'><strong>descenderunt</strong></span> <span class='ocrx_word' id='word_1_59' title='bbox 997 1058 1053 1105; x_wconf 91' lang='lat' dir='ltr'><strong>ct</strong></span> <span class='ocrx_word' id='word_1_60' title='bbox 1093 1049 1142 1104; x_wconf 92' lang='lat' dir='ltr'><strong>in</strong></span> <span class='ocrx_word' id='word_1_61' title='bbox 1193 1049 1378 1106; x_wconf 88' lang='lat' dir='ltr'><strong>urbem</strong></span> <span class='ocrx_word' id='word_1_62' title='bbox 1429 1051 1770 1118; x_wconf 83' lang='lat' dir='ltr'><strong>levaverunt,</strong></span> <span class='ocrx_word' id='word_1_63' title='bbox 1814 1052 2001 1121; x_wconf 87' lang='lat' dir='ltr'><strong>eisque</strong></span> 
     </span>
    </p>
   </div>
   <div class='ocr_carea' id='block_1_10' title="bbox 395 1140 2001 1214">
    <p class='ocr_par' dir='ltr' id='par_1_10' title="bbox 395 1140 2001 1214">
     <span class='ocr_line' id='line_1_10' title="bbox 395 1140 2001 1214; baseline 0.004 -19"><span class='ocrx_word' id='word_1_64' title='bbox 395 1140 846 1196; x_wconf 64' lang='lat' dir='ltr'><strong>ministrat-erunt</strong></span> <span class='ocrx_word' id='word_1_65' title='bbox 887 1150 941 1197; x_wconf 85' lang='lat' dir='ltr'><strong>et</strong></span> <span class='ocrx_word' id='word_1_66' title='bbox 979 1143 1034 1196; x_wconf 86' lang='lat' dir='ltr'><strong>in</strong></span> <span class='ocrx_word' id='word_1_67' title='bbox 1074 1142 1326 1198; x_wconf 87' lang='lat' dir='ltr'><strong>omnibus</strong></span> <span class='ocrx_word' id='word_1_68' title='bbox 1364 1142 1631 1199; x_wconf 73' lang='lat' dir='ltr'><strong>foverunt.</strong></span> <span class='ocrx_word' id='word_1_69' title='bbox 1673 1167 1692 1197; x_wconf 75' lang='grc' dir='ltr'><strong>ι</strong></span> <span class='ocrx_word' id='word_1_70' title='bbox 1740 1143 2001 1214; x_wconf 80' lang='lat' dir='ltr'><strong>Sperabat</strong></span> 
     </span>
    </p>
   </div>
   <div class='ocr_carea' id='block_1_11' title="bbox 393 1231 1994 1307">
    <p class='ocr_par' dir='ltr' id='par_1_11' title="bbox 393 1231 1994 1307">
     <span class='ocr_line' id='line_1_11' title="bbox 393 1231 1994 1307; baseline 0.002 -20"><span class='ocrx_word' id='word_1_71' title='bbox 393 1231 676 1288; x_wconf 85' lang='lat' dir='ltr'><strong>Celerinus</strong></span> <span class='ocrx_word' id='word_1_72' title='bbox 715 1252 732 1284; x_wconf 75' lang='grc' dir='ltr'><strong>ι</strong></span> <span class='ocrx_word' id='word_1_73' title='bbox 767 1234 1062 1290; x_wconf 83' lang='lat' dir='ltr'><strong>secundum</strong></span> <span class='ocrx_word' id='word_1_74' title='bbox 1087 1250 1270 1290; x_wconf 89' lang='lat' dir='ltr'><strong>carum</strong></span> <span class='ocrx_word' id='word_1_75' title='bbox 1301 1236 1669 1306; x_wconf 66' lang='lat' dir='ltr'><strong>paenitentiam</strong></span> <span class='ocrx_word' id='word_1_76' title='bbox 1698 1246 1751 1291; x_wconf 90' lang='lat' dir='ltr'><strong>ct</strong></span> <span class='ocrx_word' id='word_1_77' title='bbox 1776 1251 1937 1307; x_wconf 85' lang='lat' dir='ltr'><strong>opera</strong></span> <span class='ocrx_word' id='word_1_78' title='bbox 1973 1257 1994 1290; x_wconf 79' lang='grc' dir='ltr'><strong>ι</strong></span> 
     </span>
    </p>
   </div>
   <div class='ocr_carea' id='block_1_12' title="bbox 393 1327 1996 1410">
    <p class='ocr_par' dir='ltr' id='par_1_12' title="bbox 393 1327 1996 1410">
     <span class='ocr_line' id='line_1_12' title="bbox 393 1327 1996 1410; baseline 0.005 -30"><span class='ocrx_word' id='word_1_79' title='bbox 393 1342 516 1397; x_wconf 66' lang='lat' dir='ltr'><strong>quae</strong></span> <span class='ocrx_word' id='word_1_80' title='bbox 576 1342 744 1398; x_wconf 81' lang='lat' dir='ltr'><strong>penes</strong></span> <span class='ocrx_word' id='word_1_81' title='bbox 803 1327 1143 1386; x_wconf 79' lang='lat' dir='ltr'><strong>confessores</strong></span> <span class='ocrx_word' id='word_1_82' title='bbox 1191 1329 1460 1399; x_wconf 78' lang='lat' dir='ltr'><strong>fecerant,</strong></span> <span class='ocrx_word' id='word_1_83' title='bbox 1491 1349 1510 1382; x_wconf 81' lang='grc' dir='ltr'><strong>ι</strong></span> <span class='ocrx_word' id='word_1_84' title='bbox 1547 1330 1819 1410; x_wconf 79' lang='lat' dir='ltr'><strong>Christum</strong></span> <span class='ocrx_word' id='word_1_85' title='bbox 1881 1333 1996 1401; x_wconf 91' lang='lat' dir='ltr'><strong>cis,</strong></span> 
     </span>
    </p>
   </div>
   <div class='ocr_carea' id='block_1_13' title="bbox 395 1421 1999 1495">
    <p class='ocr_par' dir='ltr' id='par_1_13' title="bbox 395 1421 1999 1495">
     <span class='ocr_line' id='line_1_13' title="bbox 395 1421 1999 1495; baseline 0.003 -19"><span class='ocrx_word' id='word_1_86' title='bbox 395 1421 729 1492; x_wconf 78' lang='lat' dir='ltr'><strong>martyribus</strong></span> <span class='ocrx_word' id='word_1_87' title='bbox 777 1423 1112 1493; x_wconf 83' lang='lat' dir='ltr'><strong>petentibus,</strong></span> <span class='ocrx_word' id='word_1_88' title='bbox 1167 1423 1517 1479; x_wconf 87' lang='lat' dir='ltr'><strong>indulturum.</strong></span> <span class='ocrx_word' id='word_1_89' title='bbox 1567 1443 1588 1476; x_wconf 77' lang='grc' dir='ltr'><strong>ι</strong></span> <span class='ocrx_word' id='word_1_90' title='bbox 1634 1424 1824 1495; x_wconf 82' lang='lat' dir='ltr'><strong>Liquet</strong></span> <span class='ocrx_word' id='word_1_91' title='bbox 1860 1423 1999 1482; x_wconf 81' lang='lat' dir='ltr'><strong>hanc</strong></span> 
     </span>
    </p>
   </div>
   <div class='ocr_carea' id='block_1_14' title="bbox 392 1513 1999 1587">
    <p class='ocr_par' dir='ltr' id='par_1_14' title="bbox 392 1513 1999 1587">
     <span class='ocr_line' id='line_1_14' title="bbox 392 1513 1999 1587; baseline 0.004 -19"><span class='ocrx_word' id='word_1_92' title='bbox 392 1513 676 1583; x_wconf 79' lang='lat' dir='ltr'><strong>epistulam</strong></span> <span class='ocrx_word' id='word_1_93' title='bbox 719 1513 907 1570; x_wconf 90' lang='lat' dir='ltr'><strong>diebus</strong></span> <span class='ocrx_word' id='word_1_94' title='bbox 942 1513 1278 1585; x_wconf 76' lang='lat' dir='ltr'><strong>paschalibus</strong></span> <span class='ocrx_word' id='word_1_95' title='bbox 1313 1516 1564 1587; x_wconf 80' lang='lat' dir='ltr'><strong>scriptam</strong></span> <span class='ocrx_word' id='word_1_96' title='bbox 1608 1531 1760 1584; x_wconf 89' lang='lat' dir='ltr'><strong>esse,</strong></span> <span class='ocrx_word' id='word_1_97' title='bbox 1799 1532 1866 1573; x_wconf 80' lang='lat' dir='ltr'><strong>ex</strong></span> <span class='ocrx_word' id='word_1_98' title='bbox 1915 1517 1999 1574; x_wconf 92' lang='lat' dir='ltr'><strong>his</strong></span> 
     </span>
    </p>
   </div>
   <div class='ocr_carea' id='block_1_15' title="bbox 394 1605 1994 1681">
    <p class='ocr_par' dir='ltr' id='par_1_15' title="bbox 394 1605 1994 1681">
     <span class='ocr_line' id='line_1_15' title="bbox 394 1605 1994 1681; baseline 0.004 -22"><span class='ocrx_word' id='word_1_99' title='bbox 394 1605 578 1664; x_wconf 78' lang='lat' dir='ltr'><strong>verbis</strong></span> <span class='ocrx_word' id='word_1_100' title='bbox 629 1622 751 1678; x_wconf 75' lang='lat' dir='ltr'><strong>qua:</strong></span> <span class='ocrx_word' id='word_1_101' title='bbox 793 1607 1040 1664; x_wconf 81' lang='lat' dir='ltr'><strong>Baluzius</strong></span> <span class='ocrx_word' id='word_1_102' title='bbox 1083 1624 1148 1664; x_wconf 80' lang='lat' dir='ltr'><strong>ex</strong></span> <span class='ocrx_word' id='word_1_103' title='bbox 1207 1610 1438 1681; x_wconf 85' lang='lat' dir='ltr'><strong>antiquis</strong></span> <span class='ocrx_word' id='word_1_104' title='bbox 1492 1609 1767 1666; x_wconf 84' lang='lat' dir='ltr'><strong>codicibus</strong></span> <span class='ocrx_word' id='word_1_105' title='bbox 1817 1612 1994 1681; x_wconf 90' lang='lat' dir='ltr'><strong>eruit,</strong></span> 
     </span>
    </p>
   </div>
   <div class='ocr_carea' id='block_1_16' title="bbox 396 1697 1996 1760">
    <p class='ocr_par' dir='ltr' id='par_1_16' title="bbox 396 1697 1996 1760">
     <span class='ocr_line' id='line_1_16' title="bbox 396 1697 1996 1760; baseline 0.006 -9"><span class='ocrx_word' id='word_1_106' title='bbox 396 1715 419 1751; x_wconf 82' lang='grc' dir='ltr'><strong>ι</strong></span> <span class='ocrx_word' id='word_1_107' title='bbox 452 1697 508 1754; x_wconf 86' lang='lat' dir='ltr'><strong>lu</strong></span> <span class='ocrx_word' id='word_1_108' title='bbox 538 1699 637 1757; x_wconf 85' lang='lat' dir='ltr'><strong>hac</strong></span> <span class='ocrx_word' id='word_1_109' title='bbox 656 1699 966 1757; x_wconf 72' lang='lat' dir='ltr'><strong>dielaetitite</strong></span> <span class='ocrx_word' id='word_1_110' title='bbox 993 1700 1233 1758; x_wconf 69' lang='lat' dir='ltr'><strong>Paschre.</strong></span> <span class='ocrx_word' id='word_1_111' title='bbox 1271 1723 1291 1756; x_wconf 85' lang='grc'><strong>›</strong></span> <span class='ocrx_word' id='word_1_112' title='bbox 1329 1703 1653 1760; x_wconf 82' lang='lat' dir='ltr'><strong>Existimant</strong></span> <span class='ocrx_word' id='word_1_113' title='bbox 1678 1703 1870 1760; x_wconf 89' lang='lat' dir='ltr'><strong>eruditi</strong></span> <span class='ocrx_word' id='word_1_114' title='bbox 1895 1705 1996 1760; x_wconf 83' lang='lat' dir='ltr'><strong>viri</strong></span> 
     </span>
    </p>
   </div>
   <div class='ocr_carea' id='block_1_17' title="bbox 391 1791 1994 1866">
    <p class='ocr_par' dir='ltr' id='par_1_17' title="bbox 391 1791 1994 1866">
     <span class='ocr_line' id='line_1_17' title="bbox 391 1791 1994 1866; baseline 0.007 -23"><span class='ocrx_word' id='word_1_115' title='bbox 391 1791 696 1849; x_wconf 73' lang='lat' dir='ltr'><strong>Celerinum</strong></span> <span class='ocrx_word' id='word_1_116' title='bbox 735 1794 1015 1866; x_wconf 79' lang='lat' dir='ltr'><strong>scripsisse</strong></span> <span class='ocrx_word' id='word_1_117' title='bbox 1057 1797 1177 1852; x_wconf 85' lang='lat' dir='ltr'><strong>aliis</strong></span> <span class='ocrx_word' id='word_1_118' title='bbox 1229 1797 1391 1854; x_wconf 83' lang='lat' dir='ltr'><strong>etiam</strong></span> <span class='ocrx_word' id='word_1_119' title='bbox 1426 1798 1858 1865; x_wconf 84' lang='lat' dir='ltr'><strong>confessoribus;</strong></span> <span class='ocrx_word' id='word_1_120' title='bbox 1898 1798 1994 1854; x_wconf 88' lang='lat' dir='ltr'><strong>sed</strong></span> 
     </span>
    </p>
   </div>
   <div class='ocr_carea' id='block_1_18' title="bbox 399 1883 1993 1962">
    <p class='ocr_par' dir='ltr' id='par_1_18' title="bbox 399 1883 1993 1962">
     <span class='ocr_line' id='line_1_18' title="bbox 399 1883 1993 1962; baseline 0.004 -22"><span class='ocrx_word' id='word_1_121' title='bbox 399 1883 612 1941; x_wconf 84' lang='lat' dir='ltr'><strong>videtur</strong></span> <span class='ocrx_word' id='word_1_122' title='bbox 645 1886 972 1956; x_wconf 87' lang='lat' dir='ltr'><strong>probabilius</strong></span> <span class='ocrx_word' id='word_1_123' title='bbox 1009 1887 1242 1944; x_wconf 75' lang='lat' dir='ltr'><strong>vetuisse</strong></span> <span class='ocrx_word' id='word_1_124' title='bbox 1267 1904 1390 1945; x_wconf 86' lang='lat' dir='ltr'><strong>eum</strong></span> <span class='ocrx_word' id='word_1_125' title='bbox 1428 1899 1487 1945; x_wconf 91' lang='lat' dir='ltr'><strong>ut</strong></span> <span class='ocrx_word' id='word_1_126' title='bbox 1527 1891 1666 1946; x_wconf 83' lang='lat' dir='ltr'><strong>hanc</strong></span> <span class='ocrx_word' id='word_1_127' title='bbox 1715 1891 1993 1962; x_wconf 85' lang='lat' dir='ltr'><strong>cpi-stolam</strong></span> 
     </span>
    </p>
   </div>
   <div class='ocr_carea' id='block_1_19' title="bbox 396 1978 1994 2055">
    <p class='ocr_par' dir='ltr' id='par_1_19' title="bbox 396 1978 1994 2055">
     <span class='ocr_line' id='line_1_19' title="bbox 396 1978 1994 2055; baseline 0.003 -21"><span class='ocrx_word' id='word_1_128' title='bbox 396 1978 670 2035; x_wconf 77' lang='lat' dir='ltr'><strong>Lucianus</strong></span> <span class='ocrx_word' id='word_1_129' title='bbox 701 1981 822 2035; x_wconf 81' lang='lat' dir='ltr'><strong>aliis</strong></span> <span class='ocrx_word' id='word_1_130' title='bbox 848 1980 1244 2038; x_wconf 80' lang='lat' dir='ltr'><strong>confessoribus</strong></span> <span class='ocrx_word' id='word_1_131' title='bbox 1280 1985 1506 2055; x_wconf 74' lang='lat' dir='ltr'><strong>legeret,</strong></span> <span class='ocrx_word' id='word_1_132' title='bbox 1537 1998 1602 2039; x_wconf 83' lang='lat' dir='ltr'><strong>ac</strong></span> <span class='ocrx_word' id='word_1_133' title='bbox 1618 1983 1718 2039; x_wconf 84' lang='lat' dir='ltr'><strong>sibi</strong></span> <span class='ocrx_word' id='word_1_134' title='bbox 1749 1999 1994 2039; x_wconf 78' lang='lat' dir='ltr'><strong>cemmu~</strong></span> 
     </span>
    </p>
   </div>
   <div class='ocr_carea' id='block_1_20' title="bbox 393 2072 1992 2133">
    <p class='ocr_par' dir='ltr' id='par_1_20' title="bbox 393 2072 1992 2133">
     <span class='ocr_line' id='line_1_20' title="bbox 393 2072 1992 2133; baseline 0.004 -6"><span class='ocrx_word' id='word_1_135' title='bbox 393 2087 521 2127; x_wconf 80' lang='lat' dir='ltr'><strong>nem</strong></span> <span class='ocrx_word' id='word_1_136' title='bbox 540 2087 664 2129; x_wconf 88' lang='lat' dir='ltr'><strong>esse</strong></span> <span class='ocrx_word' id='word_1_137' title='bbox 693 2087 820 2128; x_wconf 89' lang='lat' dir='ltr'><strong>cum</strong></span> <span class='ocrx_word' id='word_1_138' title='bbox 841 2073 946 2128; x_wconf 87' lang='lat' dir='ltr'><strong>illis</strong></span> <span class='ocrx_word' id='word_1_139' title='bbox 970 2072 1318 2131; x_wconf 74' lang='lat' dir='ltr'><strong>existimaret.</strong></span> <span class='ocrx_word' id='word_1_140' title='bbox 1353 2076 1466 2130; x_wconf 82' lang='lat' dir='ltr'><strong>Non</strong></span> <span class='ocrx_word' id='word_1_141' title='bbox 1499 2075 1643 2132; x_wconf 88' lang='lat' dir='ltr'><strong>enim</strong></span> <span class='ocrx_word' id='word_1_142' title='bbox 1672 2076 1819 2132; x_wconf 87' lang='lat' dir='ltr'><strong>aliud</strong></span> <span class='ocrx_word' id='word_1_143' title='bbox 1849 2077 1992 2133; x_wconf 88' lang='lat' dir='ltr'><strong>desi-</strong></span> 
     </span>
    </p>
   </div>
   <div class='ocr_carea' id='block_1_21' title="bbox 391 2166 1992 2246">
    <p class='ocr_par' dir='ltr' id='par_1_21' title="bbox 391 2166 1992 2246">
     <span class='ocr_line' id='line_1_21' title="bbox 391 2166 1992 2246; baseline 0.006 -28"><span class='ocrx_word' id='word_1_144' title='bbox 391 2174 556 2237; x_wconf 80' lang='lat' dir='ltr'><strong>gnant</strong></span> <span class='ocrx_word' id='word_1_145' title='bbox 613 2166 726 2222; x_wconf 76' lang='lat' dir='ltr'><strong>Iunt:</strong></span> <span class='ocrx_word' id='word_1_146' title='bbox 759 2167 996 2223; x_wconf 86' lang='lat' dir='ltr'><strong>Celerini</strong></span> <span class='ocrx_word' id='word_1_147' title='bbox 1035 2169 1193 2226; x_wconf 75' lang='lat' dir='ltr'><strong>verba</strong></span> <span class='ocrx_word' id='word_1_148' title='bbox 1231 2189 1244 2224; x_wconf 90' lang='lat'><strong>:</strong></span> <span class='ocrx_word' id='word_1_149' title='bbox 1284 2187 1304 2222; x_wconf 79' lang='grc' dir='ltr'><strong>ι</strong></span> <span class='ocrx_word' id='word_1_150' title='bbox 1337 2168 1477 2246; x_wconf 42' lang='lat' dir='ltr'><strong>Nam.</strong></span> <span class='ocrx_word' id='word_1_151' title='bbox 1515 2170 1617 2227; x_wconf 87' lang='lat' dir='ltr'><strong>hoc</strong></span> <span class='ocrx_word' id='word_1_152' title='bbox 1659 2172 1796 2227; x_wconf 89' lang='lat' dir='ltr'><strong>scire</strong></span> <span class='ocrx_word' id='word_1_153' title='bbox 1827 2170 1992 2228; x_wconf 85' lang='lat' dir='ltr'><strong>debes</strong></span> 
     </span>
    </p>
   </div>
   <div class='ocr_carea' id='block_1_22' title="bbox 393 2257 1990 2333">
    <p class='ocr_par' dir='ltr' id='par_1_22' title="bbox 393 2257 1990 2333">
     <span class='ocr_line' id='line_1_22' title="bbox 393 2257 1990 2333; baseline 0.004 -22"><span class='ocrx_word' id='word_1_154' title='bbox 393 2272 484 2312; x_wconf 85' lang='lat' dir='ltr'><strong>me</strong></span> <span class='ocrx_word' id='word_1_155' title='bbox 508 2265 562 2312; x_wconf 88' lang='lat' dir='ltr'><strong>et</strong></span> <span class='ocrx_word' id='word_1_156' title='bbox 586 2257 820 2314; x_wconf 87' lang='lat' dir='ltr'><strong>dominis</strong></span> <span class='ocrx_word' id='word_1_157' title='bbox 857 2261 994 2315; x_wconf 87' lang='lat' dir='ltr'><strong>meis</strong></span> <span class='ocrx_word' id='word_1_158' title='bbox 1016 2259 1269 2315; x_wconf 84' lang='lat' dir='ltr'><strong>fratribus</strong></span> <span class='ocrx_word' id='word_1_159' title='bbox 1299 2261 1404 2317; x_wconf 89' lang='lat' dir='ltr'><strong>tuis</strong></span> <span class='ocrx_word' id='word_1_160' title='bbox 1440 2261 1720 2333; x_wconf 80' lang='lat' dir='ltr'><strong>scripsisse</strong></span> <span class='ocrx_word' id='word_1_161' title='bbox 1749 2263 1990 2329; x_wconf 86' lang='lat' dir='ltr'><strong>litteras,</strong></span> 
     </span>
    </p>
   </div>
   <div class='ocr_carea' id='block_1_23' title="bbox 390 2351 1576 2426">
    <p class='ocr_par' dir='ltr' id='par_1_23' title="bbox 390 2351 1576 2426">
     <span class='ocr_line' id='line_1_23' title="bbox 390 2351 1576 2426; baseline 0.004 -23"><span class='ocrx_word' id='word_1_162' title='bbox 390 2365 531 2421; x_wconf 82' lang='lat' dir='ltr'><strong>quas</strong></span> <span class='ocrx_word' id='word_1_163' title='bbox 554 2360 678 2420; x_wconf 90' lang='lat' dir='ltr'><strong>pcto</strong></span> <span class='ocrx_word' id='word_1_164' title='bbox 703 2367 798 2421; x_wconf 91' lang='lat' dir='ltr'><strong>pro</strong></span> <span class='ocrx_word' id='word_1_165' title='bbox 825 2351 928 2406; x_wconf 85' lang='lat' dir='ltr'><strong>illis</strong></span> <span class='ocrx_word' id='word_1_166' title='bbox 957 2352 1034 2408; x_wconf 87' lang='lat' dir='ltr'><strong>sic</strong></span> <span class='ocrx_word' id='word_1_167' title='bbox 1063 2353 1243 2423; x_wconf 78' lang='lat' dir='ltr'><strong>legere</strong></span> <span class='ocrx_word' id='word_1_168' title='bbox 1264 2353 1522 2426; x_wconf 75' lang='lat' dir='ltr'><strong>digneris.</strong></span> <span class='ocrx_word' id='word_1_169' title='bbox 1557 2374 1576 2408; x_wconf 77' lang='grc' dir='ltr'><strong>ι</strong></span> 
     </span>
    </p>
   </div>
   <div class='ocr_carea' id='block_1_24' title="bbox 465 2442 1993 2518">
    <p class='ocr_par' dir='ltr' id='par_1_24' title="bbox 465 2442 1993 2518">
     <span class='ocr_line' id='line_1_24' title="bbox 465 2442 1993 2518; baseline 0.005 -21"><span class='ocrx_word' id='word_1_170' title='bbox 465 2442 693 2498; x_wconf 81' lang='lat' dir='ltr'><strong>Necesse</strong></span> <span class='ocrx_word' id='word_1_171' title='bbox 727 2459 832 2499; x_wconf 90' lang='lat' dir='ltr'><strong>non</strong></span> <span class='ocrx_word' id='word_1_172' title='bbox 871 2455 987 2500; x_wconf 89' lang='lat' dir='ltr'><strong>erat</strong></span> <span class='ocrx_word' id='word_1_173' title='bbox 1014 2444 1305 2500; x_wconf 87' lang='lat' dir='ltr'><strong>Lucianum</strong></span> <span class='ocrx_word' id='word_1_174' title='bbox 1343 2447 1592 2517; x_wconf 79' lang='lat' dir='ltr'><strong>precibus</strong></span> <span class='ocrx_word' id='word_1_175' title='bbox 1618 2446 1868 2518; x_wconf 80' lang='lat' dir='ltr'><strong>fatigare,</strong></span> <span class='ocrx_word' id='word_1_176' title='bbox 1899 2451 1993 2518; x_wconf 90' lang='lat' dir='ltr'><strong>qui-</strong></span> 
     </span>
    </p>
   </div>
   <div class='ocr_carea' id='block_1_25' title="bbox 391 2533 1992 2612">
    <p class='ocr_par' dir='ltr' id='par_1_25' title="bbox 391 2533 1992 2612">
     <span class='ocr_line' id='line_1_25' title="bbox 391 2533 1992 2612; baseline 0.004 -22"><span class='ocrx_word' id='word_1_177' title='bbox 391 2533 594 2591; x_wconf 83' lang='lat' dir='ltr'><strong>nullum</strong></span> <span class='ocrx_word' id='word_1_178' title='bbox 623 2537 679 2591; x_wconf 88' lang='lat' dir='ltr'><strong>in</strong></span> <span class='ocrx_word' id='word_1_179' title='bbox 709 2535 813 2593; x_wconf 89' lang='lat' dir='ltr'><strong>hoc</strong></span> <span class='ocrx_word' id='word_1_180' title='bbox 841 2552 1040 2609; x_wconf 82' lang='lat' dir='ltr'><strong>genere</strong></span> <span class='ocrx_word' id='word_1_181' title='bbox 1067 2539 1282 2594; x_wconf 86' lang='lat' dir='ltr'><strong>modum</strong></span> <span class='ocrx_word' id='word_1_182' title='bbox 1329 2541 1561 2596; x_wconf 85' lang='lat' dir='ltr'><strong>tenebat.</strong></span> <span class='ocrx_word' id='word_1_183' title='bbox 1589 2541 1772 2612; x_wconf 82' lang='lat' dir='ltr'><strong>Itaque</strong></span> <span class='ocrx_word' id='word_1_184' title='bbox 1799 2541 1878 2596; x_wconf 91' lang='lat' dir='ltr'><strong>sic</strong></span> <span class='ocrx_word' id='word_1_185' title='bbox 1906 2557 1992 2597; x_wconf 72' lang='lat' dir='ltr'><strong>re~</strong></span> 
     </span>
    </p>
   </div>
   <div class='ocr_carea' id='block_1_26' title="bbox 388 2628 1987 2702">
    <p class='ocr_par' dir='ltr' id='par_1_26' title="bbox 388 2628 1987 2702">
     <span class='ocr_line' id='line_1_26' title="bbox 388 2628 1987 2702; baseline 0.003 -18"><span class='ocrx_word' id='word_1_186' title='bbox 388 2628 620 2699; x_wconf 75' lang='lat' dir='ltr'><strong>spondet</strong></span> <span class='ocrx_word' id='word_1_187' title='bbox 647 2630 914 2698; x_wconf 88' lang='lat' dir='ltr'><strong>Celerino,</strong></span> <span class='ocrx_word' id='word_1_188' title='bbox 950 2640 1009 2687; x_wconf 84' lang='lat' dir='ltr'><strong>ut</strong></span> <span class='ocrx_word' id='word_1_189' title='bbox 1028 2631 1191 2702; x_wconf 85' lang='lat' dir='ltr'><strong>lapsis</strong></span> <span class='ocrx_word' id='word_1_190' title='bbox 1220 2633 1535 2689; x_wconf 82' lang='lat' dir='ltr'><strong>mulieribus</strong></span> <span class='ocrx_word' id='word_1_191' title='bbox 1573 2635 1704 2689; x_wconf 88' lang='lat' dir='ltr'><strong>nihil</strong></span> <span class='ocrx_word' id='word_1_192' title='bbox 1733 2635 1987 2690; x_wconf 82' lang='lat' dir='ltr'><strong>eximium</strong></span> 
     </span>
    </p>
   </div>
   <div class='ocr_carea' id='block_1_27' title="bbox 384 2718 1990 2795">
    <p class='ocr_par' dir='ltr' id='par_1_27' title="bbox 384 2718 1990 2795">
     <span class='ocr_line' id='line_1_27' title="bbox 384 2718 1990 2795; baseline 0.004 -21"><span class='ocrx_word' id='word_1_193' title='bbox 384 2718 686 2775; x_wconf 84' lang='lat' dir='ltr'><strong>concedere</strong></span> <span class='ocrx_word' id='word_1_194' title='bbox 710 2720 987 2787; x_wconf 85' lang='lat' dir='ltr'><strong>videatur,</strong></span> <span class='ocrx_word' id='word_1_195' title='bbox 1018 2723 1113 2780; x_wconf 88' lang='lat' dir='ltr'><strong>sed</strong></span> <span class='ocrx_word' id='word_1_196' title='bbox 1152 2722 1368 2791; x_wconf 83' lang='lat' dir='ltr'><strong>profuso</strong></span> <span class='ocrx_word' id='word_1_197' title='bbox 1400 2723 1452 2778; x_wconf 90' lang='lat' dir='ltr'><strong>in</strong></span> <span class='ocrx_word' id='word_1_198' title='bbox 1493 2725 1772 2781; x_wconf 87' lang='lat' dir='ltr'><strong>universos</strong></span> <span class='ocrx_word' id='word_1_199' title='bbox 1812 2725 1990 2795; x_wconf 88' lang='lat' dir='ltr'><strong>lapsos</strong></span> 
     </span>
    </p>
   </div>
   <div class='ocr_carea' id='block_1_28' title="bbox 389 2813 1990 2887">
    <p class='ocr_par' dir='ltr' id='par_1_28' title="bbox 389 2813 1990 2887">
     <span class='ocr_line' id='line_1_28' title="bbox 389 2813 1990 2887; baseline 0.004 -17"><span class='ocrx_word' id='word_1_200' title='bbox 389 2813 657 2870; x_wconf 80' lang='lat' dir='ltr'><strong>beneficio</strong></span> <span class='ocrx_word' id='word_1_201' title='bbox 683 2831 778 2871; x_wconf 87' lang='lat' dir='ltr'><strong>eas</strong></span> <span class='ocrx_word' id='word_1_202' title='bbox 801 2817 1280 2887; x_wconf 80' lang='lat' dir='ltr'><strong>comprehendere.</strong></span> <span class='ocrx_word' id='word_1_203' title='bbox 1309 2817 1500 2873; x_wconf 80' lang='lat' dir='ltr'><strong>Narrat</strong></span> <span class='ocrx_word' id='word_1_204' title='bbox 1526 2819 1670 2875; x_wconf 82' lang='lat' dir='ltr'><strong>enim</strong></span> <span class='ocrx_word' id='word_1_205' title='bbox 1710 2818 1990 2876; x_wconf 82' lang='lat' dir='ltr'><strong>universos</strong></span> 
     </span>
    </p>
   </div>
   <div class='ocr_carea' id='block_1_29' title="bbox 383 2908 1993 2979">
    <p class='ocr_par' dir='ltr' id='par_1_29' title="bbox 383 2908 1993 2979">
     <span class='ocr_line' id='line_1_29' title="bbox 383 2908 1993 2979; baseline 0.001 -17"><span class='ocrx_word' id='word_1_206' title='bbox 383 2908 728 2963; x_wconf 85' lang='lat' dir='ltr'><strong>confcssores</strong></span> <span class='ocrx_word' id='word_1_207' title='bbox 761 2927 782 2960; x_wconf 77' lang='grc' dir='ltr'><strong>ι</strong></span> <span class='ocrx_word' id='word_1_208' title='bbox 817 2923 883 2962; x_wconf 80' lang='lat' dir='ltr'><strong>ex</strong></span> <span class='ocrx_word' id='word_1_209' title='bbox 922 2917 1202 2978; x_wconf 82' lang='lat' dir='ltr'><strong>compacto</strong></span> <span class='ocrx_word' id='word_1_210' title='bbox 1241 2909 1506 2965; x_wconf 85' lang='lat' dir='ltr'><strong>universis</strong></span> <span class='ocrx_word' id='word_1_211' title='bbox 1544 2925 1730 2979; x_wconf 84' lang='lat' dir='ltr'><strong>pacem</strong></span> <span class='ocrx_word' id='word_1_212' title='bbox 1768 2929 1788 2962; x_wconf 75' lang='grc' dir='ltr'><strong>ι</strong></span> <span class='ocrx_word' id='word_1_213' title='bbox 1832 2909 1993 2964; x_wconf 77' lang='lat' dir='ltr'><strong>dimi-</strong></span> 
     </span>
    </p>
   </div>
   <div class='ocr_carea' id='block_1_30' title="bbox 383 2999 1992 3072">
    <p class='ocr_par' dir='ltr' id='par_1_30' title="bbox 383 2999 1992 3072">
     <span class='ocr_line' id='line_1_30' title="bbox 383 2999 1992 3072; baseline 0.003 -19"><span class='ocrx_word' id='word_1_214' title='bbox 383 3000 526 3055; x_wconf 84' lang='lat' dir='ltr'><strong>sisse</strong></span> <span class='ocrx_word' id='word_1_215' title='bbox 547 3039 561 3063; x_wconf 92' lang='lat'><strong>,</strong></span> <span class='ocrx_word' id='word_1_216' title='bbox 598 3014 663 3055; x_wconf 89' lang='lat' dir='ltr'><strong>ac</strong></span> <span class='ocrx_word' id='word_1_217' title='bbox 704 2999 928 3055; x_wconf 87' lang='lat' dir='ltr'><strong>Paulum</strong></span> <span class='ocrx_word' id='word_1_218' title='bbox 962 3009 1286 3072; x_wconf 75' lang='lat' dir='ltr'><strong>martyrem,</strong></span> <span class='ocrx_word' id='word_1_219' title='bbox 1314 3001 1442 3056; x_wconf 87' lang='lat' dir='ltr'><strong>dum</strong></span> <span class='ocrx_word' id='word_1_220' title='bbox 1467 3001 1643 3057; x_wconf 85' lang='lat' dir='ltr'><strong>adhuc</strong></span> <span class='ocrx_word' id='word_1_221' title='bbox 1681 3002 1736 3058; x_wconf 88' lang='lat' dir='ltr'><strong>in</strong></span> <span class='ocrx_word' id='word_1_222' title='bbox 1763 3015 1992 3072; x_wconf 87' lang='lat' dir='ltr'><strong>corpore</strong></span> 
     </span>
    </p>
   </div>
   <div class='ocr_carea' id='block_1_31' title="bbox 382 3091 1988 3161">
    <p class='ocr_par' dir='ltr' id='par_1_31' title="bbox 382 3091 1988 3161">
     <span class='ocr_line' id='line_1_31' title="bbox 382 3091 1988 3161; baseline 0.001 -13"><span class='ocrx_word' id='word_1_223' title='bbox 382 3097 554 3157; x_wconf 81' lang='lat' dir='ltr'><strong>esset,</strong></span> <span class='ocrx_word' id='word_1_224' title='bbox 571 3091 672 3147; x_wconf 86' lang='lat' dir='ltr'><strong>sibi</strong></span> <span class='ocrx_word' id='word_1_225' title='bbox 693 3092 924 3150; x_wconf 78' lang='lat' dir='ltr'><strong>dixisse:</strong></span> <span class='ocrx_word' id='word_1_226' title='bbox 949 3113 968 3145; x_wconf 76' lang='grc' dir='ltr'><strong>ι</strong></span> <span class='ocrx_word' id='word_1_227' title='bbox 1005 3093 1260 3161; x_wconf 82' lang='lat' dir='ltr'><strong>Luciane,</strong></span> <span class='ocrx_word' id='word_1_228' title='bbox 1286 3109 1467 3150; x_wconf 81' lang='lat' dir='ltr'><strong>ceram</strong></span> <span class='ocrx_word' id='word_1_229' title='bbox 1488 3091 1703 3150; x_wconf 88' lang='lat' dir='ltr'><strong>Christo</strong></span> <span class='ocrx_word' id='word_1_230' title='bbox 1723 3093 1817 3149; x_wconf 88' lang='lat' dir='ltr'><strong>tibi</strong></span> <span class='ocrx_word' id='word_1_231' title='bbox 1843 3093 1988 3160; x_wconf 89' lang='lat' dir='ltr'><strong>dico,</strong></span> 
     </span>
    </p>
   </div>
   <div class='ocr_carea' id='block_1_32' title="bbox 387 3186 1988 3260">
    <p class='ocr_par' dir='ltr' id='par_1_32' title="bbox 387 3186 1988 3260">
     <span class='ocr_line' id='line_1_32' title="bbox 387 3186 1988 3260; baseline 0.002 -19"><span class='ocrx_word' id='word_1_232' title='bbox 387 3196 448 3241; x_wconf 80' lang='lat' dir='ltr'><strong>ut</strong></span> <span class='ocrx_word' id='word_1_233' title='bbox 475 3186 523 3242; x_wconf 82' lang='lat' dir='ltr'><strong>si</strong></span> <span class='ocrx_word' id='word_1_234' title='bbox 541 3187 664 3256; x_wconf 84' lang='lat' dir='ltr'><strong>quis</strong></span> <span class='ocrx_word' id='word_1_235' title='bbox 678 3195 806 3257; x_wconf 83' lang='lat' dir='ltr'><strong>post</strong></span> <span class='ocrx_word' id='word_1_236' title='bbox 848 3188 1252 3245; x_wconf 86' lang='lat' dir='ltr'><strong>arcessitionem</strong></span> <span class='ocrx_word' id='word_1_237' title='bbox 1281 3203 1456 3244; x_wconf 84' lang='lat' dir='ltr'><strong>meam</strong></span> <span class='ocrx_word' id='word_1_238' title='bbox 1477 3188 1574 3244; x_wconf 87' lang='lat' dir='ltr'><strong>abs</strong></span> <span class='ocrx_word' id='word_1_239' title='bbox 1604 3197 1656 3244; x_wconf 88' lang='lat' dir='ltr'><strong>te</strong></span> <span class='ocrx_word' id='word_1_240' title='bbox 1679 3203 1868 3260; x_wconf 88' lang='lat' dir='ltr'><strong>pacem</strong></span> <span class='ocrx_word' id='word_1_241' title='bbox 1897 3204 1988 3258; x_wconf 90' lang='lat' dir='ltr'><strong>pc-</strong></span> 
     </span>
    </p>
   </div>
   <div class='ocr_carea' id='block_1_33' title="bbox 389 3277 1986 3350">
    <p class='ocr_par' dir='ltr' id='par_1_33' title="bbox 389 3277 1986 3350">
     <span class='ocr_line' id='line_1_33' title="bbox 389 3277 1986 3350; baseline 0.001 -17"><span class='ocrx_word' id='word_1_242' title='bbox 389 3277 558 3347; x_wconf 88' lang='lat' dir='ltr'><strong>tierit,</strong></span> <span class='ocrx_word' id='word_1_243' title='bbox 583 3278 651 3332; x_wconf 87' lang='lat' dir='ltr'><strong>da</strong></span> <span class='ocrx_word' id='word_1_244' title='bbox 676 3280 727 3334; x_wconf 92' lang='lat' dir='ltr'><strong>in</strong></span> <span class='ocrx_word' id='word_1_245' title='bbox 748 3279 967 3335; x_wconf 84' lang='lat' dir='ltr'><strong>nomine</strong></span> <span class='ocrx_word' id='word_1_246' title='bbox 982 3295 1122 3337; x_wconf 90' lang='lat' dir='ltr'><strong>meo.</strong></span> <span class='ocrx_word' id='word_1_247' title='bbox 1162 3299 1182 3334; x_wconf 73' lang='grc' dir='ltr'><strong>ι</strong></span> <span class='ocrx_word' id='word_1_248' title='bbox 1218 3281 1355 3337; x_wconf 84' lang='lat' dir='ltr'><strong>ilinc</strong></span> <span class='ocrx_word' id='word_1_249' title='bbox 1387 3296 1569 3350; x_wconf 86' lang='lat' dir='ltr'><strong>pacem</strong></span> <span class='ocrx_word' id='word_1_250' title='bbox 1609 3295 1715 3335; x_wconf 91' lang='lat' dir='ltr'><strong>non</strong></span> <span class='ocrx_word' id='word_1_251' title='bbox 1757 3281 1822 3336; x_wconf 89' lang='lat' dir='ltr'><strong>iis</strong></span> <span class='ocrx_word' id='word_1_252' title='bbox 1865 3289 1986 3334; x_wconf 58' lang='lat' dir='ltr'><strong>tan.</strong></span> 
     </span>
    </p>
   </div>
   <div class='ocr_carea' id='block_1_34' title="bbox 389 3372 1983 3445">
    <p class='ocr_par' dir='ltr' id='par_1_34' title="bbox 389 3372 1983 3445">
     <span class='ocr_line' id='line_1_34' title="bbox 389 3372 1983 3445; baseline 0.002 -21"><span class='ocrx_word' id='word_1_253' title='bbox 389 3378 504 3425; x_wconf 81' lang='lat' dir='ltr'><strong>tum</strong></span> <span class='ocrx_word' id='word_1_254' title='bbox 555 3372 869 3429; x_wconf 76' lang='lat' dir='ltr'><strong>mulieribus</strong></span> <span class='ocrx_word' id='word_1_255' title='bbox 922 3373 1169 3430; x_wconf 80' lang='lat' dir='ltr'><strong>concedit</strong></span> <span class='ocrx_word' id='word_1_256' title='bbox 1211 3390 1346 3445; x_wconf 84' lang='lat' dir='ltr'><strong>quas</strong></span> <span class='ocrx_word' id='word_1_257' title='bbox 1385 3372 1662 3431; x_wconf 83' lang='lat' dir='ltr'><strong>Cclcriuus</strong></span> <span class='ocrx_word' id='word_1_258' title='bbox 1705 3388 1983 3430; x_wconf 85' lang='lat' dir='ltr'><strong>commen-</strong></span> 
     </span>
    </p>
   </div>
   <div class='ocr_carea' id='block_1_35' title="bbox 385 3462 1980 3538">
    <p class='ocr_par' dir='ltr' id='par_1_35' title="bbox 385 3462 1980 3538">
     <span class='ocr_line' id='line_1_35' title="bbox 385 3462 1980 3538; baseline 0.002 -20"><span class='ocrx_word' id='word_1_259' title='bbox 385 3462 630 3531; x_wconf 76' lang='lat' dir='ltr'><strong>daverat,</strong></span> <span class='ocrx_word' id='word_1_260' title='bbox 664 3481 686 3516; x_wconf 74' lang='grc' dir='ltr'><strong>ι</strong></span> <span class='ocrx_word' id='word_1_261' title='bbox 723 3465 820 3522; x_wconf 85' lang='lat' dir='ltr'><strong>sed</strong></span> <span class='ocrx_word' id='word_1_262' title='bbox 845 3473 901 3520; x_wconf 89' lang='lat' dir='ltr'><strong>et</strong></span> <span class='ocrx_word' id='word_1_263' title='bbox 928 3481 1061 3536; x_wconf 85' lang='lat' dir='ltr'><strong>quas</strong></span> <span class='ocrx_word' id='word_1_264' title='bbox 1088 3466 1228 3522; x_wconf 88' lang='lat' dir='ltr'><strong>scias</strong></span> <span class='ocrx_word' id='word_1_265' title='bbox 1249 3508 1264 3533; x_wconf 95' lang='lat'><strong>,</strong></span> <span class='ocrx_word' id='word_1_266' title='bbox 1297 3467 1499 3538; x_wconf 86' lang='lat' dir='ltr'><strong>inquit,</strong></span> <span class='ocrx_word' id='word_1_267' title='bbox 1525 3466 1592 3522; x_wconf 85' lang='lat' dir='ltr'><strong>ad</strong></span> <span class='ocrx_word' id='word_1_268' title='bbox 1616 3466 1855 3523; x_wconf 87' lang='lat' dir='ltr'><strong>animum</strong></span> <span class='ocrx_word' id='word_1_269' title='bbox 1883 3481 1980 3522; x_wconf 83' lang='lat' dir='ltr'><strong>no-</strong></span> 
     </span>
    </p>
   </div>
   <div class='ocr_carea' id='block_1_36' title="bbox 387 3558 1985 3630">
    <p class='ocr_par' dir='ltr' id='par_1_36' title="bbox 387 3558 1985 3630">
     <span class='ocr_line' id='line_1_36' title="bbox 387 3558 1985 3630; baseline 0.004 -20"><span class='ocrx_word' id='word_1_270' title='bbox 387 3563 560 3610; x_wconf 65' lang='lat' dir='ltr'><strong>atrum</strong></span> <span class='ocrx_word' id='word_1_271' title='bbox 638 3558 956 3626; x_wconf 75' lang='lat' dir='ltr'><strong>pervenire,</strong></span> <span class='ocrx_word' id='word_1_272' title='bbox 992 3577 1014 3612; x_wconf 83' lang='grc'>›</span> <span class='ocrx_word' id='word_1_273' title='bbox 1048 3558 1102 3614; x_wconf 94' lang='lat' dir='ltr'><strong>id</strong></span> <span class='ocrx_word' id='word_1_274' title='bbox 1161 3567 1278 3625; x_wconf 88' lang='lat' dir='ltr'><strong>est,</strong></span> <span class='ocrx_word' id='word_1_275' title='bbox 1341 3574 1564 3630; x_wconf 78' lang='lat' dir='ltr'><strong>quorum</strong></span> <span class='ocrx_word' id='word_1_276' title='bbox 1618 3574 1744 3615; x_wconf 89' lang='lat' dir='ltr'><strong>cura</strong></span> <span class='ocrx_word' id='word_1_277' title='bbox 1809 3559 1985 3629; x_wconf 89' lang='lat' dir='ltr'><strong>aliqua</strong></span> 
     </span>
    </p>
   </div>
   <div class='ocr_carea' id='block_1_37' title="bbox 391 3649 1983 3722">
    <p class='ocr_par' dir='ltr' id='par_1_37' title="bbox 391 3649 1983 3722">
     <span class='ocr_line' id='line_1_37' title="bbox 391 3649 1983 3722; baseline 0.003 -20"><span class='ocrx_word' id='word_1_278' title='bbox 391 3649 676 3718; x_wconf 80' lang='lat' dir='ltr'><strong>tangimur.</strong></span> <span class='ocrx_word' id='word_1_279' title='bbox 705 3649 882 3706; x_wconf 87' lang='lat' dir='ltr'><strong>Simili</strong></span> <span class='ocrx_word' id='word_1_280' title='bbox 911 3651 1077 3707; x_wconf 84' lang='lat' dir='ltr'><strong>utitur</strong></span> <span class='ocrx_word' id='word_1_281' title='bbox 1100 3650 1354 3721; x_wconf 84' lang='lat' dir='ltr'><strong>loquendi</strong></span> <span class='ocrx_word' id='word_1_282' title='bbox 1390 3651 1599 3707; x_wconf 79' lang='lat' dir='ltr'><strong>ratione</strong></span> <span class='ocrx_word' id='word_1_283' title='bbox 1624 3651 1899 3722; x_wconf 78' lang='lat' dir='ltr'><strong>&#39;Trajanus</strong></span> <span class='ocrx_word' id='word_1_284' title='bbox 1931 3651 1983 3706; x_wconf 76' lang='grc' dir='ltr'><strong>ιιι</strong></span> 
     </span>
    </p>
   </div>
   <div class='ocr_carea' id='block_1_38' title="bbox 390 3739 1984 3812">
    <p class='ocr_par' dir='ltr' id='par_1_38' title="bbox 390 3739 1984 3812">
     <span class='ocr_line' id='line_1_38' title="bbox 390 3739 1984 3812; baseline 0.001 -16"><span class='ocrx_word' id='word_1_285' title='bbox 390 3739 563 3812; x_wconf 81' lang='lat' dir='ltr'><strong>Epist.</strong></span> <span class='ocrx_word' id='word_1_286' title='bbox 595 3757 802 3810; x_wconf 75' lang='lat' dir='ltr'><strong>xxvm,</strong></span> <span class='ocrx_word' id='word_1_287' title='bbox 841 3743 909 3798; x_wconf 87' lang='lat' dir='ltr'><strong>ad</strong></span> <span class='ocrx_word' id='word_1_288' title='bbox 955 3743 1187 3800; x_wconf 87' lang='lat' dir='ltr'><strong>Plinium</strong></span> <span class='ocrx_word' id='word_1_289' title='bbox 1231 3763 1246 3799; x_wconf 94' lang='lat'><strong>:</strong></span> <span class='ocrx_word' id='word_1_290' title='bbox 1285 3762 1304 3796; x_wconf 74' lang='grc' dir='ltr'><strong>ι</strong></span> <span class='ocrx_word' id='word_1_291' title='bbox 1365 3743 1602 3800; x_wconf 88' lang='lat' dir='ltr'><strong>Pertinet</strong></span> <span class='ocrx_word' id='word_1_292' title='bbox 1641 3743 1708 3798; x_wconf 86' lang='lat' dir='ltr'><strong>ad</strong></span> <span class='ocrx_word' id='word_1_293' title='bbox 1746 3744 1984 3798; x_wconf 89' lang='lat' dir='ltr'><strong>animum</strong></span> 
     </span>
    </p>
   </div>
   <div class='ocr_carea' id='block_1_39' title="bbox 387 3834 1980 3908">
    <p class='ocr_par' dir='ltr' id='par_1_39' title="bbox 387 3834 1980 3908">
     <span class='ocr_line' id='line_1_39' title="bbox 387 3834 1980 3908; baseline 0.001 -18"><span class='ocrx_word' id='word_1_294' title='bbox 387 3849 591 3900; x_wconf 80' lang='lat' dir='ltr'><strong>meum,</strong></span> <span class='ocrx_word' id='word_1_295' title='bbox 613 3834 808 3906; x_wconf 82' lang='lat' dir='ltr'><strong>inquit,</strong></span> <span class='ocrx_word' id='word_1_296' title='bbox 825 3836 968 3907; x_wconf 82' lang='lat' dir='ltr'><strong>quali</strong></span> <span class='ocrx_word' id='word_1_297' title='bbox 997 3837 1187 3894; x_wconf 87' lang='lat' dir='ltr'><strong>itinere</strong></span> <span class='ocrx_word' id='word_1_298' title='bbox 1211 3837 1266 3892; x_wconf 90' lang='lat' dir='ltr'><strong>in</strong></span> <span class='ocrx_word' id='word_1_299' title='bbox 1289 3838 1614 3908; x_wconf 84' lang='lat' dir='ltr'><strong>provinciam</strong></span> <span class='ocrx_word' id='word_1_300' title='bbox 1630 3839 1930 3908; x_wconf 81' lang='lat' dir='ltr'><strong>pervenias.</strong></span> <span class='ocrx_word' id='word_1_301' title='bbox 1957 3857 1980 3891; x_wconf 71' lang='grc' dir='ltr'><strong>ι</strong></span> 
     </span>
    </p>
   </div>
   <div class='ocr_carea' id='block_1_40' title="bbox 387 3927 1982 4002">
    <p class='ocr_par' dir='ltr' id='par_1_40' title="bbox 387 3927 1982 4002">
     <span class='ocr_line' id='line_1_40' title="bbox 387 3927 1982 4002; baseline 0.001 -18"><span class='ocrx_word' id='word_1_302' title='bbox 387 3927 653 3987; x_wconf 61' lang='lat' dir='ltr'><strong>Saeuiebat</strong></span> <span class='ocrx_word' id='word_1_303' title='bbox 675 3941 854 3986; x_wconf 85' lang='lat' dir='ltr'><strong>autem</strong></span> <span class='ocrx_word' id='word_1_304' title='bbox 878 3946 1056 3998; x_wconf 66' lang='lat' dir='ltr'><strong>nunc,</strong></span> <span class='ocrx_word' id='word_1_305' title='bbox 1105 3941 1164 3986; x_wconf 92' lang='lat' dir='ltr'><strong>ut</strong></span> <span class='ocrx_word' id='word_1_306' title='bbox 1208 3932 1620 3999; x_wconf 76' lang='lat' dir='ltr'><strong>cummaxime,</strong></span> <span class='ocrx_word' id='word_1_307' title='bbox 1656 3931 1982 4002; x_wconf 86' lang='lat' dir='ltr'><strong>persecutio.</strong></span> 
     </span>
    </p>
   </div>
   <div class='ocr_carea' id='block_1_41' title="bbox 386 4008 1986 4079">
    <p class='ocr_par' dir='ltr' id='par_1_41' title="bbox 386 4008 1986 4079">
     <span class='ocr_line' id='line_1_41' title="bbox 386 4008 1986 4079; baseline 0.003 -5"><span class='ocrx_word' id='word_1_308' title='bbox 386 4017 583 4077; x_wconf 79' lang='lat' dir='ltr'><strong>Narrat</strong></span> <span class='ocrx_word' id='word_1_309' title='bbox 606 4008 752 4078; x_wconf 82' lang='lat' dir='ltr'><strong>enim</strong></span> <span class='ocrx_word' id='word_1_310' title='bbox 790 4020 1058 4078; x_wconf 82' lang='lat' dir='ltr'><strong>Lucianus</strong></span> <span class='ocrx_word' id='word_1_311' title='bbox 1085 4037 1146 4078; x_wconf 90' lang='lat' dir='ltr'><strong>se</strong></span> <span class='ocrx_word' id='word_1_312' title='bbox 1169 4037 1292 4079; x_wconf 85' lang='lat' dir='ltr'><strong>cum</strong></span> <span class='ocrx_word' id='word_1_313' title='bbox 1331 4022 1450 4077; x_wconf 89' lang='lat' dir='ltr'><strong>aliis</strong></span> <span class='ocrx_word' id='word_1_314' title='bbox 1482 4021 1878 4078; x_wconf 85' lang='lat' dir='ltr'><strong>eonfcssoribus</strong></span> <span class='ocrx_word' id='word_1_315' title='bbox 1918 4021 1986 4078; x_wconf 89' lang='lat' dir='ltr'><strong>ab</strong></span> 
     </span>
    </p>
   </div>
   <div class='ocr_carea' id='block_1_42' title="bbox 386 4111 1987 4186">
    <p class='ocr_par' dir='ltr' id='par_1_42' title="bbox 386 4111 1987 4186">
     <span class='ocr_line' id='line_1_42' title="bbox 386 4111 1987 4186; baseline -0.001 -18"><span class='ocrx_word' id='word_1_316' title='bbox 386 4120 512 4168; x_wconf 83' lang='lat' dir='ltr'><strong>octo</strong></span> <span class='ocrx_word' id='word_1_317' title='bbox 542 4111 732 4170; x_wconf 83' lang='lat' dir='ltr'><strong>diebus</strong></span> <span class='ocrx_word' id='word_1_318' title='bbox 761 4114 954 4171; x_wconf 86' lang='lat' dir='ltr'><strong>iterato</strong></span> <span class='ocrx_word' id='word_1_319' title='bbox 977 4114 1249 4172; x_wconf 83' lang='lat' dir='ltr'><strong>reclusum</strong></span> <span class='ocrx_word' id='word_1_320' title='bbox 1273 4131 1393 4171; x_wconf 87' lang='lat' dir='ltr'><strong>esse</strong></span> <span class='ocrx_word' id='word_1_321' title='bbox 1411 4155 1428 4182; x_wconf 94' lang='lat'><strong>,</strong></span> <span class='ocrx_word' id='word_1_322' title='bbox 1459 4129 1523 4171; x_wconf 92' lang='lat' dir='ltr'><strong>ac</strong></span> <span class='ocrx_word' id='word_1_323' title='bbox 1543 4130 1764 4185; x_wconf 85' lang='lat' dir='ltr'><strong>sperare</strong></span> <span class='ocrx_word' id='word_1_324' title='bbox 1786 4125 1987 4186; x_wconf 86' lang='lat' dir='ltr'><strong>marty-</strong></span> 
     </span>
    </p>
   </div>
   <div class='ocr_carea' id='block_1_43' title="bbox 385 4206 1983 4276">
    <p class='ocr_par' dir='ltr' id='par_1_43' title="bbox 385 4206 1983 4276">
     <span class='ocr_line' id='line_1_43' title="bbox 385 4206 1983 4276; baseline 0.002 -15"><span class='ocrx_word' id='word_1_325' title='bbox 385 4219 508 4261; x_wconf 79' lang='lat' dir='ltr'><strong>rum</strong></span> <span class='ocrx_word' id='word_1_326' title='bbox 565 4207 655 4276; x_wconf 84' lang='lat' dir='ltr'><strong>qui</strong></span> <span class='ocrx_word' id='word_1_327' title='bbox 684 4206 800 4276; x_wconf 81' lang='lat' dir='ltr'><strong>jam</strong></span> <span class='ocrx_word' id='word_1_328' title='bbox 837 4208 1082 4264; x_wconf 84' lang='lat' dir='ltr'><strong>coronati</strong></span> <span class='ocrx_word' id='word_1_329' title='bbox 1133 4207 1375 4274; x_wconf 87' lang='lat' dir='ltr'><strong>fuerant,</strong></span> <span class='ocrx_word' id='word_1_330' title='bbox 1426 4209 1628 4264; x_wconf 86' lang='lat' dir='ltr'><strong>socium</strong></span> <span class='ocrx_word' id='word_1_331' title='bbox 1671 4209 1819 4265; x_wconf 87' lang='lat' dir='ltr'><strong>brevi</strong></span> <span class='ocrx_word' id='word_1_332' title='bbox 1861 4224 1983 4265; x_wconf 87' lang='lat' dir='ltr'><strong>cum</strong></span> 
     </span>
    </p>
   </div>
   <div class='ocr_carea' id='block_1_44' title="bbox 387 4296 1984 4371">
    <p class='ocr_par' dir='ltr' id='par_1_44' title="bbox 387 4296 1984 4371">
     <span class='ocr_line' id='line_1_44' title="bbox 387 4296 1984 4371; baseline 0.003 -21"><span class='ocrx_word' id='word_1_333' title='bbox 387 4296 509 4371; x_wconf 88' lang='lat' dir='ltr'><strong>aliis</strong></span> <span class='ocrx_word' id='word_1_334' title='bbox 554 4296 810 4352; x_wconf 91' lang='lat' dir='ltr'><strong>futurum.</strong></span> <span class='ocrx_word' id='word_1_335' title='bbox 846 4297 974 4355; x_wconf 68' lang='lat' dir='ltr'><strong>limo</strong></span> <span class='ocrx_word' id='word_1_336' title='bbox 1006 4299 1228 4371; x_wconf 76' lang='lat' dir='ltr'><strong>epistola</strong></span> <span class='ocrx_word' id='word_1_337' title='bbox 1257 4300 1312 4354; x_wconf 86' lang='lat' dir='ltr'><strong>in</strong></span> <span class='ocrx_word' id='word_1_338' title='bbox 1339 4299 1621 4354; x_wconf 77' lang='lat' dir='ltr'><strong>Annalibus</strong></span> <span class='ocrx_word' id='word_1_339' title='bbox 1668 4299 1984 4371; x_wconf 77' lang='lat' dir='ltr'><strong>Cypriauicis</strong></span> 
     </span>
    </p>
   </div>
   <div class='ocr_carea' id='block_1_45' title="bbox 385 4390 1986 4465">
    <p class='ocr_par' dir='ltr' id='par_1_45' title="bbox 385 4390 1986 4465">
     <span class='ocr_line' id='line_1_45' title="bbox 385 4390 1986 4465; baseline 0.002 -19"><span class='ocrx_word' id='word_1_340' title='bbox 385 4390 586 4460; x_wconf 81' lang='lat' dir='ltr'><strong>scripta</strong></span> <span class='ocrx_word' id='word_1_341' title='bbox 613 4391 807 4447; x_wconf 88' lang='lat' dir='ltr'><strong>dicitur</strong></span> <span class='ocrx_word' id='word_1_342' title='bbox 837 4412 856 4444; x_wconf 77' lang='grc' dir='ltr'><strong>ι</strong></span> <span class='ocrx_word' id='word_1_343' title='bbox 885 4393 1338 4465; x_wconf 82' lang='lat' dir='ltr'><strong>mensemaiojam</strong></span> <span class='ocrx_word' id='word_1_344' title='bbox 1353 4393 1562 4462; x_wconf 71' lang='lat' dir='ltr'><strong>affecto,</strong></span> <span class='ocrx_word' id='word_1_345' title='bbox 1597 4415 1616 4448; x_wconf 76' lang='grc' dir='ltr'><strong>ι</strong></span> <span class='ocrx_word' id='word_1_346' title='bbox 1643 4395 1735 4450; x_wconf 90' lang='lat' dir='ltr'><strong>sed</strong></span> <span class='ocrx_word' id='word_1_347' title='bbox 1767 4409 1986 4465; x_wconf 85' lang='lat' dir='ltr'><strong>prorsus</strong></span> 
     </span>
    </p>
   </div>
   <div class='ocr_carea' id='block_1_46' title="bbox 385 4483 1985 4552">
    <p class='ocr_par' dir='ltr' id='par_1_46' title="bbox 385 4483 1985 4552">
     <span class='ocr_line' id='line_1_46' title="bbox 385 4483 1985 4552; baseline 0.002 -13"><span class='ocrx_word' id='word_1_348' title='bbox 385 4483 666 4552; x_wconf 79' lang='lat' dir='ltr'><strong>mendose.</strong></span> <span class='ocrx_word' id='word_1_349' title='bbox 702 4484 836 4540; x_wconf 83' lang='lat' dir='ltr'><strong>Nam</strong></span> <span class='ocrx_word' id='word_1_350' title='bbox 861 4485 915 4540; x_wconf 87' lang='lat' dir='ltr'><strong>in</strong></span> <span class='ocrx_word' id='word_1_351' title='bbox 954 4501 1017 4543; x_wconf 90' lang='lat' dir='ltr'><strong>ea</strong></span> <span class='ocrx_word' id='word_1_352' title='bbox 1061 4487 1330 4543; x_wconf 77' lang='lat' dir='ltr'><strong>Lucianus</strong></span> <span class='ocrx_word' id='word_1_353' title='bbox 1357 4486 1557 4548; x_wconf 84' lang='lat' dir='ltr'><strong>diserte</strong></span> <span class='ocrx_word' id='word_1_354' title='bbox 1589 4487 1829 4545; x_wconf 85' lang='lat' dir='ltr'><strong>declarat</strong></span> <span class='ocrx_word' id='word_1_355' title='bbox 1869 4489 1985 4543; x_wconf 92' lang='lat' dir='ltr'><strong>uni-</strong></span> 
     </span>
    </p>
   </div>
   <div class='ocr_carea' id='block_1_47' title="bbox 385 4575 1982 4651">
    <p class='ocr_par' dir='ltr' id='par_1_47' title="bbox 385 4575 1982 4651">
     <span class='ocr_line' id='line_1_47' title="bbox 385 4575 1982 4651; baseline 0.005 -22"><span class='ocrx_word' id='word_1_356' title='bbox 385 4588 575 4632; x_wconf 83' lang='lat' dir='ltr'><strong>verses</strong></span> <span class='ocrx_word' id='word_1_357' title='bbox 615 4575 958 4634; x_wconf 85' lang='lat' dir='ltr'><strong>confcsseres</strong></span> <span class='ocrx_word' id='word_1_358' title='bbox 999 4578 1270 4635; x_wconf 77' lang='lat' dir='ltr'><strong>universis</strong></span> <span class='ocrx_word' id='word_1_359' title='bbox 1302 4579 1466 4650; x_wconf 85' lang='lat' dir='ltr'><strong>lapsis</strong></span> <span class='ocrx_word' id='word_1_360' title='bbox 1505 4594 1692 4651; x_wconf 87' lang='lat' dir='ltr'><strong>pacem</strong></span> <span class='ocrx_word' id='word_1_361' title='bbox 1733 4579 1982 4647; x_wconf 88' lang='lat' dir='ltr'><strong>dedisse,</strong></span> 
     </span>
    </p>
   </div>
   <div class='ocr_carea' id='block_1_48' title="bbox 385 4667 1982 4745">
    <p class='ocr_par' dir='ltr' id='par_1_48' title="bbox 385 4667 1982 4745">
     <span class='ocr_line' id='line_1_48' title="bbox 385 4667 1982 4745; baseline 0.002 -19"><span class='ocrx_word' id='word_1_362' title='bbox 385 4667 536 4738; x_wconf 79' lang='lat' dir='ltr'><strong>quod</strong></span> <span class='ocrx_word' id='word_1_363' title='bbox 555 4677 738 4726; x_wconf 81' lang='lat' dir='ltr'><strong>tamen</strong></span> <span class='ocrx_word' id='word_1_364' title='bbox 752 4668 959 4726; x_wconf 75' lang='lat' dir='ltr'><strong>facinus</strong></span> <span class='ocrx_word' id='word_1_365' title='bbox 989 4687 1096 4727; x_wconf 88' lang='lat' dir='ltr'><strong>non</strong></span> <span class='ocrx_word' id='word_1_366' title='bbox 1128 4681 1420 4738; x_wconf 76' lang='lat' dir='ltr'><strong>tentarunt,</strong></span> <span class='ocrx_word' id='word_1_367' title='bbox 1449 4672 1552 4730; x_wconf 84' lang='lat' dir='ltr'><strong>nisi</strong></span> <span class='ocrx_word' id='word_1_368' title='bbox 1585 4682 1706 4744; x_wconf 87' lang='lat' dir='ltr'><strong>post</strong></span> <span class='ocrx_word' id='word_1_369' title='bbox 1727 4675 1982 4745; x_wconf 77' lang='lat' dir='ltr'><strong>scriptam</strong></span> 
     </span>
    </p>
   </div>
   <div class='ocr_carea' id='block_1_49' title="bbox 385 4761 2024 4840">
    <p class='ocr_par' dir='ltr' id='par_1_49' title="bbox 385 4761 2024 4840">
     <span class='ocr_line' id='line_1_49' title="bbox 385 4761 2024 4840; baseline 0.004 -22"><span class='ocrx_word' id='word_1_370' title='bbox 385 4761 642 4832; x_wconf 73' lang='lat' dir='ltr'><strong>Cypriani</strong></span> <span class='ocrx_word' id='word_1_371' title='bbox 677 4761 852 4833; x_wconf 86' lang='lat' dir='ltr'><strong>Epist.</strong></span> <span class='ocrx_word' id='word_1_372' title='bbox 886 4781 974 4830; x_wconf 84' lang='lat' dir='ltr'><strong>xv,</strong></span> <span class='ocrx_word' id='word_1_373' title='bbox 1007 4764 1074 4821; x_wconf 89' lang='lat' dir='ltr'><strong>ad</strong></span> <span class='ocrx_word' id='word_1_374' title='bbox 1100 4765 1406 4836; x_wconf 79' lang='lat' dir='ltr'><strong>Roma-nos,</strong></span> <span class='ocrx_word' id='word_1_375' title='bbox 1446 4775 1507 4822; x_wconf 90' lang='lat' dir='ltr'><strong>ut</strong></span> <span class='ocrx_word' id='word_1_376' title='bbox 1541 4766 1658 4838; x_wconf 88' lang='lat' dir='ltr'><strong>ipse</strong></span> <span class='ocrx_word' id='word_1_377' title='bbox 1685 4765 1985 4840; x_wconf 86' lang='lat' dir='ltr'><strong>Cyprianus</strong></span> <span class='ocrx_word' id='word_1_378' title='bbox 2019 4775 2024 4780; x_wconf 73' lang='lat'><strong>‘</strong></span> 
     </span>
    </p>
   </div>
   <div class='ocr_carea' id='block_1_50' title="bbox 389 4855 1078 4924">
    <p class='ocr_par' dir='ltr' id='par_1_50' title="bbox 389 4855 1078 4924">
     <span class='ocr_line' id='line_1_50' title="bbox 389 4855 1078 4924; baseline 0.006 -16"><span class='ocrx_word' id='word_1_379' title='bbox 389 4861 618 4909; x_wconf 79' lang='lat' dir='ltr'><strong>testatur</strong></span> <span class='ocrx_word' id='word_1_380' title='bbox 655 4855 710 4908; x_wconf 89' lang='lat' dir='ltr'><strong>in</strong></span> <span class='ocrx_word' id='word_1_381' title='bbox 730 4855 900 4924; x_wconf 81' lang='lat' dir='ltr'><strong>Epist.</strong></span> <span class='ocrx_word' id='word_1_382' title='bbox 925 4872 1078 4912; x_wconf 74' lang='lat' dir='ltr'><strong>unt.</strong></span> 
     </span>
    </p>
   </div>
   <div class='ocr_carea' id='block_1_51' title="bbox 458 4942 1986 5012">
    <p class='ocr_par' dir='ltr' id='par_1_51' title="bbox 458 4942 1986 5012">
     <span class='ocr_line' id='line_1_51' title="bbox 458 4942 1986 5012; baseline 0.009 -14"><span class='ocrx_word' id='word_1_383' title='bbox 458 4942 521 5000; x_wconf 80' lang='lat' dir='ltr'><strong>In</strong></span> <span class='ocrx_word' id='word_1_384' title='bbox 557 4944 640 5001; x_wconf 88' lang='lat' dir='ltr'><strong>his</strong></span> <span class='ocrx_word' id='word_1_385' title='bbox 671 4943 903 5005; x_wconf 84' lang='lat' dir='ltr'><strong>Celerini</strong></span> <span class='ocrx_word' id='word_1_386' title='bbox 948 4957 1003 5005; x_wconf 88' lang='lat' dir='ltr'><strong>et</strong></span> <span class='ocrx_word' id='word_1_387' title='bbox 1040 4948 1262 5007; x_wconf 84' lang='lat' dir='ltr'><strong>Luciani</strong></span> <span class='ocrx_word' id='word_1_388' title='bbox 1302 4952 1498 5009; x_wconf 84' lang='lat' dir='ltr'><strong>litteris</strong></span> <span class='ocrx_word' id='word_1_389' title='bbox 1534 4965 1986 5012; x_wconf 84' lang='lat' dir='ltr'><strong>commemoratur</strong></span> 
     </span>
    </p>
   </div>
   <div class='ocr_carea' id='block_1_52' title="bbox 388 5032 1986 5114">
    <p class='ocr_par' dir='ltr' id='par_1_52' title="bbox 388 5032 1986 5114">
     <span class='ocr_line' id='line_1_52' title="bbox 388 5032 1986 5114; baseline 0.008 -21"><span class='ocrx_word' id='word_1_390' title='bbox 388 5038 715 5096; x_wconf 77' lang='lat' dir='ltr'><strong>Saturninus</strong></span> <span class='ocrx_word' id='word_1_391' title='bbox 756 5040 1056 5110; x_wconf 74' lang='lat' dir='ltr'><strong>confessor,</strong></span> <span class='ocrx_word' id='word_1_392' title='bbox 1100 5060 1261 5114; x_wconf 77' lang='lat' dir='ltr'><strong>quem</strong></span> <span class='ocrx_word' id='word_1_393' title='bbox 1294 5047 1535 5103; x_wconf 66' lang='lat' dir='ltr'><strong>notitiam</strong></span> <span class='ocrx_word' id='word_1_394' title='bbox 1575 5032 1824 5105; x_wconf 86' lang='lat' dir='ltr'><strong>eumdem</strong></span> <span class='ocrx_word' id='word_1_395' title='bbox 1866 5064 1986 5106; x_wconf 86' lang='lat' dir='ltr'><strong>esse</strong></span> 
     </span>
    </p>
   </div>
   <div class='ocr_carea' id='block_1_53' title="bbox 390 5131 1983 5213">
    <p class='ocr_par' dir='ltr' id='par_1_53' title="bbox 390 5131 1983 5213">
     <span class='ocr_line' id='line_1_53' title="bbox 390 5131 1983 5213; baseline 0.008 -28"><span class='ocrx_word' id='word_1_396' title='bbox 390 5131 580 5188; x_wconf 62' lang='lat' dir='ltr'><strong>velut</strong></span> <span class='ocrx_word' id='word_1_397' title='bbox 605 5133 894 5192; x_wconf 74' lang='lat' dir='ltr'><strong>Saturnino</strong></span> <span class='ocrx_word' id='word_1_398' title='bbox 916 5136 1323 5207; x_wconf 72' lang='lat' dir='ltr'><strong>Carthagine-nsi</strong></span> <span class='ocrx_word' id='word_1_399' title='bbox 1342 5180 1358 5205; x_wconf 95' lang='lat'><strong>,</strong></span> <span class='ocrx_word' id='word_1_400' title='bbox 1387 5155 1544 5211; x_wconf 87' lang='lat' dir='ltr'><strong>quem</strong></span> <span class='ocrx_word' id='word_1_401' title='bbox 1574 5140 1874 5213; x_wconf 80' lang='lat' dir='ltr'><strong>Cyprianus</strong></span> <span class='ocrx_word' id='word_1_402' title='bbox 1902 5151 1983 5198; x_wconf 83' lang='lat' dir='ltr'><strong>tc-</strong></span> 
     </span>
    </p>
   </div>
   <div class='ocr_carea' id='block_1_54' title="bbox 389 5228 1986 5302">
    <p class='ocr_par' dir='ltr' id='par_1_54' title="bbox 389 5228 1986 5302">
     <span class='ocr_line' id='line_1_54' title="bbox 389 5228 1986 5302; baseline 0.007 -20"><span class='ocrx_word' id='word_1_403' title='bbox 389 5236 562 5283; x_wconf 74' lang='lat' dir='ltr'><strong>statur</strong></span> <span class='ocrx_word' id='word_1_404' title='bbox 588 5228 764 5302; x_wconf 78' lang='lat' dir='ltr'><strong>Epist.</strong></span> <span class='ocrx_word' id='word_1_405' title='bbox 794 5245 928 5286; x_wconf 75' lang='lat' dir='ltr'><strong>um</strong></span> <span class='ocrx_word' id='word_1_406' title='bbox 951 5272 967 5298; x_wconf 90' lang='lat'><strong>,</strong></span> <span class='ocrx_word' id='word_1_407' title='bbox 998 5240 1120 5302; x_wconf 88' lang='lat' dir='ltr'><strong>post</strong></span> <span class='ocrx_word' id='word_1_408' title='bbox 1163 5240 1428 5290; x_wconf 84' lang='lat' dir='ltr'><strong>tormenta</strong></span> <span class='ocrx_word' id='word_1_409' title='bbox 1455 5234 1632 5291; x_wconf 86' lang='lat' dir='ltr'><strong>adhuc</strong></span> <span class='ocrx_word' id='word_1_410' title='bbox 1675 5236 1728 5290; x_wconf 88' lang='lat' dir='ltr'><strong>in</strong></span> <span class='ocrx_word' id='word_1_411' title='bbox 1769 5250 1986 5293; x_wconf 84' lang='lat' dir='ltr'><strong>carcere</strong></span> 
     </span>
    </p>
   </div>
   <div class='ocr_carea' id='block_1_55' title="bbox 391 5321 1986 5397">
    <p class='ocr_par' dir='ltr' id='par_1_55' title="bbox 391 5321 1986 5397">
     <span class='ocr_line' id='line_1_55' title="bbox 391 5321 1986 5397; baseline 0.004 -22"><span class='ocrx_word' id='word_1_412' title='bbox 391 5321 624 5388; x_wconf 86' lang='lat' dir='ltr'><strong>positum</strong></span> <span class='ocrx_word' id='word_1_413' title='bbox 649 5321 824 5378; x_wconf 80' lang='lat' dir='ltr'><strong>nullos</strong></span> <span class='ocrx_word' id='word_1_414' title='bbox 862 5322 1075 5378; x_wconf 84' lang='lat' dir='ltr'><strong>libellos</strong></span> <span class='ocrx_word' id='word_1_415' title='bbox 1096 5323 1329 5392; x_wconf 85' lang='lat' dir='ltr'><strong>dedisse,</strong></span> <span class='ocrx_word' id='word_1_416' title='bbox 1361 5325 1554 5397; x_wconf 79' lang='lat' dir='ltr'><strong>cuique</strong></span> <span class='ocrx_word' id='word_1_417' title='bbox 1575 5343 1684 5382; x_wconf 84' lang='lat' dir='ltr'><strong>una</strong></span> <span class='ocrx_word' id='word_1_418' title='bbox 1720 5342 1842 5383; x_wconf 86' lang='lat' dir='ltr'><strong>cum</strong></span> <span class='ocrx_word' id='word_1_419' title='bbox 1872 5329 1986 5382; x_wconf 83' lang='lat' dir='ltr'><strong>Au-</strong></span> 
     </span>
    </p>
   </div>
   <div class='ocr_carea' id='block_1_56' title="bbox 389 5413 1982 5487">
    <p class='ocr_par' dir='ltr' id='par_1_56' title="bbox 389 5413 1982 5487">
     <span class='ocr_line' id='line_1_56' title="bbox 389 5413 1982 5487; baseline 0.006 -19"><span class='ocrx_word' id='word_1_420' title='bbox 389 5413 529 5468; x_wconf 76' lang='lat' dir='ltr'><strong>relio</strong></span> <span class='ocrx_word' id='word_1_421' title='bbox 545 5413 800 5486; x_wconf 72' lang='lat' dir='ltr'><strong>inscripta</strong></span> <span class='ocrx_word' id='word_1_422' title='bbox 815 5424 931 5471; x_wconf 74' lang='lat' dir='ltr'><strong>erat</strong></span> <span class='ocrx_word' id='word_1_423' title='bbox 946 5417 1174 5487; x_wconf 82' lang='lat' dir='ltr'><strong>epistola</strong></span> <span class='ocrx_word' id='word_1_424' title='bbox 1202 5418 1566 5475; x_wconf 68' lang='lat' dir='ltr'><strong>Romanorum</strong></span> <span class='ocrx_word' id='word_1_425' title='bbox 1592 5420 1982 5476; x_wconf 75' lang='lat' dir='ltr'><strong>confessorem.</strong></span> 
     </span>
    </p>
   </div>
   <div class='ocr_carea' id='block_1_57' title="bbox 391 5505 1984 5582">
    <p class='ocr_par' dir='ltr' id='par_1_57' title="bbox 391 5505 1984 5582">
     <span class='ocr_line' id='line_1_57' title="bbox 391 5505 1984 5582; baseline 0.008 -23"><span class='ocrx_word' id='word_1_426' title='bbox 391 5505 462 5560; x_wconf 78' lang='lat' dir='ltr'><strong>At</strong></span> <span class='ocrx_word' id='word_1_427' title='bbox 490 5506 734 5576; x_wconf 73' lang='lat' dir='ltr'><strong>proiecto</strong></span> <span class='ocrx_word' id='word_1_428' title='bbox 765 5508 873 5564; x_wconf 84' lang='lat' dir='ltr'><strong>duo</strong></span> <span class='ocrx_word' id='word_1_429' title='bbox 906 5509 1270 5582; x_wconf 66' lang='lat' dir='ltr'><strong>distiugmndi</strong></span> <span class='ocrx_word' id='word_1_430' title='bbox 1292 5522 1417 5568; x_wconf 63' lang='lat' dir='ltr'><strong>sunt</strong></span> <span class='ocrx_word' id='word_1_431' title='bbox 1455 5512 1760 5580; x_wconf 81' lang='lat' dir='ltr'><strong>Saturnini,</strong></span> <span class='ocrx_word' id='word_1_432' title='bbox 1783 5515 1984 5571; x_wconf 71' lang='lat' dir='ltr'><strong>Roma-</strong></span> 
     </span>
    </p>
   </div>
   <div class='ocr_carea' id='block_1_58' title="bbox 390 5599 1987 5676">
    <p class='ocr_par' dir='ltr' id='par_1_58' title="bbox 390 5599 1987 5676">
     <span class='ocr_line' id='line_1_58' title="bbox 390 5599 1987 5676; baseline 0.006 -22"><span class='ocrx_word' id='word_1_433' title='bbox 390 5600 566 5656; x_wconf 60' lang='lat' dir='ltr'><strong>ntwc&#39;t</strong></span> <span class='ocrx_word' id='word_1_434' title='bbox 588 5599 1045 5674; x_wconf 70' lang='lat' dir='ltr'><strong>Carthaginiensis.</strong></span> <span class='ocrx_word' id='word_1_435' title='bbox 1077 5603 1213 5659; x_wconf 74' lang='lat' dir='ltr'><strong>Nam</strong></span> <span class='ocrx_word' id='word_1_436' title='bbox 1231 5605 1552 5662; x_wconf 78' lang='lat' dir='ltr'><strong>Saturninus</strong></span> <span class='ocrx_word' id='word_1_437' title='bbox 1585 5607 1740 5676; x_wconf 84' lang='lat' dir='ltr'><strong>cujus</strong></span> <span class='ocrx_word' id='word_1_438' title='bbox 1770 5608 1987 5664; x_wconf 79' lang='lat' dir='ltr'><strong>nomine</strong></span> 
     </span>
    </p>
   </div>
   <div class='ocr_carea' id='block_1_59' title="bbox 390 5691 1985 5773">
    <p class='ocr_par' dir='ltr' id='par_1_59' title="bbox 390 5691 1985 5773">
     <span class='ocr_line' id='line_1_59' title="bbox 390 5691 1985 5773; baseline 0.006 -25"><span class='ocrx_word' id='word_1_439' title='bbox 390 5691 688 5750; x_wconf 62' lang='lat' dir='ltr'><strong>Luciauun</strong></span> <span class='ocrx_word' id='word_1_440' title='bbox 710 5695 991 5753; x_wconf 76' lang='lat' dir='ltr'><strong>Celerius</strong></span> <span class='ocrx_word' id='word_1_441' title='bbox 1016 5697 1234 5766; x_wconf 84' lang='lat' dir='ltr'><strong>salutat,</strong></span> <span class='ocrx_word' id='word_1_442' title='bbox 1255 5699 1368 5771; x_wconf 73' lang='lat' dir='ltr'><strong>jam</strong></span> <span class='ocrx_word' id='word_1_443' title='bbox 1396 5701 1472 5756; x_wconf 78' lang='lat' dir='ltr'><strong>ibi</strong></span> <span class='ocrx_word' id='word_1_444' title='bbox 1497 5701 1552 5756; x_wconf 74' lang='lat' dir='ltr'><strong>iu</strong></span> <span class='ocrx_word' id='word_1_445' title='bbox 1585 5720 1604 5753; x_wconf 80' lang='grc' dir='ltr'><strong>ι</strong></span> <span class='ocrx_word' id='word_1_446' title='bbox 1635 5716 1796 5772; x_wconf 69' lang='lat' dir='ltr'><strong>pecua</strong></span> <span class='ocrx_word' id='word_1_447' title='bbox 1821 5718 1985 5773; x_wconf 71' lang='lat' dir='ltr'><strong>ungu-</strong></span> 
     </span>
    </p>
   </div>
   <div class='ocr_carea' id='block_1_60' title="bbox 389 5783 1984 5860">
    <p class='ocr_par' dir='ltr' id='par_1_60' title="bbox 389 5783 1984 5860">
     <span class='ocr_line' id='line_1_60' title="bbox 389 5783 1984 5860; baseline 0.004 -18"><span class='ocrx_word' id='word_1_448' title='bbox 389 5783 564 5851; x_wconf 74' lang='lat' dir='ltr'><strong>larum</strong></span> <span class='ocrx_word' id='word_1_449' title='bbox 608 5787 820 5847; x_wconf 71' lang='lat' dir='ltr'><strong>fortiter</strong></span> <span class='ocrx_word' id='word_1_450' title='bbox 850 5789 1132 5849; x_wconf 72' lang='lat' dir='ltr'><strong>confessus</strong></span> <span class='ocrx_word' id='word_1_451' title='bbox 1170 5810 1195 5844; x_wconf 72' lang='grc' dir='ltr'><strong>ι</strong></span> <span class='ocrx_word' id='word_1_452' title='bbox 1227 5792 1430 5860; x_wconf 71' lang='lat' dir='ltr'><strong>irrorat;</strong></span> <span class='ocrx_word' id='word_1_453' title='bbox 1461 5791 1516 5850; x_wconf 72' lang='grc' dir='ltr'><strong>ιιι</strong></span> <span class='ocrx_word' id='word_1_454' title='bbox 1538 5802 1716 5851; x_wconf 66' lang='lat' dir='ltr'><strong>autem</strong></span> <span class='ocrx_word' id='word_1_455' title='bbox 1743 5793 1813 5850; x_wconf 84' lang='lat' dir='ltr'><strong>de</strong></span> <span class='ocrx_word' id='word_1_456' title='bbox 1847 5792 1984 5850; x_wconf 83' lang='lat' dir='ltr'><strong>Car-</strong></span> 
     </span>
    </p>
   </div>
   <div class='ocr_carea' id='block_1_61' title="bbox 1607 269 2434 338">
    <p class='ocr_par' dir='ltr' id='par_1_61' title="bbox 1607 269 2434 338">
     <span class='ocr_line' id='line_1_61' title="bbox 1607 269 2434 338; baseline -0.004 -5"><span class='ocrx_word' id='word_1_457' title='bbox 1607 275 1766 338; x_wconf 75' lang='lat' dir='ltr'><strong>\‘lTA</strong></span> <span class='ocrx_word' id='word_1_458' title='bbox 1805 273 2026 336; x_wconf 71' lang='lat' dir='ltr'><strong>SANC&#39;I&#39;</strong></span> <span class='ocrx_word' id='word_1_459' title='bbox 2033 275 2050 333; x_wconf 96' lang='grc' dir='ltr'><strong>ι</strong></span> <span class='ocrx_word' id='word_1_460' title='bbox 2087 269 2434 332; x_wconf 63' lang='lat' dir='ltr'><strong>CYl‘RlANl.</strong></span> 
     </span>
    </p>
   </div>
   <div class='ocr_carea' id='block_1_62' title="bbox 3610 282 3715 340">
    <p class='ocr_par' dir='ltr' id='par_1_62' title="bbox 3610 282 3715 340">
     <span class='ocr_line' id='line_1_62' title="bbox 3610 282 3715 340; baseline 0 0"><span class='ocrx_word' id='word_1_461' title='bbox 3610 282 3715 340; x_wconf 81' lang='lat'><strong>“0</strong></span> 
     </span>
    </p>
   </div>
   <div class='ocr_carea' id='block_1_63' title="bbox 2113 392 3711 470">
    <p class='ocr_par' dir='ltr' id='par_1_63' title="bbox 2113 392 3711 470">
     <span class='ocr_line' id='line_1_63' title="bbox 2113 392 3711 470; baseline 0.006 -22"><span class='ocrx_word' id='word_1_462' title='bbox 2113 393 2412 464; x_wconf 88' lang='lat' dir='ltr'><strong>thaginensi</strong></span> <span class='ocrx_word' id='word_1_463' title='bbox 2445 392 2734 449; x_wconf 85' lang='lat' dir='ltr'><strong>Saturnino</strong></span> <span class='ocrx_word' id='word_1_464' title='bbox 2769 392 2989 468; x_wconf 70' lang='lat' dir='ltr'><strong>intelligi</strong></span> <span class='ocrx_word' id='word_1_465' title='bbox 3035 410 3138 452; x_wconf 87' lang='lat' dir='ltr'><strong>nou</strong></span> <span class='ocrx_word' id='word_1_466' title='bbox 3171 406 3364 470; x_wconf 87' lang='lat' dir='ltr'><strong>potest.</strong></span> <span class='ocrx_word' id='word_1_467' title='bbox 3405 398 3558 467; x_wconf 88' lang='lat' dir='ltr'><strong>Nam,</strong></span> <span class='ocrx_word' id='word_1_468' title='bbox 3587 416 3711 458; x_wconf 89' lang='lat' dir='ltr'><strong>cum</strong></span> 
     </span>
    </p>
   </div>
   <div class='ocr_carea' id='block_1_64' title="bbox 2112 486 3714 562">
    <p class='ocr_par' dir='ltr' id='par_1_64' title="bbox 2112 486 3714 562">
     <span class='ocr_line' id='line_1_64' title="bbox 2112 486 3714 562; baseline 0.006 -22"><span class='ocrx_word' id='word_1_469' title='bbox 2112 486 2227 541; x_wconf 79' lang='lat' dir='ltr'><strong>haec</strong></span> <span class='ocrx_word' id='word_1_470' title='bbox 2251 486 2510 541; x_wconf 83' lang='lat' dir='ltr'><strong>scriberet</strong></span> <span class='ocrx_word' id='word_1_471' title='bbox 2553 487 2832 543; x_wconf 85' lang='lat' dir='ltr'><strong>Celerinus</strong></span> <span class='ocrx_word' id='word_1_472' title='bbox 2869 488 2923 543; x_wconf 92' lang='lat' dir='ltr'><strong>in</strong></span> <span class='ocrx_word' id='word_1_473' title='bbox 2951 489 3038 545; x_wconf 90' lang='lat' dir='ltr'><strong>die</strong></span> <span class='ocrx_word' id='word_1_474' title='bbox 3074 490 3270 547; x_wconf 65' lang='lat' dir='ltr'><strong>laetitia:</strong></span> <span class='ocrx_word' id='word_1_475' title='bbox 3299 492 3545 562; x_wconf 68' lang='lat' dir='ltr'><strong>Paschas,</strong></span> <span class='ocrx_word' id='word_1_476' title='bbox 3577 510 3714 550; x_wconf 90' lang='lat' dir='ltr'><strong>non-</strong></span> 
     </span>
    </p>
   </div>
   <div class='ocr_carea' id='block_1_65' title="bbox 2111 577 3708 652">
    <p class='ocr_par' dir='ltr' id='par_1_65' title="bbox 2111 577 3708 652">
     <span class='ocr_line' id='line_1_65' title="bbox 2111 577 3708 652; baseline 0.007 -19"><span class='ocrx_word' id='word_1_477' title='bbox 2111 579 2237 634; x_wconf 90' lang='lat' dir='ltr'><strong>dum</strong></span> <span class='ocrx_word' id='word_1_478' title='bbox 2267 577 2588 651; x_wconf 81' lang='lat' dir='ltr'><strong>Carthagine</strong></span> <span class='ocrx_word' id='word_1_479' title='bbox 2619 581 2818 638; x_wconf 83' lang='lat' dir='ltr'><strong>inflicta</strong></span> <span class='ocrx_word' id='word_1_480' title='bbox 2849 583 3059 640; x_wconf 79' lang='lat' dir='ltr'><strong>fuerant</strong></span> <span class='ocrx_word' id='word_1_481' title='bbox 3090 594 3373 652; x_wconf 89' lang='lat' dir='ltr'><strong>tormenta,</strong></span> <span class='ocrx_word' id='word_1_482' title='bbox 3403 585 3486 642; x_wconf 88' lang='lat' dir='ltr'><strong>vel</strong></span> <span class='ocrx_word' id='word_1_483' title='bbox 3514 589 3708 644; x_wconf 86' lang='lat' dir='ltr'><strong>saltem</strong></span> 
     </span>
    </p>
   </div>
   <div class='ocr_carea' id='block_1_66' title="bbox 2110 673 3715 752">
    <p class='ocr_par' dir='ltr' id='par_1_66' title="bbox 2110 673 3715 752">
     <span class='ocr_line' id='line_1_66' title="bbox 2110 673 3715 752; baseline 0.006 -26"><span class='ocrx_word' id='word_1_484' title='bbox 2110 673 2348 728; x_wconf 87' lang='lat' dir='ltr'><strong>nondum</strong></span> <span class='ocrx_word' id='word_1_485' title='bbox 2379 674 2536 744; x_wconf 83' lang='lat' dir='ltr'><strong>hujus</strong></span> <span class='ocrx_word' id='word_1_486' title='bbox 2563 676 2640 730; x_wconf 87' lang='lat' dir='ltr'><strong>rei</strong></span> <span class='ocrx_word' id='word_1_487' title='bbox 2672 675 2834 744; x_wconf 81' lang='lat' dir='ltr'><strong>fama,</strong></span> <span class='ocrx_word' id='word_1_488' title='bbox 2867 676 3062 732; x_wconf 89' lang='lat' dir='ltr'><strong>nedum</strong></span> <span class='ocrx_word' id='word_1_489' title='bbox 3098 679 3212 749; x_wconf 88' lang='lat' dir='ltr'><strong>ipse</strong></span> <span class='ocrx_word' id='word_1_490' title='bbox 3238 680 3559 736; x_wconf 85' lang='lat' dir='ltr'><strong>Saturninus</strong></span> <span class='ocrx_word' id='word_1_491' title='bbox 3590 693 3715 752; x_wconf 81' lang='lat' dir='ltr'><strong>post</strong></span> 
     </span>
    </p>
   </div>
   <div class='ocr_carea' id='block_1_67' title="bbox 2111 768 3713 841">
    <p class='ocr_par' dir='ltr' id='par_1_67' title="bbox 2111 768 3713 841">
     <span class='ocr_line' id='line_1_67' title="bbox 2111 768 3713 841; baseline 0.005 -20"><span class='ocrx_word' id='word_1_492' title='bbox 2111 777 2374 822; x_wconf 86' lang='lat' dir='ltr'><strong>tormenta</strong></span> <span class='ocrx_word' id='word_1_493' title='bbox 2401 768 2451 822; x_wconf 91' lang='lat' dir='ltr'><strong>in</strong></span> <span class='ocrx_word' id='word_1_494' title='bbox 2479 783 2757 824; x_wconf 88' lang='lat' dir='ltr'><strong>carcerem</strong></span> <span class='ocrx_word' id='word_1_495' title='bbox 2787 768 3038 826; x_wconf 89' lang='lat' dir='ltr'><strong>reductus</strong></span> <span class='ocrx_word' id='word_1_496' title='bbox 3059 770 3285 824; x_wconf 79' lang='lat' dir='ltr'><strong>Romam</strong></span> <span class='ocrx_word' id='word_1_497' title='bbox 3312 772 3590 840; x_wconf 82' lang='lat' dir='ltr'><strong>pervenire</strong></span> <span class='ocrx_word' id='word_1_498' title='bbox 3616 789 3713 841; x_wconf 91' lang='lat' dir='ltr'><strong>po-</strong></span> 
     </span>
    </p>
   </div>
   <div class='ocr_carea' id='block_1_68' title="bbox 2111 858 3713 934">
    <p class='ocr_par' dir='ltr' id='par_1_68' title="bbox 2111 858 3713 934">
     <span class='ocr_line' id='line_1_68' title="bbox 2111 858 3713 934; baseline 0.006 -23"><span class='ocrx_word' id='word_1_499' title='bbox 2111 867 2305 913; x_wconf 88' lang='lat' dir='ltr'><strong>tuerat.</strong></span> <span class='ocrx_word' id='word_1_500' title='bbox 2335 858 2471 914; x_wconf 86' lang='lat' dir='ltr'><strong>llinc</strong></span> <span class='ocrx_word' id='word_1_501' title='bbox 2507 858 2786 915; x_wconf 83' lang='lat' dir='ltr'><strong>Celerinus</strong></span> <span class='ocrx_word' id='word_1_502' title='bbox 2813 861 3088 931; x_wconf 79' lang='lat' dir='ltr'><strong>ignorabat</strong></span> <span class='ocrx_word' id='word_1_503' title='bbox 3113 879 3179 916; x_wconf 88' lang='lat' dir='ltr'><strong>an</strong></span> <span class='ocrx_word' id='word_1_504' title='bbox 3209 861 3713 934; x_wconf 69' lang='lat' dir='ltr'><strong>Carthaginiensium</strong></span> 
     </span>
    </p>
   </div>
   <div class='ocr_carea' id='block_1_69' title="bbox 2107 950 3713 1022">
    <p class='ocr_par' dir='ltr' id='par_1_69' title="bbox 2107 950 3713 1022">
     <span class='ocr_line' id='line_1_69' title="bbox 2107 950 3713 1022; baseline 0.006 -18"><span class='ocrx_word' id='word_1_505' title='bbox 2107 950 2477 1006; x_wconf 81' lang='lat' dir='ltr'><strong>confessorum</strong></span> <span class='ocrx_word' id='word_1_506' title='bbox 2520 951 2685 1022; x_wconf 87' lang='lat' dir='ltr'><strong>aliqui</strong></span> <span class='ocrx_word' id='word_1_507' title='bbox 2726 951 2837 1022; x_wconf 88' lang='lat' dir='ltr'><strong>jam</strong></span> <span class='ocrx_word' id='word_1_508' title='bbox 2889 953 3028 1021; x_wconf 85' lang='lat' dir='ltr'><strong>passi</strong></span> <span class='ocrx_word' id='word_1_509' title='bbox 3057 962 3149 1008; x_wconf 88' lang='lat' dir='ltr'><strong>aut</strong></span> <span class='ocrx_word' id='word_1_510' title='bbox 3192 955 3432 1009; x_wconf 88' lang='lat' dir='ltr'><strong>coronati</strong></span> <span class='ocrx_word' id='word_1_511' title='bbox 3464 954 3713 1014; x_wconf 85' lang='lat' dir='ltr'><strong>fuissent.</strong></span> 
     </span>
    </p>
   </div>
   <div class='ocr_carea' id='block_1_70' title="bbox 2109 1042 3713 1119">
    <p class='ocr_par' dir='ltr' id='par_1_70' title="bbox 2109 1042 3713 1119">
     <span class='ocr_line' id='line_1_70' title="bbox 2109 1042 3713 1119; baseline 0.007 -22"><span class='ocrx_word' id='word_1_512' title='bbox 2109 1042 2310 1100; x_wconf 88' lang='lat' dir='ltr'><strong>Deinde</strong></span> <span class='ocrx_word' id='word_1_513' title='bbox 2355 1059 2485 1101; x_wconf 91' lang='lat' dir='ltr'><strong>vero</strong></span> <span class='ocrx_word' id='word_1_514' title='bbox 2535 1045 2673 1101; x_wconf 89' lang='lat' dir='ltr'><strong>inter</strong></span> <span class='ocrx_word' id='word_1_515' title='bbox 2721 1047 2995 1102; x_wconf 87' lang='lat' dir='ltr'><strong>molestias</strong></span> <span class='ocrx_word' id='word_1_516' title='bbox 3042 1047 3311 1119; x_wconf 87' lang='lat' dir='ltr'><strong>Cypriane</strong></span> <span class='ocrx_word' id='word_1_517' title='bbox 3374 1049 3638 1106; x_wconf 83' lang='lat' dir='ltr'><strong>exhibitas</strong></span> <span class='ocrx_word' id='word_1_518' title='bbox 3679 1068 3713 1108; x_wconf 75' lang='grc' dir='ltr'><strong>ιι</strong></span> 
     </span>
    </p>
   </div>
   <div class='ocr_carea' id='block_1_71' title="bbox 2107 1132 3713 1206">
    <p class='ocr_par' dir='ltr' id='par_1_71' title="bbox 2107 1132 3713 1206">
     <span class='ocr_line' id='line_1_71' title="bbox 2107 1132 3713 1206; baseline 0.007 -19"><span class='ocrx_word' id='word_1_519' title='bbox 2107 1132 2364 1203; x_wconf 84' lang='lat' dir='ltr'><strong>Luciano,</strong></span> <span class='ocrx_word' id='word_1_520' title='bbox 2395 1147 2819 1206; x_wconf 87' lang='lat' dir='ltr'><strong>supervenerunt</strong></span> <span class='ocrx_word' id='word_1_521' title='bbox 2864 1137 3057 1196; x_wconf 66' lang='lat' dir='ltr'><strong>litterae</strong></span> <span class='ocrx_word' id='word_1_522' title='bbox 3102 1138 3471 1197; x_wconf 83' lang='lat' dir='ltr'><strong>confessorqu</strong></span> <span class='ocrx_word' id='word_1_523' title='bbox 3515 1142 3713 1198; x_wconf 73' lang='lat' dir='ltr'><strong>Roma~</strong></span> 
     </span>
    </p>
   </div>
   <div class='ocr_carea' id='block_1_72' title="bbox 2105 1230 3713 1305">
    <p class='ocr_par' dir='ltr' id='par_1_72' title="bbox 2105 1230 3713 1305">
     <span class='ocr_line' id='line_1_72' title="bbox 2105 1230 3713 1305; baseline 0.007 -22"><span class='ocrx_word' id='word_1_524' title='bbox 2105 1245 2296 1284; x_wconf 88' lang='lat' dir='ltr'><strong>norum</strong></span> <span class='ocrx_word' id='word_1_525' title='bbox 2326 1230 2617 1286; x_wconf 87' lang='lat' dir='ltr'><strong>Saturnino</strong></span> <span class='ocrx_word' id='word_1_526' title='bbox 2651 1240 2706 1287; x_wconf 87' lang='lat' dir='ltr'><strong>et</strong></span> <span class='ocrx_word' id='word_1_527' title='bbox 2734 1231 2952 1288; x_wconf 89' lang='lat' dir='ltr'><strong>Aurelio</strong></span> <span class='ocrx_word' id='word_1_528' title='bbox 2992 1233 3300 1305; x_wconf 62' lang='lat' dir='ltr'><strong>inscriptae:</strong></span> <span class='ocrx_word' id='word_1_529' title='bbox 3332 1234 3595 1294; x_wconf 85' lang='lat' dir='ltr'><strong>Lucianus</strong></span> <span class='ocrx_word' id='word_1_530' title='bbox 3620 1254 3713 1295; x_wconf 88' lang='lat' dir='ltr'><strong>co-</strong></span> 
     </span>
    </p>
   </div>
   <div class='ocr_carea' id='block_1_73' title="bbox 2105 1319 3712 1398">
    <p class='ocr_par' dir='ltr' id='par_1_73' title="bbox 2105 1319 3712 1398">
     <span class='ocr_line' id='line_1_73' title="bbox 2105 1319 3712 1398; baseline 0.008 -24"><span class='ocrx_word' id='word_1_531' title='bbox 2105 1319 2224 1374; x_wconf 89' lang='lat' dir='ltr'><strong>dem</strong></span> <span class='ocrx_word' id='word_1_532' title='bbox 2260 1328 2532 1392; x_wconf 89' lang='lat' dir='ltr'><strong>tcmpore,</strong></span> <span class='ocrx_word' id='word_1_533' title='bbox 2577 1323 2628 1377; x_wconf 89' lang='lat' dir='ltr'><strong>id</strong></span> <span class='ocrx_word' id='word_1_534' title='bbox 2673 1331 2756 1380; x_wconf 89' lang='lat' dir='ltr'><strong>est</strong></span> <span class='ocrx_word' id='word_1_535' title='bbox 2798 1325 2956 1395; x_wconf 87' lang='lat' dir='ltr'><strong>paulo</strong></span> <span class='ocrx_word' id='word_1_536' title='bbox 2987 1335 3108 1396; x_wconf 90' lang='lat' dir='ltr'><strong>post</strong></span> <span class='ocrx_word' id='word_1_537' title='bbox 3136 1327 3414 1398; x_wconf 88' lang='lat' dir='ltr'><strong>epistolam</strong></span> <span class='ocrx_word' id='word_1_538' title='bbox 3443 1328 3712 1387; x_wconf 89' lang='lat' dir='ltr'><strong>decimam</strong></span> 
     </span>
    </p>
   </div>
   <div class='ocr_carea' id='block_1_74' title="bbox 2104 1414 3712 1492">
    <p class='ocr_par' dir='ltr' id='par_1_74' title="bbox 2104 1414 3712 1492">
     <span class='ocr_line' id='line_1_74' title="bbox 2104 1414 3712 1492; baseline 0.006 -24"><span class='ocrx_word' id='word_1_539' title='bbox 2104 1414 2342 1485; x_wconf 87' lang='lat' dir='ltr'><strong>quintam</strong></span> <span class='ocrx_word' id='word_1_540' title='bbox 2383 1416 2670 1487; x_wconf 89' lang='lat' dir='ltr'><strong>Cypriani,</strong></span> <span class='ocrx_word' id='word_1_541' title='bbox 2699 1425 2754 1472; x_wconf 91' lang='lat' dir='ltr'><strong>et</strong></span> <span class='ocrx_word' id='word_1_542' title='bbox 2805 1432 3117 1474; x_wconf 87' lang='lat' dir='ltr'><strong>concessam</strong></span> <span class='ocrx_word' id='word_1_543' title='bbox 3151 1419 3370 1477; x_wconf 87' lang='lat' dir='ltr'><strong>licenter</strong></span> <span class='ocrx_word' id='word_1_544' title='bbox 3399 1421 3564 1492; x_wconf 86' lang='lat' dir='ltr'><strong>lapsis</strong></span> <span class='ocrx_word' id='word_1_545' title='bbox 3593 1423 3712 1479; x_wconf 89' lang='lat' dir='ltr'><strong>uni-</strong></span> 
     </span>
    </p>
   </div>
   <div class='ocr_carea' id='block_1_75' title="bbox 2103 1509 3711 1580">
    <p class='ocr_par' dir='ltr' id='par_1_75' title="bbox 2103 1509 3711 1580">
     <span class='ocr_line' id='line_1_75' title="bbox 2103 1509 3711 1580; baseline 0.008 -20"><span class='ocrx_word' id='word_1_546' title='bbox 2103 1510 2275 1565; x_wconf 88' lang='lat' dir='ltr'><strong>versis</strong></span> <span class='ocrx_word' id='word_1_547' title='bbox 2302 1523 2508 1578; x_wconf 88' lang='lat' dir='ltr'><strong>pacem,</strong></span> <span class='ocrx_word' id='word_1_548' title='bbox 2537 1509 2826 1580; x_wconf 88' lang='lat' dir='ltr'><strong>respondet</strong></span> <span class='ocrx_word' id='word_1_549' title='bbox 2852 1509 3100 1567; x_wconf 88' lang='lat' dir='ltr'><strong>Celeriuo</strong></span> <span class='ocrx_word' id='word_1_550' title='bbox 3119 1522 3173 1568; x_wconf 90' lang='lat' dir='ltr'><strong>ct</strong></span> <span class='ocrx_word' id='word_1_551' title='bbox 3193 1513 3538 1570; x_wconf 89' lang='lat' dir='ltr'><strong>Saturninum</strong></span> <span class='ocrx_word' id='word_1_552' title='bbox 3565 1516 3711 1573; x_wconf 89' lang='lat' dir='ltr'><strong>salu-</strong></span> 
     </span>
    </p>
   </div>
   <div class='ocr_carea' id='block_1_76' title="bbox 2105 1599 3710 1679">
    <p class='ocr_par' dir='ltr' id='par_1_76' title="bbox 2105 1599 3710 1679">
     <span class='ocr_line' id='line_1_76' title="bbox 2105 1599 3710 1679; baseline 0.008 -25"><span class='ocrx_word' id='word_1_553' title='bbox 2105 1609 2199 1654; x_wconf 88' lang='lat' dir='ltr'><strong>tat.</strong></span> <span class='ocrx_word' id='word_1_554' title='bbox 2230 1599 2462 1657; x_wconf 87' lang='lat' dir='ltr'><strong>Necesse</strong></span> <span class='ocrx_word' id='word_1_555' title='bbox 2489 1611 2572 1657; x_wconf 91' lang='lat' dir='ltr'><strong>est</strong></span> <span class='ocrx_word' id='word_1_556' title='bbox 2598 1616 2726 1672; x_wconf 81' lang='lat' dir='ltr'><strong>ergo</strong></span> <span class='ocrx_word' id='word_1_557' title='bbox 2749 1601 2884 1658; x_wconf 89' lang='lat' dir='ltr'><strong>duos</strong></span> <span class='ocrx_word' id='word_1_558' title='bbox 2909 1603 3226 1662; x_wconf 83' lang='lat' dir='ltr'><strong>Saturninos</strong></span> <span class='ocrx_word' id='word_1_559' title='bbox 3250 1606 3602 1679; x_wconf 85' lang='lat' dir='ltr'><strong>distinguere.</strong></span> <span class='ocrx_word' id='word_1_560' title='bbox 3630 1611 3710 1667; x_wconf 86' lang='lat' dir='ltr'><strong>Ac</strong></span> 
     </span>
    </p>
   </div>
   <div class='ocr_carea' id='block_1_77' title="bbox 2102 1692 3710 1769">
    <p class='ocr_par' dir='ltr' id='par_1_77' title="bbox 2102 1692 3710 1769">
     <span class='ocr_line' id='line_1_77' title="bbox 2102 1692 3710 1769; baseline 0.007 -19"><span class='ocrx_word' id='word_1_561' title='bbox 2102 1692 2578 1768; x_wconf 80' lang='lat' dir='ltr'><strong>Carthaginensem</strong></span> <span class='ocrx_word' id='word_1_562' title='bbox 2607 1698 2824 1769; x_wconf 90' lang='lat' dir='ltr'><strong>quidem</strong></span> <span class='ocrx_word' id='word_1_563' title='bbox 2849 1700 2960 1769; x_wconf 89' lang='lat' dir='ltr'><strong>jam</strong></span> <span class='ocrx_word' id='word_1_564' title='bbox 2991 1711 3308 1760; x_wconf 87' lang='lat' dir='ltr'><strong>coronatum</strong></span> <span class='ocrx_word' id='word_1_565' title='bbox 3335 1704 3502 1763; x_wconf 88' lang='lat' dir='ltr'><strong>fuisse</strong></span> <span class='ocrx_word' id='word_1_566' title='bbox 3530 1707 3710 1764; x_wconf 87' lang='lat' dir='ltr'><strong>credi-</strong></span> 
     </span>
    </p>
   </div>
   <div class='ocr_carea' id='block_1_78' title="bbox 2101 1786 3711 1871">
    <p class='ocr_par' dir='ltr' id='par_1_78' title="bbox 2101 1786 3711 1871">
     <span class='ocr_line' id='line_1_78' title="bbox 2101 1786 3711 1871; baseline 0.011 -29"><span class='ocrx_word' id='word_1_567' title='bbox 2101 1786 2296 1854; x_wconf 86' lang='lat' dir='ltr'><strong>derim,</strong></span> <span class='ocrx_word' id='word_1_568' title='bbox 2329 1803 2450 1844; x_wconf 91' lang='lat' dir='ltr'><strong>cum</strong></span> <span class='ocrx_word' id='word_1_569' title='bbox 2484 1790 2677 1846; x_wconf 79' lang='lat' dir='ltr'><strong>litterae</strong></span> <span class='ocrx_word' id='word_1_570' title='bbox 2713 1793 3083 1850; x_wconf 75' lang='lat' dir='ltr'><strong>confessor-um</strong></span> <span class='ocrx_word' id='word_1_571' title='bbox 3122 1795 3487 1856; x_wconf 79' lang='lat' dir='ltr'><strong>Romanorum</strong></span> <span class='ocrx_word' id='word_1_572' title='bbox 3529 1801 3628 1871; x_wconf 89' lang='lat' dir='ltr'><strong>ipsi</strong></span> <span class='ocrx_word' id='word_1_573' title='bbox 3653 1812 3711 1860; x_wconf 91' lang='lat' dir='ltr'><strong>ct</strong></span> 
     </span>
    </p>
   </div>
   <div class='ocr_carea' id='block_1_79' title="bbox 2101 1880 3710 1962">
    <p class='ocr_par' dir='ltr' id='par_1_79' title="bbox 2101 1880 3710 1962">
     <span class='ocr_line' id='line_1_79' title="bbox 2101 1880 3710 1962; baseline 0.009 -28"><span class='ocrx_word' id='word_1_574' title='bbox 2101 1880 2319 1935; x_wconf 83' lang='lat' dir='ltr'><strong>Aurelio</strong></span> <span class='ocrx_word' id='word_1_575' title='bbox 2348 1880 2618 1950; x_wconf 73' lang='lat' dir='ltr'><strong>inscripta.-</strong></span> <span class='ocrx_word' id='word_1_576' title='bbox 2645 1893 2929 1939; x_wconf 86' lang='lat' dir='ltr'><strong>venerunt.</strong></span> <span class='ocrx_word' id='word_1_577' title='bbox 2961 1884 3116 1953; x_wconf 85' lang='lat' dir='ltr'><strong>Quod</strong></span> <span class='ocrx_word' id='word_1_578' title='bbox 3137 1889 3280 1942; x_wconf 89' lang='lat' dir='ltr'><strong>enim</strong></span> <span class='ocrx_word' id='word_1_579' title='bbox 3309 1890 3382 1945; x_wconf 86' lang='lat' dir='ltr'><strong>ait</strong></span> <span class='ocrx_word' id='word_1_580' title='bbox 3408 1890 3710 1962; x_wconf 86' lang='lat' dir='ltr'><strong>Cyprianus</strong></span> 
     </span>
    </p>
   </div>
   <div class='ocr_carea' id='block_1_80' title="bbox 2099 1976 3708 2058">
    <p class='ocr_par' dir='ltr' id='par_1_80' title="bbox 2099 1976 3708 2058">
     <span class='ocr_line' id='line_1_80' title="bbox 2099 1976 3708 2058; baseline 0.011 -33"><span class='ocrx_word' id='word_1_581' title='bbox 2099 1986 2219 2026; x_wconf 89' lang='lat' dir='ltr'><strong>eum</strong></span> <span class='ocrx_word' id='word_1_582' title='bbox 2275 1981 2396 2044; x_wconf 89' lang='lat' dir='ltr'><strong>post</strong></span> <span class='ocrx_word' id='word_1_583' title='bbox 2449 1983 2714 2030; x_wconf 85' lang='lat' dir='ltr'><strong>tormenta</strong></span> <span class='ocrx_word' id='word_1_584' title='bbox 2763 1976 2938 2032; x_wconf 81' lang='lat' dir='ltr'><strong>adhuc</strong></span> <span class='ocrx_word' id='word_1_585' title='bbox 2981 1979 3036 2035; x_wconf 89' lang='lat' dir='ltr'><strong>in</strong></span> <span class='ocrx_word' id='word_1_586' title='bbox 3084 1995 3308 2038; x_wconf 84' lang='lat' dir='ltr'><strong>carcere</strong></span> <span class='ocrx_word' id='word_1_587' title='bbox 3358 1985 3708 2058; x_wconf 83' lang='lat' dir='ltr'><strong>constitutum</strong></span> 
     </span>
    </p>
   </div>
   <div class='ocr_carea' id='block_1_81' title="bbox 2101 2065 3706 2133">
    <p class='ocr_par' dir='ltr' id='par_1_81' title="bbox 2101 2065 3706 2133">
     <span class='ocr_line' id='line_1_81' title="bbox 2101 2065 3706 2133; baseline 0.009 -15"><span class='ocrx_word' id='word_1_588' title='bbox 2101 2065 2278 2120; x_wconf 90' lang='lat' dir='ltr'><strong>nullos</strong></span> <span class='ocrx_word' id='word_1_589' title='bbox 2304 2065 2514 2122; x_wconf 90' lang='lat' dir='ltr'><strong>libellos</strong></span> <span class='ocrx_word' id='word_1_590' title='bbox 2544 2067 2781 2133; x_wconf 86' lang='lat' dir='ltr'><strong>dedisse,</strong></span> <span class='ocrx_word' id='word_1_591' title='bbox 2813 2069 3024 2126; x_wconf 88' lang='lat' dir='ltr'><strong>videtur</strong></span> <span class='ocrx_word' id='word_1_592' title='bbox 3049 2072 3294 2133; x_wconf 84' lang='lat' dir='ltr'><strong>iudicare</strong></span> <span class='ocrx_word' id='word_1_593' title='bbox 3317 2092 3440 2133; x_wconf 89' lang='lat' dir='ltr'><strong>cum</strong></span> <span class='ocrx_word' id='word_1_594' title='bbox 3471 2092 3575 2132; x_wconf 91' lang='lat' dir='ltr'><strong>non</strong></span> <span class='ocrx_word' id='word_1_595' title='bbox 3600 2077 3706 2133; x_wconf 88' lang='lat' dir='ltr'><strong>ali-</strong></span> 
     </span>
    </p>
   </div>
   <div class='ocr_carea' id='block_1_82' title="bbox 2101 2163 3709 2233">
    <p class='ocr_par' dir='ltr' id='par_1_82' title="bbox 2101 2163 3709 2233">
     <span class='ocr_line' id='line_1_82' title="bbox 2101 2163 3709 2233; baseline 0.009 -21"><span class='ocrx_word' id='word_1_596' title='bbox 2101 2165 2180 2213; x_wconf 86' lang='lat' dir='ltr'><strong>ter</strong></span> <span class='ocrx_word' id='word_1_597' title='bbox 2195 2173 2226 2214; x_wconf 92' lang='lat' dir='ltr'><strong>e</strong></span> <span class='ocrx_word' id='word_1_598' title='bbox 2243 2173 2482 2228; x_wconf 86' lang='lat' dir='ltr'><strong>carcere,</strong></span> <span class='ocrx_word' id='word_1_599' title='bbox 2510 2175 2673 2229; x_wconf 85' lang='lat' dir='ltr'><strong>quam</strong></span> <span class='ocrx_word' id='word_1_600' title='bbox 2701 2163 2962 2233; x_wconf 83' lang='lat' dir='ltr'><strong>martyrio</strong></span> <span class='ocrx_word' id='word_1_601' title='bbox 2980 2163 3215 2221; x_wconf 83' lang='lat' dir='ltr'><strong>solutum</strong></span> <span class='ocrx_word' id='word_1_602' title='bbox 3241 2165 3427 2225; x_wconf 82' lang='lat' dir='ltr'><strong>fuisse.</strong></span> <span class='ocrx_word' id='word_1_603' title='bbox 3447 2169 3709 2226; x_wconf 87' lang='lat' dir='ltr'><strong>Similiter</strong></span> 
     </span>
    </p>
   </div>
   <div class='ocr_carea' id='block_1_83' title="bbox 2097 2250 3706 2330">
    <p class='ocr_par' dir='ltr' id='par_1_83' title="bbox 2097 2250 3706 2330">
     <span class='ocr_line' id='line_1_83' title="bbox 2097 2250 3706 2330; baseline 0.01 -26"><span class='ocrx_word' id='word_1_604' title='bbox 2097 2250 2173 2304; x_wconf 90' lang='lat' dir='ltr'><strong>ait</strong></span> <span class='ocrx_word' id='word_1_605' title='bbox 2205 2269 2224 2302; x_wconf 82' lang='grc' dir='ltr'><strong>ι</strong></span> <span class='ocrx_word' id='word_1_606' title='bbox 2265 2251 2427 2307; x_wconf 85' lang='lat' dir='ltr'><strong>l‘aulo</strong></span> <span class='ocrx_word' id='word_1_607' title='bbox 2449 2294 2465 2321; x_wconf 91' lang='lat'><strong>,</strong></span> <span class='ocrx_word' id='word_1_608' title='bbox 2490 2252 2642 2324; x_wconf 85' lang='lat' dir='ltr'><strong>cujus</strong></span> <span class='ocrx_word' id='word_1_609' title='bbox 2672 2269 2953 2312; x_wconf 81' lang='lat' dir='ltr'><strong>excessum</strong></span> <span class='ocrx_word' id='word_1_610' title='bbox 2986 2271 3408 2330; x_wconf 87' lang='lat' dir='ltr'><strong>commemorat,</strong></span> <span class='ocrx_word' id='word_1_611' title='bbox 3447 2263 3622 2319; x_wconf 89' lang='lat' dir='ltr'><strong>adhuc</strong></span> <span class='ocrx_word' id='word_1_612' title='bbox 3651 2265 3706 2321; x_wconf 89' lang='lat' dir='ltr'><strong>in</strong></span> 
     </span>
    </p>
   </div>
   <div class='ocr_carea' id='block_1_84' title="bbox 2086 2347 3704 2419">
    <p class='ocr_par' dir='ltr' id='par_1_84' title="bbox 2086 2347 3704 2419">
     <span class='ocr_line' id='line_1_84' title="bbox 2086 2347 3704 2419; baseline 0.008 -17"><span class='ocrx_word' id='word_1_613' title='bbox 2086 2359 2314 2416; x_wconf 78' lang='lat' dir='ltr'><strong>carcere</strong></span> <span class='ocrx_word' id='word_1_614' title='bbox 2352 2347 2545 2418; x_wconf 89' lang='lat' dir='ltr'><strong>posito,</strong></span> <span class='ocrx_word' id='word_1_615' title='bbox 2574 2347 2866 2405; x_wconf 87' lang='lat' dir='ltr'><strong>Lucianum</strong></span> <span class='ocrx_word' id='word_1_616' title='bbox 2896 2352 3114 2408; x_wconf 71' lang='lat' dir='ltr'><strong>neniine</strong></span> <span class='ocrx_word' id='word_1_617' title='bbox 3143 2355 3285 2412; x_wconf 85' lang='lat' dir='ltr'><strong>illius</strong></span> <span class='ocrx_word' id='word_1_618' title='bbox 3306 2356 3517 2419; x_wconf 85' lang='lat' dir='ltr'><strong>libellos</strong></span> <span class='ocrx_word' id='word_1_619' title='bbox 3539 2375 3704 2416; x_wconf 89' lang='lat' dir='ltr'><strong>manu</strong></span> 
     </span>
    </p>
   </div>
   <div class='ocr_carea' id='block_1_85' title="bbox 2097 2439 3696 2510">
    <p class='ocr_par' dir='ltr' id='par_1_85' title="bbox 2097 2439 3696 2510">
     <span class='ocr_line' id='line_1_85' title="bbox 2097 2439 3696 2510; baseline 0.01 -17"><span class='ocrx_word' id='word_1_620' title='bbox 2097 2452 2193 2494; x_wconf 89' lang='lat' dir='ltr'><strong>sua</strong></span> <span class='ocrx_word' id='word_1_621' title='bbox 2245 2439 2474 2509; x_wconf 89' lang='lat' dir='ltr'><strong>scriptos</strong></span> <span class='ocrx_word' id='word_1_622' title='bbox 2515 2439 2749 2496; x_wconf 84' lang='lat' dir='ltr'><strong>dedisse.</strong></span> <span class='ocrx_word' id='word_1_623' title='bbox 2788 2460 2806 2494; x_wconf 72' lang='grc' dir='ltr'><strong>ι</strong></span> <span class='ocrx_word' id='word_1_624' title='bbox 2843 2441 3002 2497; x_wconf 88' lang='lat' dir='ltr'><strong>Certe</strong></span> <span class='ocrx_word' id='word_1_625' title='bbox 3047 2447 3283 2502; x_wconf 87' lang='lat' dir='ltr'><strong>nondum</strong></span> <span class='ocrx_word' id='word_1_626' title='bbox 3326 2449 3488 2505; x_wconf 90' lang='lat' dir='ltr'><strong>soluti</strong></span> <span class='ocrx_word' id='word_1_627' title='bbox 3538 2463 3696 2510; x_wconf 88' lang='lat' dir='ltr'><strong>crant</strong></span> 
     </span>
    </p>
   </div>
   <div class='ocr_carea' id='block_1_86' title="bbox 2095 2528 3704 2612">
    <p class='ocr_par' dir='ltr' id='par_1_86' title="bbox 2095 2528 3704 2612">
     <span class='ocr_line' id='line_1_86' title="bbox 2095 2528 3704 2612; baseline 0.008 -26"><span class='ocrx_word' id='word_1_628' title='bbox 2095 2528 2433 2586; x_wconf 83' lang='lat' dir='ltr'><strong>confessores</strong></span> <span class='ocrx_word' id='word_1_629' title='bbox 2461 2546 2492 2586; x_wconf 90' lang='lat' dir='ltr'><strong>e</strong></span> <span class='ocrx_word' id='word_1_630' title='bbox 2530 2546 2747 2590; x_wconf 87' lang='lat' dir='ltr'><strong>carcere</strong></span> <span class='ocrx_word' id='word_1_631' title='bbox 2790 2547 2910 2589; x_wconf 87' lang='lat' dir='ltr'><strong>cum</strong></span> <span class='ocrx_word' id='word_1_632' title='bbox 2949 2535 3208 2594; x_wconf 80' lang='lat' dir='ltr'><strong>scriberet</strong></span> <span class='ocrx_word' id='word_1_633' title='bbox 3236 2539 3534 2612; x_wconf 86' lang='lat' dir='ltr'><strong>Cyprianus</strong></span> <span class='ocrx_word' id='word_1_634' title='bbox 3564 2543 3704 2600; x_wconf 87' lang='lat' dir='ltr'><strong>hanc</strong></span> 
     </span>
    </p>
   </div>
   <div class='ocr_carea' id='block_1_87' title="bbox 2095 2622 3704 2702">
    <p class='ocr_par' dir='ltr' id='par_1_87' title="bbox 2095 2622 3704 2702">
     <span class='ocr_line' id='line_1_87' title="bbox 2095 2622 3704 2702; baseline 0.011 -24"><span class='ocrx_word' id='word_1_635' title='bbox 2095 2622 2389 2694; x_wconf 86' lang='lat' dir='ltr'><strong>Epistolam</strong></span> <span class='ocrx_word' id='word_1_636' title='bbox 2448 2641 2601 2681; x_wconf 64' lang='grc' dir='ltr'>χχιιι.</span> <span class='ocrx_word' id='word_1_637' title='bbox 2640 2625 2963 2697; x_wconf 85' lang='lat' dir='ltr'><strong>Corruptutu</strong></span> <span class='ocrx_word' id='word_1_638' title='bbox 2990 2631 3042 2685; x_wconf 90' lang='lat' dir='ltr'><strong>in</strong></span> <span class='ocrx_word' id='word_1_639' title='bbox 3067 2633 3292 2702; x_wconf 86' lang='lat' dir='ltr'><strong>cpistola</strong></span> <span class='ocrx_word' id='word_1_640' title='bbox 3313 2635 3543 2694; x_wconf 84' lang='lat' dir='ltr'><strong>Celerini</strong></span> <span class='ocrx_word' id='word_1_641' title='bbox 3568 2639 3704 2696; x_wconf 82' lang='lat' dir='ltr'><strong>insi-</strong></span> 
     </span>
    </p>
   </div>
   <div class='ocr_carea' id='block_1_88' title="bbox 2093 2718 3702 2799">
    <p class='ocr_par' dir='ltr' id='par_1_88' title="bbox 2093 2718 3702 2799">
     <span class='ocr_line' id='line_1_88' title="bbox 2093 2718 3702 2799; baseline 0.014 -28"><span class='ocrx_word' id='word_1_642' title='bbox 2093 2732 2253 2788; x_wconf 82' lang='lat' dir='ltr'><strong>gnem</strong></span> <span class='ocrx_word' id='word_1_643' title='bbox 2282 2718 2458 2775; x_wconf 90' lang='lat' dir='ltr'><strong>locum</strong></span> <span class='ocrx_word' id='word_1_644' title='bbox 2488 2720 2723 2776; x_wconf 85' lang='lat' dir='ltr'><strong>conabor</strong></span> <span class='ocrx_word' id='word_1_645' title='bbox 2746 2722 3054 2780; x_wconf 88' lang='lat' dir='ltr'><strong>emendare.</strong></span> <span class='ocrx_word' id='word_1_646' title='bbox 3088 2725 3176 2783; x_wconf 89' lang='lat' dir='ltr'><strong>Sic</strong></span> <span class='ocrx_word' id='word_1_647' title='bbox 3199 2727 3394 2799; x_wconf 82' lang='lat' dir='ltr'><strong>legitur</strong></span> <span class='ocrx_word' id='word_1_648' title='bbox 3422 2731 3475 2786; x_wconf 92' lang='lat' dir='ltr'><strong>in</strong></span> <span class='ocrx_word' id='word_1_649' title='bbox 3499 2733 3656 2792; x_wconf 88' lang='lat' dir='ltr'><strong>editis</strong></span> <span class='ocrx_word' id='word_1_650' title='bbox 3681 2750 3702 2795; x_wconf 84' lang='grc'>;</span> 
     </span>
    </p>
   </div>
   <div class='ocr_carea' id='block_1_89' title="bbox 2101 2809 3702 2885">
    <p class='ocr_par' dir='ltr' id='par_1_89' title="bbox 2101 2809 3702 2885">
     <span class='ocr_line' id='line_1_89' title="bbox 2101 2809 3702 2885; baseline 0.014 -25"><span class='ocrx_word' id='word_1_651' title='bbox 2101 2825 2120 2860; x_wconf 79' lang='grc' dir='ltr'><strong>ι</strong></span> <span class='ocrx_word' id='word_1_652' title='bbox 2149 2809 2280 2864; x_wconf 89' lang='lat' dir='ltr'><strong>Peto</strong></span> <span class='ocrx_word' id='word_1_653' title='bbox 2300 2817 2500 2876; x_wconf 86' lang='lat' dir='ltr'><strong>tamen,</strong></span> <span class='ocrx_word' id='word_1_654' title='bbox 2524 2810 2860 2879; x_wconf 84' lang='lat' dir='ltr'><strong>charissime,</strong></span> <span class='ocrx_word' id='word_1_655' title='bbox 2881 2831 2912 2870; x_wconf 90' lang='lat' dir='ltr'><strong>a</strong></span> <span class='ocrx_word' id='word_1_656' title='bbox 2931 2816 3180 2885; x_wconf 87' lang='lat' dir='ltr'><strong>Domino,</strong></span> <span class='ocrx_word' id='word_1_657' title='bbox 3202 2827 3276 2885; x_wconf 89' lang='lat' dir='ltr'><strong>ut,</strong></span> <span class='ocrx_word' id='word_1_658' title='bbox 3298 2821 3343 2876; x_wconf 89' lang='lat' dir='ltr'><strong>si</strong></span> <span class='ocrx_word' id='word_1_659' title='bbox 3367 2833 3490 2879; x_wconf 89' lang='lat' dir='ltr'><strong>ante</strong></span> <span class='ocrx_word' id='word_1_660' title='bbox 3509 2839 3702 2883; x_wconf 90' lang='lat' dir='ltr'><strong>cruore</strong></span> 
     </span>
    </p>
   </div>
   <div class='ocr_carea' id='block_1_90' title="bbox 2095 2898 3700 2983">
    <p class='ocr_par' dir='ltr' id='par_1_90' title="bbox 2095 2898 3700 2983">
     <span class='ocr_line' id='line_1_90' title="bbox 2095 2898 3700 2983; baseline 0.014 -32"><span class='ocrx_word' id='word_1_661' title='bbox 2095 2898 2190 2952; x_wconf 91' lang='lat' dir='ltr'><strong>illo</strong></span> <span class='ocrx_word' id='word_1_662' title='bbox 2217 2909 2408 2957; x_wconf 85' lang='lat' dir='ltr'><strong>sancto</strong></span> <span class='ocrx_word' id='word_1_663' title='bbox 2431 2901 2643 2970; x_wconf 83' lang='lat' dir='ltr'><strong>laveris,</strong></span> <span class='ocrx_word' id='word_1_664' title='bbox 2671 2904 2718 2958; x_wconf 87' lang='lat' dir='ltr'><strong>si</strong></span> <span class='ocrx_word' id='word_1_665' title='bbox 2762 2906 2910 2975; x_wconf 88' lang='lat' dir='ltr'><strong>prius</strong></span> <span class='ocrx_word' id='word_1_666' title='bbox 2940 2923 3130 2977; x_wconf 79' lang='lat' dir='ltr'><strong>passus</strong></span> <span class='ocrx_word' id='word_1_667' title='bbox 3159 2910 3323 2969; x_wconf 87' lang='lat' dir='ltr'><strong>fueris</strong></span> <span class='ocrx_word' id='word_1_668' title='bbox 3348 2929 3443 2983; x_wconf 91' lang='lat' dir='ltr'><strong>pro</strong></span> <span class='ocrx_word' id='word_1_669' title='bbox 3478 2919 3700 2974; x_wconf 87' lang='lat' dir='ltr'><strong>nomine</strong></span> 
     </span>
    </p>
   </div>
   <div class='ocr_carea' id='block_1_91' title="bbox 2099 2989 3697 3068">
    <p class='ocr_par' dir='ltr' id='par_1_91' title="bbox 2099 2989 3697 3068">
     <span class='ocr_line' id='line_1_91' title="bbox 2099 2989 3697 3068; baseline 0.011 -22"><span class='ocrx_word' id='word_1_670' title='bbox 2099 2989 2307 3046; x_wconf 87' lang='lat' dir='ltr'><strong>Domini</strong></span> <span class='ocrx_word' id='word_1_671' title='bbox 2335 2992 2503 3048; x_wconf 87' lang='lat' dir='ltr'><strong>nostri</strong></span> <span class='ocrx_word' id='word_1_672' title='bbox 2544 2991 2677 3050; x_wconf 83' lang='lat' dir='ltr'><strong>Jesu</strong></span> <span class='ocrx_word' id='word_1_673' title='bbox 2702 2993 2934 3062; x_wconf 89' lang='lat' dir='ltr'><strong>Christi,</strong></span> <span class='ocrx_word' id='word_1_674' title='bbox 2979 3013 3140 3068; x_wconf 83' lang='lat' dir='ltr'><strong>quam</strong></span> <span class='ocrx_word' id='word_1_675' title='bbox 3177 3001 3368 3059; x_wconf 79' lang='lat' dir='ltr'><strong>litterae</strong></span> <span class='ocrx_word' id='word_1_676' title='bbox 3396 3021 3530 3062; x_wconf 75' lang='lat' dir='ltr'><strong>meae</strong></span> <span class='ocrx_word' id='word_1_677' title='bbox 3559 3017 3610 3063; x_wconf 90' lang='lat' dir='ltr'><strong>te</strong></span> <span class='ocrx_word' id='word_1_678' title='bbox 3641 3009 3697 3063; x_wconf 88' lang='lat' dir='ltr'><strong>in</strong></span> 
     </span>
    </p>
   </div>
   <div class='ocr_carea' id='block_1_92' title="bbox 2093 3081 3746 3166">
    <p class='ocr_par' dir='ltr' id='par_1_92' title="bbox 2093 3081 3746 3166">
     <span class='ocr_line' id='line_1_92' title="bbox 2093 3081 3746 3166; baseline 0.011 -28"><span class='ocrx_word' id='word_1_679' title='bbox 2093 3081 2198 3140; x_wconf 78' lang='lat' dir='ltr'><strong>hoc</strong></span> <span class='ocrx_word' id='word_1_680' title='bbox 2244 3084 2444 3140; x_wconf 91' lang='lat' dir='ltr'><strong>mundo</strong></span> <span class='ocrx_word' id='word_1_681' title='bbox 2472 3087 2908 3156; x_wconf 86' lang='lat' dir='ltr'><strong>apprehendant,</strong></span> <span class='ocrx_word' id='word_1_682' title='bbox 2935 3091 3019 3148; x_wconf 85' lang='lat' dir='ltr'><strong>vel</strong></span> <span class='ocrx_word' id='word_1_683' title='bbox 3064 3108 3205 3148; x_wconf 87' lang='lat' dir='ltr'><strong>nunc</strong></span> <span class='ocrx_word' id='word_1_684' title='bbox 3239 3095 3284 3151; x_wconf 87' lang='lat' dir='ltr'><strong>si</strong></span> <span class='ocrx_word' id='word_1_685' title='bbox 3319 3098 3698 3166; x_wconf 85' lang='lat' dir='ltr'><strong>apprehendc-</strong></span> <span class='ocrx_word' id='word_1_686' title='bbox 3741 3101 3746 3104; x_wconf 78' lang='grc'><em>’</em></span> 
     </span>
    </p>
   </div>
   <div class='ocr_carea' id='block_1_93' title="bbox 2092 3178 3702 3254">
    <p class='ocr_par' dir='ltr' id='par_1_93' title="bbox 2092 3178 3702 3254">
     <span class='ocr_line' id='line_1_93' title="bbox 2092 3178 3702 3254; baseline 0.011 -20"><span class='ocrx_word' id='word_1_687' title='bbox 2092 3180 2222 3244; x_wconf 85' lang='lat' dir='ltr'><strong>rint,</strong></span> <span class='ocrx_word' id='word_1_688' title='bbox 2253 3178 2382 3234; x_wconf 85' lang='lat' dir='ltr'><strong>mihi</strong></span> <span class='ocrx_word' id='word_1_689' title='bbox 2413 3178 2481 3234; x_wconf 89' lang='lat' dir='ltr'><strong>ad</strong></span> <span class='ocrx_word' id='word_1_690' title='bbox 2503 3180 2618 3234; x_wconf 71' lang='lat' dir='ltr'><strong>hmc</strong></span> <span class='ocrx_word' id='word_1_691' title='bbox 2645 3180 2932 3238; x_wconf 85' lang='lat' dir='ltr'><strong>rescribas.</strong></span> <span class='ocrx_word' id='word_1_692' title='bbox 2968 3203 2987 3236; x_wconf 73' lang='grc' dir='ltr'><strong>ι</strong></span> <span class='ocrx_word' id='word_1_693' title='bbox 3013 3185 3348 3245; x_wconf 86' lang='lat' dir='ltr'><strong>Desudarunt</strong></span> <span class='ocrx_word' id='word_1_694' title='bbox 3377 3191 3609 3250; x_wconf 89' lang='lat' dir='ltr'><strong>editores</strong></span> <span class='ocrx_word' id='word_1_695' title='bbox 3640 3196 3702 3254; x_wconf 76' lang='grc' dir='ltr'><strong>ιιι</strong></span> 
     </span>
    </p>
   </div>
   <div class='ocr_carea' id='block_1_94' title="bbox 2094 3271 3693 3351">
    <p class='ocr_par' dir='ltr' id='par_1_94' title="bbox 2094 3271 3693 3351">
     <span class='ocr_line' id='line_1_94' title="bbox 2094 3271 3693 3351; baseline 0.012 -26"><span class='ocrx_word' id='word_1_696' title='bbox 2094 3271 2180 3326; x_wconf 88' lang='lat' dir='ltr'><strong>his</strong></span> <span class='ocrx_word' id='word_1_697' title='bbox 2209 3271 2385 3327; x_wconf 65' lang='lat' dir='ltr'><strong>verbs</strong></span> <span class='ocrx_word' id='word_1_698' title='bbox 2405 3313 2422 3339; x_wconf 94' lang='lat'><strong>,</strong></span> <span class='ocrx_word' id='word_1_699' title='bbox 2453 3286 2552 3328; x_wconf 90' lang='lat' dir='ltr'><strong>nec</strong></span> <span class='ocrx_word' id='word_1_700' title='bbox 2577 3273 2865 3344; x_wconf 82' lang='lat' dir='ltr'><strong>quidquam</strong></span> <span class='ocrx_word' id='word_1_701' title='bbox 2900 3276 3168 3347; x_wconf 80' lang='lat' dir='ltr'><strong>explicare</strong></span> <span class='ocrx_word' id='word_1_702' title='bbox 3194 3289 3499 3351; x_wconf 87' lang='lat' dir='ltr'><strong>potuerunt.</strong></span> <span class='ocrx_word' id='word_1_703' title='bbox 3529 3286 3600 3342; x_wconf 87' lang='lat' dir='ltr'><strong>At</strong></span> <span class='ocrx_word' id='word_1_704' title='bbox 3636 3289 3693 3346; x_wconf 85' lang='lat' dir='ltr'><strong>in</strong></span> 
     </span>
    </p>
   </div>
   <div class='ocr_carea' id='block_1_95' title="bbox 2091 3361 3694 3448">
    <p class='ocr_par' dir='ltr' id='par_1_95' title="bbox 2091 3361 3694 3448">
     <span class='ocr_line' id='line_1_95' title="bbox 2091 3361 3694 3448; baseline 0.011 -29"><span class='ocrx_word' id='word_1_705' title='bbox 2091 3361 2277 3420; x_wconf 84' lang='lat' dir='ltr'><strong>codice</strong></span> <span class='ocrx_word' id='word_1_706' title='bbox 2303 3377 2407 3418; x_wconf 88' lang='lat' dir='ltr'><strong>ms.</strong></span> <span class='ocrx_word' id='word_1_707' title='bbox 2437 3363 2566 3418; x_wconf 87' lang='lat' dir='ltr'><strong>olim</strong></span> <span class='ocrx_word' id='word_1_708' title='bbox 2592 3363 2817 3429; x_wconf 81' lang='lat' dir='ltr'><strong>Baluzii,</strong></span> <span class='ocrx_word' id='word_1_709' title='bbox 2843 3382 2983 3423; x_wconf 91' lang='lat' dir='ltr'><strong>nunc</strong></span> <span class='ocrx_word' id='word_1_710' title='bbox 3011 3369 3354 3430; x_wconf 77' lang='lat' dir='ltr'><strong>bibliotheca:</strong></span> <span class='ocrx_word' id='word_1_711' title='bbox 3376 3375 3580 3448; x_wconf 69' lang='lat' dir='ltr'><strong>negito,</strong></span> <span class='ocrx_word' id='word_1_712' title='bbox 3611 3381 3694 3436; x_wconf 84' lang='lat' dir='ltr'><strong>sic</strong></span> 
     </span>
    </p>
   </div>
   <div class='ocr_carea' id='block_1_96' title="bbox 2090 3456 3694 3534">
    <p class='ocr_par' dir='ltr' id='par_1_96' title="bbox 2090 3456 3694 3534">
     <span class='ocr_line' id='line_1_96' title="bbox 2090 3456 3694 3534; baseline 0.01 -23"><span class='ocrx_word' id='word_1_713' title='bbox 2090 3456 2318 3528; x_wconf 86' lang='lat' dir='ltr'><strong>legitur:</strong></span> <span class='ocrx_word' id='word_1_714' title='bbox 2347 3474 2366 3507; x_wconf 80' lang='grc' dir='ltr'><strong>ι</strong></span> <span class='ocrx_word' id='word_1_715' title='bbox 2398 3456 2528 3512; x_wconf 87' lang='lat' dir='ltr'><strong>Peto</strong></span> <span class='ocrx_word' id='word_1_716' title='bbox 2555 3466 2754 3524; x_wconf 88' lang='lat' dir='ltr'><strong>tamen,</strong></span> <span class='ocrx_word' id='word_1_717' title='bbox 2777 3458 3114 3529; x_wconf 86' lang='lat' dir='ltr'><strong>charissime,</strong></span> <span class='ocrx_word' id='word_1_718' title='bbox 3138 3481 3170 3520; x_wconf 88' lang='lat' dir='ltr'><strong>a</strong></span> <span class='ocrx_word' id='word_1_719' title='bbox 3199 3465 3446 3534; x_wconf 89' lang='lat' dir='ltr'><strong>Domino,</strong></span> <span class='ocrx_word' id='word_1_720' title='bbox 3483 3479 3542 3524; x_wconf 85' lang='lat' dir='ltr'><strong>ut</strong></span> <span class='ocrx_word' id='word_1_721' title='bbox 3563 3481 3694 3528; x_wconf 85' lang='lat' dir='ltr'><strong>ante</strong></span> 
     </span>
    </p>
   </div>
   <div class='ocr_carea' id='block_1_97' title="bbox 2090 3549 3695 3621">
    <p class='ocr_par' dir='ltr' id='par_1_97' title="bbox 2090 3549 3695 3621">
     <span class='ocr_line' id='line_1_97' title="bbox 2090 3549 3695 3621; baseline 0.009 -17"><span class='ocrx_word' id='word_1_722' title='bbox 2090 3563 2282 3604; x_wconf 90' lang='lat' dir='ltr'><strong>cruore</strong></span> <span class='ocrx_word' id='word_1_723' title='bbox 2311 3549 2404 3604; x_wconf 92' lang='lat' dir='ltr'><strong>illo</strong></span> <span class='ocrx_word' id='word_1_724' title='bbox 2431 3558 2616 3604; x_wconf 90' lang='lat' dir='ltr'><strong>sancte</strong></span> <span class='ocrx_word' id='word_1_725' title='bbox 2643 3549 2838 3606; x_wconf 83' lang='lat' dir='ltr'><strong>laveris</strong></span> <span class='ocrx_word' id='word_1_726' title='bbox 2883 3567 2982 3621; x_wconf 89' lang='lat' dir='ltr'><strong>pro</strong></span> <span class='ocrx_word' id='word_1_727' title='bbox 3027 3557 3242 3612; x_wconf 84' lang='lat' dir='ltr'><strong>nomine</strong></span> <span class='ocrx_word' id='word_1_728' title='bbox 3271 3558 3481 3615; x_wconf 92' lang='lat' dir='ltr'><strong>Domini</strong></span> <span class='ocrx_word' id='word_1_729' title='bbox 3524 3563 3695 3620; x_wconf 83' lang='lat' dir='ltr'><strong>nostri</strong></span> 
     </span>
    </p>
   </div>
   <div class='ocr_carea' id='block_1_98' title="bbox 2088 3636 3694 3724">
    <p class='ocr_par' dir='ltr' id='par_1_98' title="bbox 2088 3636 3694 3724">
     <span class='ocr_line' id='line_1_98' title="bbox 2088 3636 3694 3724; baseline 0.006 -25"><span class='ocrx_word' id='word_1_730' title='bbox 2088 3642 2221 3699; x_wconf 80' lang='lat' dir='ltr'><strong>Jesu</strong></span> <span class='ocrx_word' id='word_1_731' title='bbox 2245 3641 2466 3708; x_wconf 88' lang='lat' dir='ltr'><strong>Christi,</strong></span> <span class='ocrx_word' id='word_1_732' title='bbox 2498 3657 2654 3711; x_wconf 89' lang='lat' dir='ltr'><strong>quam</strong></span> <span class='ocrx_word' id='word_1_733' title='bbox 2685 3650 2737 3698; x_wconf 89' lang='lat' dir='ltr'><strong>te</strong></span> <span class='ocrx_word' id='word_1_734' title='bbox 2766 3643 2956 3699; x_wconf 70' lang='lat' dir='ltr'><strong>litterae</strong></span> <span class='ocrx_word' id='word_1_735' title='bbox 2985 3661 3118 3701; x_wconf 82' lang='lat' dir='ltr'><strong>meae</strong></span> <span class='ocrx_word' id='word_1_736' title='bbox 3147 3647 3200 3702; x_wconf 92' lang='lat' dir='ltr'><strong>in</strong></span> <span class='ocrx_word' id='word_1_737' title='bbox 3228 3636 3559 3708; x_wconf 32' lang='lat' dir='ltr'><strong>hoc&#39;muude</strong></span> <span class='ocrx_word' id='word_1_738' title='bbox 3591 3669 3694 3724; x_wconf 82' lang='lat' dir='ltr'><strong>ap-</strong></span> 
     </span>
    </p>
   </div>
   <div class='ocr_carea' id='block_1_99' title="bbox 2092 3725 3693 3808">
    <p class='ocr_par' dir='ltr' id='par_1_99' title="bbox 2092 3725 3693 3808">
     <span class='ocr_line' id='line_1_99' title="bbox 2092 3725 3693 3808; baseline 0.006 -16"><span class='ocrx_word' id='word_1_739' title='bbox 2092 3735 2458 3808; x_wconf 87' lang='lat' dir='ltr'><strong>prehendant;</strong></span> <span class='ocrx_word' id='word_1_740' title='bbox 2486 3735 2571 3790; x_wconf 90' lang='lat' dir='ltr'><strong>vel</strong></span> <span class='ocrx_word' id='word_1_741' title='bbox 2599 3749 2739 3790; x_wconf 90' lang='lat' dir='ltr'><strong>nunc</strong></span> <span class='ocrx_word' id='word_1_742' title='bbox 2761 3735 2806 3790; x_wconf 91' lang='lat' dir='ltr'><strong>si</strong></span> <span class='ocrx_word' id='word_1_743' title='bbox 2826 3725 3455 3806; x_wconf 75' lang='lat' dir='ltr'><strong>apprehenderint,mihi</strong></span> <span class='ocrx_word' id='word_1_744' title='bbox 3483 3744 3550 3798; x_wconf 90' lang='lat' dir='ltr'><strong>ad</strong></span> <span class='ocrx_word' id='word_1_745' title='bbox 3577 3745 3693 3803; x_wconf 67' lang='lat' dir='ltr'><strong>haec</strong></span> 
     </span>
    </p>
   </div>
   <div class='ocr_carea' id='block_1_100' title="bbox 2091 3825 3694 3904">
    <p class='ocr_par' dir='ltr' id='par_1_100' title="bbox 2091 3825 3694 3904">
     <span class='ocr_line' id='line_1_100' title="bbox 2091 3825 3694 3904; baseline 0.004 -20"><span class='ocrx_word' id='word_1_746' title='bbox 2091 3827 2378 3884; x_wconf 88' lang='lat' dir='ltr'><strong>rescribas.</strong></span> <span class='ocrx_word' id='word_1_747' title='bbox 2415 3845 2434 3878; x_wconf 76' lang='grc' dir='ltr'><strong>ι</strong></span> <span class='ocrx_word' id='word_1_748' title='bbox 2469 3825 2734 3881; x_wconf 71' lang='lat' dir='ltr'><strong>Prteclara</strong></span> <span class='ocrx_word' id='word_1_749' title='bbox 2763 3840 2892 3881; x_wconf 88' lang='lat' dir='ltr'><strong>sane</strong></span> <span class='ocrx_word' id='word_1_750' title='bbox 2929 3835 2982 3881; x_wconf 90' lang='lat' dir='ltr'><strong>et</strong></span> <span class='ocrx_word' id='word_1_751' title='bbox 3008 3827 3163 3898; x_wconf 82' lang='lat' dir='ltr'><strong>digna</strong></span> <span class='ocrx_word' id='word_1_752' title='bbox 3213 3842 3448 3904; x_wconf 89' lang='lat' dir='ltr'><strong>martyre</strong></span> <span class='ocrx_word' id='word_1_753' title='bbox 3475 3843 3694 3891; x_wconf 88' lang='lat' dir='ltr'><strong>senten-</strong></span> 
     </span>
    </p>
   </div>
   <div class='ocr_carea' id='block_1_101' title="bbox 2093 3919 3694 3997">
    <p class='ocr_par' dir='ltr' id='par_1_101' title="bbox 2093 3919 3694 3997">
     <span class='ocr_line' id='line_1_101' title="bbox 2093 3919 3694 3997; baseline 0.006 -20"><span class='ocrx_word' id='word_1_754' title='bbox 2093 3921 2183 3977; x_wconf 88' lang='lat' dir='ltr'><strong>tia!</strong></span> <span class='ocrx_word' id='word_1_755' title='bbox 2203 3921 2500 3977; x_wconf 83' lang='lat' dir='ltr'><strong>Conﬁrmat</strong></span> <span class='ocrx_word' id='word_1_756' title='bbox 2513 3919 2649 3974; x_wconf 83' lang='lat' dir='ltr'><strong>hanc</strong></span> <span class='ocrx_word' id='word_1_757' title='bbox 2664 3919 2946 3976; x_wconf 89' lang='lat' dir='ltr'><strong>lectionem</strong></span> <span class='ocrx_word' id='word_1_758' title='bbox 2962 3921 3131 3977; x_wconf 81' lang='lat' dir='ltr'><strong>codex</strong></span> <span class='ocrx_word' id='word_1_759' title='bbox 3145 3921 3694 3997; x_wconf 85' lang='lat' dir='ltr'><strong>Gratianopolitanus,</strong></span> 
     </span>
    </p>
   </div>
   <div class='ocr_carea' id='block_1_102' title="bbox 2089 4011 3688 4092">
    <p class='ocr_par' dir='ltr' id='par_1_102' title="bbox 2089 4011 3688 4092">
     <span class='ocr_line' id='line_1_102' title="bbox 2089 4011 3688 4092; baseline 0.008 -24"><span class='ocrx_word' id='word_1_760' title='bbox 2089 4015 2179 4084; x_wconf 87' lang='lat' dir='ltr'><strong>qui</strong></span> <span class='ocrx_word' id='word_1_761' title='bbox 2207 4013 2370 4070; x_wconf 84' lang='lat' dir='ltr'><strong>habet</strong></span> <span class='ocrx_word' id='word_1_762' title='bbox 2393 4029 2406 4065; x_wconf 96' lang='lat'><strong>:</strong></span> <span class='ocrx_word' id='word_1_763' title='bbox 2438 4031 2457 4064; x_wconf 80' lang='grc' dir='ltr'><strong>ι</strong></span> <span class='ocrx_word' id='word_1_764' title='bbox 2494 4011 2626 4068; x_wconf 91' lang='lat' dir='ltr'><strong>Peto</strong></span> <span class='ocrx_word' id='word_1_765' title='bbox 2653 4017 2852 4080; x_wconf 89' lang='lat' dir='ltr'><strong>tamen,</strong></span> <span class='ocrx_word' id='word_1_766' title='bbox 2881 4013 3222 4085; x_wconf 87' lang='lat' dir='ltr'><strong>charissime,</strong></span> <span class='ocrx_word' id='word_1_767' title='bbox 3241 4032 3272 4072; x_wconf 88' lang='lat' dir='ltr'><strong>a</strong></span> <span class='ocrx_word' id='word_1_768' title='bbox 3297 4018 3550 4092; x_wconf 85' lang='lat' dir='ltr'><strong>Domine,</strong></span> <span class='ocrx_word' id='word_1_769' title='bbox 3575 4033 3632 4078; x_wconf 93' lang='lat' dir='ltr'><strong>ut</strong></span> <span class='ocrx_word' id='word_1_770' title='bbox 3656 4039 3688 4080; x_wconf 74' lang='grc' dir='ltr'>ει</span> 
     </span>
    </p>
   </div>
   <div class='ocr_carea' id='block_1_103' title="bbox 2091 4104 2718 4171">
    <p class='ocr_par' dir='ltr' id='par_1_103' title="bbox 2091 4104 2718 4171">
     <span class='ocr_line' id='line_1_103' title="bbox 2091 4104 2718 4171; baseline -0.008 -9"><span class='ocrx_word' id='word_1_771' title='bbox 2091 4121 2178 4162; x_wconf 90' lang='lat' dir='ltr'><strong>me</strong></span> <span class='ocrx_word' id='word_1_772' title='bbox 2203 4119 2394 4162; x_wconf 87' lang='lat' dir='ltr'><strong>cruore</strong></span> <span class='ocrx_word' id='word_1_773' title='bbox 2421 4104 2531 4171; x_wconf 91' lang='lat' dir='ltr'><strong>illo,</strong></span> <span class='ocrx_word' id='word_1_774' title='bbox 2559 4114 2664 4161; x_wconf 90' lang='lat' dir='ltr'><strong>etc.</strong></span> <span class='ocrx_word' id='word_1_775' title='bbox 2699 4121 2718 4156; x_wconf 78' lang='grc' dir='ltr'><strong>ι</strong></span> 
     </span>
    </p>
   </div>
   <div class='ocr_carea' id='block_1_104' title="bbox 2090 4241 3691 4312">
    <p class='ocr_par' dir='ltr' id='par_1_104' title="bbox 2090 4241 3691 4312">
     <span class='ocr_line' id='line_1_104' title="bbox 2090 4241 3691 4312; baseline 0.009 -14"><span class='ocrx_word' id='word_1_776' title='bbox 2090 4241 2512 4299; x_wconf 81' lang='lat' dir='ltr'><strong>XlV.—scntstr</strong></span> <span class='ocrx_word' id='word_1_777' title='bbox 2544 4257 2589 4297; x_wconf 92' lang='lat' dir='ltr'><strong>s.</strong></span> <span class='ocrx_word' id='word_1_778' title='bbox 2613 4256 2898 4299; x_wconf 69' lang='lat' dir='ltr'><strong>CYPRIANUS</strong></span> <span class='ocrx_word' id='word_1_779' title='bbox 2930 4259 2996 4299; x_wconf 66' lang='lat' dir='ltr'><strong>an</strong></span> <span class='ocrx_word' id='word_1_780' title='bbox 3025 4260 3236 4304; x_wconf 76' lang='lat' dir='ltr'><strong>CLERUII</strong></span> <span class='ocrx_word' id='word_1_781' title='bbox 3250 4263 3316 4304; x_wconf 83' lang='lat' dir='ltr'><strong>DE</strong></span> <span class='ocrx_word' id='word_1_782' title='bbox 3334 4263 3691 4312; x_wconf 73' lang='lat' dir='ltr'><strong>ORDINATIONE</strong></span> 
     </span>
    </p>
   </div>
   <div class='ocr_carea' id='block_1_105' title="bbox 2161 4351 3690 4405">
    <p class='ocr_par' dir='ltr' id='par_1_105' title="bbox 2161 4351 3690 4405">
     <span class='ocr_line' id='line_1_105' title="bbox 2161 4351 3690 4405; baseline 0.008 -12"><span class='ocrx_word' id='word_1_783' title='bbox 2161 4351 2352 4393; x_wconf 73' lang='lat' dir='ltr'><strong>SATURI</strong></span> <span class='ocrx_word' id='word_1_784' title='bbox 2373 4352 2442 4392; x_wconf 81' lang='grc' dir='ltr'><strong>ΕΤ</strong></span> <span class='ocrx_word' id='word_1_785' title='bbox 2459 4351 2923 4393; x_wconf 65' lang='grc' dir='ltr'><strong>οΡτΛτιι-ἾΑΜΔΕ</strong></span> <span class='ocrx_word' id='word_1_786' title='bbox 2955 4355 3226 4398; x_wconf 61' lang='grc' dir='ltr'>ιυιιιεοιιωι</span> <span class='ocrx_word' id='word_1_787' title='bbox 3243 4361 3310 4400; x_wconf 81' lang='grc' dir='ltr'><strong>ΑΙ)</strong></span> <span class='ocrx_word' id='word_1_788' title='bbox 3339 4361 3575 4403; x_wconf 60' lang='grc' dir='ltr'><strong>εικοτυιι</strong></span> <span class='ocrx_word' id='word_1_789' title='bbox 3592 4367 3690 4405; x_wconf 77' lang='lat' dir='ltr'><strong>CY-</strong></span> 
     </span>
    </p>
   </div>
   <div class='ocr_carea' id='block_1_106' title="bbox 2160 4443 3690 4498">
    <p class='ocr_par' dir='ltr' id='par_1_106' title="bbox 2160 4443 3690 4498">
     <span class='ocr_line' id='line_1_106' title="bbox 2160 4443 3690 4498; baseline 0.009 -14"><span class='ocrx_word' id='word_1_790' title='bbox 2160 4444 2390 4486; x_wconf 63' lang='lat' dir='ltr'><strong>PRIANUDI</strong></span> <span class='ocrx_word' id='word_1_791' title='bbox 2419 4443 2973 4487; x_wconf 69' lang='lat' dir='ltr'><strong>LITTER£.—CLERUS</strong></span> <span class='ocrx_word' id='word_1_792' title='bbox 3010 4448 3263 4490; x_wconf 69' lang='lat' dir='ltr'><strong>REIOVET</strong></span> <span class='ocrx_word' id='word_1_793' title='bbox 3291 4453 3322 4491; x_wconf 70' lang='grc' dir='ltr'><strong>Δ</strong></span> <span class='ocrx_word' id='word_1_794' title='bbox 3348 4452 3690 4498; x_wconf 71' lang='lat' dir='ltr'><strong>COMMUNIONE</strong></span> 
     </span>
    </p>
   </div>
   <div class='ocr_carea' id='block_1_107' title="bbox 2162 4539 3690 4592">
    <p class='ocr_par' dir='ltr' id='par_1_107' title="bbox 2162 4539 3690 4592">
     <span class='ocr_line' id='line_1_107' title="bbox 2162 4539 3690 4592; baseline 0.006 -10"><span class='ocrx_word' id='word_1_795' title='bbox 2162 4541 2262 4582; x_wconf 78' lang='lat' dir='ltr'><strong>SUA</strong></span> <span class='ocrx_word' id='word_1_796' title='bbox 2276 4539 2437 4582; x_wconf 74' lang='lat' dir='ltr'><strong>CAIUM</strong></span> <span class='ocrx_word' id='word_1_797' title='bbox 2466 4540 2858 4580; x_wconf 72' lang='lat' dir='ltr'><strong>DlDDENSEM.-—</strong></span> <span class='ocrx_word' id='word_1_798' title='bbox 2876 4541 2980 4590; x_wconf 84' lang='lat' dir='ltr'><strong>QUO</strong></span> <span class='ocrx_word' id='word_1_799' title='bbox 3008 4541 3255 4583; x_wconf 75' lang='lat' dir='ltr'><strong>TEMPOBE</strong></span> <span class='ocrx_word' id='word_1_800' title='bbox 3284 4542 3526 4586; x_wconf 68' lang='lat' dir='ltr'><strong>LITTERxE</strong></span> <span class='ocrx_word' id='word_1_801' title='bbox 3555 4549 3690 4592; x_wconf 69' lang='lat' dir='ltr'><strong>XXIII</strong></span> 
     </span>
    </p>
   </div>
   <div class='ocr_carea' id='block_1_108' title="bbox 2163 4617 3694 4718">
    <p class='ocr_par' dir='ltr' id='par_1_108' title="bbox 2163 4617 3694 4718">
     <span class='ocr_line' id='line_1_108' title="bbox 2163 4617 3694 4718; baseline 0.007 -46"><span class='ocrx_word' id='word_1_802' title='bbox 2163 4632 2231 4672; x_wconf 80' lang='grc' dir='ltr'>ΕΤ</span> <span class='ocrx_word' id='word_1_803' title='bbox 2253 4632 2383 4672; x_wconf 69' lang='lat' dir='ltr'><strong>XXIX</strong></span> <span class='ocrx_word' id='word_1_804' title='bbox 2405 4617 2976 4673; x_wconf 66' lang='grc' dir='ltr'><strong>εοιιιρτλεῖ--υιῖςιιειιι</strong></span> <span class='ocrx_word' id='word_1_805' title='bbox 2991 4631 3188 4673; x_wconf 66' lang='lat' dir='ltr'><strong>ROMANI</strong></span> <span class='ocrx_word' id='word_1_806' title='bbox 3217 4635 3285 4675; x_wconf 77' lang='grc' dir='ltr'><strong>ΕΤ</strong></span> <span class='ocrx_word' id='word_1_807' title='bbox 3315 4636 3694 4718; x_wconf 61' lang='lat' dir='ltr'><strong>CONFESSBRUH</strong></span> 
     </span>
    </p>
   </div>
   <div class='ocr_carea' id='block_1_109' title="bbox 2162 4725 2426 4767">
    <p class='ocr_par' dir='ltr' id='par_1_109' title="bbox 2162 4725 2426 4767">
     <span class='ocr_line' id='line_1_109' title="bbox 2162 4725 2426 4767; baseline -0.008 0"><span class='ocrx_word' id='word_1_808' title='bbox 2162 4725 2426 4767; x_wconf 75' lang='lat' dir='ltr'><strong>LITTERIS.</strong></span> 
     </span>
    </p>
   </div>
   <div class='ocr_carea' id='block_1_110' title="bbox 2160 4844 3686 4919">
    <p class='ocr_par' dir='ltr' id='par_1_110' title="bbox 2160 4844 3686 4919">
     <span class='ocr_line' id='line_1_110' title="bbox 2160 4844 3686 4919; baseline 0.01 -18"><span class='ocrx_word' id='word_1_809' title='bbox 2160 4848 2450 4919; x_wconf 84' lang='lat' dir='ltr'><strong>Postquam</strong></span> <span class='ocrx_word' id='word_1_810' title='bbox 2481 4844 2730 4902; x_wconf 88' lang='lat' dir='ltr'><strong>Saturum</strong></span> <span class='ocrx_word' id='word_1_811' title='bbox 2765 4852 2819 4900; x_wconf 90' lang='lat' dir='ltr'><strong>et</strong></span> <span class='ocrx_word' id='word_1_812' title='bbox 2845 4845 3097 4916; x_wconf 87' lang='lat' dir='ltr'><strong>Optatum</strong></span> <span class='ocrx_word' id='word_1_813' title='bbox 3139 4849 3368 4908; x_wconf 88' lang='lat' dir='ltr'><strong>clericos</strong></span> <span class='ocrx_word' id='word_1_814' title='bbox 3409 4857 3686 4916; x_wconf 87' lang='lat' dir='ltr'><strong>constituit</strong></span> 
     </span>
    </p>
   </div>
   <div class='ocr_carea' id='block_1_111' title="bbox 2090 4936 3692 5013">
    <p class='ocr_par' dir='ltr' id='par_1_111' title="bbox 2090 4936 3692 5013">
     <span class='ocr_line' id='line_1_111' title="bbox 2090 4936 3692 5013; baseline 0.007 -17"><span class='ocrx_word' id='word_1_815' title='bbox 2090 4939 2412 5013; x_wconf 87' lang='lat' dir='ltr'><strong>Cyprianus,</strong></span> <span class='ocrx_word' id='word_1_816' title='bbox 2440 4951 2641 5007; x_wconf 89' lang='lat' dir='ltr'><strong>eosque</strong></span> <span class='ocrx_word' id='word_1_817' title='bbox 2669 4936 2892 4991; x_wconf 81' lang='lat' dir='ltr'><strong>Romam</strong></span> <span class='ocrx_word' id='word_1_818' title='bbox 2923 4953 3044 4994; x_wconf 90' lang='lat' dir='ltr'><strong>cum</strong></span> <span class='ocrx_word' id='word_1_819' title='bbox 3075 4940 3266 4999; x_wconf 90' lang='lat' dir='ltr'><strong>litteris</strong></span> <span class='ocrx_word' id='word_1_820' title='bbox 3295 4945 3470 5012; x_wconf 88' lang='lat' dir='ltr'><strong>misit,</strong></span> <span class='ocrx_word' id='word_1_821' title='bbox 3502 4951 3692 5007; x_wconf 91' lang='lat' dir='ltr'><strong>scribit</strong></span> 
     </span>
    </p>
   </div>
   <div class='ocr_carea' id='block_1_112' title="bbox 2089 5029 3689 5108">
    <p class='ocr_par' dir='ltr' id='par_1_112' title="bbox 2089 5029 3689 5108">
     <span class='ocr_line' id='line_1_112' title="bbox 2089 5029 3689 5108; baseline 0.007 -19"><span class='ocrx_word' id='word_1_822' title='bbox 2089 5033 2157 5089; x_wconf 89' lang='lat' dir='ltr'><strong>ad</strong></span> <span class='ocrx_word' id='word_1_823' title='bbox 2185 5033 2390 5090; x_wconf 88' lang='lat' dir='ltr'><strong>clerum</strong></span> <span class='ocrx_word' id='word_1_824' title='bbox 2433 5045 2586 5087; x_wconf 89' lang='lat' dir='ltr'><strong>suum</strong></span> <span class='ocrx_word' id='word_1_825' title='bbox 2629 5029 2920 5100; x_wconf 77' lang='lat' dir='ltr'><strong>Epistulam</strong></span> <span class='ocrx_word' id='word_1_826' title='bbox 2975 5049 3100 5088; x_wconf 76' lang='lat' dir='ltr'><strong>xxiv</strong></span> <span class='ocrx_word' id='word_1_827' title='bbox 3125 5037 3238 5100; x_wconf 84' lang='lat' dir='ltr'><strong>,.in</strong></span> <span class='ocrx_word' id='word_1_828' title='bbox 3280 5054 3382 5108; x_wconf 85' lang='lat' dir='ltr'><strong>qua</strong></span> <span class='ocrx_word' id='word_1_829' title='bbox 3424 5042 3689 5100; x_wconf 88' lang='lat' dir='ltr'><strong>rationem</strong></span> 
     </span>
    </p>
   </div>
   <div class='ocr_carea' id='block_1_113' title="bbox 2092 5125 3689 5206">
    <p class='ocr_par' dir='ltr' id='par_1_113' title="bbox 2092 5125 3689 5206">
     <span class='ocr_line' id='line_1_113' title="bbox 2092 5125 3689 5206; baseline 0.005 -22"><span class='ocrx_word' id='word_1_830' title='bbox 2092 5128 2266 5185; x_wconf 89' lang='lat' dir='ltr'><strong>reddit</strong></span> <span class='ocrx_word' id='word_1_831' title='bbox 2294 5143 2391 5184; x_wconf 89' lang='lat' dir='ltr'><strong>cur</strong></span> <span class='ocrx_word' id='word_1_832' title='bbox 2413 5140 2580 5183; x_wconf 89' lang='lat' dir='ltr'><strong>novos</strong></span> <span class='ocrx_word' id='word_1_833' title='bbox 2599 5125 2848 5193; x_wconf 90' lang='lat' dir='ltr'><strong>clericos,</strong></span> <span class='ocrx_word' id='word_1_834' title='bbox 2880 5126 3183 5184; x_wconf 88' lang='lat' dir='ltr'><strong>inconsulto</strong></span> <span class='ocrx_word' id='word_1_835' title='bbox 3209 5131 3382 5199; x_wconf 83' lang='lat' dir='ltr'><strong>clero,</strong></span> <span class='ocrx_word' id='word_1_836' title='bbox 3409 5145 3645 5192; x_wconf 86' lang='lat' dir='ltr'><strong>creasset</strong></span> <span class='ocrx_word' id='word_1_837' title='bbox 3671 5155 3689 5206; x_wconf 91' lang='lat'><strong>;</strong></span> 
     </span>
    </p>
   </div>
   <div class='ocr_carea' id='block_1_114' title="bbox 2091 5219 3685 5295">
    <p class='ocr_par' dir='ltr' id='par_1_114' title="bbox 2091 5219 3685 5295">
     <span class='ocr_line' id='line_1_114' title="bbox 2091 5219 3685 5295; baseline 0.004 -16"><span class='ocrx_word' id='word_1_838' title='bbox 2091 5238 2412 5294; x_wconf 88' lang='lat' dir='ltr'><strong>quamquam</strong></span> <span class='ocrx_word' id='word_1_839' title='bbox 2463 5237 2531 5277; x_wconf 89' lang='lat' dir='ltr'><strong>ne</strong></span> <span class='ocrx_word' id='word_1_840' title='bbox 2559 5220 2611 5276; x_wconf 92' lang='lat' dir='ltr'><strong>id</strong></span> <span class='ocrx_word' id='word_1_841' title='bbox 2641 5219 2856 5292; x_wconf 84' lang='lat' dir='ltr'><strong>quidem</strong></span> <span class='ocrx_word' id='word_1_842' title='bbox 2878 5263 2894 5290; x_wconf 92' lang='lat'><strong>,</strong></span> <span class='ocrx_word' id='word_1_843' title='bbox 2929 5222 3228 5280; x_wconf 86' lang='lat' dir='ltr'><strong>inconsulto</strong></span> <span class='ocrx_word' id='word_1_844' title='bbox 3255 5226 3444 5295; x_wconf 90' lang='lat' dir='ltr'><strong>clero,</strong></span> <span class='ocrx_word' id='word_1_845' title='bbox 3486 5227 3685 5287; x_wconf 86' lang='lat' dir='ltr'><strong>factum</strong></span> 
     </span>
    </p>
   </div>
   <div class='ocr_carea' id='block_1_115' title="bbox 2093 5313 3682 5392">
    <p class='ocr_par' dir='ltr' id='par_1_115' title="bbox 2093 5313 3682 5392">
     <span class='ocr_line' id='line_1_115' title="bbox 2093 5313 3682 5392; baseline 0.002 -19"><span class='ocrx_word' id='word_1_846' title='bbox 2093 5331 2214 5373; x_wconf 85' lang='lat' dir='ltr'><strong>esse</strong></span> <span class='ocrx_word' id='word_1_847' title='bbox 2241 5315 2608 5380; x_wconf 88' lang='lat' dir='ltr'><strong>demonstrat;</strong></span> <span class='ocrx_word' id='word_1_848' title='bbox 2634 5313 2894 5383; x_wconf 81' lang='lat' dir='ltr'><strong>siquidem</strong></span> <span class='ocrx_word' id='word_1_849' title='bbox 2920 5314 3038 5369; x_wconf 84' lang='lat' dir='ltr'><strong>illos</strong></span> <span class='ocrx_word' id='word_1_850' title='bbox 3067 5332 3084 5365; x_wconf 80' lang='grc' dir='ltr'><strong>ι</strong></span> <span class='ocrx_word' id='word_1_851' title='bbox 3109 5315 3456 5386; x_wconf 85' lang='lat' dir='ltr'><strong>jampridem,</strong></span> <span class='ocrx_word' id='word_1_852' title='bbox 3490 5321 3682 5392; x_wconf 86' lang='lat' dir='ltr'><strong>inquit,</strong></span> 
     </span>
    </p>
   </div>
   <div class='ocr_carea' id='block_1_116' title="bbox 2091 5409 3686 5486">
    <p class='ocr_par' dir='ltr' id='par_1_116' title="bbox 2091 5409 3686 5486">
     <span class='ocr_line' id='line_1_116' title="bbox 2091 5409 3686 5486; baseline 0.004 -19"><span class='ocrx_word' id='word_1_853' title='bbox 2091 5411 2364 5470; x_wconf 84' lang='lat' dir='ltr'><strong>communi</strong></span> <span class='ocrx_word' id='word_1_854' title='bbox 2391 5409 2617 5465; x_wconf 91' lang='lat' dir='ltr'><strong>consilio</strong></span> <span class='ocrx_word' id='word_1_855' title='bbox 2641 5409 2787 5465; x_wconf 90' lang='lat' dir='ltr'><strong>clero</strong></span> <span class='ocrx_word' id='word_1_856' title='bbox 2818 5409 3093 5478; x_wconf 82' lang='lat' dir='ltr'><strong>proximos</strong></span> <span class='ocrx_word' id='word_1_857' title='bbox 3124 5409 3444 5482; x_wconf 87' lang='lat' dir='ltr'><strong>feceramus,</strong></span> <span class='ocrx_word' id='word_1_858' title='bbox 3470 5417 3686 5486; x_wconf 89' lang='lat' dir='ltr'><strong>quando</strong></span> 
     </span>
    </p>
   </div>
   <div class='ocr_carea' id='block_1_117' title="bbox 2091 5498 3689 5572">
    <p class='ocr_par' dir='ltr' id='par_1_117' title="bbox 2091 5498 3689 5572">
     <span class='ocr_line' id='line_1_117' title="bbox 2091 5498 3689 5572; baseline 0.001 -10"><span class='ocrx_word' id='word_1_859' title='bbox 2091 5513 2185 5562; x_wconf 84' lang='lat' dir='ltr'><strong>aut</strong></span> <span class='ocrx_word' id='word_1_860' title='bbox 2235 5504 2432 5559; x_wconf 86' lang='lat' dir='ltr'><strong>Saturo</strong></span> <span class='ocrx_word' id='word_1_861' title='bbox 2479 5500 2568 5557; x_wconf 86' lang='lat' dir='ltr'><strong>die</strong></span> <span class='ocrx_word' id='word_1_862' title='bbox 2606 5498 2826 5555; x_wconf 75' lang='lat' dir='ltr'><strong>Pascha:</strong></span> <span class='ocrx_word' id='word_1_863' title='bbox 2863 5499 3029 5555; x_wconf 86' lang='lat' dir='ltr'><strong>semel</strong></span> <span class='ocrx_word' id='word_1_864' title='bbox 3069 5509 3230 5572; x_wconf 88' lang='lat' dir='ltr'><strong>atque</strong></span> <span class='ocrx_word' id='word_1_865' title='bbox 3267 5503 3460 5560; x_wconf 89' lang='lat' dir='ltr'><strong>iterum</strong></span> <span class='ocrx_word' id='word_1_866' title='bbox 3502 5507 3689 5564; x_wconf 83' lang='lat' dir='ltr'><strong>lcetio-</strong></span> 
     </span>
    </p>
   </div>
   <div class='ocr_carea' id='block_1_118' title="bbox 2093 5591 3687 5668">
    <p class='ocr_par' dir='ltr' id='par_1_118' title="bbox 2093 5591 3687 5668">
     <span class='ocr_line' id='line_1_118' title="bbox 2093 5591 3687 5668; baseline -0.002 -11"><span class='ocrx_word' id='word_1_867' title='bbox 2093 5614 2218 5657; x_wconf 85' lang='lat' dir='ltr'><strong>nem</strong></span> <span class='ocrx_word' id='word_1_868' title='bbox 2264 5595 2542 5662; x_wconf 74' lang='lat' dir='ltr'><strong>dedimus,</strong></span> <span class='ocrx_word' id='word_1_869' title='bbox 2585 5603 2678 5646; x_wconf 85' lang='lat' dir='ltr'><strong>aut</strong></span> <span class='ocrx_word' id='word_1_870' title='bbox 2715 5591 2876 5648; x_wconf 87' lang='lat' dir='ltr'><strong>modo</strong></span> <span class='ocrx_word' id='word_1_871' title='bbox 2915 5607 3037 5648; x_wconf 89' lang='lat' dir='ltr'><strong>cum</strong></span> <span class='ocrx_word' id='word_1_872' title='bbox 3075 5595 3400 5668; x_wconf 86' lang='lat' dir='ltr'><strong>presbyteris</strong></span> <span class='ocrx_word' id='word_1_873' title='bbox 3449 5597 3687 5654; x_wconf 84' lang='lat' dir='ltr'><strong>doctori-</strong></span> 
     </span>
    </p>
   </div>
   <div class='ocr_carea' id='block_1_119' title="bbox 2093 5686 3693 5760">
    <p class='ocr_par' dir='ltr' id='par_1_119' title="bbox 2093 5686 3693 5760">
     <span class='ocr_line' id='line_1_119' title="bbox 2093 5686 3693 5760; baseline -0.001 -10"><span class='ocrx_word' id='word_1_874' title='bbox 2093 5696 2194 5752; x_wconf 76' lang='lat' dir='ltr'><strong>bus</strong></span> <span class='ocrx_word' id='word_1_875' title='bbox 2222 5692 2448 5748; x_wconf 84' lang='lat' dir='ltr'><strong>lectores</strong></span> <span class='ocrx_word' id='word_1_876' title='bbox 2495 5686 2779 5758; x_wconf 84' lang='lat' dir='ltr'><strong>diligenter</strong></span> <span class='ocrx_word' id='word_1_877' title='bbox 2818 5686 3201 5756; x_wconf 84' lang='lat' dir='ltr'><strong>probaremus,</strong></span> <span class='ocrx_word' id='word_1_878' title='bbox 3257 5689 3510 5760; x_wconf 87' lang='lat' dir='ltr'><strong>Optatum</strong></span> <span class='ocrx_word' id='word_1_879' title='bbox 3551 5694 3693 5749; x_wconf 85' lang='lat' dir='ltr'><strong>inter</strong></span> 
     </span>
    </p>
   </div>
   <div class='ocr_carea' id='block_1_120' title="bbox 2096 5779 3694 5856">
    <p class='ocr_par' dir='ltr' id='par_1_120' title="bbox 2096 5779 3694 5856">
     <span class='ocr_line' id='line_1_120' title="bbox 2096 5779 3694 5856; baseline 0.001 -11"><span class='ocrx_word' id='word_1_880' title='bbox 2096 5789 2334 5847; x_wconf 71' lang='lat' dir='ltr'><strong>lectores</strong></span> <span class='ocrx_word' id='word_1_881' title='bbox 2355 5784 2632 5843; x_wconf 81' lang='lat' dir='ltr'><strong>doctorem</strong></span> <span class='ocrx_word' id='word_1_882' title='bbox 2681 5779 3007 5839; x_wconf 82' lang='lat' dir='ltr'><strong>audientium</strong></span> <span class='ocrx_word' id='word_1_883' title='bbox 3056 5783 3466 5856; x_wconf 83' lang='lat' dir='ltr'><strong>constituimus,</strong></span> <span class='ocrx_word' id='word_1_884' title='bbox 3490 5788 3694 5846; x_wconf 82' lang='lat' dir='ltr'><strong>exami-</strong></span> 
     </span>
    </p>
   </div>
  </div>
