4172 6264
484 266 579 327 lll

485 395 676 443 naiues
716 401 782 442 au
810 393 1160 458 congruerent
1207 384 1312 440 illis
1357 382 1533 439 omnia
1579 398 1693 454 qua:
1723 401 1844 442 esse
1880 386 2078 442 debent

484 481 537 535 iu
583 482 665 537 his
691 481 780 552 qui
822 480 886 537 ad
918 480 1118 535 clerum
1152 477 1493 548 parabantur.
1532 496 1552 529 ι
1587 477 1944 548 Sequentibus
1974 478 2099 535 sm?

485 578 620 632 culis
660 591 765 630 non
818 575 962 631 clero
1005 573 1178 628 solum
1219 573 1481 643 proximi,
1530 572 1624 629 sed
1677 572 1836 629 etiam
1881 574 2076 629 addicti
2142 568 2147 573 ”

486 678 715 726 erantet
736 667 987 739 adscripti
1024 669 1114 739 qui
1151 666 1316 723 semel
1351 675 1407 723 et
1433 667 1622 723 iterum
1652 666 1910 738 legerant.
1944 666 2078 722 llinc

483 763 813 837 Augustinus
840 762 1010 834 Epist.
1062 778 1218 825 Lxut.
1252 762 1635 837 conscientiam
1662 759 1845 819 Severi
1879 760 2075 831 implo-

481 867 565 912 rat
601 876 619 908 ι
655 865 830 911 utrum
874 855 1034 911 homo
1064 856 1152 926 qui
1184 857 1237 910 in
1280 851 1504 911 ecclesia
1557 868 1719 921 mere,
1755 852 1959 924 inquit,
1988 851 2074 907 di-

480 948 810 1020 spensationi
840 947 1039 1004 credita
1063 947 1175 1018 jam
1208 947 1383 1019 legere
1435 957 1665 1017 cmperat
1688 988 1701 1010 ,
1735 956 1789 1002 et
1834 960 1939 1000 non
1983 959 2074 999 se-

480 1043 615 1109 mel,
654 1042 749 1100 sed
782 1043 974 1101 iterum
1021 1050 1075 1097 et
1103 1043 1295 1107 tertio,
1351 1056 1456 1097 non
1498 1040 1662 1097 fuisse
1710 1041 1878 1097 lector
1907 1041 2076 1110 possit

476 1145 570 1191 aut
605 1135 797 1191 debeat
836 1134 1084 1205 judicari.
1120 1153 1140 1187 ι
1182 1134 1466 1191 Decretum
1508 1134 1559 1188 in
1601 1133 1832 1188 concilio
1877 1132 2076 1187 Milevi-

478 1239 604 1285 tauo
628 1239 714 1284 a'n.
745 1227 873 1297 402,
898 1238 956 1283 ut
982 1229 1304 1300 quicumque
1348 1228 1401 1282 in
1429 1227 1656 1284 ecclesia
1686 1226 1767 1282 vel
1797 1225 1963 1282 semel
1990 1226 2072 1281 le-

476 1323 634 1393 gerit,
672 1322 740 1377 ab
768 1320 867 1375 alia
897 1320 1126 1377 ecclesia
1157 1335 1264 1374 non
1296 1328 1558 1375 teneatur.

548 1415 768 1472 Fatetur
803 1430 863 1471 se
894 1416 1102 1470 nescire
1128 1413 1506 1470 Tillemontius
1536 1428 1669 1485 quas
1695 1413 1899 1469 litteras
1926 1412 2070 1468 desi-

473 1518 600 1579 guet
627 1507 927 1580 Cyprianus
965 1507 1115 1562 initio
1154 1505 1316 1577 hujus
1379 1505 1631 1576 Epistulae
1685 1522 1832 1573 xxtv,
1865 1506 1951 1560 ubi
1992 1505 2071 1561 sic

472 1600 747 1673 loquitur:
788 1618 808 1652 ι
854 1600 933 1656 Ne
968 1599 1096 1671 quid
1137 1600 1517 1656 conscientiam
1566 1611 1794 1654 vestram
1843 1599 2067 1670 lateret,

473 1691 667 1748 fratres
705 1690 1041 1760 charissimi,
1086 1691 1210 1764 quid
1259 1683 1387 1746 mih'i
1418 1691 1677 1762 scriptum
1721 1692 1790 1746 sit
1836 1692 2070 1763 quidque

470 1799 571 1855 ego
619 1783 1022 1854 rescripserim,
1067 1785 1342 1855 utriusque
1385 1783 1628 1854 epistola:
1682 1784 1831 1838 vobis
1879 1799 2066 1839 exent-

469 1876 617 1947 plum
662 1875 815 1944 misi,
861 1886 915 1931 et
957 1874 1120 1933 credo
1148 1875 1300 1931 vobis
1356 1875 1407 1931 id
1467 1876 1608 1947 quod
1668 1877 1917 1948 rescripsi
1962 1891 2066 1931 non

470 1966 776 2037 diSpIicere.
808 1986 827 2020 ι
861 1966 1006 2036 Sed,
1052 1983 1174 2025 cum
1211 1968 1509 2040 Cyprianus
1535 1969 1587 2023 in
1610 1967 1848 2040 Epistol‘a
1878 1984 2030 2025 xxvu
2051 2011 2064 2035 ,

469 2075 589 2131 qum
618 2060 777 2131 paulo
804 2069 925 2131 post
952 2060 1091 2116 hanc
1124 2061 1434 2132 vigesimam
1463 2062 1929 2132 quartamscripta
1961 2070 2063 2129 est,

469 2162 694 2215 testetur
714 2169 883 2225 nuper
902 2154 1002 2211 sibi
1028 2153 1311 2225 scripsisse
1336 2152 1594 2225 quosdam
1633 2171 1651 2203 ‹
1688 2152 1757 2209 de
1778 2153 1937 2223 lapsis
1963 2153 2064 2208 hu-

467 2248 622 2304 miles
649 2256 704 2304 et
728 2248 884 2303 mites
902 2290 915 2313 ,
943 2257 999 2303 et
1029 2254 1318 2304 trementes
1357 2256 1411 2302 et
1438 2255 1739 2302 metuentes
1766 2246 1932 2302 Deum
1950 2287 1966 2314 ,
2010 2255 2064 2302 et

464 2339 633 2411 quiin
683 2340 922 2397 Ecclesia
949 2355 1164 2412 semper
1187 2339 1420 2411 gloriose
1460 2349 1514 2395 et
1541 2339 1815 2410 granditer
1857 2338 2063 2410 operati

462 2441 623 2500 sunt;
665 2454 684 2485 ι
746 2448 912 2505 seque
963 2433 1069 2489 illis
1110 2433 1435 2505 gratulatum
1491 2448 1611 2489 esse
1663 2448 1726 2489 ac
1781 2434 2067 2488 Dominum

464 2525 735 2597 diguatum
759 2540 879 2581 esse
906 2544 925 2578 ι
953 2525 1241 2582 ostendere
1264 2525 1391 2597 quid
1414 2525 1679 2597 ejusmodi
1697 2535 1748 2582 ct
1774 2526 1906 2581 tales
1921 2525 2062 2582 servi

462 2618 532 2673 de
577 2618 692 2690 ejus
733 2606 1060 2690 benignitate
1088 2628 1426 2686 mereantur;
1467 2638 1486 2672 ι
1535 2618 1764 2675 libenter
1813 2619 2061 2676 credide-

466 2710 568 2765 rim
597 2711 733 2766 hanc
758 2711 1029 2782 lapsorum
1068 2709 1349 2782 epistolam
1383 2717 1437 2766 et
1463 2709 1714 2783 Cypriani
1749 2710 2062 2781 responsio-

461 2818 585 2859 nem
622 2803 779 2859 simul
805 2802 873 2858 ad
914 2803 1119 2859 clerum
1149 2802 1528 2875 Carthaginem
1555 2804 1747 2859 missas
1782 2819 1903 2859 esse
1939 2818 2060 2859 eum

466 2896 705 2966 Epistola
760 2912 917 2952 xxw.
956 2884 1072 2951 Non
1103 2894 1293 2951 eadem
1316 2895 1518 2952 exstitit
1546 2896 1597 2950 iu
1622 2895 1870 2951 omnibus
1901 2896 2063 2969 lapsis

460 2990 622 3043 animi
659 2988 978 3045 moderatio.
1021 2986 1249 3056 Quidam
1289 2987 1434 3044 enim
1465 2988 1531 3046 ad
1561 2986 1884 3061 Cyprianum
1930 2988 2064 3044 scri-

463 3089 683 3151 pserunt
712 3099 732 3133 ι
767 3095 954 3152 pacem
997 3094 1103 3134 non
1145 3078 1375 3134 dandam
1419 3080 1522 3136 sibi
1559 3079 1922 3151 postulantes,
1966 3078 2062 3135 sed

462 3175 613 3246 quasi
658 3174 770 3245 jam
813 3173 991 3229 datam
1043 3172 1143 3227 sibi
1191 3172 1521 3229 vindicantes
1578 3171 1773 3243 (Epist.
1805 3173 2003 3243 xx1x),
2036 3190 2055 3223 ι

462 3275 539 3333 et,
570 3265 713 3336 quod
735 3264 984 3336 Cypriani
1012 3263 1432 3334 indignationem
1479 3264 1710 3318 maxime
1735 3265 2058 3333 commovit,

460 3356 866 3415 sic‘seribebant
885 3366 939 3411 ut
976 3375 995 3408 ‹
1026 3356 1278 3410 Ecclesia:
1300 3356 1517 3411 nomine
1536 3356 1742 3412 litteras
1766 3356 2020 3413 facerent.
2036 3376 2054 3408 ι

468 3448 695 3520 Scripsit
720 3447 787 3503 ad
828 3462 923 3503 eos
960 3446 1259 3518 Cyprianus
1290 3445 1585 3516 Epistolam
1625 3463 1771 3503 xxvn
1795 3488 1811 3516 ,
1864 3458 1922 3504 ut
1965 3464 2062 3505 eo-

461 3555 581 3597 rum
611 3537 963 3595 temeritatem
991 3537 1327 3608 reprimeret.

537 3633 692 3690 Circa
742 3632 881 3689 idem
935 3642 1148 3703 tempus
1191 3631 1478 3686 certiorem
1532 3630 1680 3687 illum
1721 3631 1846 3688 fecit
1887 3634 2061 3691 clerus

462 3726 901 3798 Carthaginensis
931 3739 993 3781 se
1024 3739 1091 3779 ex
1119 3722 1348 3779 consilio
1378 3723 1756 3795 episcoporum
1799 3726 1891 3796 qui
1928 3726 2060 3782 ade-

463 3833 604 3889 rant,
633 3838 753 3879 eum
779 3820 913 3878 Gaio
939 3818 1191 3875 Diddensi
1212 3861 1228 3887 ,
1256 3818 1479 3891 ejusque
1503 3820 1728 3875 diacono
1756 3821 2059 3876 communi-

463 3915 693 3972 candum
729 3929 835 3969 non
881 3913 1191 3979 censuisse,
1225 3910 1346 3983 quia
1386 3913 1916 3969 eommunieaveraut
1939 3928 2060 3970 cum

469 4008 633 4078 lapsis
659 4022 953 4076 eorumque
978 4004 1276 4060 oblationes
1301 4003 1631 4073 obtulerant,
1679 4016 1732 4061 et
1758 4007 1825 4063 ab
1854 4007 2062 4079 episco-

473 4101 555 4170 pis
584 4098 751 4155 semel
793 4106 952 4168 atque
1000 4097 1194 4153 iterum
1240 4097 1428 4152 moniti
1459 4100 1823 4169 perstiterant.
1856 4101 2079 4171 Laudat,

464 4192 764 4266 Cyprianus
788 4189 918 4247 eleri
955 4190 1037 4245 sui
1067 4188 1632 4261 constantiam,jubct
1680 4201 1738 4246 ut
1779 4193 2059 4263 epistolam

466 4268 628 4359 quam
654 4286 720 4341 ad
766 4298 861 4341 eos
900 4281 1166 4339 scribebat
1192 4280 1312 4354 (est
1345 4291 1522 4337 autem
1554 4282 1809 4353 vigesima
1835 4287 2059 4361 octava)

468 4382 736 4453 episcopis
762 4380 961 4450 legant,
994 4391 1056 4432 ac
1079 4379 1124 4431 si
1151 4376 1272 4446 quis
1308 4374 1376 4430 de
1403 4375 1728 4448 presbyteris
1757 4389 1848 4433 aut
1876 4380 2059 4437 diaco-

467 4476 626 4532 nibus
651 4474 785 4541 suis,
810 4471 896 4528 vel
922 4470 1081 4527 etiam
1104 4467 1171 4523 de
1196 4467 1493 4538 peregrinis
1513 4471 1910 4526 conunuuicare
1938 4487 2060 4528 cum

469 4568 633 4638 lapsis
659 4566 872 4630 audeat,
903 4578 932 4618 a
962 4562 1338 4619 conununionc
1376 4575 1472 4623 sua
1498 4570 1759 4617 arceatur.
1797 4563 1933 4620 Cttm
1961 4581 2059 4620 au-

470 4672 577 4718 tem
608 4658 885 4716 consultus
911 4655 1069 4711 etiam
1102 4670 1129 4707 a
1161 4653 1307 4709 clero
1334 4651 1523 4709 fuisset
1548 4652 1616 4709 de
1662 4654 1976 4727 Philomeno
2007 4667 2062 4713 et

467 4756 762 4812 Fortunato
808 4748 1193 4822 hypodiacouis
1233 4757 1291 4803 et
1330 4746 1594 4803 Favorino
1620 4748 1870 4821 acolytho
1892 4791 1908 4817 ,
1936 4752 2057 4822 qui,

465 4863 588 4906 eum
616 4845 793 4902 medio
830 4855 1072 4914 tempore
1109 4841 1520 4908 discessissent,
1552 4856 1724 4913 nuper
1753 4842 2056 4911 redierant,

466 4951 677 5012 tempus
703 4938 860 5009 lmjus
886 4939 964 4992 rei
994 4934 1351 5005 dijudieandm
1373 4933 1609 4989 nondum
1637 4949 1758 4991 esse
1788 4935 2059 4992 existima-

464 5033 574 5100 vit,
597 5046 664 5086 eo
690 5028 831 5100 quod
854 5026 1007 5082 multi
1031 5025 1206 5081 adhuc
1230 5024 1297 5081 de
1321 5026 1467 5081 clero
1488 5026 1759 5093 abessent,
1788 5042 1850 5082 ae
1876 5030 2060 5100 singu-

462 5126 639 5183 lorum
671 5121 943 5179 tractanda
991 5129 1137 5176 esset
1172 5127 1227 5173 ct
1255 5118 1485 5173 limanda
1534 5119 1744 5189 penitus
1769 5122 1906 5189 ratio
1947 5138 2054 5179 non

464 5225 670 5272 tantum
695 5230 818 5272 cum
846 5211 1088 5284 collegis,
1113 5209 1207 5266 sed
1234 5217 1434 5265 etcum
1463 5209 1616 5280 plebe
1647 5211 1760 5281 ipsa
1784 5212 2053 5271 universa.

459 5308 646 5380 Itaque
682 5307 868 5364 statuit
896 5316 953 5363 ut
991 5324 1010 5358 ι
1047 5302 1261 5361 interim
1305 5318 1365 5359 se
1390 5318 1421 5358 a
1449 5302 1715 5361 divisione
1762 5321 2052 5367 mensurna

460 5414 668 5462 tantum
722 5402 1061 5467 contineant,
1116 5415 1222 5455 non
1266 5398 1418 5471 quasi
1457 5414 1488 5453 a
1526 5398 1824 5457 ministerio
1875 5404 2052 5460 eccle-

457 5496 675 5553 siastico
716 5493 909 5565 privati
938 5507 1057 5548 esse
1078 5491 1378 5555 videantur,
1408 5490 1502 5547 sed
1548 5502 1607 5547 ut
1632 5491 1853 5565 integris
1881 5496 2053 5551 omni-

452 5590 554 5645 bus
595 5586 662 5643 ad
690 5569 968 5647 nostrum,
1021 5582 1226 5653 inquit,
1284 5583 1620 5653 praesentiam
1650 5583 1985 5643 dillerantur.
2025 5606 2046 5640 ι

452 5681 594 5739 Tum
616 5680 918 5753 Cyprianus
942 5676 1026 5733 his
1066 5675 1136 5733 de
1166 5678 1327 5733 rebus
1354 5676 1578 5732 Romam
1607 5680 1794 5736 scribit
1835 5680 2050 5752 Episto-

453 5776 564 5835 lam
616 5790 769 5841 xxix,
800 5788 897 5846 per
939 5771 1285 5831 Fortunatam
1311 5771 1754 5844 hypodiaeonum,
1782 5773 2051 5849 simulque

1697 263 1855 325 VITA
1897 267 2138 328 SANCTI
2171 255 2516 323 CYl‘RlANl.

3683 274 3790 333 “‘2

2187 383 2346 440 mittit
2377 391 2429 437 et
2458 381 2730 452 lapsorum
2760 382 3039 452 epistulam
3080 392 3133 440 et
3164 396 3478 457 responsum
3509 399 3666 443 suum
3688 430 3702 453 ,
3733 397 3790 445 et

2186 492 2320 549 quas
2352 486 2535 546 postea
2563 475 2629 530 ad
2658 477 2858 531 elerum
2891 477 3258 547 rescripserat.

2257 571 2347 626 Sic
2389 582 2566 626 autem
2614 571 2753 627 inter
2790 587 2867 645 se:
2895 586 3046 627 nexa:
3086 580 3211 627 sunt
3251 582 3359 628 tres
3400 572 3502 626 illa:
3547 574 3740 628 littera:
3767 615 3784 641 ,

2188 680 2381 734 nempe
2416 680 2527 729 xv,
2588 680 2755 731 xxtu,
2812 680 2937 721 xxrx
2964 705 2979 731 ,
3042 680 3173 735 quas
3231 665 3457 720 Romam
3499 666 3642 720 misit
3677 664 3787 738 Cy-

2185 756 2422 826 prianus,
2458 763 2515 808 ut
2545 770 2679 824 pene
2706 756 3045 811 continenter
3073 756 3288 827 scripta:
3332 756 3632 812 videantur.
3667 757 3784 812 Non

2187 847 2409 902 dubimn
2457 856 2541 901 cst
2588 848 2715 918 quin
2771 847 3010 919 Epistula
3074 863 3248 912 xxut,
3295 861 3392 918 per
3435 842 3684 905 Saturum
3731 858 3787 904 et

2182 938 2434 1011 Optatutn
2474 940 2635 996 missa
2669 940 2772 1005 sit,
2819 951 3103 1011 antequam
3149 940 3340 996 Clerus
3386 940 3659 996 Romanus
3696 953 3789 997 ‘re-

2182 1035 2486 1106 spondisset
2517 1033 2771 1105 Epistula:
2804 1049 2905 1100 xv;
2940 1032 3203 1103 siquidem
3231 1034 3413 1104 utique
3462 1032 3651 1089 Clerus
3682 1033 3786 1089 Ro-

2182 1143 2374 1183 manus
2392 1126 2583 1182 eodem
2611 1125 2858 1195 exemplo
2901 1123 3194 1195 respondit.
3239 1125 3542 1191 Quinetiam
3579 1134 3787 1196 postre-

2181 1237 2267 1277 ma
2302 1263 2316 1283 .
2344 1236 2465 1293 qurc
2517 1237 2613 1291 per
2656 1218 3003 1279 Fortunatam
3057 1218 3220 1274 missa
3259 1230 3374 1291 est,
3418 1229 3542 1275 ante
3585 1220 3785 1290 scripta

2181 1313 2393 1370 videtur
2434 1328 2591 1384 quam
2627 1311 2924 1383 Cyprianus
2969 1311 3169 1367 litteras
3217 1311 3584 1368 Romanorum
3634 1328 3786 1368 acce-

2182 1407 2370 1477 pisset.
2404 1405 2535 1461 Nam
2559 1405 2741 1476 procul
2770 1404 2933 1460 dubio
2966 1420 3062 1475 pro
3092 1420 3425 1465 summasua
3456 1410 3785 1463 humanitate

2181 1499 2379 1570 gratias
2410 1499 2512 1553 illis
2541 1497 2735 1567 egisset
2770 1496 2912 1568 quod
2951 1497 3052 1552 sibi
3084 1500 3135 1552 in
3188 1498 3584 1554 mulestissimis
3623 1499 3785 1556 rebus

2186 1601 2331 1647 tanto
2346 1591 2537 1647 solatio
2557 1591 2908 1647 exstitissent.
2934 1590 3137 1646 Deinde
3156 1607 3306 1660 vero,
3330 1592 3781 1662 quemadmodum

2187 1683 2485 1757 Cyprianus
2514 1699 2607 1755 per
2633 1685 2882 1740 Saturum
2909 1691 2963 1738 et
2988 1683 3239 1752 Optatum
3269 1685 3509 1740 scribens
3534 1685 3779 1744 dicebat:

2188 1798 2207 1828 ι
2256 1778 2386 1835 Post
2414 1779 2581 1834 factas
2607 1778 2673 1833 ad
2703 1792 2802 1833 vos
2825 1777 3147 1834 litteras.....
3173 1778 3316 1834 aliud
3346 1777 3600 1843 accessit,
3636 1778 3779 1851 quod

2179 1889 2278 1929 nec
2305 1873 2478 1942 ipsum
2529 1872 2694 1928 latere
2732 1887 2830 1928 vos
2866 1872 3084 1940 debuit;
3122 1891 3141 1924 ι
3173 1873 3250 1928 sic
3275 1874 3434 1929 etiam
3463 1874 3512 1928 in
3550 1874 3779 1945 epistola

2180 1981 2275 2036 per
2312 1965 2661 2019 Fortunatum
2706 1964 2867 2019 missa
2904 1964 3079 2019 dixit:
3114 1983 3134 2017 ι
3174 1965 3523 2036 Posteaquam
3570 1966 3638 2021 ad
3682 1982 3778 2023 vos

2179 2059 2382 2115 litteras
2427 2058 2558 2126 feci,
2617 2074 2751 2130 quas
2792 2057 2914 2112 misi
2970 2058 3065 2129 per
3110 2058 3357 2115 Saturum
3424 2059 3675 2115 lectorem
3724 2068 3778 2117 et

2178 2153 2430 2223 Optatum
2472 2151 2938 2225 hypodiaconum,
2987 2150 3175 2207 fratres
3217 2154 3382 2207 nostri
3414 2152 3481 2208 de
3522 2168 3779 2223 quorum-

2175 2244 2297 2301 dam
2351 2251 2635 2316 prospecta
2690 2244 3022 2309 temeritate,
3075 2244 3161 2315 qui
3214 2244 3577 2313 partiitentiam
3617 2260 3778 2316 agere

2176 2348 2230 2394 et
2261 2339 2372 2393 Deo
2409 2336 2716 2393 satisfacere
2754 2336 3090 2400 detrectant,
3137 2336 3337 2392 litteras
3385 2337 3450 2391 ad
3499 2353 3583 2393 me
3633 2338 3777 2394 fece-

2175 2442 2322 2487 rtmt.
2368 2451 2386 2484 ι
2421 2431 2801 2501 Quamobrem,
2845 2445 2965 2485 cum
3021 2444 3141 2485 sese
3179 2430 3417 2500 proxime
3469 2441 3776 2487 consecuta:

2173 2523 2278 2579 siut
2323 2523 2587 2596 ejusmodi
2642 2523 2876 2588 litterrc,
2944 2522 3212 2577 immerito
3261 2531 3557 2592 postremas
3602 2523 3776 2595 rejicit

2176 2615 2501 2673 Pearsonius
2529 2619 2580 2671 iu
2627 2632 2867 2672 mensem
2912 2615 3217 2681 octobrcm;
3260 2631 3436 2688 neque
3474 2618 3616 2673 enim
3665 2628 3773 2674 tam

2176 2725 2300 2765 sero
2322 2709 2651 2766 collocanda:
2679 2720 2826 2776 sunt,
2854 2717 3048 2781 utqua:
3074 2719 3198 2765 ante
3226 2720 3501 2781 acceptum
3533 2713 3775 2784 epistola:

2173 2802 2314 2859 Julio
2337 2805 2555 2860 ineunte
2581 2803 2795 2873 scripta:
2822 2816 3138 2873 responsum
3162 2803 3339 2858 misszc
3356 2803 3573 2860 fuerint.
3603 2808 3777 2878 Atque

2173 2894 2287 2967 ipsa
2315 2897 2479 2952 etiam
2512 2894 2654 2951 Cleri
2700 2895 2928 2950 Romani
2956 2896 3239 2965 responsio
3269 2896 3428 2952 nimis
3452 2913 3574 2953 sero
3606 2898 3778 2953 collo-

2171 2994 2282 3048 cari
2311 2991 2520 3048 videtur
2549 3005 2734 3048 mense
2781 2991 3096 3061 septembri.
3125 2991 3286 3047 Multa
3316 2994 3457 3048 enim
3485 3008 3777 3049 concurre-

2172 3087 2304 3143 bant
2355 3102 2452 3143 cur
2517 3085 2624 3143 cito
2676 3086 2900 3141 Romani
2947 3087 3392 3157 responderent:
3446 3088 3778 3159 perturbatio

2172 3180 2414 3236 ecclesia:
2454 3178 2889 3251 Cartliaginensis
2927 3179 3161 3236 celerem
3192 3180 3507 3235 medicinam
3534 3180 3771 3251 postula-

2170 3274 2301 3339 bat;
2332 3272 2661 3329 detrahenda
2706 3281 2823 3328 erat
2859 3271 3128 3344 Cypriano
3170 3273 3447 3340 molestia,
3493 3287 3650 3343 quam
3693 3271 3772 3328 illi

2173 3366 2536 3423 Romanorum
2564 3366 2840 3422 silentium
2878 3376 2935 3421 et
2971 3365 3164 3435 iniqua:
3197 3366 3530 3436 suspiciones
3570 3367 3770 3423 attule-

2175 3470 2316 3515 rant.
2348 3459 2685 3515 Probabilius
2705 3473 2834 3531 ergo
2865 3468 2947 3515 est
2974 3458 3088 3529 ipso
3108 3472 3294 3515 mense
3315 3468 3538 3530 augusto
3561 3459 3772 3539 venisse

2173 3553 2611 3624 prarelarissimas
2667 3554 2784 3609 illas
2827 3551 2968 3608 Cleri
3016 3551 3241 3607 Romani
3284 3562 3340 3608 et
3392 3542 3766 3610 confessorum

2171 3646 2397 3711 litteras,
2429 3661 2549 3717 quae
2575 3654 2699 3701 sunt
2726 3645 2866 3716 apud
2894 3645 3044 3699 Pam.
3091 3659 3218 3698 xxxi
3246 3653 3304 3699 et
3335 3660 3488 3712 xxiv,
3546 3662 3612 3702 ac
3654 3656 3768 3704 tum

2171 3738 2426 3809 Epistula:
2468 3754 2560 3806 xv,
2632 3753 2792 3810 quam
2839 3737 3138 3809 Cyprianus
3184 3738 3439 3809 purgandi
3480 3741 3562 3795 sui
3606 3755 3771 3799 causa

2171 3834 2490 3905 scripserat,
2520 3844 2629 3888 tum
2656 3834 2816 3889 etiam
2859 3828 2931 3887 illi
2975 3848 3133 3904 quam
3184 3843 3368 3904 postea
3399 3849 3491 3904 per
3513 3833 3768 3894 Saturum

2171 3936 2225 3982 et
2253 3926 2504 3998 Optatum
2546 3926 2709 3992 misit,
2755 3926 3008 3982 eximiam
3040 3926 3442 3997 responsionem
3470 3929 3766 3987 continent.

2169 4020 2526 4088 Novatianus,
2586 4030 2644 4076 ut
2698 4020 3022 4092 perspicitur
3066 4036 3132 4077 ex
3181 4020 3352 4091 Epist.
3404 4037 3474 4077 ιιι
3514 4023 3769 4095 Cypriani

2171 4113 2249 4185 (p.
2280 4113 2398 4186 67),
2430 4114 2645 4185 scripsit
2683 4113 2821 4169 hanc
2847 4112 3126 4184 epistolam
3148 4129 3294 4182 xxxi,
3324 4129 3547 4185 quacum
3575 4115 3769 4175 Clerus

2170 4206 2443 4262 Romanus
2472 4206 2629 4262 simul
2661 4205 2725 4261 ad
2752 4204 3079 4278 Cyprianum
3108 4206 3252 4261 misit
3279 4206 3482 4264 litteras
3509 4207 3768 4268 Ecclesia:

2170 4299 2426 4355 Romanae
2454 4300 2671 4354 nomine
2700 4297 2755 4353 in
2779 4298 3013 4354 Siciliam
3038 4297 3288 4368 scriptas.

2242 4390 2471 4446 Tantum
2503 4389 2676 4446 solatii
2701 4405 2767 4445 ex
2797 4387 2879 4444 his
2895 4387 3035 4445 Cleri
3065 4388 3292 4444 Romani
3319 4400 3375 4447 et
3398 4390 3769 4451 confessorum

2175 4482 2368 4539 litteris
2394 4482 2633 4554 percepit
2661 4480 2982 4553 Cyprianus,
3015 4496 3212 4552 easque
3238 4483 3488 4539 omnibus
3512 4484 3648 4540 adeo
3668 4487 3771 4542 uti-

2170 4576 2248 4631 les
2290 4573 2405 4630 fore
2444 4573 2738 4644 judicavit,
2764 4582 2821 4629 ut
2846 4572 3041 4630 Saturo
3062 4614 3077 4641 ,
3107 4574 3197 4644 qui
3229 4588 3321 4629 eas
3356 4574 3571 4632 videtur
3597 4577 3767 4634 Roma

2169 4667 2448 4735 retulisse,
2489 4666 2825 4723 mandaverit
2864 4675 2924 4721 ut
2953 4666 3175 4736 singulis
3210 4665 3640 4726 desiderantibus
3672 4671 3768 4728 de-

2168 4759 2436 4816 scribendi
2476 4767 2797 4830 potestatem
2843 4758 3059 4814 faceret.
3106 4756 3230 4813 Illas
3262 4758 3425 4815 etiam
3467 4760 3533 4816 ad
3560 4762 3765 4819 clerum

2167 4868 2322 4908 suum
2362 4852 2507 4907 misit
2547 4867 2670 4907 eum
2710 4852 2774 4907 iis
2817 4865 2949 4922 quas
2992 4847 3220 4904 Romam
3275 4849 3392 4921 ipse
3435 4851 3762 4923 scripserat,

2167 4944 2329 5013 simul
2379 4945 2697 5015 prtecipiens
2757 4943 2895 5015 (per
2934 4942 3230 5013 Epistolam
3267 4942 3450 5016 χχιιι)
3489 4954 3545 5000 ιιι
3584 4954 3639 5000 et
3665 4960 3761 5003 sua

2106 5109 2110 5113 θ
2166 5039 2364 5109 scripta
2414 5047 2468 5093 et
2514 5038 2729 5094 illorum
2777 5038 3036 5108 rescripta
3076 5036 3329 5091 fratribus
3371 5039 3755 5107 innotescant;

2166 5129 2261 5186 sed
2286 5138 2370 5197 et,
2421 5131 2465 5185 si
2501 5130 2591 5202 qui
2636 5129 2705 5185 de
2738 5129 3034 5202 peregrinis
3071 5128 3311 5201 episcopi
3336 5127 3422 5183 vel
3459 5131 3761 5202 presbyteri

2155 5220 2250 5276 .vel
2286 5218 2541 5277 diacones
2597 5230 2895 5290 praesentes
2938 5218 3149 5291 fuerint
3186 5217 3269 5275 vel
3309 5221 3761 5291 superveneriut,

2163 5312 2281 5369 haec
2304 5313 2483 5369 omnia
2512 5313 2762 5381 audiant,
2795 5322 2850 5368 et
2884 5313 2929 5368 si
2960 5312 3207 5384 exempla
3235 5312 3580 5383 epistolarqu
3609 5325 3761 5373 tran-

2162 5404 2401 5462 scribere
2435 5414 2492 5461 et
2532 5405 2600 5460 ad
2650 5419 2778 5461 suos
2828 5404 3069 5477 perferre
3112 5405 3400 5472 voluerint,
3450 5406 3760 5467 facultatem

2162 5499 2589 5571 transcriptiouis
2641 5499 2923 5571 accipiant.
2981 5499 3248 5556 Discimus
3284 5514 3353 5555 ex
3397 5499 3635 5571 Epistola
3691 5517 3762 5561 ιιι

2159 5591 2411 5664 Cypriani
2435 5591 2532 5648 has
2545 5591 2691 5649 Cleri
2712 5591 2939 5649 Romani
2962 5592 3169 5649 litteras
3187 5606 3285 5663 per
3303 5600 3471 5647 totum
3500 5593 3760 5652 mundum

2160 5683 2354 5740 missas
2368 5682 2556 5752 fuisse,
2581 5692 2637 5741 et
2660 5686 2713 5741 in
2739 5687 2983 5743 notitiam
3008 5685 3256 5743 ecclesiis
3282 5685 3532 5743 omnibus
3561 5694 3618 5742 et
3641 5690 3760 5744 uni-

2158 5777 2333 5836 versis
2346 5775 2595 5837 lratribus
2609 5779 2846 5851 perlatas
2858 5778 3041 5839 fuisse.
3063 5778 3198 5837 Hinc
3208 5777 3453 5837 declarat
3467 5779 3519 5837 in
3537 5778 3639 5853 Ep.
3664 5796 3753 5856 xc,
