4172 6264
397 427 505 492 115

399 564 516 621 qua:
564 550 762 622 scripta
808 560 893 608 est
942 546 1114 609 initio
1146 567 1236 608 an.
1290 552 1437 622 251,
1496 553 1663 610 semel
1724 552 1990 624 placuisse

406 661 425 695 ι
471 652 575 698 tam
606 643 763 699 nobis
786 685 802 710 ,
831 646 1001 716 inquit
1026 688 1040 710 ,
1071 662 1229 717 quam
1258 646 1661 704 confessoribus
1698 656 1753 703 et
1782 646 1992 702 clericis

399 736 628 805 urbicis,
682 738 808 794 item
853 740 1117 796 universis
1159 741 1425 812 episcopis
1458 740 1541 798 vel
1574 742 1623 797 in
1654 748 1831 797 nostra
1864 755 1990 810 pro-

397 828 566 884 vincia
613 830 696 885 vel
724 841 870 886 trans
894 846 1043 887 mare
1086 833 1420 900 constitutis,
1451 842 1507 887 ut
1548 832 1680 888 nihil
1709 834 1993 888 innovetur

396 923 535 978 εἰναι
575 923 847 992 lapsorum
878 938 1131 989 causam,
1186 925 1287 981 nisi
1338 939 1527 981 omnes
1567 926 1619 980 in
1666 940 1830 980 unum
1857 939 1989 980 con-

396 1014 737 1081 venerimus,
770 1024 872 1071 etc.
915 1034 934 1068 ι
971 1015 1087 1071 Non
1117 1016 1289 1072 multo
1324 1024 1445 1087 post
1486 1014 1673 1072 Clerus
1714 1015 1990 1070 Romanus

395 1107 449 1164 in
493 1107 742 1165 eamdem
784 1110 1103 1165 sententiam
1146 1109 1423 1181 respondit
1467 1110 1657 1166 litteris
1701 1108 1988 1180 Cypriani,

397 1215 514 1271 quae
542 1201 756 1269 scripta:
791 1201 1029 1273 quidem,
1061 1211 1120 1258 ut
1140 1202 1252 1272 jam
1278 1201 1541 1266 diximus,
1574 1211 1859 1271 antequam
1890 1199 1989 1253 Sa-

398 1302 547 1349 turus
574 1293 825 1350 rediissct
848 1334 861 1360 ,
889 1294 985 1349 sed
1017 1304 1192 1350 tamen
1223 1302 1502 1365 postquam
1535 1292 1624 1347 ille
1665 1292 1834 1346 lluina
1864 1305 1989 1360 proo-

395 1386 568 1443 fectus
592 1386 782 1451 fuerat,
816 1385 869 1441 in
902 1385 1039 1442 hanc
1068 1386 1252 1442 urbem
1280 1399 1309 1439 a
1336 1384 1631 1441 Fortunato
1659 1381 1989 1440 subdiacono

394 1480 649 1551 perlatae,
682 1479 1056 1536 necessitatem
1083 1477 1243 1534 Clero
1268 1478 1513 1533 Romano
1555 1477 1848 1532 attulerunt
1892 1474 1991 1530 ite-

394 1588 519 1629 rum
549 1572 838 1628 scribendi.
870 1572 997 1627 Haec
1043 1571 1279 1642 Epistola
1306 1571 1446 1641 apud
1516 1571 1664 1624 Pam.
1730 1580 1813 1624 cst
1854 1585 1985 1623 xxx.

393 1667 505 1723 Sub
534 1666 695 1722 liuent
720 1666 961 1736 epistola:
986 1666 1187 1737 gratias
1215 1675 1376 1735 agunt
1408 1664 1673 1736 Cypriane
1699 1662 1841 1734 quod
1891 1676 1990 1716 suo

396 1773 549 1815 more
569 1758 640 1815 de
663 1759 725 1814 iis
741 1774 863 1830 qua:
890 1758 956 1813 ad
986 1756 1253 1814 Privatum
1280 1757 1716 1813 Lambesitanum
1746 1764 1990 1827 spectant

392 1850 739 1909 nuntiaverit.
765 1851 1044 1906 Deelaranl
1057 1851 1216 1906 etiam
1234 1860 1357 1905 ante
1372 1850 1512 1904 illius
1527 1849 1731 1905 litteras
1749 1848 1988 1904 fraudent

392 1945 570 2001 callidi
600 1944 831 2001 hominis
854 1946 1022 2001 latere
1052 1961 1156 2001 non
1184 1946 1440 2015 potuisse.
1466 1961 1485 1995 ι
1512 1942 1665 2008 Nam,
1692 1958 1813 2001 cum
1840 1951 1990 1998 antc-

392 2038 524 2105 bac,
577 2039 860 2111 inquiunt,
909 2039 1123 2110 quidam
1154 2054 1218 2094 ex
1267 2038 1430 2108 ipsius
1476 2037 1725 2107 nequitia:
1767 2034 1989 2093 cohorte

390 2130 629 2187 venisset
667 2131 972 2187 vexillarius
1012 2130 1205 2186 Privati
1258 2129 1488 2184 Futurus
1533 2139 1583 2184 et
1624 2128 1989 2184 fraudulenter

389 2226 595 2283 litteras
646 2240 675 2281 a
730 2226 880 2281 nobis
918 2225 1116 2281 elicere
1158 2233 1403 2293 curaret,
1440 2238 1539 2279 nec
1580 2221 1705 2294 quid
1732 2233 1875 2278 esset
1906 2221 1985 2276 la-

390 2318 527 2388 tnit,
578 2335 677 2374 nec
723 2319 927 2374 litteras
976 2331 1107 2389 quas
1136 2317 1349 2373 volebat
1375 2316 1597 2386 accepit.
1636 2334 1655 2368 ι
1688 2313 1988 2384 Scripserat

385 2427 520 2484 ergo
540 2413 838 2485 Cyprianus
867 2413 1096 2482 aliquam
1124 2411 1193 2467 de
1218 2411 1320 2467 hoc
1349 2410 1565 2465 Privato
1587 2409 1890 2480 epistolam,
1918 2406 1987 2463 de

386 2507 652 2576 quonihil
685 2522 902 2577 prorsus
931 2515 1106 2563 exstat
1146 2506 1198 2560 iu
1242 2505 1410 2560 tribus
1442 2504 1632 2559 litteris
1670 2518 1802 2574 quas
1831 2516 1982 2556 com-

387 2599 803 2655 memoravimus
821 2617 844 2665 -;
877 2598 971 2654 sed
994 2598 1108 2653 luet:
1140 2597 1364 2668 epistola
1394 2611 1514 2651 cum
1546 2595 1728 2650 nmltis
1755 2594 1876 2649 aliis
1907 2595 1985 2648 in-

387 2693 622 2748 tercidit.
646 2692 758 2749 Non
779 2692 996 2748 dubium
1014 2700 1098 2747 est
1122 2692 1248 2761 quin
1270 2692 1349 2745 lia:
1364 2690 1725 2745 Romanorum
1746 2687 1985 2758 epistola:

380 2799 580 2854 magno
609 2784 724 2839 usui
750 2783 1020 2854 Cypriane
1049 2781 1247 2837 fuerint
1276 2783 1326 2835 in
1357 2781 1440 2834 his
1486 2796 1666 2834 rerum
1698 2778 1985 2833 difficulta-

383 2878 567 2942 tibus;
601 2887 763 2947 atque
794 2876 907 2931 lnrc
943 2876 1079 2930 forte
1123 2890 1282 2930 causa
1309 2873 1512 2929 exstitit
1537 2890 1632 2929 cur
1673 2874 1723 2928 in
1746 2873 1986 2941 epistolis

380 2985 520 3040 quas
553 2968 761 3040 reliquo
790 2968 948 3037 hujus
973 2969 1097 3024 anni
1140 2978 1380 3039 tempore
1409 2967 1636 3037 scriptas
1679 2965 1985 3022 recensebi-

381 3079 527 3127 mus,
560 3078 666 3116 non
700 3062 860 3117 iidem
891 3076 1139 3116 curarum
1180 3060 1349 3116 aculei
1396 3059 1718 3130 Cyprianum
1751 3072 1987 3129 pungere

382 3158 688 3221 vidcantur.
737 3156 1064 3224 compressis
1091 3155 1337 3209 videlicet
1379 3155 1445 3209 ad
1478 3162 1686 3229 tempus
1717 3152 1987 3207 seditiosis

382 3261 443 3305 et
466 3249 664 3306 nefaria
694 3249 916 3305 consilia
948 3248 1105 3303 tacite
1138 3246 1558 3313 intendentibus,
1587 3260 1705 3315 qnse
1731 3260 1873 3310 anno
1899 3258 1986 3299 se-

385 3347 570 3417 quenti
592 3346 809 3401 ineunte
838 3343 1097 3412 perficere
1124 3342 1301 3397 conati
1330 3350 1474 3395 sunt.

385 3480 507 3537 XV.
540 3511 607 3520 ——
629 3493 951 3535 PERSECCTIO
988 3491 1348 3533 necnvnascn
1374 3492 1387 3530 :
1417 3491 1519 3530 rxx
1554 3490 1764 3530 rerum
1807 3488 1853 3529 s.
1897 3490 1985 3529 cv-

459 3589 652 3630 PBIANO
681 3588 1016 3629 REVELATUR.
1036 3587 1214 3627 —RES
1244 3585 1463 3626 ιΝτειιιιι
1508 3585 1571 3623 ΑΒ
1613 3584 1679 3626 EO
1704 3583 1884 3625 GEST/E
1916 3584 1983 3623 ET

460 3681 690 3723 sentem;
718 3680 856 3721 anno
878 3663 988 3722 250
1018 3679 1259 3720 EXEUN’IE
1288 3676 1682 3720 necesssnrun.

460 3801 613 3859 Circa
641 3815 880 3857 mensem
910 3800 1182 3857 octobrem
1213 3799 1464 3869 scriptam
1495 3796 1722 3868 conjicio
1767 3784 1980 3867 Episto-

387 3898 494 3954 lam
522 3913 730 3966 xxxvn,
762 3897 812 3952 in
839 3912 942 3967 qua
970 3894 1273 3967 Cyprianus
1314 3891 1656 3963 presbyteros
1700 3898 1753 3945 et
1799 3890 1984 3946 diaco-

390 4006 491 4047 nos
521 3991 659 4046 idem
686 3990 936 4046 admonet
971 3987 1111 4059 quod
1133 3986 1242 4058 jam
1272 4000 1414 4055 srepe
1444 3984 1565 4038 illos
1589 3981 1941 4037 admonuerat
1966 4025 1981 4051 ,

393 4093 450 4138 ut
476 4083 875 4139 confessoribus
899 4081 950 4136 in
981 4094 1196 4135 carcere
1217 4075 1534 4153 constitutis
1558 4074 1734 4130 omnis
1763 4073 1985 4145 diligen-

393 4177 464 4230 tia
509 4174 832 4245 prmli‘eatur,
881 4180 936 4228 et
972 4171 1089 4228 dies
1133 4170 1322 4241 quibus
1362 4168 1413 4222 in
1443 4181 1657 4223 carcere
1683 4166 1980 4231 excedunt,

392 4275 737 4322 annotentur.
779 4264 984 4320 Laudat
1040 4263 1371 4333 diligentiam
1414 4259 1634 4314 Tertulli
1685 4258 1986 4330 presbyteri

394 4377 517 4423 cum
548 4361 599 4415 in
630 4358 1028 4432 confessoribus
1049 4358 1191 4414 omni
1225 4356 1567 4411 humanitatis
1595 4354 1771 4409 officio
1794 4354 1987 4424 juvan—

393 4456 509 4522 dis,
542 4465 651 4509 tum
682 4455 732 4510 in
762 4453 951 4510 diebus
996 4454 1192 4524 quibus
1221 4452 1272 4506 in
1298 4465 1514 4506 carcere
1543 4458 1816 4504 transerunt
1836 4490 1852 4515 ,
1886 4450 1987 4505 sibi

394 4546 778 4620 significandis.
832 4546 982 4601 lianc
1024 4544 1327 4616 epistolam,
1363 4542 1539 4597 minus
1587 4541 1870 4597 commode
1931 4542 1986 4598 in

395 4641 632 4696 maximo
681 4637 1065 4710 persecutionis
1106 4636 1299 4693 ardore
1339 4651 1368 4689 a
1394 4634 1735 4689 Tillemontio
1773 4642 1828 4690 et
1862 4634 1982 4691 aliis

393 4726 735 4798 collocatam,
767 4728 967 4786 referre
995 4728 1153 4784 malui
1184 4727 1249 4783 ad
1273 4727 1397 4783 illud
1430 4736 1637 4797 tempus
1665 4742 1790 4795 quo,
1829 4726 1988 4783 refri-

394 4833 649 4894 gescente
669 4821 1060 4892 persecutione,
1090 4832 1144 4877 et
1163 4819 1563 4877 ceufessoribns
1590 4819 1759 4891 magis
1789 4821 1839 4875 in
1870 4836 1989 4875 car-

394 4931 522 4972 cere
550 4931 707 4986 quam
740 4915 878 4970 inter
906 4922 1171 4969 tormenta
1200 4912 1571 4979 morientibus,
1602 4912 1852 4981 sperabat
1878 4911 1987 4984 Cy-

399 5011 618 5081 prianus
654 5024 715 5065 se
753 5008 861 5065 cito
889 5005 1187 5075 sacrificia,
1223 5006 1447 5062 Domino
1485 5013 1831 5078 protegente,
1861 5021 1984 5062 cum

397 5104 546 5159 clero
570 5118 669 5159 suo
696 5102 1113 5159 ccleltraturum.

471 5197 678 5268 Scripta
703 5212 807 5252 non
840 5196 1005 5252 multo
1051 5205 1171 5266 post
1222 5194 1429 5251 videtur
1459 5195 1692 5268 Epistola
1724 5211 1842 5263 vni,
1872 5210 1993 5252 cum

402 5292 455 5346 in
483 5291 685 5346 visione
705 5289 955 5345 divinitus
996 5288 1175 5345 oblata
1192 5289 1488 5362 Cyprianus
1527 5289 1822 5345 audiisset:
1857 5310 1876 5342 ι
1904 5289 1996 5344 Dic

402 5384 479 5440 illi
505 5398 728 5439 securus
749 5383 840 5448 sit,
865 5382 985 5453 quia
1018 5397 1119 5454 pax
1147 5393 1368 5437 ventura
1403 5391 1500 5437 est.
1537 5381 1640 5437 Sed
1689 5381 1829 5453 quod
1862 5383 1997 5439 inte-

403 5481 507 5536 rim
534 5480 741 5535 merula
769 5488 875 5544 est,
909 5479 1387 5547 supcrsuntadhuc
1432 5479 1592 5550 aliqui
1623 5480 1712 5550 qui
1763 5480 2000 5550 probeno

407 5581 510 5626 tttr.
547 5591 567 5624 ι
602 5571 914 5627 Persecutio
946 5570 1120 5627 adhuc
1149 5586 1363 5643 gregem
1397 5571 1767 5641 populabatur,
1801 5583 1858 5628 ut
1886 5582 1997 5629 sta-

407 5664 500 5720 tim
522 5664 669 5720 addit
693 5663 1010 5737 Cyprianus,
1044 5673 1244 5719 etcum
1291 5653 1557 5722 interdum
1588 5665 1788 5732 mitior,
1837 5666 2000 5721 inter—

405 5756 535 5813 dum
555 5759 798 5827 aSperior
820 5757 1045 5826 fuisset,
1073 5755 1288 5812 videtur
1315 5757 1415 5812 sub
1432 5750 1634 5828 ﬁpsnm
1684 5760 1840 5814 linem
1876 5802 1890 5823 ,
1945 5770 2001 5815 ut

406 5850 660 5905 observat
687 5849 1080 5914 Tillemontins,
1122 5848 1387 5905 violenter
1443 5849 1798 5906 recruduisse.
1848 5849 2002 5918 Quod

411 5941 557 6000 enim
588 5942 662 5998 ait
687 5941 988 6017 Cyprianus
1018 5949 1280 5999 tormenta
1328 5942 1539 5999 venisse
1577 5942 1701 5999 dum
1733 5944 2002 5999 confesso-

1702 435 1857 492 VITA
1899 433 2145 492 SANC'I‘I
2182 433 2527 493 CYPRIANI.

3594 444 3698 502 ιιι

2109 567 2197 608 res
2216 568 2322 608 non
2347 563 2532 610 tenent
2556 552 2893 625 disciplinam
2921 596 2937 623 ,
2970 570 3078 612 non
3115 554 3322 615 videtur
3367 573 3455 616 res
3508 575 3698 617 mense

2100 644 2259 714 aprili
2302 654 2395 699 aut
2424 645 2566 701 maio
2587 656 2767 716 gestas
2815 647 2870 701 in
2900 647 3217 704 memoriam
3262 664 3516 707 revocare
3543 692 3560 719 ,
3598 652 3697 709 sed

2101 745 2421 807 praesentem
2448 752 2627 793 rerum
2659 747 2856 794 statum
2884 738 3190 796 describere
3213 781 3229 805 ,
3262 739 3421 813 idque
3467 758 3534 798 ex
3576 743 3696 813 ejus

2099 831 2279 887 verbis
2308 831 2449 901 satis
2474 832 2809 903 perspicitur.
2846 832 3032 901 «Quas
3050 843 3229 889 autem
3259 834 3472 905 plagas,
3500 835 3690 904 inquit,

2098 942 2219 998 qua:
2246 925 2465 984 vulnera
2489 943 2597 984 non
2638 943 2927 997 meremur,
2960 928 3173 1000 quando
3201 945 3300 987 nec
3335 932 3691 995 confessores,

2100 1021 2188 1091 qui
2218 1021 2465 1091 exemplo
2485 1021 2696 1078 caeteris
2722 1020 2791 1077 ad
2819 1022 2990 1077 bonos
3017 1037 3196 1079 mores
3232 1036 3354 1079 esse
3374 1023 3690 1092 debuerant,

2100 1121 2315 1169 teneant
2338 1113 2710 1185 disciplinam?
2737 1113 2941 1184 Itaque,
2963 1114 3094 1171 dum
3115 1116 3375 1186 quosdam
3398 1117 3694 1174 insolenter

2096 1206 2306 1262 extollit
2334 1206 2687 1262 confessionis
2714 1222 2827 1262 sum
2853 1207 3034 1263 timida
3059 1217 3114 1263 et
3143 1209 3499 1267 inverecunda
3524 1211 3693 1281 jacta-

2099 1301 2193 1367 tio,
2220 1309 2484 1357 tormenta
2516 1310 2798 1358 venerunt.
2833 1302 2955 1357 Haec
2978 1302 3207 1372 patimur
3252 1303 3447 1360 delicto
3493 1315 3547 1360 et
3579 1319 3693 1359 me.

2097 1393 2202 1449 rito
2242 1403 2446 1448 nostro.
2478 1413 2497 1446 ι
2559 1393 2785 1449 Videtur
2828 1393 2896 1449 ad
2946 1393 3049 1450 hoc
3093 1402 3302 1460 tempus
3350 1394 3692 1451 referendum

2096 1487 2238 1558 quod
2270 1495 2449 1543 narrat
2478 1487 2776 1559 Cyprianus
2802 1487 2853 1543 in
2886 1487 3055 1558 Epist.
3087 1505 3176 1553 ιι..
3199 1488 3267 1545 de
3305 1490 3541 1561 quinque
3588 1490 3696 1558 pri-

2052 1572 2058 1577 ’
2097 1581 2337 1637 moribus
2364 1580 2721 1651 Carthaginis,
2759 1599 2777 1632 ι
2816 1582 2905 1651 qui
2946 1581 3124 1638 edicto
3151 1597 3321 1652 nuper
3363 1581 3694 1655 magistrati-

2097 1673 2196 1729 bus
2222 1674 2428 1746 fuerant
2454 1673 2708 1743 copulati,
2743 1682 2801 1728 ut
2829 1671 2988 1729 fidem
3024 1674 3041 1745 (
3073 1674 3500 1730 Christianorum
3529 1676 3548 1744 )
3602 1689 3692 1729 sn-

2095 1766 2372 1822 brnerent.
2397 1786 2416 1818 ι
2449 1765 2563 1820 Νοιι
2594 1765 2737 1821 enim
2760 1764 2848 1819 bie
2872 1765 3132 1821 visionem
3160 1768 3344 1831 refert,
3384 1778 3439 1822 ut
3462 1768 3694 1823 nonnul-

2096 1859 2129 1916 li
2171 1846 2562 1923 existimarunt,
2620 1857 2715 1913 sed
2763 1872 2876 1912 rem
2907 1858 3156 1913 omnibus
3195 1858 3464 1928 cognitam
3502 1867 3555 1914 et
3585 1869 3693 1915 tes-

2095 1959 2290 2015 tatam;
2319 1966 2419 2006 nec
2439 1949 2656 2007 difficile
2684 1948 2892 2005 credita
2919 1958 3000 2006 est
3028 1949 3264 2020 quinque
3309 1949 3454 2005 urbis
3492 1949 3693 2020 primo-

2095 2058 2182 2099 res
2210 2030 2540 2114 tnagistratui
2567 2044 2620 2098 in
2649 2041 2824 2099 edicto
2853 2041 3035 2114 aliquo
3068 2041 3327 2098 adversus
3353 2042 3690 2099 Christianos

2095 2145 2182 2190 aut
2216 2135 2604 2215 promulgando
2632 2145 2724 2190 aut
2775 2134 3120 2206 exsequendo
3167 2135 3447 2205 adjunctus
3502 2134 3688 2193 fuisse.

2094 2230 2246 2299 Quod
2279 2242 2458 2286 autem
2501 2229 2648 2284 addit
2694 2226 3022 2301 Cyprianus,
3059 2248 3078 2281 ι
3111 2228 3310 2286 Eadem
3342 2244 3482 2285 nunc
3511 2230 3644 2285 ratio
3672 2271 3689 2296 ,

2092 2324 2280 2382 eadem
2310 2338 2495 2379 rursus
2534 2323 2746 2380 eversio
2776 2338 2869 2389 per
2892 2322 3129 2393 quinque
3180 2323 3520 2394 presbyteros
3544 2322 3684 2377 Feli-

2093 2416 2313 2473 cissimo
2339 2416 2619 2486 copulatus
2646 2414 2712 2469 ad
2742 2413 2949 2469 ruinam
2976 2413 3164 2469 salutis
3215 2414 3524 2482 inducitur,
3561 2435 3580 2467 ι
3635 2414 3687 2470 id

2093 2512 2333 2582 profecto
2381 2525 2486 2566 non
2533 2507 2741 2563 facinus
2782 2505 3215 2579 presbyterorum
3252 2506 3455 2562 visione
3510 2507 3688 2576 aliqua

2093 2601 2560 2675 prmsignilicatnm
2584 2599 2751 2656 fuisse
2798 2598 3020 2665 indicat,
3051 2598 3146 2655 sed
3177 2598 3353 2669 potius
3382 2598 3521 2653 idem
3580 2598 3685 2653 lic-

2090 2696 2273 2753 clcsia:
2307 2695 2373 2749 ab
2405 2694 2510 2750 illis
2539 2693 2836 2764 perieulum
2861 2692 3056 2760 creari,
3087 2692 3229 2763 quod
3255 2693 3305 2748 ei
3331 2702 3487 2748 antea
3516 2708 3545 2746 a
3570 2708 3654 2746 ma
3674 2722 3688 2736 ο

2090 2787 2399 2860 gistratibus
2450 2796 2506 2843 et
2547 2787 2782 2858 quinque
2828 2784 2975 2841 urbis
3014 2785 3344 2855 primoribus
3385 2784 3687 2840 exstiterat.

2094 2879 2396 2937 Violentam
2438 2877 2628 2934 fuissse
2657 2876 3047 2951 persecutionis
3104 2876 3503 2932 conclusionem
3557 2874 3688 2931 illud

2093 2972 2253 3027 etiam
2280 2979 2593 3040 argumento
2618 2980 2719 3036 est,
2742 2970 2908 3040 quod,
2935 2984 3058 3025 cum
3086 2968 3262 3024 clerus
3294 2966 3688 3036 Carthagineu-

2092 3064 2171 3122 sis
2203 3066 2408 3135 integer
2424 3062 2692 3118 hactenus
2741 3070 2795 3116 et
2849 3076 3009 3130 purus
3049 3059 3186 3114 inter
3222 3066 3364 3114 tanta
3417 3058 3684 3113 malorum

2092 3156 2337 3228 contagia
2383 3156 2591 3220 fuisset,
2640 3152 3016 3209 nonnullorum
3058 3150 3241 3208 ruinas
3284 3150 3583 3222 Cyprianus
3632 3152 3686 3206 in

2094 3251 2282 3307 litteris
2329 3251 2432 3306 hoc
2481 3264 2623 3304 anno
2678 3256 2911 3304 exeunte
2983 3244 3235 3314 scriptis,
3290 3258 3482 3316 nempe
3536 3260 3587 3300 vr
3631 3254 3687 3300 et

2093 3358 2273 3409 xxxv,
2323 3342 2587 3413 deploret.
2637 3342 2741 3397 Eos
2778 3349 2957 3397 autem
2988 3340 3080 3412 qni
3108 3340 3242 3410 lapsi
3269 3348 3396 3396 sunt
3432 3355 3496 3396 ex
3531 3354 3684 3411 prcs-

2089 3436 2301 3508 byterio
2324 3435 2509 3502 fuisse,
2528 3450 2635 3489 non
2664 3449 2728 3489 ex
2760 3431 3071 3488 inferiorum
3098 3431 3421 3489 clericorum
3446 3448 3678 3489 numero

2091 3529 2215 3585 inde
2240 3529 2431 3599 conjici
2463 3536 2655 3598 potest,
2678 3526 2820 3598 quod
2848 3526 3148 3597 Cyprianus
3175 3526 3547 3598 presbyterum
3564 3526 3680 3582 Nn-

2092 3621 2370 3686 midicum,
2391 3636 2550 3693 quem
2582 3618 3083 3689 Carthaginiensium
3116 3618 3554 3691 presbyterorum
3586 3636 3685 3674 nn-

2098 3728 2250 3770 mero
2275 3712 2578 3781 adscripsit,
2604 3710 2918 3766 mirabiliter
2944 3718 3216 3765 servatum
3240 3706 3406 3764 fuisse
3435 3708 3581 3763 dicat
3629 3710 3683 3765 in

2092 3805 2263 3876 Epist.
2313 3819 2476 3870 xxxv,
2537 3811 2595 3859 ut
2623 3819 2642 3853 ι
2670 3815 2791 3857 eum
2829 3800 2975 3856 clero
3004 3798 3457 3872 (Carthaginensi)
3497 3798 3685 3857 Domi.-

2093 3913 2194 3952 tms
2212 3896 2527 3965 adjungeret
2547 3904 2600 3949 et
2625 3892 2920 3948 desolatam
2948 3905 3044 3961 per
3067 3890 3275 3960 lapsum
3326 3889 3681 3961 quorumdam

2094 3988 2534 4061 presbyterorum
2563 3985 2769 4055 copiam
2799 3983 3050 4055 gloriosis
3065 3981 3433 4040 sacerdotibus
3450 3981 3684 4039 adorna-

2092 4093 2192 4138 ret.
2210 4103 2229 4136 ι
2264 4082 2332 4139 At
2349 4080 2488 4137 idem
2514 4096 2619 4137 non
2645 4078 2856 4136 dicitde
2882 4074 3102 4136 Aurelio
3128 4088 3183 4134 et
3201 4078 3452 4135 Celeriuo
3478 4080 3678 4151 glorio-

2092 4177 2167 4233 sis
2197 4174 2615 4241 confessoribus,
2667 4187 2803 4244 quos
2837 4172 2979 4228 circa
3029 4170 3170 4228 idem
3207 4180 3420 4242 tempus
3456 4172 3686 4227 lectores

2092 4267 2376 4324 ordinavit.
2406 4266 2694 4337 Presbyter
2721 4265 2807 4319 ille
2823 4261 3133 4319 Numidicus
3161 4262 3374 4318 hortatu
3391 4278 3490 4319 suo
3506 4264 3688 4334 copio-

2094 4376 2214 4418 sum
2265 4368 2559 4431 martyrum
2608 4372 2888 4413 numerum
2937 4356 3203 4427 lapidibus
3231 4366 3286 4412 et
3319 4355 3549 4413 flammis
3588 4372 3689 4410 ne-

2093 4464 2277 4519 catum
2297 4461 2421 4508 ante
2444 4467 2503 4509 se
2550 4450 2787 4515 miserat,
2828 4465 3048 4505 uxorem
3085 4450 3237 4505 lateri
3282 4463 3380 4503 suo
3405 4448 3689 4504 adhazren—

2098 4558 2205 4606 tem
2229 4557 2623 4604 concrematam
2654 4544 2814 4601 simul
2835 4559 2956 4600 cum
2986 4540 3368 4598 cmterishntus
3385 4550 3689 4612 aspexerat.

2097 4641 2215 4712 Ipse
2242 4636 2643 4696 semiustnlatus
2673 4644 2729 4691 et
2755 4633 3019 4704 lapidibus
3066 4631 3290 4687 obrutus
3328 4640 3381 4687 et
3410 4645 3506 4703 pro
3554 4649 3691 4691 mor-

2098 4744 2190 4791 tuo
2217 4733 2526 4799 derelictus,
2551 4747 2578 4784 a
2609 4732 2712 4786 tilia
2739 4728 2967 4785 sollicite
2996 4727 3298 4798 inquirente
3325 4726 3573 4785 inventus
3591 4772 3605 4795 ,
3637 4742 3692 4786 et

2097 4838 2371 4885 extractus
2390 4836 2444 4882 et
2465 4823 2836 4889 refocillatus,
2888 4830 3222 4877 remanserat
3272 4821 3488 4878 invitus.
3539 4824 3692 4880 lluiic

2097 4920 2399 4993 Cyprianus
2428 4915 2493 4972 ad
2524 4916 2886 4985 episcopatum
2916 4927 3233 4984 promovere
3273 4923 3531 4971 statuerat
3569 4931 3691 4971 cum

2098 5012 2471 5083 Carthaginem
2496 5008 2784 5075 rediisset;
2812 5006 2907 5064 sed
2936 5006 3148 5063 interim
3176 5007 3484 5065 admonitus
3520 5019 3574 5064 et
3614 5011 3694 5065 in-

2101 5113 2335 5162 structus
2347 5100 2654 5175 dignatione
2668 5097 2868 5165 divina,
2883 5114 3005 5155 eum
3022 5098 3454 5170 presbyterorum
3471 5098 3693 5156 Cartha-

2102 5197 2400 5269 ginensium
2434 5208 2656 5250 numero
2684 5192 2987 5263 adscripsit,
3027 5206 3091 5247 ac
3139 5190 3296 5261 lmjus
3329 5191 3528 5247 latitia:
3557 5209 3692 5249 nun-

2106 5292 2235 5346 tium
2257 5288 2321 5344 ad
2346 5288 2688 5361 presbyteros
2710 5294 2766 5344 et
2789 5286 3042 5343 diaconos
3064 5292 3121 5342 et
3154 5284 3363 5356 plebem
3418 5288 3687 5360 prescrip-

2104 5386 2175 5441 sit
2202 5384 2401 5456 (Epist.
2430 5383 2621 5453 xxxv).
2697 5414 2704 5420 -

2178 5475 2329 5531 Circa
2371 5474 2509 5530 idem
2539 5483 2750 5544 tempus
2798 5473 2906 5527 duo
2944 5470 3127 5527 eximii
3152 5471 3493 5530 confessores
3518 5490 3548 5531 a
3586 5474 3692 5547 Cy-

2108 5572 2296 5644 priane
2320 5579 2375 5627 et
2412 5570 2678 5641 episcopis
2720 5569 2810 5635 qui
2840 5567 3063 5624 aderant
3090 5568 3321 5624 ordinati
3356 5579 3482 5624 sunt
3526 5570 3693 5626 lceto-

2109 5680 2218 5731 res,
2247 5664 2489 5719 Aurelius
2519 5671 2572 5718 et
2592 5660 2889 5730 Celerinus,
2913 5662 3060 5734 prior
3085 5663 3300 5734 quidem
3326 5663 3595 5729 Aurelius,
3633 5680 3697 5719 ac

2109 5757 2293 5829 paucis
2320 5764 2438 5826 post
2463 5754 2655 5812 diebus
2686 5753 2984 5822 Celerinus,
3017 5770 3175 5826 quem
3201 5752 3505 5827 Cyprianus
3530 5754 3701 5812 Aure—

2111 5851 2183 5907 lio
2207 5849 2499 5921 adjungere
2525 5849 2788 5916 voluerat,
2834 5849 2928 5905 sed
2975 5849 3019 5905 is
3076 5848 3335 5905 honorem
3388 5857 3699 5906 constanter

2114 5942 2399 6011 recusavit,
2434 5956 2497 5999 ac
2526 5940 2738 5999 tandem
2765 5941 2972 5999 visione
3002 5950 3158 5999 noctu
3180 5941 3356 6000 oblata
3382 5950 3600 6000 coactus
3621 5948 3703 5997 est
