4200 6262
506 437 615 507 113

472 550 475 553 ’
509 541 736 619 cedere.
761 560 840 616 De
867 557 952 615 bis
978 552 1408 614 ordinationibus
1429 550 1734 626 Cyprianus
1758 552 2106 625 presbyteros

508 665 568 712 et
599 656 858 711 diaconos
884 665 947 706 ac
987 651 1199 723 plebem
1233 648 1541 705 universam
1568 646 1832 705 certiores
1856 644 1985 701 facit
2018 658 2114 717 per

507 749 687 821 Epist.
719 761 886 802 χχχιιι
934 754 990 801 et
1034 756 1214 800 χχχιι.
1268 742 1397 799 illnc
1440 748 1621 798 autem
1657 740 1935 812 contigere
1973 739 2115 795 inter

513 841 690 912 prima
714 838 861 908 pacis
885 834 1186 908 affulgemis
1206 833 1421 905 gaudia,
1442 841 1505 888 ut
1531 840 1680 904 patet
1707 846 1776 887 ex
1792 830 2115 903 bisCypria-

512 932 571 988 ni
593 930 773 987 verbis
794 929 863 985 de
884 928 1133 993 Aurelia,
1166 927 1222 981 in
1265 926 1364 997 Ep.
1412 938 1617 980 xxxut:
1650 941 1670 976 ι
1708 922 1989 979 Dominico
2039 921 2116 977 le-

513 1022 591 1094 git
617 1020 830 1077 interim
859 1020 1045 1088 nobis,
1072 1019 1127 1074 id
1150 1025 1268 1086 est,
1295 1017 1603 1088 auspicatus
1636 1025 1721 1071 est
1759 1028 1949 1086 pacem
1985 1013 2113 1070 dum

515 1114 727 1171 dedicat
774 1114 1079 1169 lectionem.
1117 1129 1137 1164 ι
1177 1110 1308 1167 Erat
1349 1109 1599 1166 Aurelius
1639 1107 1862 1165 illustris
1903 1109 2116 1165 adules—

512 1223 666 1276 cens,
698 1208 749 1262 in
774 1208 930 1262 annis
957 1206 1135 1261 adhuc
1157 1202 1421 1267 novellus,
1453 1201 1547 1258 sed
1569 1203 1622 1256 in
1647 1200 1860 1258 virtutis
1884 1217 1949 1258 ac
1992 1202 2115 1259 fidei

517 1302 679 1358 laude
700 1311 987 1372 provectus
1014 1317 1028 1354 :
1058 1299 1142 1355 bis
1160 1298 1441 1354 confessus
1458 1295 1651 1364 fuerat,
1680 1306 1737 1351 et
1752 1308 1938 1352 coram
1995 1309 2114 1351 ma-

517 1394 849 1467 gistratibus,
877 1393 968 1463 qui
989 1406 1112 1447 eum
1135 1390 1326 1446 exSilio
1345 1388 1687 1454 damnarunt,
1717 1398 1968 1442 etcoram
1991 1402 2117 1459 pro-

518 1486 762 1550 consule,
788 1483 949 1552 cujus
963 1483 1117 1553 jussu
1147 1479 1410 1537 acerrime
1455 1478 1725 1535 cruciatus
1767 1476 1868 1534 est.
1900 1477 2119 1533 Dubitat

521 1579 823 1650 Cyprianus
843 1584 1023 1632 utrum
1046 1576 1100 1629 in
1122 1586 1191 1630 eo
1221 1572 1340 1643 plus
1367 1569 1623 1642 pradicet
1651 1571 1876 1641 gloriam
1930 1570 2118 1626 vulne-

517 1687 664 1740 rum,
694 1686 762 1725 an
793 1665 1171 1726 verecundiam
1197 1675 1410 1720 mentm
1448 1671 1506 1719 et
1547 1663 1800 1719 eximiam
1848 1662 2121 1718 humilitao

511 1773 642 1819 tem.
674 1761 951 1818 Celerinus
972 1771 1185 1830 quoque
1205 1755 1564 1826 gravissimos
1589 1754 1867 1810 cruciatus
1887 1754 2121 1825 pertule-

516 1863 630 1922 rat,
652 1868 716 1908 ac
745 1853 919 1923 ipsum
942 1850 1189 1916 Decium,
1221 1845 1374 1917 cujus
1408 1846 1512 1902 sub
1527 1845 1701 1902 oculis
1726 1846 2077 1918 torquebatur
2101 1886 2119 1913 ,

515 1948 769 2002 virtutem
799 1958 954 2000 suam
980 1942 1201 1998 laudare
1225 1949 1284 1997 et
1320 1938 1577 1997 admirari
1592 1950 1863 2011 coegerat.
1896 1940 2120 1997 Domeso

516 2041 622 2096 tiea
652 2039 800 2094 illum
824 2037 1073 2109 exempla
1094 2035 1466 2102 hortabantur;
1490 2048 1614 2090 nam
1665 2036 1784 2091 avia
1813 2035 1932 2107 ejus
1961 2016 2123 2092 Cele-

519 2134 661 2201 rina,
693 2139 916 2203 patruus
944 2139 999 2187 et
1041 2128 1341 2186 avunculus
1392 2127 1749 2186 Laurentinus
1770 2138 1825 2185 et
1863 2129 2121 2200 Egnatius

525 2226 771 2299 martyrii
799 2238 1055 2281 coronam
1097 2231 1528 2294 reportaverant.
1557 2221 1843 2292 Egregium
1869 2220 1999 2277 illud
2026 2235 2123 2293 par

521 2317 941 2375 adolescentium
962 2315 1264 2390 Cyprianus
1289 2330 1394 2373 non
1424 2314 1583 2370 altius
1612 2314 1820 2383 evexit,
1865 2328 2028 2386 quam
2055 2315 2122 2370 ad

520 2414 741 2469 lectoris
770 2426 965 2467 munus
989 2452 1004 2478 ,
1044 2410 1147 2467 sed
1190 2410 1507 2482 presbyterii
1557 2408 1817 2466 honorent
1840 2408 1953 2480 jam
2010 2418 2123 2465 tum

522 2507 631 2563 illis
655 2505 1020 2576 designavit,r
1042 2512 1106 2560 ut
1125 2512 1180 2561 et
1201 2504 1457 2575 sportulis
1473 2502 1663 2559 iisdem
1688 2518 1810 2559 cum
1842 2502 2126 2576 presbyte-

521 2599 601 2655 ris
634 2618 653 2651 ι
697 2598 1114 2665 houorarentur,
1148 2615 1167 2649 ι
1212 2605 1269 2654 et
1323 2597 1615 2654 divisiones
1670 2609 1991 2652 mensuras:
2042 2610 2118 2652 res

526 2693 706 2764 quatis
732 2691 1119 2762 quantitatibus
1143 2710 1162 2744 ι
1194 2691 1545 2763 partlrentur.
1625 2694 1643 2713 ‘

593 2784 873 2841 Celerinus
912 2784 1081 2843 Roma
1107 2784 1161 2839 in
1191 2784 1426 2840 Africam
1465 2782 1781 2848 adveniens,
1822 2796 1946 2837 cum
1972 2794 2036 2837 se
2057 2781 2126 2841 ad

524 2879 849 2952 Cyprianum
882 2877 1216 2944 contulisset,
1255 2876 1644 2945 demonstravit
1670 2875 1720 2931 ei
1759 2876 1945 2947 quanti
1976 2875 2126 2930 illum

522 2972 779 3035 facerent,
802 2979 1169 3041 quantumque
1197 2970 1476 3041 diligerent
1509 2968 1737 3024 Romani
1761 2969 2125 3024 confessores.

525 3062 677 3120 llanc
713 3077 930 3119 causam
974 3062 1160 3117 habuit
1201 3062 1504 3134 Cyprianus
1546 3062 1851 3119 scribenda:
1894 3062 1962 3118 ad
2006 3062 2130 3119 illus

525 3155 781 3227 Epistulae
825 3168 938 3221 xvt,
959 3154 1011 3210 in
1029 3170 1130 3225 qua
1147 3153 1362 3225 quidem
1381 3155 1460 3209 sic
1477 3153 1735 3211 describit
1751 3164 1979 3225 quatuor
2001 3155 2129 3211 anui

527 3256 894 3318 tempestates,
919 3263 1050 3318 quas
1072 3248 1124 3302 in
1150 3261 1370 3302 carcere
1394 3245 1735 3303 confessurus
1762 3248 2128 3316 traduxerant,

530 3350 726 3397 utnon
756 3340 975 3397 dubium
1014 3339 1085 3395 sit
1126 3340 1254 3410 quin
1298 3339 1417 3394 huic
1453 3340 1678 3410 epistola
1708 3340 1811 3396 hoc
1839 3357 1984 3398 anno
2020 3343 2131 3400 260

531 3444 724 3491 exacto
752 3443 845 3488 aut
890 3433 1078 3488 saltem
1107 3440 1340 3488 exeunte
1356 3433 1555 3503 scripta
1581 3434 1671 3489 sit.
1706 3422 1996 3504 Postquam
2022 3450 2132 3491 mo-

530 3528 648 3584 rula
678 3541 841 3598 quam
892 3525 1213 3597 prirdixerat
1248 3524 1581 3597 Cyprianus,
1627 3524 1871 3596 efﬂuxit,
1917 3528 2129 3586 initium

533 3619 753 3691 aliquod
784 3619 928 3690 pacis
955 3618 1261 3688 degustavit
1289 3617 1517 3674 ecclesia
1559 3618 2020 3690 Carthagincnsis,
2067 3632 2130 3677 ae

534 3712 876 3769 confessurus
891 3727 922 3767 e
940 3724 1159 3767 carcere
1184 3709 1344 3766 soluti
1367 3719 1508 3765 sunt.
1532 3710 1733 3775 florum
1761 3714 1990 3767 maxima
2009 3726 2134 3784 pars

536 3801 890 3859 confessionis
917 3802 1139 3874 gloriam
1183 3799 1401 3871 optimis
1450 3802 1694 3857 moribus
1725 3804 2004 3872 tuebatur;
2034 3804 2135 3862 sed

536 3896 781 3952 nonnulli
812 3902 975 3950 tautze
1003 3893 1143 3948 laudi
1176 3892 1472 3949 dedecores
1501 3892 1736 3965 fuerunt,
1783 3897 1976 3967 quibus
2024 3896 2132 3970 Cy-

534 3991 756 4060 prianus
776 3988 1091 4042 ebrietatem
1112 3996 1170 4040 et
1190 3985 1483 4054 lasciviam,
1512 3988 1894 4059 arrogantium,
1921 3999 2137 4058 conten-

534 4085 736 4139 tionem
755 4091 803 4136 et
823 4080 1123 4151 promiscua
1149 4093 1270 4134 cum
1298 4079 1611 4136 mulieribus
1634 4082 1827 4138 cubilia
1849 4086 2138 4156 exprobrat

537 4179 592 4234 in
618 4175 854 4246 Epistula
899 4189 990 4228 vn.
1013 4172 1155 4227 idem
1178 4173 1342 4228 etiam
1372 4174 1539 4245 tangit
1560 4174 1611 4229 in
1630 4173 1867 4247 Epistula
1884 4191 2134 4251 vt,quam

537 4270 680 4325 circa
706 4268 845 4322 idem
879 4274 1111 4335 tempus,
1143 4279 1264 4320 cum
1293 4264 1466 4321 adhuc
1491 4267 1690 4324 invitus
1720 4270 1772 4324 in
1801 4285 2017 4328 secessu
2051 4284 2134 4331 tc-

538 4375 779 4430 nemmr,
832 4361 898 4417 uti
933 4362 1276 4434 presbyteros
1304 4370 1358 4416 et
1408 4360 1665 4419 diaconos
1691 4366 1926 4436 scripsit,
1978 4379 2033 4423 ut
2058 4370 2137 4426 eis

536 4474 832 4531 pauperum
857 4467 913 4515 et
933 4459 1165 4514 maxime
1186 4457 1555 4515 confessorum
1580 4474 1764 4516 curam
1791 4464 2136 4520 commenda-

536 4562 642 4608 ret.
670 4552 928 4622 Quamvis
947 4551 1091 4607 enim
1113 4550 1458 4608 coniessores
1477 4550 1685 4609 dimissi
1716 4552 1967 4623 fuissent,
2001 4571 2139 4612 non-

540 4644 670 4701 dum
699 4655 877 4700 tamen
903 4643 1057 4715 plena
1087 4655 1139 4701 et
1170 4644 1323 4699 firma
1352 4657 1453 4715 pax
1485 4643 1752 4702 illuxcrat.
1775 4646 2137 4716 Quamobrem

539 4739 864 4810 Cyprianus,
895 4737 995 4794 etsi
1034 4735 1413 4810 Carthaginem
1440 4726 1622 4796 mente
1646 4749 1700 4796 et
1724 4740 1904 4796 animo
1932 4741 2139 4800 fereba—

536 4844 647 4903 tur,
681 4843 794 4890 tum
819 4842 879 4890 ut
907 4848 1033 4890 suos
1060 4834 1342 4899 reviseret,
1372 4844 1484 4891 tum
1512 4844 1573 4890 ut
1600 4849 1690 4891 res
1715 4834 1958 4893 ecclesia:
1988 4852 2140 4893 com-

536 4935 787 4999 poneret,
818 4935 997 4983 tamen
1025 4926 1248 4999 obsequi
1289 4934 1510 4983 coactus
1531 4936 1612 4983 est
1651 4929 1876 4998 sapienti
1913 4930 2138 5005 presby-

541 5024 645 5079 teri
675 5022 899 5078 Tertulli
928 5022 1173 5089 consilio,
1202 5019 1291 5092 qui
1320 5031 1507 5077 auctor
1535 5021 1585 5077 ei
1620 5018 1793 5077 fuerat
1819 5038 1887 5076 ne
1909 5023 1962 5078 in
2013 5039 2137 5081 cum

539 5117 719 5174 locum
749 5115 837 5173 ubi
871 5116 1033 5172 toties
1063 5114 1362 5189 postulatus
1382 5112 1588 5180 fuerat,
1614 5124 1719 5172 tam
1745 5117 1851 5172 cito
1878 5118 2135 5188 prodiret.

537 5211 789 5266 Nondum
819 5218 1067 5267 extorres
1094 5207 1353 5266 redeundi
1380 5207 1652 5265 licentiam
1680 5208 2095 5280 impetraverant
2122 5256 2136 5282 ,

542 5314 598 5360 et
633 5320 753 5360 cum
784 5302 1072 5359 nonnullos
1104 5299 1442 5373 tranquillior
1466 5317 1643 5357 rerum
1674 5302 2141 5364 statusinvitassct

544 5408 605 5453 ut
650 5396 838 5468 injussi
879 5395 1136 5465 redirent,
1160 5395 1508 5452 vehementer
1538 5410 1631 5451 eos
1669 5395 2009 5467 reprehendit
2034 5400 2136 5469 Cy-

540 5493 760 5565 prianus
798 5490 850 5547 in
893 5493 1079 5548 eadem
1116 5492 1342 5564 epistula
1364 5507 1456 5547 vn.
1487 5491 1789 5561 Quinetiam
1826 5493 1984 5564 paulo
2012 5504 2139 5554 ante

544 5586 744 5641 festum
771 5582 990 5639 Pascha:
1017 5583 1191 5639 adhuc
1242 5584 1430 5640 orabat
1487 5602 1506 5635 ι
1543 5598 1728 5654 pacem
1773 5584 2136 5654 plenissimam

543 5680 694 5749 prius
720 5676 899 5744 matri,
930 5685 1039 5732 tum
1072 5675 1192 5733 filiis
1216 5676 1351 5747 ejus.
1392 5696 1411 5729 ι
1441 5677 1458 5747 (
1484 5675 1583 5745 Ep.
1612 5675 1712 5747 χι.)

544 5770 682 5829 XVI.
713 5802 785 5813 ——
807 5785 1050 5828 VlCARlOS
1090 5785 1191 5827 rao
1244 5784 1306 5826 ss
1357 5784 1539 5826 ιιιττιτ
1567 5786 1871 5829 cvrnuuus.
1898 5804 1970 5816 ---
1994 5789 2137 5833 tum:

874 5845 891 5859 ’
1256 5876 1585 5917 ι’κιιειςειιιι.

538 5962 564 6024 ς
615 5952 753 6013 Dum
779 5952 1083 6034 Cyprianus
1098 5952 1152 6026 ip
1181 5966 1399 6013 secessu
1425 5964 1684 6030 moratur,
1708 5972 1774 6017 ne
1787 5966 1974 6022 auctor
1991 5973 2138 6026 esset

1794 432 1906 494 ΥΠ
1909 434 1957 494 Α
1993 427 2241 493 SANCTI
2276 428 2629 513 CYPRIANI.

3710 408 3820 488 ml

2225 547 2539 619 rumpendas
2582 545 2763 618 pacis,
2810 543 2901 616 qui
2939 542 3223 601 consulere
3258 540 3511 599 omnibus
3548 540 3818 612 debebat;

2221 643 2439 699 interim
2479 639 2667 697 scribit
2685 639 2755 697 ad
2782 639 3132 712 presbyteros
3160 647 3217 695 et
3241 637 3500 693 diaconos
3522 650 3654 693 suos
3684 637 3813 707 Epid

2222 736 2413 793 stolam
2443 748 2626 805 χχχιιι,
2656 733 2708 790 in
2726 747 2833 806 qua
2855 733 2936 791 ait
2962 746 3022 790 se
3053 730 3122 788 ad
3146 744 3244 789 eos
3288 740 3571 787 venturum
3598 733 3819 804 quando

2218 834 2552 904 scripserint,
2587 850 2606 884 ‹
2632 831 2795 887 rebus
2810 830 3146 902 compositis,
3176 829 3355 901 ipsum
3379 828 3567 885 venire
3588 828 3812 898 debere,

2220 934 2311 981 aut
2361 926 2407 981 si
2459 933 2584 980 ante
2625 923 2873 994 dignatus
2918 918 3084 978 fuerit
3124 921 3384 977 Dominus
3434 919 3746 978 ostendere.
3791 941 3814 975 ο

2242 1015 2447 1073 Deinde
2470 1015 2719 1072 hortatur
2746 1022 2805 1070 ut
2830 1032 2853 1067 ι
2886 1011 3167 1069 viduarum
3196 1021 3253 1067 et
3278 1011 3682 1068 iniimurumet
3702 1025 3825 1069 eut-

2226 1110 2374 1166 niuin
2407 1122 2704 1180 pauperqu
2746 1118 2931 1162 curam
2978 1102 3264 1175 diligenter
3288 1119 3310 1156 ι
3356 1101 3589 1160 habeant
3613 1142 3629 1169 ,
3664 1118 3688 1156 ι
3722 1101 3822 1160 sed

2232 1215 2286 1261 et
2329 1202 2659 1277 peregrinis,
2704 1202 2753 1258 si
2792 1201 2882 1273 qui
2924 1199 3225 1272 indigentes
3262 1198 3483 1264 fuerint,
3526 1208 3814 1270 sumptus:

2229 1308 2518 1370 suggerant
2562 1316 2581 1349 ‹
2619 1295 2687 1352 de
2707 1294 3002 1367 quantitate
3024 1306 3145 1350 mea
3174 1292 3409 1363 propria,
3438 1291 3631 1362 inquit,
3658 1305 3819 1361 quam

2224 1390 2367 1464 apud
2394 1390 2745 1463 Rogatianum
2782 1385 3282 1459 eompresbyterum
3321 1393 3563 1441 nostrum
3591 1382 3772 1441 dimisi
3801 1400 3820 1453 ;

2226 1500 2346 1556 qua:
2371 1484 2641 1556 quantitas
2666 1497 2732 1538 ne
2756 1482 2893 1537 forte
2916 1479 3028 1552 jam
3045 1479 3296 1535 universa
3325 1486 3541 1550 erogata
3561 1478 3664 1545 sit,
3697 1478 3822 1536 misi

2223 1577 2398 1634 cidem
2427 1592 2522 1649 per
2562 1575 2813 1633 Naricum
2841 1573 3150 1647 acolytbum
3195 1572 3355 1627 aliam
3400 1576 3723 1643 portionem,
3757 1580 3818 1628 ut

2224 1670 2422 1743 largius
2463 1678 2518 1727 et
2568 1669 2867 1741 promptius
2912 1668 3056 1723 circa
3114 1664 3422 1723 laborantes
3476 1665 3568 1720 fiat
3616 1676 3818 1736 opera-

2225 1767 2319 1821 tio.
2356 1782 2375 1818 ι
2418 1763 2680 1823 Observat
2729 1759 3108 1817 Tillemontius
3156 1756 3327 1814 videri
3371 1771 3442 1814 ex
3504 1756 3588 1814 his
3638 1756 3821 1814 verbis

2224 1858 2571 1933 Cyprianum,
2601 1871 2721 1915 cum
2737 1856 3057 1928 Carthagine
3072 1852 3390 1920 discederet,
3416 1851 3657 1925 pecunia:
3674 1866 3825 1908 sum-

2226 1970 2369 2012 mam
2412 1952 2552 2025 apud
2595 1952 2950 2022 Rogatianum
2991 1949 3295 2020 reliquisse.
3349 1946 3407 2003 in
3444 1961 3554 2019 quo
3600 1944 3821 2017 quidem

2228 2047 2471 2123 plurimis
2499 2062 2558 2104 se
2585 2043 2992 2103 difficultatibus
3003 2042 3267 2115 implicari
3295 2039 3516 2099 fatetur.
3546 2039 3679 2096 Nam
3705 2039 3817 2111 pri-

2228 2156 2317 2200 mo
2345 2139 2677 2212 Rogatianus
2705 2147 2830 2194 ante
2850 2149 3125 2194 secessum
3153 2133 3405 2208 Cypriani
3419 2133 3696 2191 confessus
3713 2140 3821 2201 est,

2228 2235 2306 2291 sic
2329 2234 2471 2291 enim
2497 2232 2767 2291 existimat
2782 2231 2864 2287 vir
2888 2228 3148 2286 eruditus.
3192 2227 3394 2284 Deinde
3421 2243 3581 2295 vero,
3614 2226 3824 2283 etiamsi

2232 2325 2381 2398 prius
2404 2324 2743 2381 discessisset
2766 2320 3067 2395 Cyprianus
3085 2363 3100 2387 ,
3127 2335 3251 2376 cum
3280 2319 3827 2392 Rogatianustamdiu

2230 2417 2283 2474 in
2313 2432 2533 2474 carcere
2556 2416 2808 2489 jacuerit,
2841 2431 2949 2472 non
2977 2413 3195 2471 videtur
3236 2414 3484 2485 pecunias
3531 2429 3742 2470 summa
3772 2415 3829 2471 in

2230 2520 2346 2568 tuto
2375 2508 2516 2584 apud
2569 2524 2692 2566 eum
2730 2508 2913 2565 fuisse.
2959 2504 3228 2579 Denique,
3256 2520 3379 2563 cum
3428 2508 3544 2563 haec
3584 2506 3826 2578 Epistola

2154 2641 2164 2651 .
2229 2619 2411 2672 xxxvr,
2452 2617 2595 2659 anno
2652 2601 2762 2659 250
2808 2609 3040 2658 exeunte
3067 2608 3163 2657 aut
3201 2598 3301 2657 25l
3355 2600 3575 2657 ineunte
3623 2601 3824 2670 scripta

2228 2699 2323 2767 sit,
2366 2714 2463 2755 cur
2511 2694 2719 2753 dubitat
2753 2695 3051 2768 Cyprianus
3092 2711 3159 2751 an
3190 2693 3413 2765 pecunia
3468 2707 3628 2765 quam
3674 2702 3825 2750 tanto

2231 2802 2357 2852 ante
2384 2791 2625 2856 dederat,
2650 2788 2897 2846 universa
2925 2796 3143 2859 erogata
3166 2785 3366 2841 fuerit?
3406 2784 3499 2841 His
3526 2784 3827 2841 incommo-

2231 2884 2317 2941 dis
2344 2889 2616 2953 perinotus
2637 2879 3032 2946 Tillemontius,
3051 2893 3150 2949 pro
3172 2877 3257 2934 his
3282 2876 3482 2961 verbis,
3519 2895 3539 2930 ι
3567 2876 3708 2947 apud
3726 2876 3828 2932 Ro.

2230 2975 2500 3048 gatianum
2554 2972 2777 3040 dimisi,
2815 2990 2834 3024 ι
2885 2969 3173 3042 legendum
3200 2969 3446 3040 coniicit,
3488 2986 3509 3023 σ
3540 2966 3610 3025 ad
3655 2968 3830 3039 [toga-

2233 3074 2431 3124 ttanum
2460 3066 2582 3123 misi
2621 3084 2689 3123 ει
2726 3062 2824 3121 sed
2869 3076 3091 3120 necesse
3135 3077 3241 3119 non
3292 3062 3501 3118 videtur
3546 3062 3829 3118 immutare

2232 3167 2579 3222 contextum;
2624 3168 2801 3228 neque
2840 3154 2986 3211 enim
3034 3154 3150 3211 haec
3179 3155 3343 3211 verba
3382 3155 3691 3212 necessario
3736 3153 3827 3210 de-

2235 3260 2538 3311 monstrant
2557 3252 2885 3327 Cyprianum
2900 3249 3221 3321 Carthagine
3245 3247 3611 3305 discedentem
3656 3246 3831 3318 Roga-

2238 3351 2383 3407 tiano
2409 3350 2693 3421 pecuniam
2725 3348 3094 3414 commisisse,
3133 3347 3229 3403 sed
3269 3345 3570 3418 significare
3610 3353 3833 3416 possunt

2234 3444 2295 3501 S.
2315 3443 2624 3517 Martyrem,
2654 3459 2777 3498 cum
2806 3443 2874 3498 ad
2899 3458 3023 3499 eum
3051 3443 3101 3497 iu
3127 3455 3347 3497 secessu
3391 3439 3645 3496 latentem
3700 3454 3827 3508 pru-

2236 3536 2354 3609 pria
2375 3535 2546 3608 ipsius
2573 3537 2843 3610 quantitas
2866 3535 3007 3591 mitti
3039 3534 3259 3600 soleret,
3299 3531 3533 3589 noluisse
3594 3541 3651 3587 ut
3707 3530 3824 3585 haec

2238 3630 2479 3700 pecuniae
2509 3643 2716 3687 summa
2739 3628 2808 3684 de
2834 3644 2987 3683 more
3011 3625 3079 3682 ad
3102 3642 3160 3685 se
3182 3625 3507 3699 perierretur
3527 3664 3545 3692 ,
3600 3638 3827 3694 eamque

2237 3721 2375 3792 apud
2410 3721 2759 3791 liogatianum
2779 3719 3078 3793 reliquisse.
3110 3718 3298 3785 Porro,
3331 3732 3452 3772 cum
3483 3732 3668 3788 parum
3690 3726 3826 3770 tem-

2238 3814 2385 3885 poris
2412 3813 2711 3870 efﬂuxisset
2738 3828 2799 3869 ex
2830 3829 2933 3885 quo
2965 3811 3292 3884 Rogatianus
3321 3824 3384 3866 ac
3411 3811 3591 3867 caeteri
3617 3809 3832 3865 confvs-

2239 3918 2390 3960 sores
2413 3920 2445 3961 e
2470 3919 2685 3961 Carcere
2714 3904 2977 3968 exierant,
2999 3920 3103 3958 nun
3134 3903 3401 3960 immerito
3426 3901 3704 3959 dubitabat
3732 3904 3837 3975 (‘y-

2239 3995 2458 4067 prianus
2484 4011 2551 4052 an
2582 3995 2831 4053 universa
2858 3993 2974 4051 lucc
3000 3996 3224 4065 pecunia
3246 4002 3391 4051 esset
3415 4003 3652 4066 erogata.

2311 4088 2515 4145 Praeter
2543 4086 2922 4160 Rogatianum,
2964 4086 3100 4144 duos
3120 4086 3403 4159 episcopos
3442 4085 3840 4142 CaldOnittm‘et

2243 4180 2602 4237 llercuiaumn
2626 4194 2689 4237 ac
2716 4181 3087 4254 presbyterum
3120 4176 3453 4235 Numidicum
3480 4194 3577 4251 pro
3608 4193 3667 4234 sc
3695 4183 3835 4234 vica-

2240 4275 2350 4330 rius
2380 4275 2601 4329 miserat
2626 4272 2946 4346 Cyprianus,
2980 4280 3037 4328 ut
3080 4282 3455 4344 expungerent
3486 4290 3506 4323 t
3546 4271 3839 4327 nece-sita-

2243 4377 2323 4424 tes
2351 4366 2572 4423 fratrum
2601 4367 2939 4438 sumptibus,
2978 4366 3023 4421 si
3049 4366 3138 4437 qui
3174 4366 3333 4422 etiam
3366 4364 3566 4421 vellent
3589 4380 3712 4421 suas
3744 4380 3833 4421 ar-

2242 4471 2323 4518 tes
2361 4476 2647 4529 exercere,
2684 4461 3048 4517 additamenta
3075 4470 3332 4533 quantum
3356 4460 3486 4516 satis
3525 4468 3705 4526 esset,
3745 4460 3839 4515 de-

2242 4553 2438 4613 sideria
2483 4571 2667 4613 eorum
2707 4554 3004 4626 iuvarent;
3046 4554 3394 4611 simul-etiam
3434 4563 3491 4611 et
3533 4562 3719 4611 :rtates
3745 4568 3838 4610 eo-

2242 4666 2362 4707 rum
2416 4660 2470 4707 et
2520 4648 2853 4707 conditiones
2906 4657 2961 4707 et
3008 4649 3199 4706 merita
3236 4667 3257 4702 ι
3315 4647 3722 4715 discernerent,
3780 4656 3840 4703 ut

2243 4758 2432 4800 omnes
2458 4743 2659 4816 optimc
2687 4751 2873 4800 nosset
2898 4739 3217 4815 Cyprianus,
3246 4759 3266 4796 ι
3304 4749 3359 4798 et
3383 4739 3572 4813 dignos
3599 4754 3839 4813 quosque

2244 4845 2299 4893 et
2344 4835 2577 4893 humiles
2618 4845 2673 4891 et
2701 4835 2860 4893 mites
2897 4834 2964 4891 ad
3002 4831 3389 4891 ecclesiasticae
3420 4832 3841 4889 administratio-

2244 4929 2329 4987 nis
2367 4927 2544 4985 ofﬁcia
2576 4948 2596 4983 ι
2632 4936 2991 5001 promoveret.
3033 4924 3173 4998 Sed,
3213 4942 3337 4984 cum
3384 4926 3623 5000 episcopi
3666 4927 3741 4983 illi
3786 4936 3841 4984 et

2244 5021 2546 5094 presbyteri
2577 5022 2826 5079 mandata
2857 5021 3109 5094 Cypriani
3135 5021 3485 5089 facesserent,
3520 5024 3841 5093 supervenit

2244 5113 2633 5182 Felicissimus,
2662 5116 2744 5171 vir
2759 5114 2993 5186 projecta
3018 5115 3322 5172 temeritate
3348 5124 3402 5173 et
3435 5129 3642 5172 summa
3672 5112 3839 5170 auda-

2243 5206 2349 5277 cia,
2379 5221 2444 5263 ac
2470 5206 2776 5265 intercessit
2809 5227 2828 5261 ι
2865 5221 2933 5264 ne
2962 5208 3082 5280 quis
3114 5209 3287 5281 possit
3317 5209 3588 5281 expungi,
3616 5224 3752 5266 neve
3776 5223 3839 5264 ea

2244 5316 2366 5372 qua:
2403 5321 2422 5355 ι
2475 5300 2874 5358 desideraverat
2919 5299 3251 5374 Cyprianus,
3284 5320 3304 5355 ι
3337 5310 3560 5375 possent
3597 5301 3838 5372 diligenti

2246 5393 2639 5452 examinatione
2668 5394 2943 5462 discerni;
2983 5394 3340 5452 comminatus
3378 5396 3540 5451 etiam
3591 5394 3841 5451 fratribus

2244 5490 2335 5561 qui
2383 5488 2539 5560 primi
2588 5488 2817 5561 expungi
2856 5498 3215 5559 accesserant,
3270 5498 3546 5563 potentatu
3595 5488 3841 5561 improlm

2244 5592 2299 5640 et
2357 5592 2561 5638 terrore
2617 5581 2852 5638 violento
2878 5625 2894 5652 ,
2953 5583 3095 5655 quod
3148 5599 3330 5641 secum
3400 5586 3453 5641 in
3509 5595 3683 5643 morte
3734 5598 3839 5641 non

2245 5675 2720 5734 communicarent.
2752 5693 2787 5769 λ
2826 5676 3020 5735 Postea
3077 5676 3340 5751 proripuit
3382 5684 3443 5736 Se
3493 5696 3514 5732 ι
3549 5692 3672 5735 cum
3718 5676 3839 5750 pitt-

2243 5774 2396 5831 rimis
2423 5772 2615 5829 ducem
2642 5786 2703 5830 se
2738 5770 2985 5830 factionis
3021 5778 3077 5830 et
3099 5772 3376 5829 seditionis
3413 5772 3710 5845 principem
3751 5784 3839 5827 tc-

2244 5868 2477 5925 merario
2504 5866 2685 5926 furore
2728 5877 3056 5926 contestans.
3096 5885 3116 5921 ι
3174 5866 3383 5926 Certior
3423 5864 3596 5923 factus
3643 5862 3729 5921 his
3768 5862 3839 5920 de

2243 5960 2407 6020 rebus
2432 5958 2733 6036 Cyprianus
2758 5975 2789 6021 a
2813 5957 3077 6025 Caldonio
3124 5969 3178 6022 et
3234 5956 3538 6021 ilcrculano
3571 5954 3839 6033 θιιίεοοιιίε
