4172 6264
296 424 408 491 ll?

295 557 351 605 et
375 545 672 619 Rogatiane
699 554 764 602 ac
787 545 1065 602 Numidico
1091 547 1438 621 presbyteris,
1461 551 1673 620 scripsit
1701 551 1765 604 ad
1801 563 1894 605 eos

296 640 590 710 Epistulam
625 640 951 709 trigesimam
979 651 1221 697 octavam
1240 683 1253 705 ,
1285 643 1335 696 in
1365 658 1466 710 qua
1500 642 1895 700 Feiicissimum

296 730 762 795 cxcommnuicat,
791 740 906 785 tum
933 731 1001 786 ob
1015 731 1275 787 nefarium
1305 732 1560 799 scitisma,
1595 743 1704 789 tum
1751 734 1893 804 quod

301 840 324 878 ι
359 823 428 878 ad
466 821 680 878 fraudes
710 821 829 892 ejus
869 829 925 878 et
952 823 1197 894 rapinas,
1229 838 1391 893 quas,
1427 825 1634 895 inquit,
1665 824 1896 880 dilucida

294 916 522 974 veritate
570 915 918 985 cognovimus
965 932 982 972 :
1027 915 1278 971 adulterii
1329 916 1490 972 etiam
1541 918 1749 973 crimen
1803 930 1894 971 ac-

293 1008 468 1074 cedit,
518 1005 662 1078 quod
707 1005 899 1062 fratres
949 1007 1139 1076 nostri,
1179 1022 1371 1078 graves
1418 1008 1553 1075 viri,
1595 1008 1897 1080 deprehen-

293 1101 442 1158 disse
487 1111 550 1154 se
596 1097 1027 1166 nuntiaverunt,
1081 1109 1136 1154 et
1185 1099 1502 1168 probaturos
1569 1116 1691 1156 sese
1744 1115 1894 1156 asse-

293 1202 642 1253 veraverunt.
697 1207 719 1246 ι
754 1192 1013 1263 Augende
1065 1202 1276 1259 autem,
1316 1194 1409 1264 qui
1455 1208 1514 1250 se
1563 1193 1898 1250 Felicissimo

294 1287 632 1352 sociaverat,
661 1283 807 1342 idem
837 1285 1070 1341 minatur
1091 1284 1394 1357 Cyprianus
1427 1286 1475 1341 si
1510 1286 1649 1341 ultra
1680 1301 1800 1342 cum
1829 1301 1896 1342 eo

299 1377 751 1453 perseveraverit.
801 1376 920 1434 Non
951 1376 1107 1432 facile
1133 1377 1432 1448 explicatur
1457 1377 1582 1450 quid
1610 1378 1711 1434 sibi
1738 1377 1899 1434 vellet

296 1470 663 1530 Felicissimus
685 1483 810 1526 cum
847 1488 866 1522 (
905 1478 1180 1540 potentatu
1205 1470 1450 1541 improbe
1474 1479 1531 1526 et
1558 1479 1764 1526 terrere
1785 1471 1898 1525 vio-

293 1567 447 1622 lento
478 1582 498 1617 ι
528 1563 825 1618 minaretur
860 1575 1042 1619 secum
1089 1563 1142 1617 in
1183 1571 1358 1618 morte
1391 1577 1498 1618 non
1525 1564 1893 1618 communica-

295 1666 453 1714 turos
501 1655 594 1727 qui
643 1652 916 1727 Cypriane
961 1653 1445 1725 obtemperassent.
1499 1654 1606 1709 Pro
1649 1670 1714 1708 eo
1758 1653 1901 1724 quod

296 1747 555 1806 Baluzius
578 1747 756 1819 posuit
786 1765 805 1799 ι
839 1745 892 1801 in
923 1755 1116 1815 morte,
1141 1766 1160 1800 ο
1189 1757 1426 1803 veterum
1448 1746 1692 1802 codicum
1721 1759 1898 1802 aucte-

291 1842 460 1896 ritate
483 1839 660 1907 uixus,
689 1837 890 1896 habent
915 1838 1034 1894 aliae
1062 1838 1330 1895 editiones
1359 1856 1380 1890 ι
1412 1839 1465 1893 in
1489 1848 1698 1906 monte,
1738 1856 1758 1893 ι
1803 1839 1900 1894 sed

290 1933 416 1990 sive
438 1933 645 2004 legatur
669 1949 691 1985 ι
713 1931 769 1987 in
784 1939 986 1997 monte,
1002 1950 1021 1984 ι
1044 1931 1158 1987 sive
1180 1949 1200 1984 ε
1226 1932 1277 1986 in
1293 1941 1489 1998 mor-te,
1521 1949 1538 1984 ι
1557 1940 1900 1987 antntcntata

291 2031 371 2088 ab
398 2029 662 2102 ejusmodi
689 2028 907 2085 homine
937 2027 1421 2084 excommunicatie
1450 2026 1742 2083 violentum
1785 2033 1900 2082 ter-

294 2139 481 2180 rorem
509 2124 749 2180 incutere
779 2122 988 2193 potuit?
1035 2137 1215 2178 nonne
1254 2129 1381 2177 tunc
1409 2122 1588 2192 potius
1620 2121 1900 2177 terruisset

293 2216 349 2272 si
377 2216 612 2271 minatus
638 2223 783 2272 esset
819 2228 940 2270 sese
963 2213 1266 2270 Catltolices
1295 2223 1608 2269 coacturum
1635 2222 1692 2268 ut
1717 2229 1901 2269 secum

293 2309 797 2366 communicarent?
843 2320 913 2363 an
940 2306 1244 2364 hominibus
1292 2308 1546 2378 episcopo
1590 2320 1690 2362 suo
1713 2305 1892 2362 affixis

295 2412 358 2459 et
384 2403 781 2459 Feiicissimum
829 2399 1220 2458 detestantibus
1268 2415 1432 2471 grave
1496 2398 1899 2455 incommodum

298 2496 476 2552 videri
503 2497 695 2566 potuit,
744 2495 1126 2551 communione
1166 2492 1399 2549 hominis
1443 2491 1757 2563 nequissimi
1807 2506 1899 2546 ca-

294 2604 430 2646 rere
457 2589 479 2641 ?
521 2587 803 2659 Equidem,
834 2595 1091 2659 quantum
1119 2587 1174 2641 in
1202 2600 1260 2641 re
1285 2583 1608 2656 perobscura
1635 2584 1902 2653 conjicere

297 2693 544 2753 possum,
575 2681 822 2753 suspicor
866 2679 1260 2737 Felicissimum
1312 2693 1420 2734 non
1460 2677 1898 2732 excommunica-

301 2776 503 2830 tiouem
519 2773 715 2839 solum,
737 2772 832 2828 sed
847 2774 1004 2828 etiam
1030 2782 1258 2828 mortem
1282 2772 1455 2840 ipsam
1477 2769 1734 2824 minatum
1758 2783 1895 2835 esse,

298 2869 373 2924 ita
398 2875 457 2923 ut
497 2881 686 2922 secum
708 2864 762 2919 in
787 2873 978 2929 morte,
1011 2879 1168 2934 quam
1189 2863 1501 2928 intentabat,
1529 2877 1634 2916 non
1661 2875 1902 2917 commu-

298 2962 578 3018 nicaturos
604 2958 809 3014 diceret
847 2957 936 3027 qui
963 2956 1231 3028 Cypriane
1255 2955 1735 3024 obtemperassent.
1767 2954 1904 3009 Cum

296 3051 584 3109 Cornelius
606 3051 826 3107 territus
853 3049 1018 3105 fuisse
1046 3047 1321 3104 videreIUr
1349 3065 1368 3098 ‹
1413 3046 1574 3102 minis
1605 3045 1903 3117 parricida-

298 3145 443 3200 libus
474 3161 493 3196 ι
547 3141 903 3206 Felicissimi,
954 3140 1195 3198 declarat
1239 3139 1542 3211 Cyprianus
1574 3139 1627 3194 in
1682 3138 1780 3209 Ep.
1813 3154 1898 3204 ιν,

298 3249 396 3290 sua
430 3233 560 3290 nihil
585 3228 848 3291 interesse
875 3253 894 3285 ‹
927 3243 1015 3288 aut
1036 3249 1067 3287 a
1087 3247 1194 3302 quo
1217 3242 1311 3288 aut
1343 3230 1558 3301 quando
1583 3231 1902 3301 perimatur,

301 3333 491 3384 mortis
537 3338 594 3384 et
649 3327 922 3400 sanguinis
965 3325 1244 3397 praemium
1295 3325 1363 3380 de
1395 3324 1622 3408 Detninp
1653 3333 1902 3393 receptu-

306 3438 423 3480 rus.
460 3441 477 3474 ι
510 3421 660 3490 Quod
690 3421 818 3478 siin
866 3420 1176 3477 Ceruelimn
1207 3431 1261 3475 et
1305 3419 1630 3490 Cyprianum
1681 3416 1903 3489 parrici-

301 3518 454 3574 daies
469 3519 625 3574 minae
647 3516 962 3574 Felicissimi
981 3523 1341 3587 proruperunt
1358 3557 1372 3581 ,
1396 3515 1516 3586 quis
1539 3515 1764 3570 miretur
1784 3513 1901 3584 pic-

304 3611 549 3668 beculam
574 3610 838 3681 ejusmodi
864 3609 1023 3665 minis
1042 3609 1110 3664 ab
1129 3623 1195 3664 eo
1211 3609 1521 3663 exterritam
1555 3607 1718 3663 fuisse
1743 3608 1766 3662 ?

339 3703 644 3776 -Cypriane
686 3702 971 3773 diligenter
1011 3711 1300 3771 paruerunt
1324 3699 1564 3770 episcopi
1595 3710 1647 3754 et
1675 3696 1903 3768 presby-

309 3798 407 3852 teri
450 3809 677 3866 quorum
709 3794 902 3850 vicaria
929 3809 1090 3864 opera
1119 3793 1318 3849 absens
1363 3792 1628 3857 utebatur,
1655 3801 1713 3846 ct
1757 3788 1901 3844 Feli-

305 3890 580 3946 cissimum
601 3889 824 3960 ejusque
841 3890 1136 3960 praecipuos
1153 3897 1448 3944 sectatores
1473 3886 1906 3943 excommunica-

305 4001 455 4056 runt,
481 3999 543 4046 ut
563 3998 707 4060 patet
734 4005 800 4045 ex
827 3988 1063 4059 Epistula
1110 3989 1252 4044 inter
1295 3983 1643 4057 Cyprianicas
1692 3996 1853 4035 xxxrx
1885 4018 1902 4046 ,

305 4098 427 4156 quae
455 4091 635 4138 tamen
663 4096 766 4136 non
791 4090 896 4136 tam
921 4080 1130 4135 videtur
1153 4076 1538 4148 esscepistela,
1568 4089 1726 4145 quam
1756 4072 1906 4128 libel-

306 4179 389 4232 lus
430 4167 1002 4238 exeommunicationis
1031 4172 1248 4244 publice
1274 4171 1598 4241 propositus.

306 4315 549 4371 XVii.—
569 4330 788 4371 scmsua
817 4323 1128 4370 FELICISSIMI
1170 4326 1308 4368 ANNO
1344 4311 1443 4366 951
1481 4323 1907 4365 isseme—No-

380 4424 550 4464 \‘A'I‘US
575 4423 705 4462 UNL‘S
740 4423 810 4462 EX
859 4423 1086 4472 QUINQUE
1127 4418 1484 4462 SCIIISMATICIS
1531 4414 1904 4457 PRESBYTERIS.

379 4533 449 4542 -·-
493 4518 556 4557 DE
591 4517 838 4561 EPISTULA
876 4517 946 4555 XL
976 4515 1234 4555 CYPRIANI.

383 4660 498 4718 Non
521 4669 606 4719 est
629 4673 808 4731 operm
827 4659 1055 4731 pretium
1081 4657 1330 4714 refellere
1357 4671 1475 4728 qum
1498 4655 1567 4711 de
1593 4654 1910 4710 Felicissimi

305 4755 610 4813 sacerdotio
643 4757 819 4811 minus
853 4753 993 4809 bcilc
1045 4752 1292 4820 opinatus
1320 4760 1403 4806 est
1441 4748 1722 4804 Baronius.
1759 4747 1911 4803 llunc

305 4853 450 4907 enim
490 4847 683 4906 iaicum
735 4847 898 4903 fuisse
924 4862 1045 4902 cmn
1076 4843 1304 4900 scitistna
1334 4843 1615 4910 conflavit,
1650 4843 1801 4897 testis
1827 4851 1911 4896 cst

307 4941 552 5014 locuples
577 4941 898 5014 Cyprianus,
932 4940 1019 5010 qui
1052 4937 1311 4994 Novatum
1347 4936 1420 4991 illi
1442 4935 1788 4992 diaetmatum
1822 4937 1912 4991 iis-

309 5038 438 5094 dem
480 5031 963 5091 machinationibus
1006 5029 1196 5102 quibus
1227 5040 1279 5085 ct
1310 5029 1604 5085 Net-aliane
1632 5031 1912 5101 episcopa-

311 5139 445 5194 tnm,
469 5127 786 5186 conciliasse
803 5127 1038 5182 declarat
1069 5141 1082 5180 :
1121 5144 1138 5177 ι
1173 5125 1290 5195 Ipse
1312 5123 1410 5188 est,
1443 5124 1609 5193 inquit
1631 5124 1731 5194 Ep.
1765 5139 1906 5191 κων,

307 5221 400 5293 qui
457 5219 847 5276 Felicissimum
892 5217 1174 5274 satellitem
1223 5227 1374 5272 suum
1427 5212 1757 5279 diaconum,
1814 5226 1914 5267 nec

309 5313 655 5384 permittente
686 5327 804 5380 me,
844 5309 1174 5388 nccscicnte
1196 5350 1211 5375 ,
1267 5323 1362 5363 sua
1391 5310 1614 5362 factione
1639 5318 1694 5362 et
1745 5305 1914 5360 ambi-

319 5405 464 5460 tione
490 5405 890 5460 constituit
921 5399 1021 5470 Qui
1051 5401 1170 5456 istic
1195 5400 1451 5457 adversus
1493 5400 1773 5455 ecclesiam
1796 5399 1912 5455 dia-

320 5507 515 5552 conum
567 5496 796 5562 fecerat,
847 5495 957 5551 illic
985 5495 1294 5565 cpiscOpum
1335 5492 1641 5548 constituit.
1684 5509 1703 5544 ι
1747 5491 1915 5547 Porro

319 5589 435 5645 time
481 5589 748 5646 ordinatio
793 5587 909 5644 fieri
968 5601 1071 5642 non
1120 5586 1291 5657 potuit
1348 5587 1446 5640 nisi
1497 5594 1617 5655 post
1670 5591 1913 5655 apertum

310 5682 582 5748 scitisma;
629 5693 731 5738 nec
774 5681 876 5736 ulla
926 5691 1147 5751 prorsus
1192 5679 1396 5736 ratione
1444 5691 1563 5751 eam
1599 5677 1917 5733 Pearsonius

312 5786 441 5830 ante
483 5773 715 5830 seltisma
745 5750 1002 5842 eollucet,
1050 5783 1172 5829 cum
1223 5750 1543 5841 Cypriatﬂts,
1585 5779 1642 5825 ut
1669 5769 1919 5825 observat

320 5866 724 5935 ’l‘illemontius,
775 5864 875 5922 hoc
922 5864 1130 5922 facinus
1179 5859 1300 5918 nen‘
1327 5869 1606 5918 recenseat
1631 5861 1770 5917 inter
1797 5875 1917 5917 scc-

317 5959 429 6017 lera
452 5957 768 6018 Felicissimi
799 5959 876 6032 (in
903 5959 999 6030 Ep.
1032 5955 1281 6029 χχιι-ιιι).
1323 5953 1442 6027 ipse
1474 5954 1634 6010 etiam
1662 5951 1918 6027 Novatus,

1481 425 1636 484 V'ITA
1678 425 1923 485 SANCTI
1960 425 2311 487 CYPRUM.

3511 441 3612 501 118

2015 551 2115 606 etsi
2155 551 2240 605 fax
2271 559 2387 606 erat
2431 551 2570 606 illius
2602 551 2830 607 incendii
2852 594 2866 620 ,
2901 565 3050 608 suam
3085 561 3259 610 tamen
3314 555 3603 628 nequitiam

2010 643 2162 697 initio
2190 643 2493 698 schismatis
2518 645 2746 699 obscure
2777 644 2998 711 ferebat,
3029 659 3130 702 nec
3151 662 3268 702 sese
3298 663 3418 703 cum
3450 647 3596 706 Feli-

2007 737 2222 792 cissimo
2253 739 2425 808 palam
2457 746 2511 792 et
2543 747 2726 808 aperte
2752 738 3133 809 coniungebat.
3164 739 3316 809 Quod
3345 740 3388 796 si
3416 739 3468 796 id
3499 755 3562 796 au
3585 775 3599 785 -

2006 843 2098 884 sus
2141 829 2359 895 fuisset,
2417 829 2660 884 eamdem
2696 827 2948 885 subiisset
2993 833 3600 889 cxcommunicatienem

2005 938 2069 978 ac
2096 922 2186 978 alii
2217 922 2534 978 Felicissimi
2583 930 2898 978 sectatores.
2954 923 3062 979 Nec
3107 925 3264 979 citius
3307 939 3452 980 anno
3495 925 3601 980 231

2008 1016 2245 1083 ineunte,
2267 1031 2364 1070 nec
2381 1015 2552 1070 serius
2572 1015 2826 1070 collocari
2851 1025 3024 1086 potest
3047 1016 3147 1072 lrec
3168 1017 3421 1073 schisma.
3442 1015 3594 1086 Nam,

2008 1118 2066 1164 ut
2095 1109 2425 1164 demonstrat
2459 1109 2837 1164 'l‘illcmontius
2860 1109 3115 1165 adversus
3147 1111 3490 1166 i‘carsonium
3516 1113 3608 1182 qui

2009 1200 2136 1261 illud
2181 1206 2346 1261 refert
2389 1206 2454 1261 ad
2507 1219 2702 1260 annum
2749 1203 2877 1274 238,
2930 1206 3134 1260 nullum
3187 1221 3407 1278 prorsus
3438 1218 3610 1264 exstat

2008 1297 2312 1355 schismatis
2344 1298 2620 1370 vestigium
2660 1299 2713 1353 in
2759 1300 3004 1373 epistolis
3035 1316 3176 1356 anno
3361 1302 3607 1371 scriptis;

2010 1407 2108 1447 ncc
2159 1391 2315 1462 hujus
2370 1393 2444 1447 rei
2498 1393 2740 1448 nuntium
2797 1391 2962 1448 ullum
2990 1393 3288 1466 Cyprianus
3330 1401 3610 1465 acceperat

2008 1499 2128 1540 cum
2177 1483 2437 1540 scriberet
2483 1485 2773 1554 Epistoiam
2823 1501 2980 1540 xxxvi
3012 1527 3024 1550 ,
3070 1502 3188 1556 quae
3257 1483 3610 1541 schismaticis

2009 1578 2321 1649 erumpendi
2350 1580 2688 1634 occasionem
2717 1579 2882 1635 dedit.
2916 1579 3100 1651 Neque
3153 1581 3314 1635 etiam
3341 1582 3514 1635 serius
3543 1583 3610 1636 ab

2011 1673 2248 1729 Ecclesia
2279 1673 2473 1729 defecit
2515 1673 2914 1739 Felicissimus;
2949 1690 3073 1728 nam
3121 1675 3354 1744 quinque
3385 1673 3612 1746 presby-

2010 1766 2130 1830 teri,
2160 1765 2249 1836 qui
2281 1766 2420 1819 circa
2449 1764 2651 1819 Pascha
2679 1780 2798 1821 sese
2824 1765 3111 1831 nudarunt,
3131 1766 3240 1836 jam
3270 1767 3410 1822 illius
3432 1777 3612 1839 partes

2007 1855 2330 1927 aliquamdiu
2353 1856 2559 1911 occulte
2583 1855 2841 1912 fovcrant.

2081 1954 2346 2008 Statuerat
2408 1951 2706 2024 Cyprianus
2757 1949 2959 2006 Pascha
3006 1951 3164 2022 hujus
3217 1952 3353 2011 anni
3393 1949 3492 2007 251
3560 1955 3611 2008 in

2010 2043 2233 2100 cccicsia
2274 2059 2367 2099 sua
2413 2043 2688 2100 celebrare
2721 2061 2732 2098 :
2760 2045 3028 2115 pungebat
3064 2045 3205 2100 enim
3239 2045 3387 2099 illum
3425 2063 3443 2098 ι
3470 2046 3615 2100 ρκδὶι

2010 2134 2138 2188 lium
2158 2135 2266 2204 jam
2297 2135 2531 2203 biennii,
2565 2144 2617 2191 ct
2645 2150 2675 2190 a
2705 2135 2939 2190 vultibus
2965 2144 3123 2205 atque
3155 2137 3322 2191 oculis
3345 2131 3612 2208 (suorum)

2010 2228 2246 2300 lugubris
2277 2229 2564 2300 separatio,
2590 2228 2745 2284 dolor
2767 2230 2906 2300 jugis
2932 2238 2986 2284 et
3011 2231 3240 2300 gemitus
3261 2231 3353 2301 qui
3378 2245 3500 2286 eum
3526 2244 3616 2284 so-

2011 2321 2118 2374 lum
2166 2321 2415 2377 continua
2474 2321 2853 2377 lan'rentationc
2903 2319 3298 2388 discruciabat,
3360 2319 3612 2393 Iacryma)

2009 2413 2196 2470 diebus
2218 2429 2278 2470 ac
2301 2413 2544 2471 noctibus
2566 2416 2911 2486 profluentes,
2935 2415 3075 2485 quod
3097 2413 3357 2470 sacerdoti
3382 2416 3610 2472 necdum

2008 2509 2373 2582 complexibus
2401 2509 2662 2582 (suorum)
2697 2507 2958 2564 inii-.ercrc
3006 2527 3024 2560 ›
3083 2509 3417 2579 contingeret
3476 2509 3610 2581 (Ep.

2009 2599 2107 2673 xi).
2139 2602 2243 2658 Sed
2292 2601 2414 2658 huic
2437 2601 2628 2667 dolori,
2663 2617 2818 2673 quem
2842 2615 2963 2671 spes
2994 2603 3183 2656 maturi
3222 2599 3426 2657 reditus
3447 2599 3615 2657 Icnic-

2008 2695 2119 2758 bat,
2152 2694 2396 2749 cumulus
2424 2694 2650 2750 accessit
2688 2693 2921 2764 quinque
2969 2694 3400 2764 presbyterorum
3444 2693 3612 2764 perfi-

2010 2788 2116 2854 dia,
2149 2788 2236 2857 qui
2271 2789 2323 2841 in
2362 2797 2604 2856 apertum
2645 2786 2896 2852 schisma,
2933 2787 3074 2857 quod
3125 2786 3322 2842 (ludum
3353 2786 3613 2857 improbis

2011 2881 2202 2932 animis
2233 2878 2622 2948 parturicbant,
2656 2878 2870 2934 tandem
2898 2888 3021 2933 ante
3067 2878 3273 2932 Pascha
3303 2877 3460 2947 hujus
3486 2878 3610 2931 anni

2010 2979 2407 3041 eruperunt,'et
2430 2970 2752 3040 Cyprianum
2790 2969 2952 3024 minis
2981 2977 3034 3023 et
3064 2967 3271 3021 insidiis
3299 2968 3410 3022 suis
3435 2983 3500 3021 eo
3523 2983 3610 3020 rc-

2011 3062 2273 3133 degcrunt
2304 3068 2360 3116 ut
2387 3061 2564 3116 redire
2589 3069 2712 3115 ante
2753 3059 2956 3114 Pascha
2987 3073 3092 3111 non
3119 3057 3358 3124 auderet,
3391 3072 3459 3111 ne
3499 3058 3615 3126 ipso

2012 3153 2329 3209 adveniente
2354 3173 2372 3205 ‹
2403 3153 2658 3206 tumultus
2679 3152 2786 3206 illic
2812 3151 2983 3219 major
3011 3148 3258 3216 oriretur,
3291 3158 3346 3204 et
3367 3162 3490 3203 cum
3525 3163 3616 3218 pa-

2010 3247 2057 3300 ci
2089 3256 2142 3301 ct
2182 3245 2549 3316 tranquillitati
2597 3244 2878 3315 episcopus
2928 3242 3214 3312 providere
3261 3242 3312 3296 in
3361 3241 3611 3296 onmilnts

2010 3340 2221 3406 debeat,
2277 3340 2390 3410 ipse
2421 3339 2698 3393 materiam
2725 3335 2971 3393 seditioni
3001 3333 3217 3389 dedisse
3262 3342 3317 3388 et
3362 3348 3615 3404 persecu-

2012 3434 2208 3488 tionem
2237 3433 2412 3488 denuo
2443 3431 2792 3488 exacerbassc
2816 3428 3109 3484 videretur.
3151 3447 3169 3480 ›
3207 3426 3396 3501 (Ιὺὶιι.)

2085 3525 2328 3598 Quinque
2359 3525 2431 3581 illi
2488 3525 2807 3598 presbyteri,
2839 3540 2960 3579 cum
2987 3521 3097 3593 jam
3147 3531 3302 3576 antea
3329 3520 3610 3591 conjuras-

2008 3628 2131 3675 sent
2176 3596 2360 3674 contra
2387 3596 2751 3688 episcopatum
2784 3613 3073 3687 Cypriani,
3116 3611 3452 3669 confesseres
3483 3627 3615 3666 nen-

2011 3710 2186 3768 nullos
2213 3728 2241 3766 a
2264 3711 2447 3767 debita
2480 3711 2734 3780 episcopo
2776 3705 3075 3763 reverentia
3119 3714 3436 3760 avocasscnt
3474 3712 3526 3757 et
3558 3703 3609 3755 in

2010 3805 2136 3860 vitia
2189 3803 2538 3873 impegisseut
2586 3813 2804 3870 prorsus
2850 3797 3155 3860 inhonesta,
3186 3794 3361 3864 palam
3403 3812 3423 3847 ι
3459 3807 3518 3848 se
3543 3792 3612 3845 ad

2009 3897 2280 3967 lapsorum
2313 3895 2603 3965 perniciem
2645 3898 2907 3948 venenata
2951 3904 3049 3945 sua
3090 3889 3407 3958 deceptione
3444 3897 3617 3943 verte-

2011 3997 2156 4057 runt,
2187 4001 2388 4057 eosque
2418 4002 2448 4040 a
2476 3984 2684 4040 medela
2729 3981 2965 4038 vulneris
2992 3982 3076 4037 sui
3121 3999 3141 4036 ι
3198 3988 3509 4048 avocarent,
3561 3991 3618 4034 ct

2018 4099 2037 4135 ι
2074 4079 2391 4138 intermissis
2419 4078 2665 4150 precibus
2681 4075 3106 4142 etoratiOnibus,
3133 4075 3325 4146 quibus
3352 4072 3612 4128 Dominus

2013 4178 2167 4249 longa
2201 4187 2256 4233 et
2283 4179 2534 4232 continua
2577 4172 2937 4229 satisfactione
2965 4169 3288 4242 placandus,
3319 4169 3387 4225 ad
3415 4168 3609 4226 exitie-

2013 4285 2128 4325 sam
2173 4269 2525 4324 temeritatem
2569 4264 2851 4321 mendacio
2893 4263 3146 4334 captiosa:
3168 4262 3315 4334 pacis
3353 4281 3372 4315 ›
3422 4262 3613 4317 invita-

2013 4371 2156 4421 runt.
2203 4361 2298 4418 liis
2340 4362 2500 4417 etiam
2544 4360 2840 4432 Cyprianus
2884 4356 3203 4415 Felicissimi
3245 4355 3499 4419 scitisma,
3554 4365 3615 4408 ut

2014 4455 2237 4513 occultis
2279 4454 2608 4518 auctoribus,
2641 4451 2905 4508 attribuit.
2956 4448 3212 4517 Quamvis
3249 4455 3328 4502 tot
3366 4444 3507 4500 maia
3544 4443 3613 4498 ab

2015 4548 2279 4621 ejusmodi
2303 4547 2606 4603 hominibus
2627 4557 2744 4602 orta
2773 4554 2984 4611 essent,
3021 4558 3130 4600 nou
3175 4539 3393 4612 optabat
3434 4544 3612 4592 tamen

2015 4644 2334 4716 Cyprianus,
2390 4650 2449 4697 ut
2500 4657 2560 4696 se
2610 4640 2753 4695 ultre
2798 4639 3088 4708 ejicerent,
3134 4634 3229 4690 sed
3270 4631 3611 4697 sententiam,

2017 4757 2172 4814 quain
2200 4741 2344 4796 illius
2371 4736 2697 4809 indulgentia
2719 4734 3035 4804 etibgerant,
3058 4731 3126 4786 de
3146 4743 3204 4786 se
3226 4729 3327 4800 ipsi
3353 4727 3612 4796 tulerunt,

2016 4845 2070 4891 et
2098 4835 2195 4889 tde
2223 4833 2317 4888 Dei
2346 4829 2736 4903 providentiai,
2770 4826 2873 4880 hoc
2903 4838 3002 4880 nec
3029 4825 3240 4880 volente
3270 4837 3370 4878 nec
3395 4830 3616 4894 optante

2017 4927 2305 4999 Cypriane,
2355 4927 2520 4979 immo
2557 4930 2612 4976 et
2651 4921 2958 4991 ignescente
3003 4928 3055 4973 et
3088 4925 3313 4984 tacente,
3374 4935 3394 4968 ι
3429 4931 3616 4988 ptenas

2018 5035 2151 5092 quas
2194 5023 2508 5074 meruerant
2546 5011 2927 5084 repcndcrunt.
2963 5028 2982 5063 θ
3027 5009 3235 5083 (Ιὺὶά.)
3269 5008 3430 5065 Mirer
3485 5023 3616 5064 sane

2018 5112 2279 5168 Novatum
2321 5109 2374 5164 in
2421 5105 2705 5161 Annalibus
2748 5103 3067 5175 Cyprianicis
3095 5117 3159 5158 cx
3197 5115 3420 5158 numero
3463 5101 3618 5170 quin-

2019 5221 2122 5277 que
2151 5205 2585 5276 presbyterorum
2612 5199 2808 5268 eximi,
2835 5213 2955 5254 cum
2994 5197 3296 5271 Cyprianus
3341 5194 3410 5251 de
3455 5209 3521 5250 eo
3561 5195 3615 5250 in

2020 5297 2120 5367 Ep.
2169 5312 2294 5351 aux
2326 5334 2341 5360 ,
2395 5294 2474 5349 sic
2539 5294 2820 5364 loquatur:
2865 5290 3052 5348 «idem
3097 5298 3182 5345 est
3232 5287 3466 5351 Novatus
3526 5289 3618 5359 qui

2020 5387 2158 5460 apud
2189 5403 2288 5442 nos
2315 5387 2540 5457 primum
2569 5384 2852 5440 discordia:
2885 5391 2941 5438 et
2979 5380 3282 5438 schismatis
3312 5380 3614 5436 incendium

2022 5479 2326 5548 seminavit,
2351 5479 2440 5548 qui
2463 5477 2723 5548 quosdam
2753 5477 2870 5531 istic
2889 5490 2957 5531 ex
2995 5472 3244 5528 fratribus
3269 5472 3336 5528 ab
3365 5473 3616 5543 episcopo

2023 5571 2338 5645 segregavit,
2371 5569 2463 5639 qui
2501 5570 2555 5624 in
2601 5568 2714 5638 ipsa
2765 5565 3135 5638 persecutione
3180 5563 3247 5620 ad
3301 5563 3618 5620 evertendas

2024 5665 2244 5721 fratrutn
2273 5671 2483 5718 mentes
2521 5660 2622 5714 alia
2653 5659 2896 5730 quaedam
2945 5656 3247 5729 persecutio
3271 5655 3471 5713 nostris
3495 5653 3614 5711 fuit.

2025 5758 2143 5829 ipse
2168 5754 2365 5825 estqui
2397 5752 2785 5809 Felicissimutn
2813 5751 3100 5808 satellitem
3125 5764 3282 5805 suum
3311 5747 3617 5816 diaconum,

2029 5867 2129 5908 nec
2155 5850 2495 5921 permittente
2525 5863 2610 5904 me
2642 5863 2743 5904 nec
2768 5847 3004 5914 sciente,
3035 5860 3132 5902 sua
3165 5843 3395 5902 factione
3421 5850 3476 5900 et
3500 5858 3618 5898 am-

2036 5946 2236 6006 bitione
2256 5943 2549 6018 constituit,
2571 5952 2676 6003 etc.
2705 5963 2725 6001 ι
2753 5943 2880 6004 Erat
2902 5942 3063 6004 etiam
3083 5956 3148 6004 ex
3169 5939 3360 6003 eodem
3380 5951 3624 6009 numero,
