4200 6262
577 401 682 460 H9

574 537 633 579 nt
662 534 884 581 testatur
904 524 1196 596 Cyprianus
1219 523 1271 579 in
1303 523 1473 594 Epist.
1505 539 1592 590 ιγ,
1640 523 1984 591 Fortunatus,
2013 539 2173 594 quem

575 617 900 671 schismatici
941 615 1454 687 pseudoepiscepum
1491 615 1961 687 Carthaginiensem
1989 623 2175 686 postea

576 716 844 763 crearunt.
883 707 997 761 Duo
1022 707 1110 760 alii
1137 723 1242 762 non
1275 707 1694 778 improbabilitcr
1722 709 1771 760 in
1801 707 2047 787 eumdem
2077 723 2174 761 nu-

573 816 780 875 merum
806 799 1025 855 veniunt
1067 800 1303 856 Donatus
1324 808 1378 855 et
1398 799 1628 855 Gerdius
1651 842 1666 867 ,
1691 799 1759 854 de
1785 800 1977 869 quibus
2000 799 2174 869 agitur

574 894 626 948 in
657 893 825 963 Epist.
875 907 971 959 Vt,
998 908 1061 947 ac
1103 892 1240 947 forte
1281 893 1443 947 etiam
1471 892 1656 962 quinto
1695 892 1814 946 loco
1853 889 2016 946 Gaius
2041 889 2170 944 Did-

573 985 776 1050 densis,
809 999 966 1054 quem
1010 984 1307 1056 Cyprianus
1349 999 1379 1037 a
1409 983 1787 1038 communione
1809 997 1904 1036 sua
1931 991 2172 1037 removet

572 1095 670 1150 per
722 1077 1014 1147 Epistulam
1061 1094 1246 1132 xxvnt.
1299 1076 1539 1145 Quatuor
1580 1075 1900 1148 presbyteri,
1932 1064 2171 1130 Donatus

571 1183 625 1228 et
677 1173 1021 1235 Fortunatus,
1055 1170 1290 1225 Novatus
1327 1179 1381 1225 et
1426 1169 1679 1235 Gordius,
1727 1167 2055 1238 scripserant
2103 1167 2171 1223 ad

571 1263 896 1336 Cyprianum
949 1264 1105 1331 paulo
1140 1271 1263 1316 ante
1311 1260 1542 1316 schisma
1586 1259 1944 1315 Felicissimi:
1974 1274 2074 1330 qua
2102 1259 2170 1315 de

510 1401 519 1406 -
571 1374 631 1414 re
660 1356 971 1426 scripserint
999 1371 1103 1411 non
1136 1353 1333 1409 indicat
1359 1352 1690 1424 Cyprianus,
1723 1353 1818 1406 sed
1845 1351 2080 1407 declarat
2113 1368 2172 1409 se

573 1450 678 1504 illis
725 1448 1023 1506 rescribere
1073 1447 1247 1502 solum
1302 1459 1409 1500 non
1452 1444 1723 1516 potuisse,
1755 1445 1968 1514 quando
1993 1460 2025 1500 a
2065 1447 2174 1514 pri-

574 1541 782 1596 mordio
809 1540 1150 1610 episcopatus
1179 1546 1437 1593 statuerat
1476 1537 1607 1591 nihil
1636 1537 1752 1592 sine
1777 1538 2001 1592 consilio
2040 1538 2169 1593 clcri

574 1643 628 1688 et
647 1634 762 1688 sine
786 1649 1048 1688 consensu
1077 1631 1248 1702 plebis
1276 1646 1371 1687 sua
1393 1630 1644 1701 privatim
1669 1630 1930 1686 sententia
1959 1646 2167 1702 gerere.

571 1724 697 1796 (Ep.
726 1725 827 1796 Vl.)

645 1818 935 1888 Postquam
961 1818 1026 1872 de
1052 1817 1284 1887 quinque
1306 1817 1742 1888 presbyterorum
1764 1818 1967 1874 scelere
1988 1819 2173 1874 didicit

571 1909 888 1981 Cyprianus,
921 1909 1135 1980 scripsit
1165 1908 1426 1964 universae
1457 1910 1597 1980 plebi
1642 1911 1936 1980 Epistolam
1986 1927 2087 1978 XL,
2117 1913 2171 1967 in

573 2018 676 2073 qua
717 2002 1178 2057 schismaticerum
1222 2003 1510 2074 nequitiam
1543 2005 1737 2060 nativis
1773 2005 2042 2062 coloribus
2072 2006 2171 2061 dc-

571 2093 777 2161 scribit,
813 2096 1068 2149 unitatem
1102 2095 1354 2150 Ecclesiae
1401 2096 1767 2164 demonstrat,
1797 2107 1849 2152 et
1884 2107 2088 2154 Stantes
2117 2108 2172 2153 et

567 2187 746 2256 lapsos
766 2185 1036 2252 hortatur,
1081 2187 1210 2243 istos
1239 2189 1452 2258 quidem
1495 2198 1551 2243 ut
1576 2198 1938 2260 comparatam
1971 2191 2022 2245 in
2047 2207 2168 2262 per-

569 2279 846 2332 secutione
873 2277 1084 2334 laudem
1115 2289 1386 2348 tueantur,
1417 2280 1517 2335 hes
1546 2295 1672 2335 vero
1710 2289 1766 2334 ut
1801 2300 1818 2331 ι
1849 2284 1900 2335 in
1935 2283 2167 2338 secunda

569 2372 669 2426 hac
697 2373 988 2428 tentationc
1017 2373 1130 2444 spei
1157 2381 1212 2429 et
1240 2375 1354 2443 paci
1394 2389 1505 2430 sua:
1536 2375 1763 2430 fideliter
1792 2395 1810 2428 ›
1843 2376 2123 2431 consulant
2151 2394 2166 2443 ;

569 2467 784 2522 tandem
817 2467 1051 2546 declarat
1086 2469 1470 2539 persecutionis
1513 2470 1856 2524 novissimam
1887 2471 2024 2525 hanc
2050 2487 2170 2528 esse

567 2571 620 2616 et
648 2573 941 2618 extremam
976 2564 1341 2632 tentatiencm,
1371 2581 1388 2614 α
1419 2579 1537 2634 qua:
1575 2573 1630 2619 et
1665 2565 1778 2634 ipsa
1816 2565 1941 2630 cite,
1976 2568 2166 2639 inquit,

577 2657 800 2711 Domine
851 2665 1166 2727 protegente
1216 2657 1481 2724 transibit,
1531 2666 1586 2711 ut
1633 2667 1994 2729 reprzesenter
2019 2660 2169 2716 vobis

571 2759 692 2817 post
723 2749 941 2805 Paschae
972 2750 1114 2806 diem
1145 2765 1265 2805 cum
1298 2751 1519 2822 collegis
1541 2753 1692 2809 meis.
1718 2774 1738 2806 ι
1759 2755 2022 2812 Observat
2062 2758 2170 2814 'l‘il-

567 2841 856 2898 lementius
911 2845 1191 2915 scripsisse
1239 2847 1400 2902 etiam
1427 2863 1488 2902 ea
1519 2847 1588 2903 de
1625 2863 1687 2902 re
1727 2848 2056 2920 Cyprianum
2100 2853 2169 2908 ad

566 2939 790 3004 clerum,
823 2939 914 2994 sed
952 2940 1229 3011 epistolam
1258 2942 1324 2996 ad
1350 2957 1448 2998 nos
1489 2957 1594 2997 non
1642 2945 1966 3013 pervenisse.
2008 2946 2170 3001 Com-

567 3045 830 3088 memorat
873 3034 1016 3091 enim
1047 3035 1344 3107 Cyprianus
1386 3038 1438 3092 in
1484 3036 1656 3107 Epist.
1687 3055 1798 3094 xui
1852 3040 2058 3096 litteras
2098 3043 2167 3098 ad

567 3132 771 3188 elerum
803 3142 855 3185 et
881 3131 946 3185 ad
977 3131 1186 3201 plebem
1211 3129 1280 3184 de
1313 3129 1647 3186 Felicissimo
1691 3145 1754 3184 ac
1793 3130 1860 3186 de
1893 3131 2008 3201 ejus
2038 3148 2165 3202 pre-

565 3225 802 3295 sbyterio
823 3240 852 3278 a
874 3240 932 3280 se
961 3226 1210 3296 scriptas,
1241 3241 1360 3296 quze
1387 3233 1444 3280 et
1487 3225 1875 3282 ordinationem
1905 3240 1961 3286 et
2001 3232 2166 3288 ratio-

564 3336 688 3374 nem
720 3321 795 3375 rei
826 3330 990 3390 gestm
1018 3321 1392 3391 loquebantur.

563 3454 987 3512 XVlll.—nr.ntr
1015 3473 1297 3514 cvemaxes
1319 3473 1714 3516 PERSECUTIONE
1736 3474 1943 3527 sema,
1961 3475 2028 3515 ET
2056 3475 2163 3516 cett

633 3563 887 3605 COLLEGIS
921 3547 1222 3606 DELiBERAT
1267 3569 1335 3608 DE
1362 3561 1528 3609 CAUCA
1555 3568 1827 3610 LAPSORUN
1853 3571 1866 3622 ;
1897 3570 1994 3611 SED
2024 3573 2162 3613 ANTE

561 3665 572 3700 ἰ
632 3659 915 3699 εοΝοιιιωι
942 3659 1144 3699 εοιιωιτ
1166 3660 1357 3701 LIBRUM
1385 3662 1451 3702 DE
1483 3660 1680 3702 LAPSIS.

635 3783 743 3838 Pax
791 3782 1045 3838 divinitus
1103 3785 1361 3854 promissa
1412 3800 1537 3840 cum
1590 3785 1834 3842 CCCleSitB
1899 3787 2161 3844 Africana:

559 3877 774 3932 tandem
806 3877 1092 3947 aliquando
1117 3877 1423 3942 atl'ulsisset,
1453 3878 1652 3948 prodiit
1679 3889 1798 3948 post
1825 3880 2027 3936 Pascha
2057 3881 2162 3954 Cy-

560 3971 780 4042 prianus
805 3985 835 4024 c
859 3986 1095 4036 secessu,
1134 3973 1184 4025 in
1215 3988 1318 4042 quo
1347 3987 1546 4026 annum
1573 3972 1682 4042 jam
1713 3983 1767 4029 et
1799 3984 2026 4044 quatuor
2052 3977 2160 4031 cir-

562 4063 697 4116 eiter
743 4079 956 4118 menses
1003 4063 1217 4118 latebat.
1271 4064 1702 4120 Persecutionem
1751 4069 1980 4138 sepitam
2032 4079 2158 4126 tunc

563 4157 728 4211 fuisse
755 4158 829 4211 ait
877 4155 930 4210 in
957 4157 1125 4226 Epist.
1174 4172 1266 4222 ιιι,
1313 4157 1534 4212 omnino
1563 4160 1804 4214 sedatam
1844 4161 2008 4220 fuisse
2051 4180 2156 4219 non

563 4252 709 4319 dicit.
746 4252 973 4317 Revera,
1013 4253 1265 4322 quamdiu
1297 4254 1431 4310 vixit
1460 4250 1675 4320 Decius,
1706 4256 1823 4323 ejus
1843 4253 1846 4258 ’
1870 4255 2158 4314 crudelitas

561 4359 777 4418 semper
836 4350 1120 4404 metuenda
1162 4348 1259 4404 fuit
1297 4349 1639 4406 Christianis.
1690 4351 1825 4406 Hinc
1875 4351 2159 4407 Cornelius

561 4456 720 4512 papa,
762 4455 950 4496 mense
998 4440 1155 4496 .lunio
1207 4441 1430 4508 electus,
1477 4443 1698 4499 sedebat
1733 4461 1753 4495 ‹
1789 4443 2086 4512 intrepidus
2111 4463 2156 4510 ι,

561 4543 700 4591 teste
753 4534 1019 4606 Cypriane
1072 4533 1174 4606 Ep.
1208 4551 1277 4590 ιιι
1326 4534 1552 4606 (p.69),
1601 4555 1618 4587 ι
1657 4535 1840 4591 Romae
1893 4537 1945 4592 in
1984 4550 2160 4592 sacer-

561 4627 727 4684 dotali
773 4624 1047 4693 cathedra,
1099 4643 1165 4683 ee
1198 4636 1439 4699 tempore
1481 4643 1602 4684 cum
1644 4639 1900 4700 tyrannus
1931 4628 2160 4686 infestus

559 4718 927 4775 sacerdotibus
985 4718 1080 4774 Dei
1131 4717 1298 4774 fanda‘
1332 4728 1492 4790 atque
1543 4719 1758 4775 infanda
1805 4721 2158 4777 comminare-

563 4822 668 4867 tur.
704 4829 722 4862 ι
756 4809 872 4866 Non
907 4810 1117 4867 videtur
1164 4824 1294 4882 ergo
1318 4809 1458 4867 hanc
1487 4825 1672 4882 pacem
1710 4811 1815 4867 alia
1849 4828 1936 4869 res
1973 4813 2156 4868 cenci~

559 4909 739 4975 liasse,
769 4923 926 4978 quam
955 4907 1181 4978 injectus
1212 4908 1371 4964 Decio
1395 4916 1568 4965 metus
1588 4924 1620 4964 a
1646 4909 1812 4966 Lucio
1836 4909 2038 4976 Prisco,
2067 4909 2158 4980 qui

561 5018 683 5058 cum
730 5001 1058 5058 Macedoniae
1095 5009 1378 5071 prmesset,
1410 5001 1691 5072 imperium
1720 5011 2077 5074 occupaverat
2102 5004 2156 5073 in

559 5094 660 5150 hac
702 5094 1008 5165 provincia,
1058 5103 1115 5150 et
1141 5094 1282 5149 vires
1321 5107 1447 5148 suas
1489 5109 1610 5149 cum
1651 5093 1840 5149 Gothis
1900 5094 2156 5152 adversus

560 5189 779 5245 Decium
807 5188 1177 5258 cenjunxerat.
1209 5186 1472 5243 Redeunti
1502 5186 1769 5258 Cypriane
1820 5187 2154 5245 latissimum

559 5279 922 5352 spectaculum
957 5279 1074 5346 luit,
1105 5288 1160 5335 et
1189 5278 1446 5349 plurimos
1492 5278 1852 5347 centessores,
1879 5280 1934 5335 in
1964 5282 2154 5351 quibus

563 5385 619 5430 et
647 5373 882 5429 {minime
911 5383 966 5430 et
993 5371 1468 5444 virginesetpueri
1492 5370 1796 5438 enitebant,
1826 5383 1878 5428 et
1906 5383 2152 5429 eceteram

559 5466 818 5522 stantium
856 5464 1286 5532 multitudinem,
1328 5464 1519 5535 quibus
1558 5465 1689 5520 nihil
1718 5466 1847 5521 tanti
1879 5466 2048 5522 fuerat
2097 5477 2155 5523 ut

560 5561 903 5632 imperatoris
931 5561 1120 5616 edictis
1149 5567 1418 5631 parerent,
1462 5560 1514 5614 in
1548 5559 1775 5616 ecclesia
1804 5570 2154 5632 congregatos

555 5654 770 5710 intueri.
805 5652 911 5712 Sed
938 5669 1061 5710 eum
1083 5652 1441 5708 sollicitudine
1458 5651 1842 5722 distringebaut
1862 5653 2018 5722 lapsi,
2047 5669 2160 5726 non,

557 5749 635 5802 illi
664 5747 884 5818 quidem
924 5748 1014 5819 qui
1062 5762 1189 5802 vere
1217 5755 1272 5802 et
1314 5760 1380 5801 ex
1411 5746 1591 5800 animo
1640 5745 2004 5815 poenitentiam
2035 5761 2152 5802 am-

559 5837 700 5905 plexi
729 5837 970 5903 fuerant,
1009 5853 1132 5892 nam
1166 5836 1282 5891 istis
1307 5835 1503 5890 mirum
1529 5837 1584 5890 in
1614 5835 1830 5892 modum
1859 5838 2152 5907 gratulatus

544 5934 726 5993 uerat,
761 5926 917 5995 eique
958 5919 1268 5985 ostenderat
1297 5929 1558 5988 Dominus
1593 5949 1610 5984 ‹
1641 5930 1769 6002 quid
1796 5929 2068 6002 ejusmodi
2095 5941 2150 5989 et

1821 399 1981 456 Vl'l‘A
2023 396 2272 456 sane“
2309 375 2654 456 creatast.

3776 403 3901 474 ΩΨ

2283 523 2414 580 tales
2467 524 2606 580 servi
2658 523 2727 580 de
2779 523 2895 594 ejus
2953 523 3280 594 benignitate
3331 531 3725 592 mereantur»;
3782 523 3900 581 sed-

2277 617 2365 687 qui
2395 632 2453 673 se
2479 618 2737 687 apostatis
2765 627 2818 673 et
2862 617 3080 688 perfidis
3125 616 3416 687 junxerant
3434 658 3450 684 ,
3475 627 3568 672 aut
3595 629 3874 688 peccatum

2275 725 2430 765 suum
2470 709 2612 766 furto
2640 709 2870 780 quedam
2897 709 3249 776 abscondere,
3279 717 3370 764 aut
3397 711 3672 781 cognitum
3704 713 3880 782 patui-

2278 803 2456 858 tentiae
2506 802 2712 872 legibus
2748 803 3047 858 subducere
3103 802 3400 858 tentabant.
3446 803 3612 858 Paule
3643 817 3763 874 post
3793 821 3882 861 re-

2275 895 2442 951 ditum
2465 896 2737 967 Cypriani.
2768 897 2931 951 multa
2956 897 3097 952 Deus
3117 897 3361 968 exempla
3393 897 3445 952 in
3475 913 3571 954 eos
3599 899 3880 954 constituit

2273 988 2384 1058 qui,
2417 1002 2536 1041 cum
2572 997 2786 1057 peccata
2811 987 3183 1043 sacerdotibus
3206 980 3438 1045 confessi
3480 1006 3588 1044 non
3614 990 3873 1058 fuissent,

2273 1079 2340 1135 ad
2368 1081 2799 1136 communionem
2823 1081 3081 1138 accedere
3108 1083 3223 1138 ausi
3255 1083 3496 1139 fuerant:
3526 1102 3545 1136 ι
3572 1084 3717 1138 Multi
3739 1100 3878 1156 quo-

2276 1173 2404 1229 tidie
2449 1174 2818 1245 paenitentiam
2869 1190 2972 1230 non
3001 1186 3253 1245 agentes,
3287 1192 3387 1233 nec
3414 1177 3593 1232 delicti
3623 1179 3703 1234 sui
3738 1193 3891 1233 con-'-

2275 1269 2551 1325 scientiam
2619 1269 2976 1335 confitentes,
3031 1270 3323 1326 immundis
3383 1271 3656 1342 spiritibus
3705 1272 3900 1327 adim-z

2277 1360 2577 1431 plebantur,
2622 1362 2774 1417 multi
2802 1376 2970 1433 usque
2995 1361 3063 1417 ad
3092 1363 3352 1418 insaniam
3389 1364 3586 1420 mentis
3611 1365 3875 1422 excordes

2273 1451 2557 1508 dementia:
2610 1451 2792 1508 furore
2829 1473 2848 1505 ι
2896 1453 3291 1524 quatiebantur.
3353 1453 3530 1510 Multe
3580 1455 3698 1510 alia:
3760 1458 3874 1512 ira-

2274 1545 2482 1601 cundia:
2527 1545 2722 1601 divina:
2759 1545 3098 1603 ostensiones
3139 1548 3191 1602 in
3219 1547 3481 1618 ejusmodi
3511 1548 3786 1617 homines,
3820 1560 3877 1606 ut

2274 1639 2527 1695 discimus
2558 1655 2623 1695 ex
2651 1640 2788 1696 libre
2809 1641 2872 1694 de
2898 1641 3103 1711 Lapsis,
3123 1651 3232 1697 tum
3249 1642 3458 1714 vigente
3477 1645 3870 1714 persecutione,

2251 1739 2383 1786 tum
2414 1732 2575 1787 etiam
2604 1741 2725 1802 post
2761 1732 3012 1804 Cypriani
3051 1733 3312 1801 reditum,
3362 1736 3526 1792 edita:
3567 1738 3808 1804 fuerunt;
3840 1754 3871 1792 a

2272 1822 2465 1892 quibus
2493 1823 2786 1879 immunem
2816 1840 2921 1891 non
2937 1824 3098 1880 fuisse
3111 1827 3536 1896 narratpuellam
3559 1828 3867 1899 quamdam,

2273 1929 2452 1984 quam,
2483 1929 2513 1968 a
2537 1915 2741 1970 nutrice
2770 1915 2836 1970 ad
2853 1916 3137 1971 simulacra
3159 1916 3460 1985 deductam,
3485 1919 3798 1990 imprudens
3818 1931 3872 1974 et

2273 2007 2510 2062 insciens
2550 2007 2704 2078 hujus
2754 2009 2831 2064 rei
2880 2019 3072 2079 mater,
3104 2011 3440 2068 sacrificante
3469 2013 3757 2086 Cypriane,
3813 2017 3865 2070 in

2273 2102 2552 2157 ecclesiam
2585 2103 2856 2159 intulerat.

2346 2196 2674 2252 Promiserat
2715 2198 3012 2270 Cyprianus
3042 2215 3102 2255 se
3131 2200 3199 2256 de
3236 2201 3506 2272 lapsorum
3533 2217 3691 2258 causa
3722 2248 3731 2268 ,
3761 2213 3871 2258 sta-

2274 2289 2365 2342 tim
2390 2302 2453 2343 ae
2481 2288 2748 2356 rediisset,
2781 2305 2904 2346 cum
2933 2292 3154 2364 collegis
3181 2294 3295 2348 suis
3335 2294 3463 2350 inita
3512 2294 3877 2366 subductaque

2273 2382 2479 2437 ratione
2507 2383 2902 2453 judicaturum,
2956 2404 2975 2438 (
3010 2397 3066 2441 ut
3097 2388 3370 2457 prtepositi
3400 2403 3522 2444 cum
3569 2389 3715 2444 clero
3743 2405 3875 2444 con-

2233 2481 2249 2492 ‘
2271 2477 2547 2533 venientes
2566 2519 2579 2543 ,
2622 2490 2888 2549 praesente
2916 2481 3170 2536 stantium
3207 2482 3362 2553 plebe
3386 2523 3401 2548 ,
3443 2483 3638 2554 quibus
3668 2493 3724 2538 et
3748 2485 3878 2554 ipsis

2271 2583 2371 2640 pro
2411 2569 2514 2624 fide
2555 2580 2609 2626 et
2653 2572 2845 2626 timore
2884 2587 2984 2628 suo
3028 2573 3200 2630 hener
3233 2574 3539 2641 habendus,
3588 2577 3876 2647 disponere

2271 2663 2447 2716 omnia
2484 2664 2693 2718 consilii
2743 2667 3042 2720 communis
3080 2666 3337 2738 religione
3360 2687 3379 2720 ι
3419 2678 3635 2739 possent
3673 2669 3870 2742 (Epist.

2271 2756 2406 2829 xlv).
2462 2755 2576 2811 Non
2603 2755 2772 2812 defuit
2800 2758 3114 2827 promissis;
3157 2758 3251 2814 sed
3300 2759 3530 2823 videtur,
3581 2769 3870 2830 antequam

2270 2850 2555 2906 concilium
2589 2850 2909 2919 haberetur,
2941 2852 3133 2908 librum
3165 2853 3228 2907 de
3256 2851 3441 2924 Lapsis
3467 2853 3779 2924 scripsisse,
3815 2864 3872 2908 ut

2273 2946 2547 3016 lapsorum
2579 2948 2790 3004 animos
2812 2948 2879 3003 ad
2909 2949 3118 3004 concilii
3142 2948 3379 3017 decreta,
3405 2959 3462 3004 ut
3486 2964 3583 3019 par
3596 2957 3731 3015 erat,
3756 2963 3877 3005 sus-

2270 3039 2515 3110 cipienda
2557 3049 2904 3110 prazpararet.
2938 3040 3092 3096 Hunc
3114 3049 3298 3097 tamen
3333 3041 3528 3096 librum
3554 3041 3875 3097 Pearsenius

2270 3141 2393 3201 post
2418 3133 2562 3188 Decii
2595 3142 2819 3188 mortem
2848 3143 2903 3190 et
2930 3141 3116 3189 auctor
3146 3132 3566 3190 Observationum
3596 3135 3648 3188 in
3678 3132 3874 3187 Biblio-

2272 3227 2469 3280 tltecam
2509 3225 2703 3297 Dupini
2748 3236 2869 3297 post
2893 3229 3184 3284 concilium
3211 3227 3633 3300 Carthagiuense
3655 3243 3874 3298 compe—

2269 3318 2430 3372 situm
2477 3319 2804 3392 existimant.
2836 3319 3005 3391 Negat
3034 3329 3324 3392 utrumque
3351 3321 3722 3379 Tillententius
3749 3338 3873 3393 gra«

2270 3411 2506 3468 vissimis
2534 3413 2602 3468 de
2631 3415 2827 3470 causis.
2859 3413 2939 3470 Ac
2982 3415 3155 3484 primo
3184 3415 3397 3484 quidem
3430 3415 3534 3470 hoc
3561 3425 3875 3485 argumento

2267 3504 2433 3559 utitur
2457 3504 2714 3559 adversus
2742 3505 3108 3572 Pearsenium,
3138 3506 3300 3576 quod,
3333 3521 3454 3562 cum
3484 3506 3707 3561 Romani
3737 3521 3871 3560 cen-

2267 3599 2501 3656 fessores
2531 3599 2722 3656 eodem
2761 3614 2947 3655 mense
2976 3615 3082 3668 quo
3123 3614 3296 3655 caesus
3326 3609 3408 3655 est
3446 3600 3636 3656 Decius
3657 3642 3672 3666 ,
3703 3599 3756 3652 in
3781 3613 3874 3653 ee-

2267 3695 2488 3750 clesiam
2519 3693 2796 3760 redierint,
2829 3693 2966 3750 liber
2992 3694 3092 3750 iste
3121 3694 3186 3748 de
3213 3693 3416 3765 Lapsis,
3440 3694 3527 3765 qui
3549 3693 3616 3750 ad
3629 3708 3724 3748 eos
3750 3702 3875 3748 ante

2270 3789 2499 3845 reditum
2531 3790 2584 3844 in
2617 3788 2915 3844 Ecclesiam
2953 3788 3109 3843 simul
3137 3804 3256 3843 cum
3283 3788 3418 3844 libre
3444 3789 3507 3842 de
3535 3787 3741 3843 Unitate
3766 3787 3872 3841 Ec-

2266 3881 2434 3936 clesia:
2461 3881 2659 3936 missus
2700 3890 2817 3946 est,
2847 3890 2967 3950 post
2992 3890 3220 3936 mortem
3267 3881 3408 3936 Decii
3439 3880 3586 3951 rejici
3617 3895 3722 3935 non
3750 3895 3874 3950 pos-

2265 3976 2354 4030 sit.
2391 3977 2670 4045 Repugnat
2699 3977 2842 4031 enim
2875 3985 2930 4030 ut
2967 3977 3018 4030 in
3051 3991 3214 4030 unum
3252 3983 3306 4030 et
3333 3975 3581 4031 eumdem
3628 3990 3869 4031 mensem

2265 4079 2344 4124 tet
2371 4069 2604 4140 insignes
2629 4079 2854 4125 eventus
2895 4068 3267 4138 conjiciantur,
3310 4068 3485 4124 etedes
3520 4068 3705 4136 Decii,
3735 4083 3872 4123 nun-

2266 4165 2368 4218 tius
2397 4163 2558 4232 hujus
2584 4165 2662 4218 rei
2694 4164 2745 4218 in
2771 4172 2971 4218 omnes
2984 4163 3308 4232 provincias,
3333 4176 3432 4231 pax
3457 4160 3737 4224 Ecclesizn,
3763 4160 3871 4236 duo

2265 4256 2384 4312 libri
2413 4272 2442 4310 a
2473 4255 2754 4328 Cypriane
2781 4256 2965 4326 scripti
2993 4264 3048 4311 et
3085 4255 3311 4310 Romam
3342 4254 3530 4320 missi,
3561 4269 3624 4309 ac
3653 4253 3865 4309 confes-

2263 4366 2451 4406 serum
2498 4351 2708 4407 reditus
2760 4350 2812 4404 in
2877 4349 3177 4405 Ecclesiam
3245 4347 3330 4403 his
3386 4347 3534 4402 libris
3595 4347 3864 4418 perlectis.

2264 4442 2613 4501 Pearsenium
2641 4450 2924 4497 moverunt
2950 4455 3070 4511 quae
3100 4439 3251 4494 initio
3270 4439 3390 4494 libri
3421 4439 3686 4510 leguntur,
3714 4459 3732 4491 ι
3753 4439 3868 4511 Ope

2263 4542 2422 4604 atque
2447 4533 2649 4588 ultione
2696 4531 2880 4588 divina
2919 4531 3181 4588 securitas
3224 4540 3404 4586 nostra
3433 4541 3680 4602 reparata
3715 4541 3815 4586 est.
3843 4551 3862 4582 ι

2262 4625 2344 4681 Ex
2373 4626 2566 4695 quibus
2597 4625 2868 4681 concludit
2887 4624 2999 4695 jam
3028 4635 3138 4680 tum
3171 4624 3390 4680 Decium
3420 4634 3626 4680 vexatae
3648 4624 3866 4693 religio-

2263 4719 2347 4774 nis
2381 4717 2686 4773 christianae
2716 4729 2904 4786 poenas
2928 4715 3164 4771 dedisse.
3197 4714 3458 4771 Observat
3495 4714 3866 4770 Tillemontius

2263 4809 2480 4867 Decium
2509 4809 2659 4864 Lucii
2689 4808 2859 4864 Prisci
2885 4807 3187 4864 defectione
3216 4815 3270 4864 et
3291 4806 3591 4863 Gethernm
3622 4821 3868 4876 progres-

2261 4903 2411 4960 sibus
2431 4903 2509 4958 sic
2536 4901 2849 4974 impeditum
2881 4901 3082 4968 fuisse,
3113 4911 3172 4954 ut
3197 4899 3306 4970 jam
3339 4910 3450 4954 tum
3481 4900 3619 4954 Deus
3645 4899 3864 4969 sangui-

2261 5012 2386 5053 nem
2411 4995 2840 5052 Christianorum
2888 4992 3174 5050 manifeste
3201 4993 3566 5058 ulcisceretur,
3597 5003 3653 5047 et
3679 5008 3862 5063 pacem

2261 5090 2314 5146 in
2340 5090 2568 5147 ecclesia
2592 5091 2781 5146 saltem
2808 5089 3057 5146 Africana
3082 5088 3461 5145 constitueret.
3496 5086 3693 5142 Verum
3724 5087 3864 5142 indi-

2259 5203 2421 5258 gnum
2449 5187 2722 5244 existimat
2757 5184 3049 5257 Cypriane,
3077 5183 3237 5253 utqui
3263 5197 3358 5253 pro
3385 5182 3709 5253 imperatore
3729 5195 3861 5251 quo-

2263 5282 2389 5338 tidie
2413 5282 2749 5354 precabatur,
2768 5282 2820 5335 in
2844 5279 2984 5334 illius
3005 5277 3310 5333 calamitate
3337 5276 3649 5332 exsultaret.
3681 5274 3860 5340 Quare

2261 5376 2377 5432 haec
2402 5376 2562 5431 verba
2592 5384 2686 5430 aut
2713 5390 2742 5427 a
2783 5371 3051 5444 Cypriane
3078 5379 3200 5441 post
3229 5367 3376 5426 Decii
3403 5375 3628 5423 mortem
3656 5366 3857 5433 addita,

2258 5479 2350 5525 aut
2392 5468 2458 5523 ad
2497 5466 2836 5539 proconsulis
2877 5464 3232 5536 supplicium,
3277 5472 3371 5518 aut
3403 5463 3564 5517 alium
3615 5462 3860 5533 quemvis

2259 5570 2506 5617 eventum
2562 5558 2842 5615 referenda
2895 5558 3215 5628 suspicatur.
3260 5554 3368 5611 Sed
3411 5570 3515 5610 non
3560 5553 3714 5610 video
3763 5567 3859 5608 cur

2257 5654 2507 5727 Cypriani
2547 5652 2707 5708 verba
2737 5651 2804 5707 de
2832 5653 2950 5722 ipse
2977 5652 3139 5708 Decio
3167 5649 3404 5706 nondum
3428 5649 3654 5720 imperio
3669 5657 3725 5704 et
3750 5649 3855 5705 vita

2257 5747 2505 5819 spoliato,
2528 5745 2621 5800 sed
2645 5735 3099 5816 janPOppugnate
3147 5741 3485 5812 interpretari
3530 5748 3851 5795 metuamus.

2258 5841 2398 5897 Nihil
2419 5839 2629 5895 vetabat
2657 5839 2940 5909 quominus
2970 5836 3302 5909 Cyprianus,
3343 5835 3443 5891 etsi
3473 5849 3571 5904 pre
3618 5834 3853 5902 impera-

2261 5943 2375 5992 tore
2401 5932 2635 6006 quotidic
2667 5932 3000 6002 precabatur,
3028 5930 3168 5986 illius
3192 5941 3367 5985 tamen
3401 5925 3755 5984 calamitatem
3779 5939 3843 5979 ex
