4172 6264
352 359 454 418 {Si

354 480 559 536 ultione
585 477 764 535 divina
795 486 1063 549 repeteret
1086 519 1102 547 ,
1146 491 1268 533 cum
1308 480 1604 549 prmsertim
1647 481 1823 551 ipsum
1856 481 1957 537 Dc-

353 573 497 629 cium
538 588 644 628 non
682 572 937 644 appellet,
961 587 1061 628 nec
1086 573 1139 628 in
1164 588 1287 629 eum
1316 573 1603 645 quidquam
1634 573 1777 631 dicat
1804 589 1960 645 aSpe-

352 666 489 720 rius.
517 665 725 721 Mortuo
746 663 908 721 Decio
928 664 1087 736 longe
1128 664 1497 721 vehementior
1523 664 1640 733 fuit,
1669 674 1726 730 ut
1774 664 1960 722 videre

353 760 513 816 estin
552 759 789 831 Epistola
825 758 896 813 ad
935 758 1314 826 Antonianum,
1356 758 1446 814 ubi
1489 770 1763 830 tyrannum
1808 759 1957 815 illum

352 862 513 908 vocat
555 852 777 924 ejusque
821 849 1190 908 crudelitatem
1235 851 1510 923 depingit,
1548 850 1684 908 adeo
1714 859 1773 908 ιιι
1817 854 1958 923 quod

352 960 461 1000 una
490 945 674 1001 vocula
703 946 755 1000 in
781 942 918 999 libro
946 944 1010 999 de
1051 943 1238 1016 Lapsis
1271 927 1557 1001 contentus
1612 945 1730 1012 fuit,
1783 961 1956 1018 eaque

355 1047 467 1094 tam
521 1038 649 1107 leni,
694 1037 749 1094 id
787 1048 1105 1110 argumento
1146 1043 1265 1096 esSe
1309 1037 1502 1096 debeat
1537 1038 1753 1096 Decium
1782 1038 1959 1097 adhuc

352 1150 629 1208 regnasse.

431 1228 548 1285 Non
572 1228 840 1286 difﬁcilius
870 1227 1126 1299 probatur
1156 1227 1349 1284 librant
1381 1230 1443 1283 de
1467 1227 1653 1301 ιαμβιξ
1678 1238 1803 1285 ante
1830 1244 1957 1285 con-

351 1324 538 1379 cilium
562 1323 985 1394 Carthaginense
1014 1321 1272 1393 scriptum
1300 1320 1488 1378 fuisse.
1520 1321 1741 1377 Concilii
1769 1321 1958 1377 decre—

352 1423 410 1470 ta
460 1430 723 1487 nusquam
775 1414 828 1471 in
870 1413 1135 1471 hoclibro
1176 1421 1575 1473 memorantur:
1628 1413 1955 1470 Libellaticis

349 1520 611 1562 concessa
642 1521 743 1578 pax
783 1507 836 1561 in
864 1506 1110 1561 concilio.
1159 1506 1230 1560 At
1262 1520 1367 1559 non
1403 1504 1576 1561 solum
1612 1504 1957 1563 Libellaticos

348 1586 656 1674 Cyprianus
686 1600 740 1656 in
790 1599 893 1657 hoc
933 1600 1090 1665 libro,
1128 1599 1223 1655 sed
1249 1614 1344 1655 eos
1368 1598 1529 1656 etiam
1563 1618 1582 1651 ι
1617 1599 1709 1671 qui
1751 1599 1820 1655 de
1850 1598 1954 1657 hoc

348 1694 439 1748 vel
465 1694 860 1765 cogitaverunt,
890 1692 1170 1749 thortatur
1198 1700 1254 1747 ut
1281 1707 1389 1759 non
1418 1703 1631 1748 cessent
1658 1692 1711 1747 in
1746 1711 1764 1743 (
1785 1707 1954 1763 agen.

346 1788 421 1843 da
462 1788 774 1860 paenitentia
799 1795 959 1857 atque
1000 1787 1055 1843 in
1104 1787 1313 1842 Domini
1355 1786 1724 1851 misericordia
1759 1785 1955 1857 depre-

345 1882 521 1937 cauda
541 1923 558 1948 ,
590 1895 658 1936 ne
683 1879 825 1952 quod
854 1880 1029 1936 minus
1068 1894 1189 1935 esse
1219 1881 1270 1934 in
1315 1879 1570 1951 qualitate
1597 1878 1774 1936 delicti
1807 1879 1954 1935 vide-

346 1984 458 2040 tur,
492 1973 547 2028 in
575 1972 813 2044 neglecta
866 1972 1231 2028 satisfactione
1276 1971 1596 2027 cumuletur.
1624 1990 1644 2023 ι
1678 1969 1946 2041 Scriptum

340 2082 469 2133 esse
497 2067 689 2122 librum
715 2066 855 2122 inter
876 2066 1041 2137 prima
1070 2064 1292 2122 reddita:
1313 2065 1460 2135 pacis
1486 2063 1679 2136 gaudia
1705 2080 1773 2121 ex
1802 2065 1953 2121 initio

344 2168 536 2230 patet:
572 2179 590 2212 ι
619 2159 727 2214 Pax
751 2173 899 2227 ecce,
929 2157 1262 2215 dilectissimi
1290 2155 1508 2225 fratres,
1539 2157 1797 2214 Ecclesire
1829 2157 1949 2212 red-

338 2252 457 2307 dita
487 2261 602 2319 est,
632 2261 688 2308 et
726 2250 867 2323 quod
907 2250 1123 2306 difﬁcile
1154 2264 1327 2320 nuper
1361 2249 1650 2306 incredulis
1700 2258 1757 2306 et
1784 2250 1948 2321 perﬁ-

338 2345 431 2400 dis
474 2344 803 2416 impossibile
833 2343 1131 2412 videbatur,
1172 2358 1275 2414 0pc
1322 2352 1482 2415 atque
1522 2342 1723 2397 ultione
1767 2341 1946 2398 divina

337 2440 605 2495 securitas
652 2449 832 2496 nostra
899 2451 1142 2512 reparata
1199 2448 1351 2497 est...
1382 2458 1416 2508 ,ε
1475 2449 1759 2510 exoptatus
1808 2439 1947 2495 votis

336 2539 582 2593 omnium
639 2535 755 2592 dies
806 2536 1042 2591 venit....
1093 2534 1465 2602 Confessores,
1496 2535 1766 2605 praeconio
1819 2534 1945 2591 boni

337 2631 576 2687 nominis
612 2629 789 2685 claros
818 2638 871 2684 et
898 2628 1114 2683 virtutis
1138 2642 1202 2682 ac
1235 2627 1356 2682 ﬁdei
1386 2626 1631 2682 laudibus
1657 2626 1944 2697 gloriOSos,

337 2724 478 2780 lastis
507 2718 887 2793 conspectibus
925 2720 1212 2785 intuemur,
1261 2719 1461 2775 sanctis
1508 2719 1705 2775 osculis
1757 2719 1942 2774 adhae-

334 2819 555 2878 rentes.
601 2815 933 2870 desideratos
981 2812 1072 2868 diu
1125 2812 1433 2883 inexplebili
1463 2813 1751 2884 cupiditate
1792 2828 1943 2868 com-

334 2908 647 2981 plectimur.
669 2906 835 2962 Adest
863 2906 1092 2962 militum
1109 2905 1303 2961 Christi
1317 2904 1514 2961 cohors
1532 2905 1779 2975 candida,
1798 2915 1904 2961 etc.
1918 2924 1937 2959 ι

336 3002 565 3058 Videtur
609 3016 737 3070 ergo
778 3000 913 3055 liber
957 3000 1020 3053 de
1059 2997 1243 3070 Lapsis
1282 3000 1423 3055 viam
1467 3000 1724 3056 stravisse
1760 3001 1943 3056 conci-

332 3095 405 3151 lio
432 3092 841 3164 Carthaginensi
863 3134 879 3160 ,
911 3092 1054 3164 quod
1079 3092 1243 3165 paulo
1270 3104 1390 3165 post
1418 3092 1650 3150 reditum
1686 3094 1941 3167 Cypriani

330 3189 572 3245 habitum
603 3196 704 3244 est.
743 3187 927 3243 Mense
955 3187 1097 3242 maio
1125 3185 1284 3257 ltujus
1306 3187 1432 3242 anni
1456 3187 1556 3244 251
1587 3188 1881 3245 collocatur
1908 3204 1939 3245 a

330 3281 839 3361 Pearsoniohidque
864 3296 985 3337 cum
1015 3281 1193 3339 verbis
1221 3281 1469 3354 Cypriani
1500 3282 1765 3353 quadrat:
1795 3302 1815 3335 ι
1842 3285 1940 3340 Se-

333 3375 572 3430 cundum
597 3374 739 3446 quod
769 3384 945 3430 tamen
974 3384 1098 3430 ante
1143 3373 1316 3430 fuerat
1358 3374 1718 3442 destinatum,
1767 3376 1940 3447 inquit

335 3469 512 3539 Epist.
561 3486 632 3526 ιιι
683 3469 762 3541 (ρ.
810 3467 923 3542 (i7),
982 3469 1353 3538 persecutione
1396 3469 1602 3541 sopita,
1642 3484 1765 3525 cum
1813 3468 1936 3524 data

330 3572 481 3619 esset
525 3561 744 3618 facultas
787 3562 839 3617 in
879 3567 1040 3617 unum
1080 3561 1469 3628 conveniendi,
1522 3562 1775 3634 copiosus
1817 3563 1934 3633 epi-

327 3671 618 3727 scoparum
671 3670 956 3735 numerus,
1016 3669 1151 3724 quos
1223 3655 1459 3725 integros
1523 3664 1580 3710 et.
1638 3655 1933 3711 incolumes

328 3752 464 3808 fides
510 3766 605 3806 sua
653 3759 707 3807 et
748 3748 956 3806 Domini
988 3749 1151 3806 tutela
1194 3749 1454 3821 protexit,
1505 3748 1559 3804 in
1589 3765 1753 3805 unum
1799 3763 1931 3804 con-

328 3845 598 3901 venimus.
641 3863 660 3898 ι
696 3842 945 3901 Adfuisse
991 3843 1334 3916 presbyteros
1385 3851 1439 3898 et
1481 3842 1738 3898 diaconos
1789 3850 1934 3913 patet

324 3956 393 3996 ex
446 3939 725 4009 Epist.t.v.
749 3937 902 4005 Quod
945 3937 1022 3993 ait
1069 3937 1371 4008 Cyprianus
1411 3935 1463 3990 in
1516 3935 1704 4018 eadem
1754 3935 1928 4006 Epist.

322 4048 397 4089 ιιι
427 4040 480 4088 et
531 4032 583 4087 in
636 4030 809 4102 Epist.
839 4046 923 4095 LV,
954 4029 1237 4099 episcopos
1277 4027 1560 4099 scripsisse
1609 4027 1676 4083 ad
1729 4028 1933 4084 Cornea

318 4126 454 4182 lium
476 4124 622 4182 etde
649 4123 815 4194 lapsis
846 4142 865 4176 ι
891 4122 1211 4192 participato
1251 4121 1479 4176 invicem
1520 4120 1747 4177 consilio
1768 4139 1787 4173 ι
1817 4128 1931 4175 sta-

320 4224 499 4271 tutum
546 4214 733 4282 fuisse,
768 4214 819 4270 id
853 4214 1024 4286 prima
1055 4213 1234 4284 specie
1274 4212 1484 4267 videtur
1530 4211 1818 4267 concilium
1842 4227 1930 4267 se-

326 4308 448 4364 rius
489 4306 727 4363 habitmn
782 4306 1038 4377 probare;
1084 4320 1207 4360 nam
1236 4302 1512 4378 Cornelius
1550 4318 1737 4360 mense
1778 4303 1930 4373 junio

321 4400 532 4456 electus
560 4408 666 4466 est,
699 4414 801 4457 nec
829 4399 1007 4455 statim
1049 4398 1254 4453 litteras
1299 4397 1506 4464 accepit
1551 4396 1620 4450 ab
1660 4396 1929 4467 episcopis

322 4491 614 4558 Africanis,
646 4492 736 4563 qui
777 4507 882 4547 non
907 4490 975 4547 ad
1003 4506 1126 4546 eum
1156 4487 1483 4561 aliquamdiu
1505 4529 1520 4556 ,
1542 4487 1636 4545 sed
1667 4487 1734 4543 ad
1762 4487 1928 4558 ipsius

324 4570 612 4643 ecclesiam
640 4584 848 4641 litteras
885 4598 1011 4639 suas
1058 4582 1374 4648 mittebant,
1402 4582 1575 4637 donec
1607 4581 1763 4653 legati
1791 4596 1927 4652 quos

322 4677 557 4738 ltoutam
584 4676 863 4741 miserant,
885 4685 1089 4731 certum
1134 4674 1203 4731 de
1249 4673 1582 4731 dissensione
1622 4673 1693 4729 ibi
1738 4683 1924 4730 exorta

319 4770 571 4826 nuntiutn
617 4769 898 4825 referrent.
952 4767 1079 4836 Sed,
1112 4776 1169 4823 ut
1222 4767 1472 4823 observat
1527 4766 1922 4831 Tillemontius,

320 4861 447 4918 ﬁeri
468 4861 639 4932 potuit
668 4870 724 4916 ut
752 4876 821 4916 ex
843 4860 1113 4931 episcopis
1136 4860 1238 4932 qui
1287 4859 1515 4915 concilio
1546 4858 1920 4930 interfuerant,

320 4956 479 5012 multi
505 4955 681 5011 adhuc
705 4948 1028 5027 Carthagine
1052 4964 1395 5012 versarentur
1422 4968 1543 5011 cum
1574 4953 1643 5011 de
1685 4954 1923 5027 legitima

319 5050 558 5107 Cornelii
601 5048 867 5105 electione
892 5049 1172 5116 constitit;
1202 5048 1320 5121 qui,
1356 5064 1478 5105 cum
1502 5049 1569 5105 ad
1611 5048 1919 5105 Cornelium

317 5156 423 5197 suo
446 5150 501 5196 et
523 5141 749 5197 aliorum
778 5141 996 5197 nomine
1026 5140 1362 5211 scripserint,
1395 5157 1500 5197 non
1528 5141 1795 5199 immerito
1820 5142 1921 5197 visi

316 5246 446 5290 sunt
467 5235 768 5305 conjunctis
798 5249 919 5290 cum
959 5232 1208 5291 Cornelio
1231 5235 1469 5290 consiliis
1496 5236 1748 5291 statuisse
1769 5234 1923 5306 quid-

315 5329 445 5400 quid
471 5329 727 5399 delapsis
752 5336 1072 5384 statuerunt.
1111 5328 1235 5385 Haec
1276 5338 1452 5386 autem
1500 5332 1663 5386 verba
1701 5345 1766 5385 ex
1794 5329 1922 5400 Epi-

315 5423 456 5478 stola
488 5439 575 5491 ιν,
615 5441 633 5474 ι
667 5422 897 5479 concilio
936 5422 1243 5494 frequenter
1267 5431 1410 5491 aeto,
1446 5442 1465 5474 ι
1502 5423 1578 5479 sic
1612 5431 1731 5493 post
1761 5422 1923 5478 Pear-

318 5517 535 5572 sonium
586 5518 966 5588 interpretatur
994 5514 1390 5583 Tillemontius,
1439 5517 1590 5587 quasi
1632 5516 1918 5571 concilium

320 5625 470 5679 sarpe
516 5609 801 5678 repetitum
836 5607 1013 5672 fuerit.
1066 5608 1140 5663 ita
1188 5618 1245 5663 ut
1293 5607 1613 5679 quibusdam
1652 5608 1920 5678 episcopis

324 5703 652 5775 Carthagine
700 5703 1019 5760 abeuntibus
1049 5746 1065 5770 ,
1127 5701 1446 5773 quibusdam
1486 5701 1916 5771 succedentibus,

320 5799 689 5855 continuatum
716 5796 1112 5871 quodammodo
1141 5795 1308 5851 videri
1333 5805 1533 5866 posset.

332 5954 354 5967 ⁴
397 5891 675 5963 Praecipua
705 5890 916 5949 concilii
943 5889 1255 5950 deliberatio
1278 5890 1330 5946 in
1353 5888 1624 5959 lapsorum
1644 5886 1820 5945 causis
1840 5885 1919 5945 di-

1627 360 1787 419 VITA
1814 360 2060 420 SANCTI
2099 361 2442 421 CYPRIANI.

3559 373 3664 438 19.?-

2068 480 2368 552 judieandis
2395 490 2606 538 versata
2632 490 2750 551 est;
2778 492 2832 540 et
2875 498 2997 541 cum
3023 499 3234 542 summa
3259 495 3403 543 esset
3427 487 3664 549 circum—

2066 574 2385 629 stantiarum
2416 575 2669 639 varietas,
2697 576 2878 633 omnia
2916 577 3172 649 singulari
3196 578 3496 649 prudentia,
3529 591 3664 637 tam-

2065 683 2223 738 quam
2272 668 2508 724 auriﬁcis
2551 678 2774 737 statera,
2829 672 3130 727 examinata
3172 682 3315 728 sunt.
3363 675 3470 729 Alii
3520 676 3665 737 cnim

2065 759 2295 817 nefando
2326 763 2612 830 sacriﬁcio,
2636 764 2726 819 alii
2764 764 2893 820 solis
2944 765 3142 821 libellis
3177 766 3546 835 contaminati,
3580 768 3665 826 vel

2064 856 2225 912 etiam
2274 857 2477 913 crimen
2542 858 2657 913 sola
2726 859 3048 930 cogitatione
3104 871 3473 931 susceperant.
3547 861 3665 919 Non

2062 948 2309 1018 mquandi
2334 958 2511 1017 erant,
2538 949 2612 1004 ait
2655 950 2954 1023 Cyprianus
2997 951 3097 1021 Ep.
3129 968 3196 1007 ιιι
3241 953 3315 1025 (p.
3350 951 3476 1026 70),
3514 972 3533 1005 ι
3576 954 3663 1010 ille

2062 1041 2153 1110 qui
2194 1044 2260 1094 ad
2290 1041 2611 1097 sacriﬁcium
2642 1041 2931 1099 nefandum
2960 1045 3142 1099 statim
3173 1045 3447 1103 voluntate
3487 1048 3663 1116 prosi-

2063 1129 2177 1185 livit
2202 1173 2218 1199 ,
2253 1143 2306 1187 ct
2344 1133 2433 1203 qui
2467 1132 2759 1189 reluctatus
2786 1143 2843 1190 et
2875 1149 3196 1207 congressus
3225 1137 3315 1194 diu
3341 1137 3407 1193 ad
3433 1137 3537 1196 hoc
3573 1139 3663 1201 Γιιτ

2064 1243 2275 1288 nestum
2329 1247 2465 1303 opus
2517 1235 2839 1291 necessitate
2881 1234 3171 1305 pervenit,
3232 1236 3321 1292 ille
3362 1237 3453 1308 qui
3499 1247 3555 1293 et
3604 1253 3663 1295 se

2062 1333 2335 1380 et'omncs
2364 1340 2492 1380 suos
2524 1326 2786 1395 prodidit,
2830 1335 2887 1382 et
2925 1328 3012 1399 qui
3058 1329 3171 1400 ipse
3212 1344 3308 1400 pro
3336 1331 3546 1387 cunctis
3594 1333 3661 1388 ad

2060 1417 2348 1474 discrimen
2394 1419 2693 1487 accedens,
2733 1436 2952 1476 uxorem
2998 1431 3053 1477 et
3095 1421 3300 1478 liberos
3339 1432 3394 1478 et
3438 1421 3657 1480 domum

2062 1519 2227 1565 totam
2284 1510 2503 1579 periculi
2551 1510 2635 1565 sui
2699 1510 3069 1581 perfunctione
3118 1514 3387 1583 protexit;
3434 1515 3523 1570 ille
3570 1515 3660 1585 qni

2061 1600 2352 1672 inquilinos
2382 1602 2467 1658 vel
2502 1601 2706 1658 amicos
2734 1618 2861 1659 suos
2909 1604 2978 1661 ad
3019 1603 3226 1661 facinus
3272 1606 3561 1677 compulit,
3606 1615 3662 1662 et

2059 1694 2152 1767 qui
2180 1695 2454 1766 inquilinis
2478 1704 2533 1751 et
2555 1695 2762 1762 colonis
2789 1697 3056 1767 pepercit,
3105 1684 3302 1754 fratres
3342 1699 3503 1756 etiam
3544 1699 3661 1770 plu-

2058 1788 2224 1843 rimos
2263 1788 2352 1859 qui
2401 1797 2645 1844 extorres
2691 1797 2748 1845 et
2787 1787 2994 1861 profugi
3041 1790 3397 1858 recedebant,
3455 1792 3508 1847 in
3561 1807 3658 1848 sua

2067 1889 2203 1936 tecta
2254 1888 2310 1939 et
2361 1879 2594 1951 hospitia
2661 1882 2896 1952 recepit,
2966 1882 3259 1940 ostendens
3320 1892 3376 1939 ct
3428 1886 3660 1947 offerens

2059 1972 2286 2029 Domino
2312 1974 2508 2029 multas
2547 1974 2755 2031 animas
2799 1980 3041 2033 viventes
3081 1987 3135 2033 et
3164 1977 3494 2045 incolumes,
3537 1997 3658 2051 qua:

2059 2082 2156 2139 pro
2209 2082 2313 2122 una
2359 2068 2538 2123 saucia
2586 2068 2958 2139 deprecentur.
2999 2091 3018 2124 ι
3063 2071 3165 2127 Alii
3196 2072 3430 2144 denique
3482 2075 3656 2131 serius

2057 2159 2191 2231 lapsi
2219 2159 2450 2226 fuerant,
2493 2161 2799 2229 aliicitius;
2829 2162 2920 2218 alii
2949 2162 3016 2219 ad
3063 2165 3434 2234 paenitentiam
3473 2167 3654 2223 statim

2060 2255 2433 2326 confugerant,
2474 2253 2590 2321 alii,
2621 2254 2782 2310 nimia
2816 2255 3117 2312 libellorum
3153 2272 3183 2312 a
3218 2258 3542 2327 martyribus
3568 2276 3658 2313 ac-

2054 2356 2332 2416 ceptorum
2359 2344 2575 2412 ﬁducia,
2607 2344 2709 2401 hoc
2741 2345 3038 2402 remedium
3070 2345 3307 2419 effugere
3333 2345 3509 2404 conati
3540 2348 3659 2405 fne-

2054 2448 2196 2495 rant.
2231 2438 2411 2510 Itaque
2437 2440 2755 2495 examinata:
2780 2440 2980 2496 suntin
3002 2441 3230 2497 concilio
3249 2441 3656 2517 Carthaginiensi

2058 2552 2078 2585 ι
2111 2548 2288 2588 causa:
2314 2542 2365 2588 et
2397 2533 2701 2588 voluntates
2728 2542 2785 2590 et
2826 2535 3176 2602 necessitates
3217 2535 3569 2607 singulorum,
3604 2547 3659 2592 et

2053 2625 2105 2680 in
2137 2624 2319 2680 libello
2346 2625 2674 2696 singulorum
2710 2626 2902 2697 placita
2927 2628 3229 2699 conscripta
3258 2638 3436 2685 sunt.»
3464 2628 3655 2703 (ιωιι.)

2052 2717 2204 2774 llunc
2225 2719 2457 2774 libellum
2483 2735 2586 2774 non
2607 2719 2907 2775 absimilem
2945 2721 3109 2777 fuisse
3149 2723 3445 2791 canonibus
3486 2724 3657 2794 paeni-

2052 2813 2361 2869 tentialibus
2387 2812 2580 2868 merito
2606 2813 2913 2871 observavit
2939 2815 3221 2881 Baronius,
3248 2832 3346 2872 nec
3372 2816 3477 2872 ulla
3508 2831 3659 2887 pror-

2049 2922 2142 2963 sus
2160 2909 2371 2965 ratione
2400 2908 2592 2964 librum
2616 2908 2678 2963 de
2694 2908 2877 2978 Lapsis
2904 2909 3151 2980 intelligit
3178 2909 3360 2965 editor
3388 2909 3658 2965 Oxonien—

2048 2999 2125 3055 sis
2178 2999 2231 3053 in
2283 2998 2426 3056 notis
2460 2999 2527 3054 ad
2562 2998 2704 3055 hunc
2743 3001 2941 3055 locum.
2978 3000 3161 3056 Videri
3193 3011 3415 3072 possunt
3442 3017 3562 3073 quae
3590 3002 3657 3059 de

2047 3093 2265 3149 concilii
2292 3092 2524 3150 decretis
2551 3093 2602 3148 in
2634 3093 2949 3164 praefatione
2969 3092 3223 3150 diximus.

2118 3185 2435 3257 Su5picatur
2464 3171 2845 3241 Tillemontius
2886 3185 3162 3242 decretqu
3215 3187 3270 3242 in
3296 3186 3486 3244 eodem
3528 3204 3658 3245 con—

2044 3278 2170 3336 cilio
2216 3279 2379 3335 fuisse
2407 3290 2498 3347 ut,
2531 3280 2575 3335 si
2601 3294 2703 3350 qua
2730 3279 2954 3334 instaret
2982 3280 3305 3349 persecutio,
3341 3280 3502 3351 lapsis
3528 3294 3654 3339 ante

2045 3370 2416 3441 prrescriptum
2458 3380 2669 3442 tempus
2697 3370 3007 3427 communio
3043 3370 3285 3426 daretur.
3332 3371 3388 3427 lu
3422 3372 3561 3428 hzuic
3593 3373 3654 3430 il-

2044 3463 2154 3518 lum
2183 3463 2541 3533 susjticioncm
2595 3462 2924 3519 induxerunt
2970 3462 3087 3518 hsce
3108 3462 3359 3535 Cypriani
3389 3465 3550 3521 verba
3581 3481 3649 3521 ex

2042 3553 2212 3625 Epist.
2257 3570 2333 3610 ιιι
2363 3555 2507 3629 (pag.
2539 3556 2642 3627 .7!)
2676 3574 2690 3611 :
2726 3573 2746 3607 ι
2793 3553 2903 3610 Nec
2944 3554 3012 3609 ad
3068 3556 3433 3625 paenitentiam
3463 3558 3582 3629 quis
3620 3575 3650 3614 a

2045 3646 2200 3703 nobis
2227 3646 2476 3716 compelli
2506 3656 2716 3718 potest,
2750 3646 2959 3723 inquit,
3000 3646 3044 3702 si
3076 3647 3404 3717 pinnitentia:
3451 3650 3652 3705 fruetus

2040 3738 2407 3794 subtrahatur.
2435 3737 2492 3793 Si
2521 3738 2765 3809 praelium
2812 3737 2961 3808 prius
3000 3738 3227 3803 venerit,
3272 3738 3650 3795 corroboratus

2038 3844 2068 3884 a
2122 3830 2277 3885 nobis
2328 3829 2627 3886 invenietur
2678 3837 2915 3885 armatus
2967 3828 3035 3884 ad
3088 3830 3351 3899 praelium.
3413 3829 3468 3886 Si
3519 3849 3649 3888 vero

2038 3931 2162 3980 ante
2204 3924 2443 3995 prmlium
2483 3923 2763 3978 inﬁrmitas
2820 3922 3051 3989 urserit,
3095 3937 3215 3977 cum
3266 3924 3460 3979 solatio
3502 3927 3646 3996 pacis

2038 4027 2088 4074 et
2145 4001 2642 4073 communicationis
2698 4014 2957 4071 abscedit.
3013 4034 3032 4067 ι
3081 4014 3184 4071 Sed
3240 4016 3397 4086 hujus
3439 4017 3538 4072 loci
3583 4035 3644 4075 ea

2035 4108 2248 4163 videtur
2273 4123 2393 4164 esse
2420 4108 2686 4165 sententia
2709 4149 2723 4173 ,
2753 4123 2902 4178 spem
2936 4106 3082 4177 pacis
3124 4121 3245 4182 post
3273 4109 3645 4181 pmniteutiam

2037 4204 2433 4275 consequendze
2462 4205 2514 4259 id
2556 4203 2754 4258 habere
2800 4203 3091 4269 commodi,
3122 4214 3176 4258 ut
3214 4204 3482 4276 lapsorum
3526 4205 3644 4259 ani-

2037 4312 2153 4354 mos
2181 4297 2349 4370 erigat
2374 4305 2429 4353 et
2464 4295 2530 4351 ad
2573 4295 2749 4351 acrius
2791 4295 3129 4366 pugnandum
3151 4339 3163 4357 .
3212 4297 3254 4350 si
3287 4312 3389 4366 qua
3421 4295 3645 4351 redierit

2034 4394 2265 4460 occasio,
2295 4390 2645 4458 corroboret,
2674 4388 2819 4461 quia,
2850 4398 2907 4444 ut
2952 4390 3107 4461 paulo
3145 4397 3269 4444 ante
3305 4388 3512 4453 dixerat
3533 4387 3641 4457 Cy-

2035 4486 2275 4560 prianus,
2312 4506 2330 4539 ι
2366 4485 2433 4542 ad
2461 4485 2619 4542 fidem
2652 4495 2706 4540 et
2754 4484 3006 4539 virtutem
3034 4482 3100 4537 de
3126 4480 3439 4552 poenitentia
3482 4478 3644 4533 robur

2032 4591 2304 4646 armatur;
2345 4579 2486 4651 quod
2514 4578 2713 4634 armari
2763 4592 2868 4633 non
2921 4575 3116 4647 poterit
3160 4573 3205 4629 si
3235 4571 3353 4644 quis
3383 4572 3639 4641 despera-

2033 4673 2180 4731 tione
2227 4672 2477 4741 deficiat,
2516 4672 2562 4727 si
2592 4671 2658 4724 ah
2706 4669 2944 4725 Ecclesia
2984 4668 3116 4723 dure
3143 4675 3197 4723 et
3236 4666 3522 4721 crudeliter
3550 4682 3641 4721 se-

2031 4775 2279 4840 gregatns
2338 4764 2404 4821 ad
2458 4762 2687 4835 gentiles
2747 4775 2807 4816 se
2873 4759 2984 4815 vias
3034 4768 3094 4814 et
3147 4758 3420 4813 saecularia
3479 4774 3640 4828 opera

2029 4867 2339 4923 convertat,
2386 4855 2471 4911 vel
2504 4854 2570 4910 ad
2602 4852 2881 4909 haereticos
2908 4859 2964 4908 et
2991 4851 3362 4922 schismatipos
3407 4850 3640 4920 rejeetus

2030 4953 2100 5008 ab
2143 4950 2381 5007 Ecclesia
2438 4954 2691 5004 transeat.
2723 4964 2742 4999 ι
2796 4944 3098 5012 Praeterea,
3159 4945 3202 5000 si
3258 4944 3532 5001 decrctmn
3584 4945 3637 4998 in

2030 5048 2134 5104 hoc
2174 5046 2402 5103 concilio
2443 5043 2629 5101 fuisset
2672 5049 2727 5097 ut
2768 5041 2931 5112 lapsis
2980 5050 3206 5114 urgente
3259 5038 3633 5112 persecutione

2028 5140 2334 5198 communio
2382 5138 2632 5204 daretur,
2680 5150 2787 5192 non
2831 5137 2880 5191 id
2925 5132 3556 5206 omisissentCypt-ianus
3585 5141 3640 5189 et

2028 5234 2115 5289 alii
2155 5233 2389 5304 episcopi
2415 5233 2467 5288 in
2498 5231 2667 5303 Epist.
2705 5246 2811 5298 Ltv,
2845 5230 2897 5284 in
2935 5244 3039 5301 qua
3105 5225 3246 5299 quod
3289 5225 3639 5281 decreverant

2027 5326 2096 5382 dc
2127 5326 2289 5396 lapsis
2316 5327 2386 5382 ob
2432 5325 2718 5381 instantem
2762 5322 3190 5395 persecutionem
3242 5321 3295 5375 in
3341 5318 3637 5375 Ecclesium

2027 5422 2370 5493 colligendis,
2400 5421 2454 5493 id
2478 5419 2728 5475 Cornelio
2764 5418 3062 5489 approbare
3108 5431 3215 5485 non
3257 5425 3522 5471 conantur
3567 5429 3636 5471 ex

2027 5515 2237 5573 concilii
2266 5514 2461 5587 prioris
2491 5512 2812 5568 auctoritate
2836 5555 2851 5579 ,
2893 5510 2988 5566 sed
3026 5528 3044 5562 ‹
3068 5508 3273 5581 Spiritu
3299 5518 3485 5565 sancto
3508 5523 3637 5577 sng-

2026 5618 2248 5682 gerente
2294 5627 2313 5660 ›
2362 5607 2433 5663 ita
2483 5620 2541 5661 se
2588 5604 2837 5661 statuisse
2888 5602 3181 5660 declarant.
3225 5603 3481 5659 Memorat
3525 5602 3634 5675 Cy-

2029 5703 2246 5773 prianus
2276 5700 2329 5755 in
2360 5697 2593 5770 Epistola
2652 5713 2740 5766 LV,
2764 5696 2906 5752 aliud
2933 5696 3001 5753 de
3023 5697 3284 5769 cpisc0pis
3303 5696 3467 5766 lapsis
3485 5698 3630 5765 ejus-
3664 5716 3673 5731 ι

2014 5795 2148 5855 dem
2181 5791 2390 5849 concilii
2413 5791 2727 5858 decretum;
2760 5789 3021 5861 ejusmodi
3064 5789 3310 5846 homines
3339 5787 3402 5843 ad
3450 5787 3626 5854 pmni-
3659 5804 3662 5808 λ

2029 5888 2247 5947 tentiam
2300 5904 2318 5938 ι
2363 5883 2578 5957 quidem
2623 5883 2881 5957 agendam
2925 5898 3082 5957 posse
3131 5882 3378 5951 admitti,
3436 5881 3502 5937 ab
3547 5895 3635 5935 or-
