4172 6264
523 340 639 420 tas

518 471 800 533 diuationc
849 481 1026 530 autem
1074 469 1203 529 cieri
1235 512 1251 542 ,
1316 476 1475 545 atque
1535 472 1855 531 sacerdotali
1912 472 2118 530 honore

523 569 820 641 prohiberi.
862 586 881 620 ι
936 566 1139 623 Prodiit
1186 580 1371 623 coram
1434 566 1700 638 episcopis
1775 566 1830 624 in
1895 562 2125 623 concilio

523 663 871 734 congregatis
899 660 1264 719 Felicissimus
1289 672 1413 717 cum
1439 661 1768 736 presbyteris
1797 662 1896 732 ipsi
1927 658 2121 728 al'ﬁxis,

525 763 588 810 ιιι
614 753 932 826 perspicitur
949 766 1019 811 es
1057 753 1160 828 Ep.
1205 768 1342 822 sui;
1376 753 1470 810 sed
1498 768 1595 810 eos
1628 752 1839 810 auditos
1881 753 2122 825 episcopi

522 845 949 904 condemnarunt
992 855 1049 902 et
1098 833 1494 904 abstinuerunt.
1555 847 1700 904 «Sed
1738 855 1795 903 et
1820 845 2041 903 Jorinus
2070 855 2126 904 et

527 941 786 1001 Maximus
822 942 1068 1015 episcopi
1088 984 1103 1012 ,
1145 942 1216 1000 ob
1241 940 1473 1005 neianda
1508 941 1767 999 sacriﬁcia
1813 951 1867 998 et
1901 940 2125 999 crimina

526 1036 581 1092 in
630 1047 692 1091 se
741 1034 968 1106 probata
1007 1035 1273 1092 sententia
1315 1046 1508 1092 novem
1561 1034 1935 1105 episcoporum
1989 1044 2123 1091 con-

525 1128 763 1185 demnati
791 1168 808 1196 ,
833 1140 837 1146 ‘
866 1127 1060 1184 iterato
1112 1128 1167 1184 in
1215 1127 1449 1185 concilio
1493 1124 1725 1185 abstenti
1764 1144 1785 1180 ι
1840 1137 1965 1184 sunt
1986 1170 2002 1198 ,
2052 1122 2128 1184 ait

525 1221 833 1296 Cyprianus
853 1220 906 1277 in
931 1220 1105 1293 Epist.
1139 1236 1205 1279 LV
1236 1220 1317 1296 (p.
1346 1220 1466 1294 84).

603 1311 1062 1382 Quemadmodum
1086 1313 1142 1370 in
1172 1311 1275 1369 hoc
1294 1311 1524 1369 concilio
1552 1330 1574 1365 ι
1593 1326 1700 1368 ιιοη
1722 1311 2077 1368 censensione
2100 1330 2119 1365 ι

530 1414 741 1462 tantum
762 1405 1137 1477 epismpormn
1172 1422 1193 1456 ι
1229 1404 1325 1461 sed
1348 1412 1404 1461 et
1427 1404 1846 1461 comminatione
1880 1420 1926 1473 ι,
1960 1412 2018 1459 ιιι
2052 1404 2130 1461 ait

532 1499 831 1572 Cyprianus
869 1511 958 1569 ep.
991 1511 1057 1554 ιν
1095 1498 1182 1570 (p.
1212 1496 1332 1569 85),
1360 1492 1638 1553 decretum
1687 1502 1771 1552 est
1812 1515 1832 1551 ι
1868 1505 1927 1551 ιιι
1954 1496 2128 1567 ρωιιίι

530 1595 754 1649 tentiam
782 1602 891 1651 non
923 1592 1202 1662 agentibus
1232 1602 1392 1647 nemo
1416 1600 1621 1647 temere
1650 1600 1836 1664 pacem
1860 1590 2018 1647 daret
2046 1609 2062 1646 :
2102 1609 2121 1643 ι

536 1686 607 1741 ita
658 1682 820 1756 justis
878 1693 1173 1758 martyrum
1237 1682 1585 1756 petitionibus
1652 1681 1852 1756 aliquid
1909 1682 2131 1741 honoris

534 1795 732 1848 causa,
778 1787 838 1836 ut
892 1781 1101 1837 fciebat
1157 1779 1413 1837 Ecclesiae
1435 1822 1439 1831 ι
1464 1775 1798 1835 consuetudo
1826 1819 1841 1847 ,
1892 1775 2131 1833 delatum

537 1872 703 1931 fuisse
722 1873 1073 1929 crediderim.
1096 1871 1228 1928 Nam
1271 1873 1324 1927 in
1350 1868 1491 1928 libro
1518 1871 1584 1927 de
1611 1868 1814 1942 βαρεῖα,
1844 1884 2001 1942 quem
2018 1866 2125 1943 Cy.

535 1969 758 2038 prianus
778 1968 831 2023 tu
853 1966 951 2039 Ep.
974 1976 1047 2031 Li,
1066 1974 1237 2038 nuper
1251 1962 1446 2037 legisse
1457 1974 1519 2022 se
1535 1958 1858 2036 Carthagine
1876 1964 2125 2032 testatur,

538 2060 684 2118 unde
714 2062 875 2117 etiam
920 2058 1164 2120 nonnulli
1208 2060 1261 2116 in
1303 2059 1423 2132 ipSo
1459 2057 1691 2117 concilio
1724 2058 1922 2116 lectum
1968 2055 2134 2115 fuisse

537 2154 832 2226 colligunt;
860 2155 913 2210 in
944 2154 1068 2223 ltoe,
1110 2153 1348 2227 inquam,
1377 2153 1534 2221 libro,
1565 2160 1625 2209 ut
1656 2148 1876 2209 nimiam
1916 2156 2121 2223 marty-

541 2263 660 2304 rum
684 2250 1065 2307 nonuullorum
1099 2266 1120 2303 ι
1153 2248 1208 2305 in
1244 2244 1580 2305 remittendis
1607 2248 1806 2319 passim
1831 2243 2123 2303 donandis-

541 2356 645 2411 que
674 2342 908 2413 peccatis
941 2361 959 2394 ι
995 2341 1265 2399 licentiam
1305 2338 1499 2400 refellit
1542 2336 1881 2414 Cyprianus,
1924 2342 1996 2395 ita
2038 2354 2134 2397 θοι

542 2450 662 2491 rum
716 2436 983 2493 mandatis
1032 2434 1233 2509 aliquid
1277 2430 1474 2492 fatetur
1525 2448 1684 2507 posse
1739 2430 1963 2491 concedi
1989 2476 2003 2501 ,
2037 2448 2057 2486 ι
2089 2430 2135 2489 si

537 2527 716 2599 justa,
748 2527 795 2584 si
824 2528 969 2585 licita
990 2570 1006 2597 ,
1030 2528 1076 2584 si
1104 2538 1212 2584 neu
1239 2534 1426 2584 centra
1467 2528 1641 2597 ipsum
1685 2524 1971 2581 Dominum
1991 2538 2020 2580 a
2042 2522 2136 2583 Dei

545 2619 829 2677 sacerdote
864 2619 1106 2678 facienda
1126 2606 1217 2684 {si
1242 2617 1665 2692 obtemperantis
1690 2616 1861 2674 t‘acilis
1887 2626 1941 2674 et
1962 2628 2135 2690 prona

544 2713 867 2779 consensio,
912 2714 958 2768 si
992 2710 1227 2784 petentis
1275 2712 1435 2769 fuerit
1486 2708 1734 2783 religiosa
1784 2708 2080 2766 moderatio
2110 2727 2131 2764 ι

547 2807 694 2880 (pag.
723 2805 876 2879 i8‘l).
907 2806 1125 2863 Fatetur
1150 2807 1310 2862 etiam
1338 2805 1419 2878 (p.
1443 2804 1570 2877 195)
1585 2804 1749 2860 Deum
1778 2803 1831 2859 in
1859 2811 2136 2873 acceptum

546 2899 751 2956 referre
795 2905 955 2971 posse
997 2896 1255 2970 quidquid
1297 2911 1394 2968 pro
1425 2896 1566 2953 veris
1611 2892 1994 2966 paenitentibus
2022 2908 2043 2945 ι
2082 2897 2138 2948 et

546 2993 799 3065 petierint
844 3001 1112 3065 martyres
1171 3000 1226 3046 et
1265 2990 1493 3046 fecerint
1536 2990 1869 3046 sacerdotes.
1912 3007 1931 3043 ι
1957 2988 2138 3057 Quare

546 3087 836 3145 verisimile
871 3096 956 3144 cst
997 3083 1293 3158 Mappalico
1314 3087 1571 3160 martyri,
1597 3085 1700 3158 qni,
1727 3090 1955 3141 matrem
1982 3092 2136 3139 suam

544 3192 725 3253 atque,
753 3188 814 3235 ut
856 3182 910 3236 in
940 3179 1213 3236 nonnullis
1259 3180 1591 3236 cditionibns
1634 3174 1849 3251 legitur,
1896 3186 2137 3235 sororem

544 3273 838 3329 domestica
889 3273 1085 3343 pietate
1130 3283 1437 3328 connuotus
1489 3270 1994 3339 commendaverat,
2033 3263 2137 3326 ali-

544 3365 671 3439 quid
703 3374 1023 3421 concessum
1061 3360 1245 3429 luisse,
1290 3374 1345 3420 ct
1385 3363 1506 3420 aliis
1534 3364 1695 3420 etiam
1724 3363 1815 3435 qui
1841 3362 2137 3420 Lucianum

547 3458 734 3515 imitati
768 3468 873 3512 non
910 3456 1153 3522 fuerant,
1184 3455 1298 3523 sed,
1335 3464 1390 3511 ιιι
1438 3456 1682 3528 ρικιιιξῳὶι
1709 3456 2005 3527 Cyprianus
2035 3455 2135 3526 Ep.

545 3567 620 3617 xi,
647 3551 928 3622 diligenter
966 3549 1345 3621 iuSpexeranti
1379 3558 1433 3605 et
1456 3559 1634 3605 actum
1667 3559 1720 3604 et
1748 3562 1909 3620 onera
1927 3560 1984 3605 et
2022 3560 2138 3605 me-

545 3645 646 3700 rita
672 3643 1007 3715 singulorum
1029 3687 1046 3714 ,
1073 3643 1309 3716 ipsorum
1339 3656 1553 3716 quoque
1585 3640 1909 3699 delictorum
1937 3656 2140 3713 genera

544 3746 600 3792 ct
624 3734 908 3807 qualitates
936 3757 984 3806 ι,
1012 3740 1067 3792 ct
1089 3736 1343 3809 quosipsi
1369 3745 1672 3802 noverant,
1709 3750 1729 3788 ι
1766 3750 1991 3808 quorum
2022 3752 2138 3807 pm-

547 3828 822 3884 nitcntiam
849 3827 1201 3887 satisfactioui
1235 3828 1532 3901 proximam
1562 3848 1581 3883 ι
1609 3826 2029 3903 conSpicicbant,
2048 3840 2142 3887 eos

548 3922 860 3980 nominatim
888 3922 1066 3980 libello
1092 3921 1522 3996 designaverant.

549 4057 690 4115 XIX.
722 4087 795 4098 —
823 4073 1117 4116 PBUDENTIA
1163 4075 1352 4119 sarum
1393 4079 1637 4131 creatam
1667 4080 1720 4121 tu
1771 4078 2145 4127 courmucaoo

618 4165 909 4207 SCIIISIA'I'E
970 4166 1282 4224 NOVATIANI,
1305 4171 1373 4212 ΕΤ
1404 4170 1779 4216 CONFIBIANDO
1818 4171 2141 4217 EPISCOPATU

621 4260 666 4302 S.
692 4259 959 4303 CORNELII.

625 4383 886 4442 Defuncto
932 4383 1267 4457 gravissimis
1304 4385 1568 4443 molestiis
1594 4384 1867 4460 Cypriano
1889 4433 1904 4459 ,
1936 4400 2070 4463 quas
2097 4388 2149 4448 ei

552 4478 933 4534 nonnullorum
1016 4489 1308 4552 martyrum
1378 4479 1739 4551 intemperans
1814 4480 2150 4556 indulgentia

562 4580 616 4626 ct
671 4570 830 4642 itupia
879 4571 1342 4629 sciuismatico'tum
1412 4574 1691 4630 temeritas
1736 4574 2092 4634 exitibueraut
2123 4619 2139 4647 ,

560 4677 714 4718 novae
735 4662 1083 4721 difﬁcultates
1110 4678 1337 4737 supervc
1353 4650 1581 4732 nerunt,
1621 4677 1805 4723 exorta
1830 4667 2018 4726 Roma:
2041 4667 2151 4727 disc

555 4755 838 4822 scnsione,
883 4771 946 4811 ac
975 4755 1253 4812 Novatiani
1302 4756 1494 4812 haeresi
1538 4756 1738 4813 aditum
1770 4760 1822 4815 in
1857 4758 2035 4815 varias
2062 4772 2151 4817 cc-

553 4846 746 4904 clesias
767 4854 1025 4904 tentante.
1055 4848 1182 4904 Post
1224 4846 1541 4919 Fabianum,
1574 4851 1665 4922 qui
1692 4852 1781 4909 die
1803 4850 1876 4908 20
1900 4848 2150 4922 januarii',

466 4930 491 4953 ’
555 4953 699 4993 anno
719 4938 851 5006 250,
893 4945 1097 5011 martyr
1121 4939 1289 5006 obiit,
1322 4936 1577 5013 episcopo
1624 4950 1872 5001 caruerat
1915 4942 2154 5002 Ecclesia

561 5029 823 5095 Romana,
851 5044 950 5086 nec
980 5033 1219 5103 pastoris,
1238 5033 1468 5105 eligendi
1498 5036 1671 5093 locum
1692 5036 1987 5108 reliquerat
2009 5037 2155 5097 Decii

566 5122 877 5181 crudelitas.
911 5125 1015 5183 Sed
1041 5125 1277 5193 tandem,
1308 5136 1535 5197 tyranno
1575 5129 1821 5200 absente,
1856 5132 2155 5203 intpcrioin

566 5217 702 5276 urbe
746 5218 888 5276 Jolio
914 5218 1124 5276 Valenti
1165 5220 1365 5289 delato,
1392 5233 1514 5277 cum
1542 5231 1753 5294 tempus
1786 5224 2158 5282 commodissio

563 5325 713 5367 mmu
734 5310 974 5369 oblatum
995 5321 1159 5381 esset,
1184 5306 1392 5371 electus
1418 5322 1504 5371 est
1530 5330 1550 5367 ι
1583 5314 1654 5372 dc
1676 5315 1991 5373 clericorum
2018 5334 2159 5391 pene

564 5400 803 5460 omnium
834 5405 1159 5474 testimonio,
1184 5406 1253 5463 de
1276 5406 1446 5478 plebis
1472 5422 1592 5478 quae
1617 5416 1743 5464 tunc
1762 5407 1933 5464 adicit
1960 5408 2157 5466 satira-

566 5498 656 5570 gio
682 5497 824 5554 etde
849 5498 1188 5557 sacerdotum
1225 5501 1569 5574 antiquorum
1612 5508 1667 5557 et
1709 5501 1973 5562 bonorum
2008 5503 2157 5560 viro~

569 5606 687 5651 rum
728 5594 975 5668 collegio,
1012 5615 1032 5649 ι
1065 5595 1123 5652 S.
1154 5595 1460 5666 Cornelius,
1482 5596 1565 5654 vir
1587 5598 1736 5654 omni
1776 5598 1933 5657 laude
1972 5612 2163 5656 cumu-

570 5688 815 5759 .atus,dc
837 5704 944 5760 quo
973 5698 1168 5760 quanta
1193 5689 1395 5761 judicia
1418 5690 1608 5747 fecerit
1630 5688 1928 5764 Cyprianus
1956 5706 2019 5749 ex
2044 5693 2161 5764 pluo

588 5788 734 5844 ribus
776 5787 923 5844 illius
965 5788 1202 5859 epistolis
1244 5789 1592 5860 perspicitur,
1626 5788 1922 5859 praesertim
1965 5806 2028 5848 ex
2061 5791 2162 5863 Ep.

577 5893 665 5936 ..ιι.
696 5878 917 5935 Constat
942 5879 1082 5937 hanc
1120 5880 1436 5940 electionem
1474 5881 1667 5941 iactam
1694 5880 1858 5943 fuisse
1885 5893 2006 5956 post
2026 5883 2156 5942 Pas-

1735 352 1897 416 Vl'i‘A
1931 348 2178 416 ΞΛΜ]ῒί
2212 352 2563 416 CYPRIANI.

3722 347 3826 418 lli

2232 474 2331 529 clla
2362 472 2523 545 lmjus
2559 472 2683 530 anni
2708 470 2807 530 25l
2841 515 2855 540 ,
2904 469 2949 528 si
2978 469 3195 545 quidem
3218 467 3539 545 Cyprianus,
3569 468 3659 544 qui
3688 470 3830 529 Car-

2230 566 2524 640 thaginem,
2557 566 2757 640 elapsis
2780 564 2968 624 diebus
2997 566 3167 637 festis,
3198 558 3379 634 rediit,
3408 562 3695 624 concilium
3729 568 3829 623 lia-

2229 660 2393 719 bebat
2417 676 2537 720 cum
2580 658 2800 734 collegis
2841 672 2962 718 eum
2999 656 3161 733 bujns
3187 654 3467 718 electionis
3503 661 3721 718 nuntius
3746 664 3827 720 at-

2240 752 2382 812 latus
2409 762 2520 812 est.
2550 756 2853 825 Quinetiam
2896 764 3067 828 usque
3108 752 3182 811 ad
3228 753 3374 811 diem
3418 764 3664 826 quartum
3691 753 3828 827 junii

2245 848 2439 906 electio
2465 844 2757 906 differenda
2780 857 2886 916 est,
2911 848 2957 905 si
2987 847 3260 905 Pearsonii
3278 849 3618 921 conjecturas
3641 864 3833 921 sequa-

2235 952 2379 1012 mur,
2408 958 2528 1016 quae
2583 941 2886 1015 probabiles
2913 936 3261 1011 '[lllemoutlo
3302 936 3430 997 visa:
3480 946 3625 998 sunt.
3670 941 3826 1012 Nam,

2233 1046 2354 1092 cum
2386 1046 2451 1093 ex
2481 1030 2701 1092 duobus
2728 1033 3140 1108 pontiﬁcalibus,
3173 1034 3312 1090 alter
3347 1048 3379 1090 a
3410 1033 3672 1091 Buclterio
3703 1046 3835 1106 pro-

2236 1129 2504 1201 mulgatas
2531 1128 2841 1185 Cornelium
2871 1127 3005 1184 duos
3032 1142 3225 1197 annos,
3263 1135 3376 1183 tres
3406 1116 3636 1184 menses
3654 1134 3710 1182 et
3740 1122 3836 1184 de-

2247 1232 2365 1279 cem
2382 1220 2500 1279 dies
2523 1220 2729 1278 sedisse
2764 1218 2927 1288 dicat,
2958 1220 3096 1276 alter
3112 1226 3142 1274 ιι
3172 1215 3431 1277 Bollando
3473 1214 3650 1276 editus
3669 1234 3836 1276 utinm

2242 1314 2303 1373 S.
2320 1313 2565 1374 Pontiﬁci
2586 1328 2805 1383 annum,
2827 1314 2963 1371 duos
2977 1324 3194 1371 menses
3212 1318 3270 1370 et
3292 1322 3402 1370 tres
3424 1308 3542 1371 dies
3558 1311 3835 1382 attribuat,

2236 1401 2582 1477 Pearsonius,
2607 1424 2673 1464 ex
2695 1417 2926 1480 utroque
2950 1415 3248 1479 excerpens
3272 1416 3391 1479 Quae
3411 1402 3702 1465 convenire
3717 1408 3836 1463 visa

2235 1510 2386 1567 Sunt,
2414 1509 2470 1558 et
2509 1510 2629 1572 qum
2677 1499 2857 1557 minus
2885 1498 3222 1573 quadrabanl
3273 1498 3590 1567 emendatis,
3630 1494 3841 1555 Corne-

2238 1588 2371 1649 lium
2410 1590 2615 1649 sedisse
2655 1604 2857 1649 annum
2904 1604 3069 1649 unum
3093 1635 3107 1661 ,
3155 1601 3261 1649 tres
3293 1600 3505 1649 menses
3548 1596 3604 1650 et
3649 1590 3837 1648 decem

2239 1685 2355 1743 dies
2400 1686 2706 1755 existimat,
2762 1684 2948 1757 sicque
3004 1680 3320 1742 electionem
3382 1679 3547 1742 reicit
3589 1680 3656 1739 ad
3694 1681 3838 1741 diem

2241 1786 2489 1851 quartum
2515 1774 2651 1850 junii
2696 1777 2822 1835 anni
2867 1777 2996 1847 25!,
3029 1786 3088 1834 ut
3127 1790 3246 1837 eam
3291 1786 3416 1835 eum
3455 1776 3626 1850 ipsius
3654 1786 3830 1834 monte

2240 1870 2507 1938 conciliet,
2522 1882 2683 1944 quam
2698 1870 2873 1928 idibus
2888 1869 3227 1944 septetubris,
3246 1884 3386 1927 anno
3400 1866 3531 1940 9.52,
3549 1868 3839 1943 contigisse

2243 1960 2429 2023 multis
2446 1959 2762 2038 magnisque
2789 1962 3003 2021 indiciis
3029 1970 3192 2037 patet.

2312 2054 2567 2124 Novatus,
2595 2052 2683 2130 qui
2705 2059 2758 2113 in
2778 2054 2955 2114 Atriea
2972 2074 2995 2111 ι
3018 2054 3255 2130 primum
3274 2052 3563 2115 discordim
3588 2062 3650 2114 et
3667 2052 3840 2114 sellis-

2242 2153 2401 2208 matis
2427 2147 2732 2208 incendium
2779 2152 3167 2220 seminaret-at,
3197 2166 3219 2205 ι
3244 2160 3301 2209 ιιι
3334 2148 3414 2208 ait
3451 2136 3757 2225 Cyprianus
3781 2150 3839 2208 in

2244 2242 2416 2317 Epist.
2445 2254 2600 2314 ιιιιιι,
2645 2256 2665 2296 ι
2702 2241 2929 2301 Romam
2982 2235 3196 2318 quoque
3240 2244 3309 2302 ad
3350 2246 3698 2303 evertendam
3738 2239 3841 2303 Ee-

2242 2337 2463 2396 clcsiam
2489 2332 2980 2409 itavigatts,sitttilia
3016 2333 3127 2394 illic
3151 2344 3207 2395 et
3241 2336 3389 2410 paria
3431 2338 3653 2397 molitus
3676 2350 3777 2397 est.
3812 2356 3833 2394 ι

2245 2427 2402 2485 Dedit
2429 2442 2489 2486 se
2515 2428 2832 2499 Novattano,
2855 2429 3011 2501 eique
3037 2438 3161 2486 suas
3181 2438 3326 2487 artes
3345 2440 3401 2488 et
3421 2426 3727 2489 tractandum
3758 2434 3840 2490 in-

2224 2524 2456 2595 "genium
2492 2520 2712 2581 dicavit.
2750 2519 3078 2580 Novatianus
3107 2524 3210 2581 hoc
3246 2522 3563 2582 administro
3581 2524 3839 2594 conlisus,

2244 2617 2482 2689 quinque
2517 2608 2883 2691 presbyteros,
2908 2614 3198 2673 nonnullos
3243 2616 3583 2674 confessorcs
3619 2628 3683 2674 ac
3709 2632 3839 2690 par-

2246 2719 2353 2769 tem
2377 2710 2551 2784 plebis
2587 2709 2655 2767 ad
2686 2722 2814 2767 usus
2842 2725 2973 2767 suos
3009 2706 3254 2783 adiunxit
3273 2753 3289 2779 ,
3322 2718 3385 2767 ac
3411 2706 3645 2767 Cornelii
3672 2711 3841 2768 inter-

2245 2804 2408 2861 cessit
2435 2796 2683 2860 etectiont
2705 2845 2720 2872 ,
2754 2803 2916 2859 variis
2946 2800 3100 2858 illum
3126 2802 3442 2859 criminibus
3479 2812 3759 2871 accusans,
3788 2803 3842 2858 in

2245 2897 2331 2954 liis
2347 2894 2487 2971 quod
2524 2896 2705 2955 libello
2726 2910 2848 2954 sese
2864 2896 3307 2955 contaminasset.
3324 2895 3462 2954 Cum
3477 2905 3703 2967 utraque
3719 2906 3846 2968 pars

2245 2991 2558 3064 scripsisset
2578 2991 2632 3047 in
2659 2989 2895 3049 Africam
2915 3034 2928 3057 ,
2955 2988 3256 3064 Cyprianus
3280 2996 3334 3046 et
3364 2986 3582 3062 plurimi
3610 2988 3698 3047 alii
3728 2992 3846 3062 epi-

2244 3085 2393 3157 scopi
2414 3078 2508 3156 qui
2537 3082 2604 3139 ad
2631 3092 2753 3139 eum
2784 3091 3076 3150 venerant,
3106 3092 3223 3139 rem
3254 3082 3384 3138 tanti
3417 3083 3674 3138 momenti
3700 3084 3846 3139 onnti

2247 3176 2412 3233 animi
2481 3176 2793 3248 provisione
2836 3174 3170 3231 tractandam
3215 3172 3612 3230 intellexerunt.
3664 3173 3849 3245 itaque

2245 3270 2544 3342 Cyprianus
2581 3256 2841 3340 praecepit
2880 3269 2941 3324 ιιι
2967 3266 3115 3324 clero
3157 3264 3381 3337 et'ptebi
3429 3265 3741 3338 legerentur
3760 3266 3850 3322 ιιι·

2247 3372 2378 3419 term
2415 3359 2652 3418 Cornelii
2684 3379 2705 3413 ι
2738 3372 2859 3433 quae
2902 3357 3210 3431 religiosam
3249 3358 3647 3432 simplicitatem
3686 3368 3850 3416 sona-

2245 3456 2375 3513 bant
2407 3473 2426 3507 ι
2456 3452 2709 3524 illiusque
2737 3468 2760 3506 ι
2791 3453 3131 3524 episcopatus
3170 3450 3561 3509 ordinationem
3608 3452 3850 3523 singulo-

2248 3560 2365 3607 rum
2412 3548 2630 3603 auribus
2658 3547 2960 3614 intimavlt;
3000 3562 3020 3601 ι
3058 3560 3183 3619 quin
3211 3556 3343 3602 vero
3376 3559 3443 3602 ex
3492 3544 3710 3605 diverso
3753 3546 3851 3602 ad-

2248 3647 2438 3700 versus
2484 3642 2793 3699 Cornelium
2847 3642 3073 3713 ejusque
3124 3641 3474 3715 presbyteros
3530 3641 3585 3697 in
3655 3640 3850 3698 librum

2249 3737 2629 3809 Carthaginem
2660 3751 2682 3789 ι
2719 3738 3097 3801 transmissum
3136 3740 3393 3807 congesta
3443 3734 3657 3792 fuerant
3701 3750 3851 3792 acer-

2252 3830 2559 3888 bationibtts
2578 3830 2885 3886 Cl‘llliiliOSis
2901 3870 2916 3894 ,
2940 3846 2958 3882 ι
2986 3838 3051 3884 ea
3075 3828 3291 3898 penitus
3321 3828 3527 3900 respuit
3552 3828 3670 3900 Ep.
3700 3844 3849 3897 XLII;

2254 3924 2350 3981 sed
2395 3933 2579 3980 tamen
2625 3936 2751 3980 eum
2792 3923 3060 3994 episcopis
3088 3921 3460 3994 compluribus
3484 3922 3577 3994 qui
3604 3920 3655 3977 iu
3687 3932 3852 3978 unum

2251 4027 2657 4086 convenerant,
2703 4017 2892 4073 statuit
2916 4025 2975 4074 ut
3004 4032 3023 4069 ι
3061 4016 3253 4087 legatis
3296 4015 3632 4087 coepiscopis
3655 4015 3855 4072 Caldo-

2253 4113 2345 4169 uio
2385 4114 2441 4168 et
2485 4106 2780 4167 Fortunato
2827 4110 3052 4166 Romam
3078 4109 3258 4165 missis
3280 4149 3295 4177 ,
3326 4109 3506 4164 omnia
3535 4104 3746 4165 interitu
3767 4108 3853 4164 iu-

2256 4212 2406 4275 tegra
2456 4201 2895 4276 suspendet-stur,
2947 4200 3121 4258 donec
3168 4198 3329 4258 iidem
3387 4199 3641 4272 collegas,
3688 4199 3852 4256 rebus

2260 4296 2372 4354 illic
2418 4305 2513 4353 aut
2562 4294 2629 4352 ad
2678 4304 2863 4366 pacem
2904 4293 3137 4351 redactis
3183 4300 3276 4349 aut
3310 4302 3408 4365 pro
3445 4290 3670 4350 veritate
3698 4306 3855 4350 com-n-

2255 4388 2445 4462 pertis,
2476 4387 2733 4445 redirent.
2768 4405 2787 4441 ι
2822 4384 2939 4444 Non
2980 4385 3299 4458 ignorabant
3346 4384 3587 4457 episcopi
3617 4381 3854 4442 AMcani

2257 4479 2388 4537 satis
2415 4474 2600 4548 fuisse,
2632 4492 2696 4535 ex
2724 4477 2896 4535 veteri
2944 4486 3120 4545 more,
3148 4484 3209 4532 ιιι
3232 4488 3297 4533 se
3320 4470 3604 4533 Cornelius
3646 4475 3858 4553 episco-

2257 4588 2384 4647 pum
2414 4574 2610 4631 factum
2642 4586 2739 4646 per
2774 4570 2983 4630 litteras
3013 4572 3327 4637 nuntiat-et;
3359 4570 3480 4637 sed,
3510 4577 3571 4626 ut
3600 4568 3745 4626 illius
3763 4568 3860 4625 ad-

2259 4666 2513 4724 versariis
2536 4672 2754 4722 omnem
2780 4662 3157 4737 perturbandae
3189 4658 3446 4719 Ecclesia:
3472 4675 3692 4718 causam
3719 4674 3860 4735 prae-

2261 4756 2579 4828 eluderent,
2625 4754 2833 4814 litteras
2877 4755 3253 4828 episcoporum
3295 4769 3326 4810 a
3355 4753 3548 4827 quibus
3582 4753 3862 4810 ordinatus

2262 4852 2439 4909 fuerat
2466 4850 2841 4908 desiderarunt
2860 4893 2875 4919 ,
2907 4860 2964 4906 et
2996 4850 3205 4921 legatos
3234 4847 3500 4905 miserunt
3524 4847 3613 4919 qui
3642 4846 3737 4901 bas
3781 4844 3861 4901 lit-

2262 4955 2406 5003 teras
2447 4942 2822 5012 re!‘errent,et
2863 4950 3032 4999 totam
3064 4949 3180 5007 rem
3220 4939 3504 5013 diligenter
3526 4936 3859 5010 exploratam

2262 5045 2576 5106 narrarent,
2608 5055 2628 5089 ι
2659 5045 2719 5092 ιιι
2745 5044 2856 5092 tum
2899 5033 3142 5101 demum,
3171 5030 3426 5104 scrupulo
3467 5030 3611 5086 omni
3652 5025 3720 5083 de
3749 5028 3862 5084 sin-

2261 5132 2507 5205 gulorum
2534 5130 2845 5204 pectoribus
2870 5138 3136 5195 excusso,
3184 5141 3280 5200 per
3321 5134 3512 5183 omnes
3544 5122 3766 5180 omnino
3806 5122 3862 5179 in

2265 5222 2446 5284 Africa
2488 5224 2693 5298 positos
2729 5222 3012 5296 episcopos
3052 5222 3245 5278 litterae
3292 5219 3516 5285 ﬁerent,
3565 5220 3622 5274 et
3662 5216 3866 5274 Corne-

2266 5323 2397 5380 lium
2445 5318 2682 5379 universi
2710 5314 2962 5391 collegae,
3012 5314 3261 5391 illiusque
3288 5316 3863 5381 communicationem,

2265 5416 2318 5473 id
2359 5425 2439 5472 est
2469 5413 2748 5471 catholica:
2788 5410 3044 5470 Ecclesia:
3081 5412 3339 5471 unitatem
3390 5410 3590 5485 pariter
3632 5416 3688 5468 et
3734 5408 3866 5466 cita-

2263 5508 2477 5567 ritatem
2530 5509 2820 5581 probarent
2866 5504 3092 5564 ﬁrmiter
3115 5523 3179 5565 ac
3216 5514 3482 5564 tenerent.
3511 5524 3531 5560 ι
3565 5502 3690 5577 (Ep.
3734 5502 3869 5575 xu.)

2268 5606 2394 5663 time
2442 5616 2622 5663 autem
2671 5620 2702 5661 a
2732 5604 3003 5679 Cypriano
3050 5618 3113 5662 ea
3160 5612 3342 5660 mente
3382 5600 3604 5673 ejusque
3649 5597 3870 5670 collegis

2269 5698 2478 5773 provisa
2508 5714 2648 5767 esse,
2683 5712 2739 5756 ut
2764 5698 3001 5756 Cornelii
3034 5696 3353 5755 electionem
3390 5693 3728 5761 stabilirent,
3756 5704 3865 5747 non

2270 5794 2410 5868 quod
2428 5810 2546 5851 eam
2566 5795 2619 5851 in
2640 5790 3003 5866 suspicionem
3042 5798 3316 5859 vocarent,
3338 5786 3464 5845 inde
3484 5784 3644 5843 etiam
3660 5782 3871 5857 perspi-
3894 5809 3906 5839 ι

2270 5890 2428 5962 citur,
2443 5887 2584 5963 quod
2602 5886 2900 5964 Cyprianus
2934 5903 2954 5942 ι
2984 5879 3206 5956 singulis
3223 5878 3618 5953 navigantibus,
3643 5891 3727 5956 ne.
3743 5886 3868 5935 cum
