4200 6262
183 397 314 469 125

184 518 476 575 scandan
499 517 606 574 ulto
631 515 946 589 navigarent
972 515 1238 575 rationem
1265 517 1578 585 reddebat,»
1609 531 1814 590 eosque

1475 399 1634 459 VITA
1669 394 1916 460 SANCTI
1956 395 2301 459 CYPRIANI.

1847 570 1908 628 ὤ

3511 365 3522 390 Δ

3413 393 3518 457 126

1931 518 2035 574 huc
2060 517 2114 582 in
2139 517 2275 574 vivis
2301 523 2474 584 esset,
2507 511 2804 573 Novatiano
2832 522 2887 571 et
2925 513 3158 587 quinque
3188 515 3533 587 presbyteris

191 611 536 669 hortabatur
567 631 586 665 ι
617 620 678 668 ut
703 611 964 667 Ecclesia:
988 611 1268 669 catholica:
1315 613 1548 670 radicem
1591 627 1658 668 ac
1700 627 1818 668 ma-
1849 607 1902 680 ’,ζ
1927 611 2361 666 communionem
2391 609 2707 680 denegasse.
2735 607 2904 676 Unde,
2935 623 3054 662 cum
3089 607 3228 663 inter
3261 615 3530 679 uti-ostpte'

192 706 412 762 tricem
438 713 799 776 agnoscerent
833 717 899 760 ac
932 713 1215 773 tenerent,
1247 724 1266 760 ι
1299 706 1351 760 id
1381 715 1497 771 εει.
1535 721 1660 762 cum
1687 703 1820 761 Coro

1838 773 1849 783 φ
1852 773 1864 782 ί»

1926 705 2210 762 conveniat
2251 703 2311 762 S.
2341 703 2579 776 Moysem
2624 703 2703 758 sic
2733 703 2909 773 egisse
2932 718 3053 758 cum
3100 697 3394 758 Noratiano
3428 717 3519 771 pa-

193 789 365 857 nelio
402 799 892 856 communicarent.
919 797 1029 854 Sed
1054 808 1233 854 tamen
1262 799 1456 854 litterte
1496 799 1562 854 ad
1586 798 1815 871 presby-
1928 799 2032 854 lant
2076 808 2130 855 et
2171 807 2359 870 aperte
2411 797 2754 852 schismatico
2777 837 2793 862 ,
2839 796 3086 851 Valesius
3113 804 3169 851 ct
3205 795 3528 851 Pcarsonius

197 903 366 950 teres
405 899 470 950 et‘
491 892 774 958 Δίκαιος,
801 908 912 948 non
938 891 1008 947 ad
1043 890 1357 947 Cornelium
1401 893 1772 964 dirigebantur
1801 907 1817 959 ;
1926 892 2254 948 concludunt
2301 891 2537 947 schisma
2564 906 2690 946 cum
2735 905 2877 944 anno
2905 888 3010 945 25!
3043 887 3333 960 incmpisse
3354 931 3369 957 ,
3403 890 3543 960 quia,

201 997 264 1042 et
297 1000 430 1040 cum
458 984 762 1055 Cyprianus
805 995 870 1040 ac
899 981 1136 1038 Cerealis
1175 982 1558 1038 lladntntettnu
1589 992 1712 1038 ante
1737 999 1824 1038 rc-
1863 1048 1882 1068 ,κ

201 1078 396 1134 ditem
441 1077 736 1149 legatorum
777 1075 1075 1142 venissent,
1105 1090 1169 1130 ac
1191 1075 1537 1148 presbyteros
1562 1085 1620 1132 et
1641 1074 1824 1131 diaco-
1857 1067 1877 1103 ’³-

205 1187 326 1229 nos
357 1172 502 1230 illius
545 1170 798 1236 civitatis,
836 1171 1063 1226 absente
1091 1169 1388 1242 Polycarpo
1424 1170 1700 1242 episcopo,
1727 1169 1826 1225 do-

205 1267 475 1320 cuissent
494 1262 621 1334 quid
649 1263 702 1316 in
728 1261 963 1334 concilio
991 1261 1269 1316 decretum
1304 1260 1532 1328 fuisset;
1565 1261 1664 1332 ipsi
1685 1277 1826 1331 quo-

204 1373 329 1429 que
359 1354 506 1427 quod
531 1363 588 1411 ct
621 1354 803 1410 ca'tcri
832 1353 1124 1410 observare
1165 1363 1447 1425 cmpcrunt
1471 1395 1487 1419 ,
1533 1362 1589 1409 et
1614 1354 1825 1410 litteras

210 1448 561 1520 presbyteris
579 1455 634 1502 ct
659 1445 899 1502 diaconis
918 1445 1178 1504 Romanis
1208 1446 1614 1516 inscripserunt,
1637 1462 1826 1518 quam-

209 1543 300 1595 vis
357 1549 513 1596 antea
555 1539 622 1594 ad
684 1538 858 1609 ipsum
905 1537 1217 1595 Cornelium
1278 1538 1561 1611 Polycarpi
1609 1544 1827 1597 nomine

215 1633 421 1690 littera:
437 1633 803 1704 dirigerentur
821 1630 1038 1704 (MM).

297 1729 605 1798 Antequam
647 1724 882 1782 redirent
909 1724 1098 1796 legati,
1141 1731 1405 1779 venerunt
1446 1722 1825 1795 Carthaginem

227 1820 395 1878 missi
424 1835 456 1874 a
481 1817 778 1874 Novatiano
822 1817 1090 1874 Maximus
1137 1817 1418 1889 presbyter
1457 1826 1514 1873 et
1540 1816 1829 1888 Augendus

223 1913 513 1978 diaconus,
540 1922 595 1967 et
633 1911 903 1967 Machmus
933 1910 1146 1983 quidam
1175 1919 1230 1966 et
1256 1910 1529 1982 Longinus
1560 1925 1828 1983 :cumque

224 2025 292 2066 ex
327 2007 519 2066 litteris
536 2023 668 2080 quas
691 2023 872 2064 secum
905 2007 1178 2076 ferebant,
1197 2015 1250 2063 ct
1270 2013 1338 2063 ex
1369 2022 1553 2062 eorum
1579 2023 1829 2065 sermone

227 2113 392 2174 atque
441 2103 812 2158 asservatione
867 2100 1222 2156 Novatianum
1269 2100 1580 2172 episcopum
1627 2100 1828 2158 factum

223 2194 528 2267 Cyprianus
554 2193 779 2264 ejusque
803 2194 1026 2264 collegae
1067 2193 1475 2265 comperissent,
1507 2209 1536 2247 a
1585 2209 1828 2252 commu-

232 2290 391 2344 nione
418 2304 514 2344 eos
539 2288 728 2344 statim
767 2286 1101 2344 cohibendos
1124 2301 1248 2343 esse
1287 2297 1614 2344 censuerunt
1635 2332 1648 2356 ,
1681 2290 1829 2345 refu-

228 2382 354 2437 tatis
381 2381 595 2436 interim
637 2395 702 2435 ac
727 2381 922 2436 retusis
951 2393 1074 2451 quae
1103 2380 1372 2436 obstinate
1396 2395 1459 2437 ac
1488 2381 1832 2452 pertinaciter

228 2487 473 2531 asserere
501 2473 805 2530 tentabant.

304 2568 594 2639 Postquam
647 2566 854 2622 reversi
908 2574 1034 2621 sunt
1063 2564 1221 2638 legati
1253 2581 1375 2622 cum
1404 2566 1600 2624 litteris
1623 2567 1834 2638 episco-

229 2676 418 2732 porum
446 2661 537 2732 qui
579 2659 909 2716 ordinationi
945 2659 1180 2716 Cornelii
1224 2660 1599 2729 interfuerant,
1645 2677 1833 2733 supcr—

232 2763 498 2809 venerunt
526 2753 700 2808 Roma
727 2752 836 2808 duo
862 2751 952 2807 alii
981 2753 1218 2824 episcopi
1246 2753 1515 2821 Africani,
1541 2755 1832 2826 Pompeius

227 2855 286 2900 et
317 2845 648 2916 Stephanus,
673 2845 783 2916 qui,
813 2857 932 2901 cum
977 2853 1144 2900 totam
1176 2859 1288 2902 rem
1328 2847 1498 2902 oculis
1523 2849 1636 2903 suis
1666 2849 1831 2903 vidis-

231 2946 396 3002 sent,
423 2955 445 2988 t
485 2937 587 3007 ipsi
615 2954 819 3009 quoque
846 2939 912 2993 ad
963 2938 1308 2996 instruendus
1346 2938 1659 3012 (episcopos
1689 2939 1833 2994 Afri-

240 3030 458 3103 canos)
511 3032 788 3087 manifesta
836 3032 1133 3088 secundum
1177 3034 1496 3104 gravitatem
1551 3048 1616 3088 ac
1672 3031 1833 3088 fidem

240 3141 395 3180 suam
439 3124 627 3179 indicia
665 3139 728 3180 ac
774 3126 1075 3181 testimonia
1106 3125 1442 3196 protulerunt
1479 3126 1604 3201 (Ep.
1636 3126 1772 3200 xm).
1803 3143 1824 3180 ι

239 3222 378 3276 Duos
405 3219 526 3274 illos
552 3219 834 3289 episcopos
867 3219 1089 3274 [lentam
1137 3220 1330 3274 missos
1361 3218 1526 3275 fuisse
1559 3220 1833 3276 existimat

245 3312 587 3376 Pent-senius,
609 3321 667 3367 ut
687 3312 942 3367 electioni
964 3310 1202 3382 episcopi
1227 3310 1452 3366 Romani
1483 3311 1833 3381 interessent;

248 3403 368 3467 sed.
423 3410 484 3456 ut
528 3403 788 3458 observat
824 3401 1235 3469 Tillemontins,
1292 3413 1647 3474 prtuterquatn
1695 3403 1837 3474 quod

247 3497 445 3552 nullum
473 3506 654 3552 exstat
691 3496 1002 3568 exemplum
1050 3496 1319 3567 ejusmodi
1349 3498 1674 3570 legationum
1694 3539 1709 3565 ,
1739 3512 1839 3554 nec

249 3591 311 3646 de
361 3592 544 3647 futura
590 3591 861 3647 electione
891 3589 1129 3646 Africani
1157 3590 1448 3662 quidquam
1476 3590 1722 3646 videntur
1751 3606 1841 3645 co-

245 3687 512 3756 gnovisse.
560 3695 713 3742 certe
740 3685 787 3740 si
816 3685 972 3756 legati
991 3684 1219 3739 Romam
1247 3683 1313 3738 ad
1343 3683 1443 3738 hoc
1470 3698 1664 3738 munus
1693 3684 1840 3739 missi

250 3780 501 3844 fuissent,
535 3791 764 3834 necesse
795 3792 899 3833 non
922 3777 1115 3834 fuisset
1141 3777 1459 3834 Caldonium
1487 3788 1540 3833 et
1571 3777 1839 3834 Fortuna-

249 3881 354 3925 tum
380 3879 568 3941 postea
615 3871 832 3925 mittere
861 3908 876 3933 ,
927 3869 1022 3924 sed
1058 3869 1394 3924 commodius
1439 3870 1606 3924 multo
1655 3869 1843 3924 fuisset

248 3963 504 4025 istorum,
536 3961 627 4032 qui
681 3971 845 4015 totam
877 3977 998 4016 rem
1047 3960 1215 4016 oculis
1251 3961 1363 4015 suis
1405 3962 1840 4031 exploraverat“,

247 4057 476 4110 relitum
523 4063 835 4125 expectare.
866 4051 975 4108 llos
1033 4062 1212 4128 tamen
1251 4052 1538 4108 Caldouius
1563 4063 1618 4107 et
1649 4053 1846 4108 Fortu-

246 4159 398 4202 natus
423 4153 780 4216 occuparunt.
797 4144 949 4201 Adeo
969 4160 1156 4200 verum
1177 4155 1261 4199 cst
1283 4160 1390 4199 non
1413 4160 1442 4198 a
1468 4145 1689 4216 collegis
1711 4145 1842 4199 mis-

247 4259 336 4298 sos
363 4242 553 4306 fuisse,
583 4239 680 4296 sed
708 4248 800 4294 aut
827 4240 1202 4310 persecutione
1223 4238 1478 4293 strt'iente
1505 4237 1724 4308 fugisse,
1753 4246 1846 4293 aut

247 4336 589 4408 negotiorum
613 4347 776 4389 causa
810 4333 1037 4387 Romam
1067 4331 1338 4402 profectos
1366 4345 1506 4386 esse.
1531 4330 1732 4386 llorutn
1761 4340 1844 4386 te-

246 4431 509 4486 stimonio
537 4442 662 4484 cum
689 4427 982 4498 legatorum
1028 4423 1338 4480 narratione
1367 4436 1420 4480 et
1453 4425 1646 4480 litteris
1678 4423 1845 4479 colle-

243 4538 436 4594 garum
473 4520 710 4577 Cornelii
751 4521 1163 4588 consentiente,
1195 4521 1274 4576 sic
1302 4519 1370 4575 de
1413 4519 1647 4590 legitima
1694 4519 1848 4575 istius

245 4615 594 4672 ordinatione
623 4614 762 4685 apud
807 4629 996 4669 omnes
1039 4613 1313 4680 constitit,
1356 4631 1376 4664 ι
1411 4624 1467 4666 ιιι
1498 4627 1597 4668 nec
1628 4626 1848 4669 necesse

245 4711 413 4766 fuerit
466 4709 606 4763 ultra
654 4707 828 4764 audiri
876 4721 973 4764 eos
1027 4707 1117 4779 qui
1167 4721 1198 4761 a
1253 4704 1548 4762 Novatiano
1589 4715 1846 4762 venerant

247 4804 420 4861 missi.
437 4823 457 4856 ι
483 4797 670 4873 uua.)

351 4989 471 5047 XX.
501 5017 575 5031 -
591 5003 696 5056 ouo
714 5003 965 5047 TBIPORE
993 5001 1183 5046 suum
1205 5001 1423 5044 SCIIISMA
1437 5001 1742 5044 novarum.

323 5193 433 5252 Sed
455 5209 564 5250 non
585 5192 737 5266 parvi
765 5193 996 5248 interest
1024 5187 1090 5246 ad
1119 5203 1296 5246 rerum
1321 5205 1349 5245 a
1378 5187 1645 5260 Cypriano
1673 5197 1852 5260 gesta-

255 5305 382 5344 rum
407 5287 652 5344 ordinem
673 5329 687 5355 ,
718 5302 826 5358 quo
869 5295 1110 5356 tempore
1138 5283 1370 5339 schisma
1409 5282 1720 5339 conﬂaverit
1749 5281 1854 5338 No-

250 5385 539 5450 vatianus,
578 5397 685 5453 quo
727 5389 970 5451 tempore
1021 5376 1412 5433 ordinationem
1459 5375 1855 5447 susceperitin-

251 5480 494 5550 quirere.
523 5476 740 5547 Opinati
775 5486 899 5531 sunt
929 5472 1178 5530 Valesius
1221 5479 1275 5527 et
1310 5471 1635 5525 Pearsonius
1666 5469 1852 5526 eadem

251 5571 566 5629 schismatis
611 5569 759 5625 initia
813 5567 980 5624 fuisse
1019 5580 1084 5621 ac
1131 5564 1256 5620 anni
1308 5564 1436 5619 25L
1480 5561 1854 5618 Tillemontins

253 5675 384 5720 ante
429 5662 816 5718 ordinationem
862 5657 1096 5716 Cornelii
1128 5655 1180 5712 id
1219 5657 1507 5727 contigisse
1537 5665 1714 5726 negat.
1741 5653 1852 5709 Ma-

252 5759 344 5830 gni
391 5769 475 5812 eat.
520 5758 780 5812 momenti
827 5756 878 5810 in
915 5765 1139 5824 utraque
1183 5750 1447 5807 sententia
1491 5750 1856 5806 testimonium

251 5848 495 5908 Cornelii
541 5851 596 5905 in
645 5845 870 5919 epistola
911 5846 977 5903 ad
1027 5843 1248 5902 Fabium
1296 5844 1734 5912 Antiochenam,
1765 5844 1853 5899 tibi

253 5946 317 6004 S.
347 5941 602 6007 Pontifex
645 5949 870 6003 testatur
903 5939 961 5999 8..
987 5939 1224 6012 Moysem
1253 5949 1569 6012 martyrem,
1599 5937 1725 6000 dum
1761 5937 1854 5996 ad-

1929 985 1986 1042 S.
2028 983 2244 1057 Moyses
2295 984 2449 1040 initio
2478 983 2638 1054 hujus
2665 979 2791 1038 anni
2823 983 2876 1038 in
2929 995 3148 1038 carcere
3177 979 3342 1049 obiit,
3366 991 3421 1037 ut
3449 985 3530 1038 est

1929 1083 1982 1135 in
2028 1088 2240 1135 vetusto
2286 1077 2535 1135 Bttcher-ii
2564 1077 2884 1134 Pontiﬁcum
2915 1076 3157 1149 catalogo
3189 1091 3202 1134 :
3233 1076 3525 1134 Tillemon-

1931 1172 2036 1227 tius
2061 1185 2219 1237 vero,
2248 1186 2373 1226 cum
2405 1179 2552 1226 certo
2585 1178 2765 1226 teneat
2802 1169 3035 1225 schisma
3061 1181 3186 1226 ante
3233 1169 3526 1226 ordinatio-

1930 1280 2055 1320 nem
2083 1262 2319 1319 Coruelii
2375 1277 2483 1318 non
2534 1261 2800 1332 erupisse,
2843 1269 3074 1317 mortem
3125 1258 3343 1334 Moysis,
3371 1277 3530 1333 quem

1930 1356 2213 1413 Cornelius
2252 1367 2424 1425 nuper
2451 1354 2710 1426 martyrio
2728 1352 3069 1425 perfunctum
3101 1351 3268 1408 fuisse
3297 1351 3448 1420 dicit,
3479 1370 3532 1409 tu

1933 1462 2171 1504 mensem
2211 1446 2561 1503 novombnetn
2620 1445 2796 1515 rejicit
2845 1444 3084 1514 ejusdem
3137 1442 3415 1500 anni25l.
3443 1442 3533 1500 Sic

1933 1540 2165 1596 mediam
2198 1541 2338 1594 inter
2368 1545 2628 1609 utrosque
2652 1537 2793 1593 viam
2813 1524 3061 1602 'inibo,ut
3085 1551 3152 1592 ex
3169 1545 3394 1609 utraque
3409 1547 3536 1593 scn-

1939 1633 2101 1690 tentia
2123 1631 2326 1704 aliquid
2357 1646 2626 1687 assumant
2646 1672 2660 1698 ,
2686 1629 2887 1701 aliquid
2930 1631 3097 1684 etiam
3126 1627 3394 1685 refellam.
3420 1629 3535 1685 Etsi

1933 1723 2078 1781 enim
2125 1724 2362 1780 schisma
2407 1734 2533 1778 ante
2585 1721 2822 1778 Cornelii
2865 1719 3262 1776 ordinationem
3294 1720 3537 1792 erupisse

1934 1841 2040 1882 non
2068 1823 2283 1880 credam
2304 1865 2317 1887 ,
2359 1821 2572 1878 videtur
2604 1830 2783 1877 tamen
2811 1821 2981 1876 multo
3007 1828 3132 1876 ante
3167 1815 3393 1877 occultis
3423 1834 3538 1875 mo-

1935 1921 2210 1979 litionibus
2250 1919 2599 1976 informatum
2629 1927 2685 1975 et
2715 1927 3072 1991 prteparatum
3105 1959 3121 1986 ,
3163 1918 3236 1972 ita
3267 1925 3325 1973 ut
3352 1931 3541 1973 neces-

1940 2016 2154 2070 sitatem
2197 2028 2302 2068 non
2349 2011 2538 2067 afferat
2566 2010 2624 2067 S.
2653 2009 2851 2084 Moysis
2899 2010 3144 2084 martyrii
3197 2025 3319 2066 cum
3369 2010 3537 2066 Tille-

1938 2107 2144 2189 montio
2193 2103 2477 2162 differendi
2508 2148 2524 2173 ,
2591 2119 2694 2160 nec
2745 2117 2893 2158 mors
2934 2103 2994 2160 S.
3045 2101 3244 2175 Moysis
3302 2100 3538 2158 schisma

1944 2201 2011 2257 ad
2054 2200 2265 2257 initium
2311 2201 2436 2256 anni
2465 2199 2594 2267 251,
2622 2213 2741 2255 cum
2770 2197 2985 2254 Valesio
3011 2205 3066 2254 et
3107 2194 3401 2254 Pearsonio
3450 2211 3539 2252 re-

1939 2293 2087 2351 ferre
2127 2302 2302 2365 cogat.

2001 2387 2356 2466 _.ieccssariis
2411 2384 2708 2442 rationibus
2751 2393 2951 2455 pugnat
2996 2381 3370 2438 Tillemontins
3421 2379 3540 2436 nul-

1939 2500 2053 2543 ..tm
2091 2481 2278 2538 Roma:
2329 2479 2562 2537 schisma
2590 2489 2714 2536 ante
2744 2477 2979 2535 Cornelii
3008 2476 3398 2534 ordinationem
3447 2491 3539 2531 ex-

1937 2580 2156 2636 stitisse.
2197 2577 2252 2634 1⁸
2283 2575 2342 2633 S.
2375 2575 2637 2632 Pacianus
2675 2573 2776 2646 Ep.
2804 2589 2841 2629 tt
2877 2573 2990 2646 (pp.
3023 2572 3093 2629 56
3135 2580 3188 2627 et
3215 2569 3306 2634 60)
3346 2580 3401 2626 et
3441 2583 3539 2625 au—

1938 2668 2204 2728 clor‘libri
2252 2673 2318 2724 ad
2354 2667 2696 2724 Novatianum
2727 2667 3058 2731 Itazreticum,
3105 2659 3378 2721 declarant
3434 2661 3542 2718 Νοε-

1939 2765 2210 2819 vatiannm
2250 2771 2508 2833 concepta
2537 2777 2603 2817 ex
2640 2760 2876 2818 Cornelii
2910 2759 3219 2832 episcopatu
3251 2757 3451 2814 invidia
3489 2757 3542 2812 in

1939 2859 2173 2914 schisma
2205 2857 2498 2928 impulsum
2546 2855 2730 2911 fuisse.
2759 2855 2818 2909 9-⁸
2845 2853 3112 2910 Novatum
3132 2896 3146 2919 ,
3176 2852 3264 2922 qui
3307 2848 3540 2906 schisma

1940 2949 2261 3022 Carthagine
2299 2947 2564 3005 conflabat
2601 2963 2786 3004 mense
2835 2946 3030 3002 martio
3071 2954 3162 3000 aut
3211 2944 3402 2999 saltem
3463 2943 3543 2998 fe-

1939 3043 2175 3110 bruario,
2205 3039 2536 3113 perabsurde
2565 3035 2885 3095 Pearsonius
2914 3051 3101 3092 mense
3135 3035 3399 3106 januario,
3429 3033 3540 3090 Va-

1941 3136 2107 3192 lesius
2149 3133 2418 3195 februario
2457 3133 2680 3207 Romam
2735 3131 3082 3187 transferunt.
3115 3129 3354 3199 Denique
3383 3142 3540 3200 repn-

1940 3238 2070 3302 gnat
2118 3239 2177 3284 ut
2226 3227 2458 3284 schisma
2500 3227 2684 3282 [tomte
2720 3233 2967 3281 exortum
3019 3221 3247 3280 ecclesia
3291 3219 3543 3279 AfriCana

1943 3321 2142 3378 tamdiu
2192 3321 2538 3393 ignoraret-it,
2561 3335 2662 3375 nec
2689 3330 2813 3374 ante
2839 3317 2903 3372 ad
2933 3316 3226 3373 sedandam
3253 3315 3548 3372 dissensio-

1942 3431 2067 3471 nem
2095 3415 2304 3472 miserit
2332 3414 2557 3486 legatos,
2590 3425 2748 3484 quam
2775 3409 2842 3466 de
2881 3409 3122 3465 Cornelii
3146 3408 3410 3466 electione
3428 3419 3546 3461 cer-

1944 3506 2050 3565 tior
2105 3507 2244 3564 facta
2301 3505 2511 3564 fuisset.
2542 3503 2771 3562 Difticile
2796 3509 2878 3562 est
2927 3501 3176 3577 profecto
3210 3502 3296 3560 his
3325 3499 3546 3559 rationi--

1942 3603 2044 3659 bus
2065 3615 2170 3658 non
2191 3600 2463 3658 assentiri.

2016 3691 2219 3751 Verum
2250 3708 2347 3748 nec
2372 3689 2725 3746 Tillemontio
2768 3703 2868 3745 nec
2914 3686 3082 3758 ipsius
3117 3683 3441 3740 adversariis
3468 3680 3544 3736 fa-

1947 3796 2032 3842 vet
2059 3785 2298 3842 Cornelii
2327 3783 2692 3841 testimonium
2713 3825 2725 3848 ,
2761 3778 2853 3838 sed
2887 3782 3065 3851 potius
3102 3777 3294 3849 probat
3316 3777 3371 3832 S.
3397 3773 3546 3847 Moy-

1946 3894 2062 3936 scm
2087 3879 2138 3933 itt
2171 3877 2472 3932 Ntwatiano
2496 3891 2602 3930 non
2632 3884 2872 3946 apertum
2897 3870 3129 3928 schisma
3148 3914 3160 3934 ,
3189 3869 3284 3925 sed
3313 3867 3550 3923 occultas

1949 3967 2371 4026 machinationes
2398 3967 2580 4023 multis
2611 3964 2855 4038 improbe
2877 3964 3031 4019 factis
3058 3961 3372 4033 coniunctas
3421 3975 3550 4014 cott-

1948 4064 2249 4120 dcmnasse.
2279 4062 2369 4118 Sic
2390 4061 2622 4133 loquitur
2641 4060 2699 4118 S.
2726 4059 2968 4115 Pontifex
2986 4057 3128 4128 apud
3148 4055 3344 4112 Euseb.
3368 4053 3428 4128 (I.
3461 4071 3538 4123 γι,

1949 4170 1997 4212 ο.
2015 4153 2128 4226 45)Ζ
2149 4140 2216 4209 ὅν
2241 4157 2320 4208 καὶ
2344 4161 2523 4217 Μωσῆς
2545 4157 2570 4208 ὁ
2595 4158 2830 4223 μακάριος
2853 4156 3054 4222 μάρτυς.
3089 4149 3199 4220 παρ’
3227 4152 3339 4216 ἡμῖν
3363 4155 3554 4214 τνσηγκες

1947 4268 2253 4324 μαρτυρήσας
2295 4260 2444 4313 πάλιν
2483 4273 2591 4307 τινα.
2627 4253 2708 4304 καὶ
2741 4252 3028 4316 θαυμαστὴ
3056 4253 3324 4315 μαρτυρίαν
3347 4259 3359 4272 ⁸
3392 4249 3462 4298 ῖτι
3494 4247 3554 4294 ὢν

1950 4354 1996 4404 ἐν
2019 4349 2177 4416 κόσμῳ
2199 4388 2212 4409 ,
2244 4347 2446 4403 κατιδὼν
2475 4347 2622 4402 αὐτοῦ
2650 4351 2740 4400 ri»
2767 4345 3043 4414 θρασύτητα,
3068 4341 3149 4391 καὶ
3176 4348 3268 4392 ταῖν
3299 4338 3550 4397 cinerum,

1949 4449 2262 4502 ἀκοινώνητον
2287 4449 2474 4501 fminas
2513 4449 2594 4494 σὺν
2637 4442 2734 4501 τοῖς
2764 4445 2897 4493 eri-are
2937 4439 3268 4505 πρεσϐυτέροις
3308 4433 3410 4492 τοῖς
3449 4430 3555 4495 ἅμα

1953 4540 2080 4604 atth
2115 4539 2433 4602 ἀποσχίσασιν
2472 4539 2665 4590 ἑαυτοὺς
2719 4543 2802 4589 τῆς
2845 4529 3119 4587 ἐκκλησίας.
3149 4540 3166 4574 t
3199 4520 3371 4587 Quem
3392 4519 3552 4574 etiam

1956 4624 2358 4703 (Novatianum)
2408 4624 2613 4692 Moses,
2670 4621 2882 4694 inquit,
2931 4615 3271 4675 beatissimus
3324 4627 3551 4686 martyr,

1954 4723 2042 4795 qui
2095 4735 2266 4792 nuper
2309 4717 2450 4790 apud
2497 4732 2596 4773 nos
2622 4711 2834 4787 egregio
2861 4722 2915 4769 et
2952 4708 3266 4765 admirando
3292 4707 3552 4779 martyrio

1956 4813 2268 4888 perfunctus
2311 4821 2424 4878 est,
2454 4811 2580 4865 dtttn
2628 4807 2801 4863 adhuc
2842 4806 2895 4861 in
2936 4803 3068 4860 vivis
3097 4810 3241 4859 esset
3276 4801 3553 4857 audaciam

1956 4911 2074 4982 ejus
2120 4924 2184 4964 ac
2209 4907 2442 4962 furorem
2472 4913 2806 4975 pet-speetutn
2855 4897 3057 4953 habens
3080 4940 3094 4964 ,
3122 4910 3153 4951 a
3179 4891 3556 4951 communione

1956 5018 2051 5060 sua
2097 5000 2366 5074 separavit
2408 5013 2527 5054 cum
2567 4996 2801 5068 quinque
2843 4989 3200 5064 presbyteris,
3249 4987 3338 5058 qui
3369 5001 3428 5042 se
3461 5001 3556 5056 pa-

1960 5097 2091 5153 riter
2133 5110 2254 5160 cum
2310 5093 2400 5148 illo
2443 5091 2511 5147 ab
2556 5087 2812 5147 Ecclesia:
2866 5101 3094 5157 corpore
3146 5084 3491 5154 abruperant.
3535 5099 3553 5133 ι

1959 5189 2181 5247 Frustra
2225 5188 2306 5244 vir
2334 5183 2576 5244 eruditus
2601 5202 2665 5242 ex
2708 5182 2793 5238 itis
2818 5181 3021 5249 verbis,
3058 5198 3076 5233 t
3114 5193 3284 5250 nuper
3306 5177 3561 5248 martyrio

1960 5281 2205 5347 functus,
2261 5296 2279 5331 ι
2335 5293 2447 5335 rem
2499 5287 2622 5333 ante
2680 5288 2843 5330 unum
2893 5281 2984 5328 aut
3037 5271 3268 5327 alterum
3319 5281 3558 5323 mensem

1961 5369 2252 5444 contigisse
2301 5370 2544 5442 colligit,
2576 5385 2697 5425 cum
2734 5367 2996 5440 ejusmodi
3019 5362 3270 5436 loquendi
3312 5363 3448 5418 ratio
3477 5361 3560 5415 his

1961 5483 2079 5539 qtnc
2105 5475 2228 5522 ante
2252 5465 2438 5521 decem
2469 5478 2682 5520 menses
2709 5462 2793 5518 vel
2820 5460 2980 5516 etiam
3013 5467 3140 5514 ante
3164 5473 3362 5514 annum
3399 5455 3562 5510 conti-

1961 5570 2172 5634 gerunt,
2193 5559 2360 5630 aptari
2386 5557 2571 5630 possit.
2592 5555 2684 5611 llis
2709 5565 2887 5610 autem
2911 5552 3111 5621 verbis,
3135 5571 3153 5605 ί
3177 5567 3296 5609 cum
3322 5553 3558 5623 quinque

1965 5653 2321 5726 presbyteris,
2380 5650 2470 5722 qui
2521 5665 2580 5704 se
2631 5647 2832 5721 pariter
2880 5662 3002 5703 cum
3050 5645 3141 5715 illo
3189 5644 3256 5701 ab
3302 5641 3557 5699 Ecclesia:

1962 5759 2190 5817 corpore
2240 5743 2562 5814 abruperant
2581 5781 2595 5807 ,
2621 5757 2640 5792 ι
2690 5737 2860 5796 fateor
2887 5748 3132 5812 negatam
3161 5735 3359 5808 apertis
3388 5732 3561 5789 schis-

1969 5841 2177 5898 maticis
2229 5836 2664 5895 commuttionem
2713 5833 2958 5891 indicari.
3013 5831 3118 5891 Sed
3163 5844 3349 5900 grtcca:
3394 5840 3561 5885 voces

1965 5937 2044 5999 sic
2092 5934 2294 6009 optime
2322 5931 2666 6012 redduntur,
2718 5949 2738 5985 t
2773 5945 2896 5989 cum
2942 5928 3175 6001 quinque
3227 5920 3558 5998 presbyteris
