  <div class='ocr_page' id='page_1' title='image "/cluster/home/n/w/nwhite01/storage/ocr_20150623/4/hvd.32044048207708/069.png"; bbox 0 0 4200 6262; ppageno 0'>
   <div class='ocr_carea' id='block_1_1' title="bbox 657 376 763 436">
    <p class='ocr_par' dir='ltr' id='par_1_1' title="bbox 657 376 763 436">
     <span class='ocr_line' id='line_1_1' title="bbox 657 376 763 436; baseline -0.019 0"><span class='ocrx_word' id='word_1_1' title='bbox 657 376 763 436; x_wconf 65' lang='grc'><strong>197</strong></span> 
     </span>
    </p>
   </div>
   <div class='ocr_carea' id='block_1_2' title="bbox 656 498 2243 575">
    <p class='ocr_par' dir='ltr' id='par_1_2' title="bbox 656 498 2243 575">
     <span class='ocr_line' id='line_1_2' title="bbox 656 498 2243 575; baseline 0.002 -21"><span class='ocrx_word' id='word_1_2' title='bbox 656 500 748 571; x_wconf 89' lang='lat' dir='ltr'><strong>qui</strong></span> <span class='ocrx_word' id='word_1_3' title='bbox 797 515 855 556; x_wconf 86' lang='lat' dir='ltr'><strong>se</strong></span> <span class='ocrx_word' id='word_1_4' title='bbox 892 498 1092 573; x_wconf 78' lang='lat' dir='ltr'><strong>pariter</strong></span> <span class='ocrx_word' id='word_1_5' title='bbox 1131 513 1253 555; x_wconf 90' lang='lat' dir='ltr'><strong>cum</strong></span> <span class='ocrx_word' id='word_1_6' title='bbox 1303 498 1396 557; x_wconf 90' lang='lat' dir='ltr'><strong>illo</strong></span> <span class='ocrx_word' id='word_1_7' title='bbox 1443 499 1512 556; x_wconf 87' lang='lat' dir='ltr'><strong>ab</strong></span> <span class='ocrx_word' id='word_1_8' title='bbox 1555 500 1794 559; x_wconf 89' lang='lat' dir='ltr'><strong>Ecclesia</strong></span> <span class='ocrx_word' id='word_1_9' title='bbox 1839 502 2190 575; x_wconf 88' lang='lat' dir='ltr'><strong>abruperunt.</strong></span> <span class='ocrx_word' id='word_1_10' title='bbox 2224 523 2243 557; x_wconf 76' lang='grc' dir='ltr'><strong>ι</strong></span> 
     </span>
    </p>
   </div>
   <div class='ocr_carea' id='block_1_3' title="bbox 657 591 2255 669">
    <p class='ocr_par' dir='ltr' id='par_1_3' title="bbox 657 591 2255 669">
     <span class='ocr_line' id='line_1_3' title="bbox 657 591 2255 669; baseline 0.002 -19"><span class='ocrx_word' id='word_1_11' title='bbox 657 591 747 651; x_wconf 86' lang='lat' dir='ltr'><strong>Sic</strong></span> <span class='ocrx_word' id='word_1_12' title='bbox 768 601 944 648; x_wconf 88' lang='lat' dir='ltr'><strong>autem</strong></span> <span class='ocrx_word' id='word_1_13' title='bbox 965 591 1384 663; x_wconf 89' lang='lat' dir='ltr'><strong>interpretando,</strong></span> <span class='ocrx_word' id='word_1_14' title='bbox 1404 609 1510 649; x_wconf 88' lang='lat' dir='ltr'><strong>non</strong></span> <span class='ocrx_word' id='word_1_15' title='bbox 1538 594 1747 650; x_wconf 89' lang='lat' dir='ltr'><strong>videtur</strong></span> <span class='ocrx_word' id='word_1_16' title='bbox 1767 595 2001 653; x_wconf 89' lang='lat' dir='ltr'><strong>scltisma</strong></span> <span class='ocrx_word' id='word_1_17' title='bbox 2024 613 2255 669; x_wconf 68' lang='lat' dir='ltr'><strong>prteces-</strong></span> 
     </span>
    </p>
   </div>
   <div class='ocr_carea' id='block_1_4' title="bbox 660 687 2253 764">
    <p class='ocr_par' dir='ltr' id='par_1_4' title="bbox 660 687 2253 764">
     <span class='ocr_line' id='line_1_4' title="bbox 660 687 2253 764; baseline 0.001 -19"><span class='ocrx_word' id='word_1_18' title='bbox 660 688 795 746; x_wconf 84' lang='lat' dir='ltr'><strong>sisse</strong></span> <span class='ocrx_word' id='word_1_19' title='bbox 835 696 1079 757; x_wconf 88' lang='lat' dir='ltr'><strong>negatam</strong></span> <span class='ocrx_word' id='word_1_20' title='bbox 1121 703 1150 743; x_wconf 90' lang='lat' dir='ltr'><strong>a</strong></span> <span class='ocrx_word' id='word_1_21' title='bbox 1177 687 1361 760; x_wconf 75' lang='lat' dir='ltr'><strong>Moyse</strong></span> <span class='ocrx_word' id='word_1_22' title='bbox 1401 688 1874 758; x_wconf 89' lang='lat' dir='ltr'><strong>communionem,</strong></span> <span class='ocrx_word' id='word_1_23' title='bbox 1930 691 2024 748; x_wconf 90' lang='lat' dir='ltr'><strong>sed</strong></span> <span class='ocrx_word' id='word_1_24' title='bbox 2075 692 2253 764; x_wconf 85' lang='lat' dir='ltr'><strong>potius</strong></span> 
     </span>
    </p>
   </div>
   <div class='ocr_carea' id='block_1_5' title="bbox 578 780 1182 838">
    <p class='ocr_par' dir='ltr' id='par_1_5' title="bbox 578 780 1182 838">
     <span class='ocr_line' id='line_1_5' title="bbox 578 780 1182 838; baseline 0 -2"><span class='ocrx_word' id='word_1_25' title='bbox 578 819 586 828; x_wconf 79' lang='lat'><strong>.</strong></span> <span class='ocrx_word' id='word_1_26' title='bbox 657 780 1000 836; x_wconf 77' lang='lat' dir='ltr'><strong>Subseeutum</strong></span> <span class='ocrx_word' id='word_1_27' title='bbox 1041 795 1182 838; x_wconf 91' lang='lat' dir='ltr'><strong>esse.</strong></span> 
     </span>
    </p>
   </div>
   <div class='ocr_carea' id='block_1_6' title="bbox 730 870 2251 948">
    <p class='ocr_par' dir='ltr' id='par_1_6' title="bbox 730 870 2251 948">
     <span class='ocr_line' id='line_1_6' title="bbox 730 870 2251 948; baseline 0.005 -22"><span class='ocrx_word' id='word_1_28' title='bbox 730 870 893 927; x_wconf 84' lang='lat' dir='ltr'><strong>lllulta</strong></span> <span class='ocrx_word' id='word_1_29' title='bbox 924 871 975 928; x_wconf 94' lang='lat' dir='ltr'><strong>in</strong></span> <span class='ocrx_word' id='word_1_30' title='bbox 1007 872 1199 930; x_wconf 90' lang='lat' dir='ltr'><strong>eodem</strong></span> <span class='ocrx_word' id='word_1_31' title='bbox 1227 875 1536 932; x_wconf 89' lang='lat' dir='ltr'><strong>testimonio</strong></span> <span class='ocrx_word' id='word_1_32' title='bbox 1576 877 1712 933; x_wconf 88' lang='lat' dir='ltr'><strong>hanc</strong></span> <span class='ocrx_word' id='word_1_33' title='bbox 1753 878 2251 948; x_wconf 87' lang='lat' dir='ltr'><strong>interpretationem</strong></span> 
     </span>
    </p>
   </div>
   <div class='ocr_carea' id='block_1_7' title="bbox 661 963 2255 1041">
    <p class='ocr_par' dir='ltr' id='par_1_7' title="bbox 661 963 2255 1041">
     <span class='ocr_line' id='line_1_7' title="bbox 661 963 2255 1041; baseline 0.004 -22"><span class='ocrx_word' id='word_1_34' title='bbox 661 963 1003 1020; x_wconf 83' lang='lat' dir='ltr'><strong>confirmant.</strong></span> <span class='ocrx_word' id='word_1_35' title='bbox 1035 965 1089 1021; x_wconf 87' lang='lat' dir='ltr'><strong>l°</strong></span> <span class='ocrx_word' id='word_1_36' title='bbox 1120 965 1340 1023; x_wconf 87' lang='lat' dir='ltr'><strong>Factum</strong></span> <span class='ocrx_word' id='word_1_37' title='bbox 1377 967 1573 1041; x_wconf 83' lang='lat' dir='ltr'><strong>Moysis</strong></span> <span class='ocrx_word' id='word_1_38' title='bbox 1610 969 1688 1024; x_wconf 84' lang='lat' dir='ltr'><strong>sic</strong></span> <span class='ocrx_word' id='word_1_39' title='bbox 1717 977 1899 1024; x_wconf 89' lang='lat' dir='ltr'><strong>narrat</strong></span> <span class='ocrx_word' id='word_1_40' title='bbox 1934 969 2217 1026; x_wconf 85' lang='lat' dir='ltr'><strong>Cornelius</strong></span> <span class='ocrx_word' id='word_1_41' title='bbox 2240 1014 2255 1039; x_wconf 95' lang='lat'><strong>,</strong></span> 
     </span>
    </p>
   </div>
   <div class='ocr_carea' id='block_1_8' title="bbox 658 1057 2255 1133">
    <p class='ocr_par' dir='ltr' id='par_1_8' title="bbox 658 1057 2255 1133">
     <span class='ocr_line' id='line_1_8' title="bbox 658 1057 2255 1133; baseline 0.003 -19"><span class='ocrx_word' id='word_1_42' title='bbox 658 1057 739 1115; x_wconf 87' lang='lat' dir='ltr'><strong>sic</strong></span> <span class='ocrx_word' id='word_1_43' title='bbox 763 1058 881 1129; x_wconf 81' lang='lat' dir='ltr'><strong>ejus</strong></span> <span class='ocrx_word' id='word_1_44' title='bbox 925 1058 1231 1115; x_wconf 86' lang='lat' dir='ltr'><strong>testimonio</strong></span> <span class='ocrx_word' id='word_1_45' title='bbox 1255 1061 1453 1128; x_wconf 90' lang='lat' dir='ltr'><strong>utitur,</strong></span> <span class='ocrx_word' id='word_1_46' title='bbox 1489 1070 1549 1117; x_wconf 94' lang='lat' dir='ltr'><strong>ut</strong></span> <span class='ocrx_word' id='word_1_47' title='bbox 1592 1070 1645 1117; x_wconf 92' lang='lat' dir='ltr'><strong>et</strong></span> <span class='ocrx_word' id='word_1_48' title='bbox 1684 1062 1898 1118; x_wconf 90' lang='lat' dir='ltr'><strong>laudem</strong></span> <span class='ocrx_word' id='word_1_49' title='bbox 1937 1064 1985 1119; x_wconf 90' lang='lat' dir='ltr'><strong>ei</strong></span> <span class='ocrx_word' id='word_1_50' title='bbox 2025 1064 2255 1133; x_wconf 81' lang='lat' dir='ltr'><strong>tribuat,</strong></span> 
     </span>
    </p>
   </div>
   <div class='ocr_carea' id='block_1_9' title="bbox 658 1150 2261 1223">
    <p class='ocr_par' dir='ltr' id='par_1_9' title="bbox 658 1150 2261 1223">
     <span class='ocr_line' id='line_1_9' title="bbox 658 1150 2261 1223; baseline 0.002 -17"><span class='ocrx_word' id='word_1_51' title='bbox 658 1165 780 1223; x_wconf 69' lang='lat' dir='ltr'><strong>qua:</strong></span> <span class='ocrx_word' id='word_1_52' title='bbox 806 1150 907 1222; x_wconf 88' lang='lat' dir='ltr'><strong>ipsi</strong></span> <span class='ocrx_word' id='word_1_53' title='bbox 934 1153 1234 1207; x_wconf 88' lang='lat' dir='ltr'><strong>communis</strong></span> <span class='ocrx_word' id='word_1_54' title='bbox 1264 1168 1369 1209; x_wconf 89' lang='lat' dir='ltr'><strong>non</strong></span> <span class='ocrx_word' id='word_1_55' title='bbox 1410 1154 1479 1209; x_wconf 89' lang='lat' dir='ltr'><strong>sit</strong></span> <span class='ocrx_word' id='word_1_56' title='bbox 1517 1169 1637 1210; x_wconf 89' lang='lat' dir='ltr'><strong>cunt</strong></span> <span class='ocrx_word' id='word_1_57' title='bbox 1668 1155 1937 1220; x_wconf 86' lang='lat' dir='ltr'><strong>omnibus,</strong></span> <span class='ocrx_word' id='word_1_58' title='bbox 1987 1167 2039 1213; x_wconf 85' lang='lat' dir='ltr'><strong>et</strong></span> <span class='ocrx_word' id='word_1_59' title='bbox 2085 1156 2261 1213; x_wconf 79' lang='lat' dir='ltr'><strong>NOVa-</strong></span> 
     </span>
    </p>
   </div>
   <div class='ocr_carea' id='block_1_10' title="bbox 663 1232 2258 1313">
    <p class='ocr_par' dir='ltr' id='par_1_10' title="bbox 663 1232 2258 1313">
     <span class='ocr_line' id='line_1_10' title="bbox 663 1232 2258 1313; baseline 0.005 -16"><span class='ocrx_word' id='word_1_60' title='bbox 663 1243 808 1297; x_wconf 86' lang='lat' dir='ltr'><strong>tiano</strong></span> <span class='ocrx_word' id='word_1_61' title='bbox 841 1243 1184 1313; x_wconf 77' lang='lat' dir='ltr'><strong>ignominiam</strong></span> <span class='ocrx_word' id='word_1_62' title='bbox 1213 1259 1319 1299; x_wconf 93' lang='lat' dir='ltr'><strong>non</strong></span> <span class='ocrx_word' id='word_1_63' title='bbox 1343 1245 1514 1301; x_wconf 80' lang='lat' dir='ltr'><strong>levem</strong></span> <span class='ocrx_word' id='word_1_64' title='bbox 1537 1245 1731 1301; x_wconf 89' lang='lat' dir='ltr'><strong>inurat.</strong></span> <span class='ocrx_word' id='word_1_65' title='bbox 1758 1246 1923 1303; x_wconf 88' lang='lat' dir='ltr'><strong>Porro</strong></span> <span class='ocrx_word' id='word_1_66' title='bbox 1946 1232 2045 1303; x_wconf 84' lang='lat' dir='ltr'><strong>nec</strong></span> <span class='ocrx_word' id='word_1_67' title='bbox 2071 1259 2258 1305; x_wconf 91' lang='lat' dir='ltr'><strong>sancto</strong></span> 
     </span>
    </p>
   </div>
   <div class='ocr_carea' id='block_1_11' title="bbox 659 1336 2259 1409">
    <p class='ocr_par' dir='ltr' id='par_1_11' title="bbox 659 1336 2259 1409">
     <span class='ocr_line' id='line_1_11' title="bbox 659 1336 2259 1409; baseline 0.004 -19"><span class='ocrx_word' id='word_1_68' title='bbox 659 1336 883 1407; x_wconf 79' lang='lat' dir='ltr'><strong>martyri</strong></span> <span class='ocrx_word' id='word_1_69' title='bbox 917 1350 1105 1406; x_wconf 88' lang='lat' dir='ltr'><strong>magna</strong></span> <span class='ocrx_word' id='word_1_70' title='bbox 1134 1337 1253 1392; x_wconf 90' lang='lat' dir='ltr'><strong>laus</strong></span> <span class='ocrx_word' id='word_1_71' title='bbox 1280 1336 1466 1392; x_wconf 89' lang='lat' dir='ltr'><strong>fuisset</strong></span> <span class='ocrx_word' id='word_1_72' title='bbox 1495 1337 1738 1393; x_wconf 89' lang='lat' dir='ltr'><strong>homines</strong></span> <span class='ocrx_word' id='word_1_73' title='bbox 1751 1348 1939 1409; x_wconf 84' lang='lat' dir='ltr'><strong>aperto</strong></span> <span class='ocrx_word' id='word_1_74' title='bbox 1969 1339 2259 1396; x_wconf 86' lang='lat' dir='ltr'><strong>schismate</strong></span> 
     </span>
    </p>
   </div>
   <div class='ocr_carea' id='block_1_12' title="bbox 662 1426 2259 1504">
    <p class='ocr_par' dir='ltr' id='par_1_12' title="bbox 662 1426 2259 1504">
     <span class='ocr_line' id='line_1_12' title="bbox 662 1426 2259 1504; baseline 0.003 -20"><span class='ocrx_word' id='word_1_75' title='bbox 662 1428 962 1498; x_wconf 88' lang='lat' dir='ltr'><strong>implicatos</strong></span> <span class='ocrx_word' id='word_1_76' title='bbox 982 1468 997 1493; x_wconf 93' lang='lat'><strong>,</strong></span> <span class='ocrx_word' id='word_1_77' title='bbox 1028 1438 1081 1484; x_wconf 93' lang='lat' dir='ltr'><strong>et</strong></span> <span class='ocrx_word' id='word_1_78' title='bbox 1124 1426 1213 1482; x_wconf 82' lang='lat' dir='ltr'><strong>tot&#39;</strong></span> <span class='ocrx_word' id='word_1_79' title='bbox 1231 1429 1498 1500; x_wconf 89' lang='lat' dir='ltr'><strong>episcopis</strong></span> <span class='ocrx_word' id='word_1_80' title='bbox 1518 1472 1533 1496; x_wconf 93' lang='lat'><strong>,</strong></span> <span class='ocrx_word' id='word_1_81' title='bbox 1564 1438 1643 1484; x_wconf 93' lang='lat' dir='ltr'><strong>tot</strong></span> <span class='ocrx_word' id='word_1_82' title='bbox 1673 1431 2000 1501; x_wconf 81' lang='lat' dir='ltr'><strong>presbyteris</strong></span> <span class='ocrx_word' id='word_1_83' title='bbox 2025 1446 2088 1487; x_wconf 91' lang='lat' dir='ltr'><strong>ac</strong></span> <span class='ocrx_word' id='word_1_84' title='bbox 2119 1431 2259 1504; x_wconf 82' lang='lat' dir='ltr'><strong>plebi</strong></span> 
     </span>
    </p>
   </div>
   <div class='ocr_carea' id='block_1_13' title="bbox 662 1521 2256 1592">
    <p class='ocr_par' dir='ltr' id='par_1_13' title="bbox 662 1521 2256 1592">
     <span class='ocr_line' id='line_1_13' title="bbox 662 1521 2256 1592; baseline 0.006 -20"><span class='ocrx_word' id='word_1_85' title='bbox 662 1535 799 1592; x_wconf 86' lang='lat' dir='ltr'><strong>pene</strong></span> <span class='ocrx_word' id='word_1_86' title='bbox 817 1521 1077 1577; x_wconf 80' lang='lat' dir='ltr'><strong>universze</strong></span> <span class='ocrx_word' id='word_1_87' title='bbox 1098 1521 1413 1590; x_wconf 86' lang='lat' dir='ltr'><strong>detestatos,</strong></span> <span class='ocrx_word' id='word_1_88' title='bbox 1440 1521 1504 1577; x_wconf 91' lang='lat' dir='ltr'><strong>ad</strong></span> <span class='ocrx_word' id='word_1_89' title='bbox 1523 1524 1954 1580; x_wconf 82' lang='lat' dir='ltr'><strong>communionem</strong></span> <span class='ocrx_word' id='word_1_90' title='bbox 1976 1540 2124 1582; x_wconf 91' lang='lat' dir='ltr'><strong>suam</strong></span> <span class='ocrx_word' id='word_1_91' title='bbox 2150 1542 2256 1582; x_wconf 90' lang='lat' dir='ltr'><strong>non</strong></span> 
     </span>
    </p>
   </div>
   <div class='ocr_carea' id='block_1_14' title="bbox 662 1610 2259 1687">
    <p class='ocr_par' dir='ltr' id='par_1_14' title="bbox 662 1610 2259 1687">
     <span class='ocr_line' id='line_1_14' title="bbox 662 1610 2259 1687; baseline 0.003 -17"><span class='ocrx_word' id='word_1_92' title='bbox 662 1614 974 1679; x_wconf 87' lang='lat' dir='ltr'><strong>admittere;</strong></span> <span class='ocrx_word' id='word_1_93' title='bbox 1009 1629 1109 1671; x_wconf 90' lang='lat' dir='ltr'><strong>nec</strong></span> <span class='ocrx_word' id='word_1_94' title='bbox 1151 1615 1282 1687; x_wconf 89' lang='lat' dir='ltr'><strong>ipsis</strong></span> <span class='ocrx_word' id='word_1_95' title='bbox 1330 1617 1688 1683; x_wconf 77' lang='lat' dir='ltr'><strong>scltisntaticis</strong></span> <span class='ocrx_word' id='word_1_96' title='bbox 1733 1619 1895 1675; x_wconf 88' lang='lat' dir='ltr'><strong>tetius</strong></span> <span class='ocrx_word' id='word_1_97' title='bbox 1935 1610 2259 1677; x_wconf 19' lang='lat' dir='ltr'><strong>orbis‘com-</strong></span> 
     </span>
    </p>
   </div>
   <div class='ocr_carea' id='block_1_15' title="bbox 664 1707 2259 1780">
    <p class='ocr_par' dir='ltr' id='par_1_15' title="bbox 664 1707 2259 1780">
     <span class='ocr_line' id='line_1_15' title="bbox 664 1707 2259 1780; baseline 0.004 -18"><span class='ocrx_word' id='word_1_98' title='bbox 664 1708 921 1763; x_wconf 85' lang='lat' dir='ltr'><strong>munione</strong></span> <span class='ocrx_word' id='word_1_99' title='bbox 950 1707 1181 1763; x_wconf 79' lang='lat' dir='ltr'><strong>exclusis</strong></span> <span class='ocrx_word' id='word_1_100' title='bbox 1209 1724 1459 1780; x_wconf 87' lang='lat' dir='ltr'><strong>magnum</strong></span> <span class='ocrx_word' id='word_1_101' title='bbox 1489 1712 1838 1780; x_wconf 79' lang='lat' dir='ltr'><strong>opprobrium</strong></span> <span class='ocrx_word' id='word_1_102' title='bbox 1874 1712 2083 1769; x_wconf 80' lang='lat' dir='ltr'><strong>fuisset.</strong></span> <span class='ocrx_word' id='word_1_103' title='bbox 2104 1713 2259 1769; x_wconf 91' lang='lat' dir='ltr'><strong>unius</strong></span> 
     </span>
    </p>
   </div>
   <div class='ocr_carea' id='block_1_16' title="bbox 663 1800 2259 1873">
    <p class='ocr_par' dir='ltr' id='par_1_16' title="bbox 663 1800 2259 1873">
     <span class='ocr_line' id='line_1_16' title="bbox 663 1800 2259 1873; baseline 0.001 -16"><span class='ocrx_word' id='word_1_104' title='bbox 663 1801 914 1873; x_wconf 85' lang='lat' dir='ltr'><strong>martyris</strong></span> <span class='ocrx_word' id='word_1_105' title='bbox 939 1800 1134 1855; x_wconf 87' lang='lat' dir='ltr'><strong>amissa</strong></span> <span class='ocrx_word' id='word_1_106' title='bbox 1161 1802 1489 1857; x_wconf 90' lang='lat' dir='ltr'><strong>communio.</strong></span> <span class='ocrx_word' id='word_1_107' title='bbox 1523 1802 1727 1859; x_wconf 83' lang='lat' dir='ltr'><strong>Deinde</strong></span> <span class='ocrx_word' id='word_1_108' title='bbox 1764 1820 1893 1860; x_wconf 89' lang='lat' dir='ltr'><strong>vero</strong></span> <span class='ocrx_word' id='word_1_109' title='bbox 1931 1820 2055 1861; x_wconf 90' lang='lat' dir='ltr'><strong>cum</strong></span> <span class='ocrx_word' id='word_1_110' title='bbox 2080 1805 2259 1860; x_wconf 81' lang='lat' dir='ltr'><strong>Nova-</strong></span> 
     </span>
    </p>
   </div>
   <div class='ocr_carea' id='block_1_17' title="bbox 666 1893 2258 1970">
    <p class='ocr_par' dir='ltr' id='par_1_17' title="bbox 666 1893 2258 1970">
     <span class='ocr_line' id='line_1_17' title="bbox 666 1893 2258 1970; baseline 0.004 -22"><span class='ocrx_word' id='word_1_111' title='bbox 666 1893 843 1949; x_wconf 90' lang='lat' dir='ltr'><strong>tianus</strong></span> <span class='ocrx_word' id='word_1_112' title='bbox 871 1893 1239 1949; x_wconf 83' lang='lat' dir='ltr'><strong>schismaticos</strong></span> <span class='ocrx_word' id='word_1_113' title='bbox 1272 1904 1571 1952; x_wconf 90' lang='lat' dir='ltr'><strong>conventus</strong></span> <span class='ocrx_word' id='word_1_114' title='bbox 1614 1912 1734 1952; x_wconf 89' lang='lat' dir='ltr'><strong>cum</strong></span> <span class='ocrx_word' id='word_1_115' title='bbox 1786 1897 1899 1953; x_wconf 90' lang='lat' dir='ltr'><strong>suis</strong></span> <span class='ocrx_word' id='word_1_116' title='bbox 1938 1909 2140 1970; x_wconf 81' lang='lat' dir='ltr'><strong>ageret,</strong></span> <span class='ocrx_word' id='word_1_117' title='bbox 2191 1918 2258 1955; x_wconf 89' lang='lat' dir='ltr'><strong>an</strong></span> 
     </span>
    </p>
   </div>
   <div class='ocr_carea' id='block_1_18' title="bbox 665 1985 2259 2060">
    <p class='ocr_par' dir='ltr' id='par_1_18' title="bbox 665 1985 2259 2060">
     <span class='ocr_line' id='line_1_18' title="bbox 665 1985 2259 2060; baseline 0.006 -21"><span class='ocrx_word' id='word_1_118' title='bbox 665 1993 793 2040; x_wconf 89' lang='lat' dir='ltr'><strong>tunc</strong></span> <span class='ocrx_word' id='word_1_119' title='bbox 818 2000 943 2040; x_wconf 91' lang='lat' dir='ltr'><strong>enm</strong></span> <span class='ocrx_word' id='word_1_120' title='bbox 972 1999 1092 2039; x_wconf 89' lang='lat' dir='ltr'><strong>cum</strong></span> <span class='ocrx_word' id='word_1_121' title='bbox 1143 1985 1200 2041; x_wconf 86' lang='lat' dir='ltr'><strong>S.</strong></span> <span class='ocrx_word' id='word_1_122' title='bbox 1262 1985 1444 2060; x_wconf 83' lang='lat' dir='ltr'><strong>Moyse</strong></span> <span class='ocrx_word' id='word_1_123' title='bbox 1489 1989 1891 2045; x_wconf 79' lang='lat' dir='ltr'><strong>coutntttniCare</strong></span> <span class='ocrx_word' id='word_1_124' title='bbox 1932 1990 2169 2047; x_wconf 76' lang='lat' dir='ltr'><strong>Voluisse</strong></span> <span class='ocrx_word' id='word_1_125' title='bbox 2208 2001 2259 2048; x_wconf 86' lang='lat' dir='ltr'><strong>et</strong></span> 
     </span>
    </p>
   </div>
   <div class='ocr_carea' id='block_1_19' title="bbox 666 2076 2261 2154">
    <p class='ocr_par' dir='ltr' id='par_1_19' title="bbox 666 2076 2261 2154">
     <span class='ocr_line' id='line_1_19' title="bbox 666 2076 2261 2154; baseline 0.004 -21"><span class='ocrx_word' id='word_1_126' title='bbox 666 2076 936 2148; x_wconf 81' lang='lat' dir='ltr'><strong>repulsam</strong></span> <span class='ocrx_word' id='word_1_127' title='bbox 985 2076 1173 2132; x_wconf 87' lang='lat' dir='ltr'><strong>tulisse</strong></span> <span class='ocrx_word' id='word_1_128' title='bbox 1207 2076 1492 2134; x_wconf 88' lang='lat' dir='ltr'><strong>dicemus?</strong></span> <span class='ocrx_word' id='word_1_129' title='bbox 1542 2079 1657 2136; x_wconf 80' lang='lat' dir='ltr'><strong>Non</strong></span> <span class='ocrx_word' id='word_1_130' title='bbox 1707 2081 1921 2138; x_wconf 89' lang='lat' dir='ltr'><strong>videtur</strong></span> <span class='ocrx_word' id='word_1_131' title='bbox 1961 2092 2143 2154; x_wconf 88' lang='lat' dir='ltr'><strong>aptum</strong></span> <span class='ocrx_word' id='word_1_132' title='bbox 2192 2085 2261 2141; x_wconf 90' lang='lat' dir='ltr'><strong>ad</strong></span> 
     </span>
    </p>
   </div>
   <div class='ocr_carea' id='block_1_20' title="bbox 664 2167 2261 2239">
    <p class='ocr_par' dir='ltr' id='par_1_20' title="bbox 664 2167 2261 2239">
     <span class='ocr_line' id='line_1_20' title="bbox 664 2167 2261 2239; baseline 0.006 -17"><span class='ocrx_word' id='word_1_133' title='bbox 664 2184 781 2223; x_wconf 91' lang='lat' dir='ltr'><strong>eam</strong></span> <span class='ocrx_word' id='word_1_134' title='bbox 814 2184 928 2223; x_wconf 89' lang='lat' dir='ltr'><strong>rem</strong></span> <span class='ocrx_word' id='word_1_135' title='bbox 957 2178 1166 2239; x_wconf 88' lang='lat' dir='ltr'><strong>tempus</strong></span> <span class='ocrx_word' id='word_1_136' title='bbox 1191 2167 1377 2225; x_wconf 88' lang='lat' dir='ltr'><strong>fuisse.</strong></span> <span class='ocrx_word' id='word_1_137' title='bbox 1405 2171 1464 2226; x_wconf 71' lang='lat'><strong>2“</strong></span> <span class='ocrx_word' id='word_1_138' title='bbox 1496 2171 1614 2227; x_wconf 86' lang='lat' dir='ltr'><strong>Non</strong></span> <span class='ocrx_word' id='word_1_139' title='bbox 1647 2172 1776 2229; x_wconf 81' lang='lat' dir='ltr'><strong>dicit</strong></span> <span class='ocrx_word' id='word_1_140' title='bbox 1802 2173 2085 2231; x_wconf 83' lang='lat' dir='ltr'><strong>Cornelius</strong></span> <span class='ocrx_word' id='word_1_141' title='bbox 2112 2179 2261 2233; x_wconf 79' lang='lat' dir='ltr'><strong>coni-</strong></span> 
     </span>
    </p>
   </div>
   <div class='ocr_carea' id='block_1_21' title="bbox 664 2264 2260 2340">
    <p class='ocr_par' dir='ltr' id='par_1_21' title="bbox 664 2264 2260 2340">
     <span class='ocr_line' id='line_1_21' title="bbox 664 2264 2260 2340; baseline 0.005 -22"><span class='ocrx_word' id='word_1_142' title='bbox 664 2264 974 2320; x_wconf 90' lang='lat' dir='ltr'><strong>mnnionent</strong></span> <span class='ocrx_word' id='word_1_143' title='bbox 1025 2264 1321 2320; x_wconf 81' lang='lat' dir='ltr'><strong>Neratiano</strong></span> <span class='ocrx_word' id='word_1_144' title='bbox 1376 2275 1621 2336; x_wconf 78' lang='lat' dir='ltr'><strong>negatam</strong></span> <span class='ocrx_word' id='word_1_145' title='bbox 1673 2264 1840 2322; x_wconf 89' lang='lat' dir='ltr'><strong>fuisse</strong></span> <span class='ocrx_word' id='word_1_146' title='bbox 1891 2267 1962 2323; x_wconf 90' lang='lat' dir='ltr'><strong>ob</strong></span> <span class='ocrx_word' id='word_1_147' title='bbox 2012 2280 2260 2340; x_wconf 90' lang='lat' dir='ltr'><strong>apertum</strong></span> 
     </span>
    </p>
   </div>
   <div class='ocr_carea' id='block_1_22' title="bbox 665 2355 2260 2432">
    <p class='ocr_par' dir='ltr' id='par_1_22' title="bbox 665 2355 2260 2432">
     <span class='ocr_line' id='line_1_22' title="bbox 665 2355 2260 2432; baseline 0.004 -22"><span class='ocrx_word' id='word_1_148' title='bbox 665 2355 921 2422; x_wconf 85' lang='lat' dir='ltr'><strong>scltisnta,</strong></span> <span class='ocrx_word' id='word_1_149' title='bbox 943 2356 1038 2412; x_wconf 89' lang='lat' dir='ltr'><strong>sed</strong></span> <span class='ocrx_word' id='word_1_150' title='bbox 1065 2356 1206 2427; x_wconf 89' lang='lat' dir='ltr'><strong>quod</strong></span> <span class='ocrx_word' id='word_1_151' title='bbox 1245 2356 1361 2426; x_wconf 90' lang='lat' dir='ltr'><strong>ejus</strong></span> <span class='ocrx_word' id='word_1_152' title='bbox 1387 2357 1667 2414; x_wconf 83' lang='lat' dir='ltr'><strong>audaciam</strong></span> <span class='ocrx_word' id='word_1_153' title='bbox 1696 2371 1749 2415; x_wconf 91' lang='lat' dir='ltr'><strong>et</strong></span> <span class='ocrx_word' id='word_1_154' title='bbox 1786 2360 2022 2417; x_wconf 89' lang='lat' dir='ltr'><strong>furorem</strong></span> <span class='ocrx_word' id='word_1_155' title='bbox 2050 2361 2260 2432; x_wconf 87' lang='lat' dir='ltr'><strong>perspi-</strong></span> 
     </span>
    </p>
   </div>
   <div class='ocr_carea' id='block_1_23' title="bbox 663 2447 2264 2521">
    <p class='ocr_par' dir='ltr' id='par_1_23' title="bbox 663 2447 2264 2521">
     <span class='ocr_line' id='line_1_23' title="bbox 663 2447 2264 2521; baseline 0.002 -18"><span class='ocrx_word' id='word_1_156' title='bbox 663 2454 813 2503; x_wconf 85' lang='lat' dir='ltr'><strong>ceret</strong></span> <span class='ocrx_word' id='word_1_157' title='bbox 834 2447 1063 2518; x_wconf 78' lang='lat' dir='ltr'><strong>Moyses.</strong></span> <span class='ocrx_word' id='word_1_158' title='bbox 1094 2447 1240 2503; x_wconf 89' lang='lat' dir='ltr'><strong>Satis</strong></span> <span class='ocrx_word' id='word_1_159' title='bbox 1286 2449 1453 2504; x_wconf 89' lang='lat' dir='ltr'><strong>utulta</strong></span> <span class='ocrx_word' id='word_1_160' title='bbox 1488 2451 1731 2521; x_wconf 90' lang='lat' dir='ltr'><strong>improbe</strong></span> <span class='ocrx_word' id='word_1_161' title='bbox 1767 2451 1969 2508; x_wconf 79' lang='lat' dir='ltr'><strong>fecerat</strong></span> <span class='ocrx_word' id='word_1_162' title='bbox 2014 2451 2264 2507; x_wconf 86' lang='lat' dir='ltr'><strong>Novatia-</strong></span> 
     </span>
    </p>
   </div>
   <div class='ocr_carea' id='block_1_24' title="bbox 666 2543 2260 2617">
    <p class='ocr_par' dir='ltr' id='par_1_24' title="bbox 666 2543 2260 2617">
     <span class='ocr_line' id='line_1_24' title="bbox 666 2543 2260 2617; baseline 0.002 -19"><span class='ocrx_word' id='word_1_163' title='bbox 666 2558 784 2609; x_wconf 89' lang='lat' dir='ltr'><strong>nus,</strong></span> <span class='ocrx_word' id='word_1_164' title='bbox 818 2552 875 2598; x_wconf 91' lang='lat' dir='ltr'><strong>ut</strong></span> <span class='ocrx_word' id='word_1_165' title='bbox 902 2558 1023 2597; x_wconf 91' lang='lat' dir='ltr'><strong>cum</strong></span> <span class='ocrx_word' id='word_1_166' title='bbox 1052 2558 1118 2597; x_wconf 91' lang='lat' dir='ltr'><strong>co</strong></span> <span class='ocrx_word' id='word_1_167' title='bbox 1141 2543 1218 2597; x_wconf 91' lang='lat' dir='ltr'><strong>sic</strong></span> <span class='ocrx_word' id='word_1_168' title='bbox 1258 2555 1440 2614; x_wconf 81' lang='lat' dir='ltr'><strong>ageret</strong></span> <span class='ocrx_word' id='word_1_169' title='bbox 1466 2544 1678 2617; x_wconf 77' lang='lat' dir='ltr'><strong>Moyses</strong></span> <span class='ocrx_word' id='word_1_170' title='bbox 1699 2587 1714 2612; x_wconf 95' lang='lat'><strong>,</strong></span> <span class='ocrx_word' id='word_1_171' title='bbox 1747 2546 1799 2601; x_wconf 93' lang='lat' dir='ltr'><strong>in</strong></span> <span class='ocrx_word' id='word_1_172' title='bbox 1825 2545 2009 2615; x_wconf 86' lang='lat' dir='ltr'><strong>primis</strong></span> <span class='ocrx_word' id='word_1_173' title='bbox 2029 2545 2170 2617; x_wconf 89' lang='lat' dir='ltr'><strong>quod</strong></span> <span class='ocrx_word' id='word_1_174' title='bbox 2209 2546 2260 2601; x_wconf 93' lang='lat' dir='ltr'><strong>in</strong></span> 
     </span>
    </p>
   </div>
   <div class='ocr_carea' id='block_1_25' title="bbox 665 2634 2263 2709">
    <p class='ocr_par' dir='ltr' id='par_1_25' title="bbox 665 2634 2263 2709">
     <span class='ocr_line' id='line_1_25' title="bbox 665 2634 2263 2709; baseline 0.004 -23"><span class='ocrx_word' id='word_1_175' title='bbox 665 2635 1039 2709; x_wconf 77' lang='lat' dir='ltr'><strong>persecutione</strong></span> <span class='ocrx_word' id='word_1_176' title='bbox 1066 2652 1095 2691; x_wconf 89' lang='lat' dir='ltr'><strong>a</strong></span> <span class='ocrx_word' id='word_1_177' title='bbox 1124 2634 1362 2705; x_wconf 75' lang='lat' dir='ltr'><strong>diaconis</strong></span> <span class='ocrx_word' id='word_1_178' title='bbox 1397 2638 1631 2695; x_wconf 90' lang='lat' dir='ltr'><strong>monitus</strong></span> <span class='ocrx_word' id='word_1_179' title='bbox 1657 2646 1715 2692; x_wconf 89' lang='lat' dir='ltr'><strong>ut</strong></span> <span class='ocrx_word' id='word_1_180' title='bbox 1743 2638 1998 2694; x_wconf 79' lang='lat' dir='ltr'><strong>fratribus</strong></span> <span class='ocrx_word' id='word_1_181' title='bbox 2040 2654 2263 2695; x_wconf 89' lang='lat' dir='ltr'><strong>succur-</strong></span> 
     </span>
    </p>
   </div>
   <div class='ocr_carea' id='block_1_26' title="bbox 666 2732 2263 2807">
    <p class='ocr_par' dir='ltr' id='par_1_26' title="bbox 666 2732 2263 2807">
     <span class='ocr_line' id='line_1_26' title="bbox 666 2732 2263 2807; baseline 0.001 -19"><span class='ocrx_word' id='word_1_182' title='bbox 666 2742 832 2799; x_wconf 87' lang='lat' dir='ltr'><strong>reret,</strong></span> <span class='ocrx_word' id='word_1_183' title='bbox 864 2749 968 2790; x_wconf 91' lang='lat' dir='ltr'><strong>non</strong></span> <span class='ocrx_word' id='word_1_184' title='bbox 992 2736 1103 2807; x_wconf 89' lang='lat' dir='ltr'><strong>jam</strong></span> <span class='ocrx_word' id='word_1_185' title='bbox 1142 2736 1372 2806; x_wconf 86' lang='lat' dir='ltr'><strong>amplius</strong></span> <span class='ocrx_word' id='word_1_186' title='bbox 1418 2734 1792 2807; x_wconf 88' lang='lat' dir='ltr'><strong>presbyterum</strong></span> <span class='ocrx_word' id='word_1_187' title='bbox 1845 2748 1906 2790; x_wconf 92' lang='lat' dir='ltr'><strong>se</strong></span> <span class='ocrx_word' id='word_1_188' title='bbox 1957 2748 2080 2790; x_wconf 88' lang='lat' dir='ltr'><strong>esse</strong></span> <span class='ocrx_word' id='word_1_189' title='bbox 2127 2732 2263 2789; x_wconf 82' lang='lat' dir='ltr'><strong>velle</strong></span> 
     </span>
    </p>
   </div>
   <div class='ocr_carea' id='block_1_27' title="bbox 665 2812 2259 2894">
    <p class='ocr_par' dir='ltr' id='par_1_27' title="bbox 665 2812 2259 2894">
     <span class='ocr_line' id='line_1_27' title="bbox 665 2812 2259 2894; baseline 0.001 -11"><span class='ocrx_word' id='word_1_190' title='bbox 665 2812 1059 2891; x_wconf 31' lang='lat' dir='ltr'><strong>dixeratfilrcc</strong></span> <span class='ocrx_word' id='word_1_191' title='bbox 1088 2829 1175 2885; x_wconf 90' lang='lat' dir='ltr'><strong>illa</strong></span> <span class='ocrx_word' id='word_1_192' title='bbox 1204 2831 1300 2886; x_wconf 87' lang='lat' dir='ltr'><strong>fuit</strong></span> <span class='ocrx_word' id='word_1_193' title='bbox 1327 2829 1544 2885; x_wconf 88' lang='lat' dir='ltr'><strong>audacia</strong></span> <span class='ocrx_word' id='word_1_194' title='bbox 1583 2827 1898 2894; x_wconf 88' lang='lat' dir='ltr'><strong>Novatiani,</strong></span> <span class='ocrx_word' id='word_1_195' title='bbox 1939 2829 2027 2885; x_wconf 90' lang='lat' dir='ltr'><strong>hic</strong></span> <span class='ocrx_word' id='word_1_196' title='bbox 2075 2828 2259 2884; x_wconf 87' lang='lat' dir='ltr'><strong>furor:</strong></span> 
     </span>
    </p>
   </div>
   <div class='ocr_carea' id='block_1_28' title="bbox 665 2919 2264 2995">
    <p class='ocr_par' dir='ltr' id='par_1_28' title="bbox 665 2919 2264 2995">
     <span class='ocr_line' id='line_1_28' title="bbox 665 2919 2264 2995; baseline 0.004 -21"><span class='ocrx_word' id='word_1_197' title='bbox 665 2919 732 2974; x_wconf 90' lang='lat' dir='ltr'><strong>ad</strong></span> <span class='ocrx_word' id='word_1_198' title='bbox 766 2936 925 2991; x_wconf 86' lang='lat' dir='ltr'><strong>quem</strong></span> <span class='ocrx_word' id='word_1_199' title='bbox 955 2938 1078 2978; x_wconf 90' lang='lat' dir='ltr'><strong>eum</strong></span> <span class='ocrx_word' id='word_1_200' title='bbox 1102 2924 1380 2981; x_wconf 86' lang='lat' dir='ltr'><strong>accederet</strong></span> <span class='ocrx_word' id='word_1_201' title='bbox 1397 2923 1601 2980; x_wconf 89' lang='lat' dir='ltr'><strong>nefaria</strong></span> <span class='ocrx_word' id='word_1_202' title='bbox 1629 2924 1978 2981; x_wconf 89' lang='lat' dir='ltr'><strong>consiliorum</strong></span> <span class='ocrx_word' id='word_1_203' title='bbox 2007 2925 2264 2995; x_wconf 89' lang='lat' dir='ltr'><strong>conjunc-</strong></span> 
     </span>
    </p>
   </div>
   <div class='ocr_carea' id='block_1_29' title="bbox 666 3014 2263 3091">
    <p class='ocr_par' dir='ltr' id='par_1_29' title="bbox 666 3014 2263 3091">
     <span class='ocr_line' id='line_1_29' title="bbox 666 3014 2263 3091; baseline 0.004 -22"><span class='ocrx_word' id='word_1_204' title='bbox 666 3016 741 3070; x_wconf 92' lang='lat' dir='ltr'><strong>tio</strong></span> <span class='ocrx_word' id='word_1_205' title='bbox 754 3030 873 3071; x_wconf 88' lang='lat' dir='ltr'><strong>cum</strong></span> <span class='ocrx_word' id='word_1_206' title='bbox 889 3018 1125 3086; x_wconf 88' lang='lat' dir='ltr'><strong>quinque</strong></span> <span class='ocrx_word' id='word_1_207' title='bbox 1151 3018 1504 3089; x_wconf 84' lang='lat' dir='ltr'><strong>presbyteris,</strong></span> <span class='ocrx_word' id='word_1_208' title='bbox 1527 3014 1632 3073; x_wconf 84' lang='lat' dir='ltr'><strong>non</strong></span> <span class='ocrx_word' id='word_1_209' title='bbox 1648 3017 1867 3073; x_wconf 84' lang='lat' dir='ltr'><strong>difficile</strong></span> <span class='ocrx_word' id='word_1_210' title='bbox 1889 3018 1985 3073; x_wconf 91' lang='lat' dir='ltr'><strong>fuit</strong></span> <span class='ocrx_word' id='word_1_211' title='bbox 2012 3019 2071 3075; x_wconf 90' lang='lat' dir='ltr'><strong>S.</strong></span> <span class='ocrx_word' id='word_1_212' title='bbox 2097 3018 2263 3091; x_wconf 73' lang='lat' dir='ltr'><strong>Moysi</strong></span> 
     </span>
    </p>
   </div>
   <div class='ocr_carea' id='block_1_30' title="bbox 667 3108 2265 3183">
    <p class='ocr_par' dir='ltr' id='par_1_30' title="bbox 667 3108 2265 3183">
     <span class='ocr_line' id='line_1_30' title="bbox 667 3108 2265 3183; baseline 0.002 -19"><span class='ocrx_word' id='word_1_213' title='bbox 667 3108 794 3180; x_wconf 89' lang='lat' dir='ltr'><strong>quid</strong></span> <span class='ocrx_word' id='word_1_214' title='bbox 850 3110 915 3164; x_wconf 83' lang='lat' dir='ltr'><strong>ad</strong></span> <span class='ocrx_word' id='word_1_215' title='bbox 990 3110 1244 3167; x_wconf 73' lang='lat' dir='ltr'><strong>Ecclesia:</strong></span> <span class='ocrx_word' id='word_1_216' title='bbox 1314 3111 1603 3183; x_wconf 79' lang='lat' dir='ltr'><strong>perniciem</strong></span> <span class='ocrx_word' id='word_1_217' title='bbox 1681 3110 2069 3167; x_wconf 89' lang='lat' dir='ltr'><strong>meditarentur</strong></span> <span class='ocrx_word' id='word_1_218' title='bbox 2134 3128 2265 3183; x_wconf 67' lang='lat' dir='ltr'><strong>pro-</strong></span> 
     </span>
    </p>
   </div>
   <div class='ocr_carea' id='block_1_31' title="bbox 665 3194 2261 3271">
    <p class='ocr_par' dir='ltr' id='par_1_31' title="bbox 665 3194 2261 3271">
     <span class='ocr_line' id='line_1_31' title="bbox 665 3194 2261 3271; baseline 0.001 -14"><span class='ocrx_word' id='word_1_219' title='bbox 665 3203 897 3271; x_wconf 78' lang='lat' dir='ltr'><strong>spicere,</strong></span> <span class='ocrx_word' id='word_1_220' title='bbox 945 3218 1044 3257; x_wconf 90' lang='lat' dir='ltr'><strong>nec</strong></span> <span class='ocrx_word' id='word_1_221' title='bbox 1085 3203 1279 3257; x_wconf 86' lang='lat' dir='ltr'><strong>ntirunt</strong></span> <span class='ocrx_word' id='word_1_222' title='bbox 1307 3205 1349 3257; x_wconf 91' lang='lat' dir='ltr'><strong>si</strong></span> <span class='ocrx_word' id='word_1_223' title='bbox 1378 3194 1604 3259; x_wconf 86' lang='lat' dir='ltr'><strong>cumeis</strong></span> <span class='ocrx_word' id='word_1_224' title='bbox 1643 3205 2041 3260; x_wconf 89' lang='lat' dir='ltr'><strong>communicare</strong></span> <span class='ocrx_word' id='word_1_225' title='bbox 2073 3204 2261 3259; x_wconf 89' lang='lat' dir='ltr'><strong>noluit.</strong></span> 
     </span>
    </p>
   </div>
   <div class='ocr_carea' id='block_1_32' title="bbox 676 3294 2266 3368">
    <p class='ocr_par' dir='ltr' id='par_1_32' title="bbox 676 3294 2266 3368">
     <span class='ocr_line' id='line_1_32' title="bbox 676 3294 2266 3368; baseline 0.001 -19"><span class='ocrx_word' id='word_1_226' title='bbox 676 3295 734 3349; x_wconf 76' lang='lat'><strong>5°</strong></span> <span class='ocrx_word' id='word_1_227' title='bbox 760 3294 816 3349; x_wconf 88' lang='lat' dir='ltr'><strong>Si</strong></span> <span class='ocrx_word' id='word_1_228' title='bbox 846 3295 1281 3349; x_wconf 86' lang='lat' dir='ltr'><strong>communionem</strong></span> <span class='ocrx_word' id='word_1_229' title='bbox 1313 3294 1611 3351; x_wconf 83' lang='lat' dir='ltr'><strong>manifestis</strong></span> <span class='ocrx_word' id='word_1_230' title='bbox 1642 3295 2000 3352; x_wconf 85' lang='lat' dir='ltr'><strong>schismatieis</strong></span> <span class='ocrx_word' id='word_1_231' title='bbox 2027 3296 2085 3351; x_wconf 93' lang='lat' dir='ltr'><strong>S.</strong></span> <span class='ocrx_word' id='word_1_232' title='bbox 2119 3296 2266 3368; x_wconf 78' lang='lat' dir='ltr'><strong>Moy-</strong></span> 
     </span>
    </p>
   </div>
   <div class='ocr_carea' id='block_1_33' title="bbox 665 3384 2264 3459">
    <p class='ocr_par' dir='ltr' id='par_1_33' title="bbox 665 3384 2264 3459">
     <span class='ocr_line' id='line_1_33' title="bbox 665 3384 2264 3459; baseline 0.002 -19"><span class='ocrx_word' id='word_1_233' title='bbox 665 3398 754 3440; x_wconf 88' lang='lat' dir='ltr'><strong>ses</strong></span> <span class='ocrx_word' id='word_1_234' title='bbox 783 3384 1124 3454; x_wconf 88' lang='lat' dir='ltr'><strong>denegasset,</strong></span> <span class='ocrx_word' id='word_1_235' title='bbox 1154 3401 1258 3439; x_wconf 86' lang='grc' dir='ltr'>ιιοιι</span> <span class='ocrx_word' id='word_1_236' title='bbox 1283 3386 1457 3442; x_wconf 88' lang='lat' dir='ltr'><strong>solum</strong></span> <span class='ocrx_word' id='word_1_237' title='bbox 1488 3386 1724 3456; x_wconf 91' lang='lat' dir='ltr'><strong>quinque</strong></span> <span class='ocrx_word' id='word_1_238' title='bbox 1750 3387 2121 3459; x_wconf 82' lang='lat' dir='ltr'><strong>presbyteros,</strong></span> <span class='ocrx_word' id='word_1_239' title='bbox 2169 3388 2264 3443; x_wconf 88' lang='lat' dir='ltr'><strong>sed</strong></span> 
     </span>
    </p>
   </div>
   <div class='ocr_carea' id='block_1_34' title="bbox 665 3477 2262 3549">
    <p class='ocr_par' dir='ltr' id='par_1_34' title="bbox 665 3477 2262 3549">
     <span class='ocr_line' id='line_1_34' title="bbox 665 3477 2262 3549; baseline 0.001 -15"><span class='ocrx_word' id='word_1_240' title='bbox 665 3480 831 3534; x_wconf 71' lang='lat' dir='ltr'><strong>etiam</strong></span> <span class='ocrx_word' id='word_1_241' title='bbox 889 3478 1230 3535; x_wconf 83' lang='lat' dir='ltr'><strong>confcssores</strong></span> <span class='ocrx_word' id='word_1_242' title='bbox 1288 3479 1376 3549; x_wconf 85' lang='lat' dir='ltr'><strong>qui</strong></span> <span class='ocrx_word' id='word_1_243' title='bbox 1435 3477 1729 3536; x_wconf 88' lang='lat' dir='ltr'><strong>Novatiano</strong></span> <span class='ocrx_word' id='word_1_244' title='bbox 1795 3496 1916 3537; x_wconf 90' lang='lat' dir='ltr'><strong>sese</strong></span> <span class='ocrx_word' id='word_1_245' title='bbox 1981 3480 2262 3549; x_wconf 87' lang='lat' dir='ltr'><strong>dederant,</strong></span> 
     </span>
    </p>
   </div>
   <div class='ocr_carea' id='block_1_35' title="bbox 665 3569 2256 3641">
    <p class='ocr_par' dir='ltr' id='par_1_35' title="bbox 665 3569 2256 3641">
     <span class='ocr_line' id='line_1_35' title="bbox 665 3569 2256 3641; baseline 0.002 -16"><span class='ocrx_word' id='word_1_246' title='bbox 665 3569 852 3625; x_wconf 88' lang='lat' dir='ltr'><strong>eadem</strong></span> <span class='ocrx_word' id='word_1_247' title='bbox 899 3570 1164 3626; x_wconf 89' lang='lat' dir='ltr'><strong>sententia</strong></span> <span class='ocrx_word' id='word_1_248' title='bbox 1204 3578 1460 3626; x_wconf 74' lang='lat' dir='ltr'><strong>notasset.</strong></span> <span class='ocrx_word' id='word_1_249' title='bbox 1496 3570 1630 3625; x_wconf 90' lang='lat' dir='ltr'><strong>Nam</strong></span> <span class='ocrx_word' id='word_1_250' title='bbox 1661 3581 1889 3641; x_wconf 84' lang='lat' dir='ltr'><strong>quatuor</strong></span> <span class='ocrx_word' id='word_1_251' title='bbox 1917 3573 2256 3630; x_wconf 84' lang='lat' dir='ltr'><strong>confessores</strong></span> 
     </span>
    </p>
   </div>
   <div class='ocr_carea' id='block_1_36' title="bbox 672 3663 2263 3734">
    <p class='ocr_par' dir='ltr' id='par_1_36' title="bbox 672 3663 2263 3734">
     <span class='ocr_line' id='line_1_36' title="bbox 672 3663 2263 3734; baseline 0.005 -20"><span class='ocrx_word' id='word_1_252' title='bbox 672 3680 691 3714; x_wconf 79' lang='grc' dir='ltr'><strong>ι</strong></span> <span class='ocrx_word' id='word_1_253' title='bbox 724 3663 792 3718; x_wconf 90' lang='lat' dir='ltr'><strong>de</strong></span> <span class='ocrx_word' id='word_1_254' title='bbox 840 3666 1058 3720; x_wconf 84' lang='lat' dir='ltr'><strong>carcere</strong></span> <span class='ocrx_word' id='word_1_255' title='bbox 1112 3664 1435 3734; x_wconf 87' lang='lat' dir='ltr'><strong>prodeuntes</strong></span> <span class='ocrx_word' id='word_1_256' title='bbox 1461 3664 1838 3720; x_wconf 88' lang='lat' dir='ltr'><strong>scbisntatictts</strong></span> <span class='ocrx_word' id='word_1_257' title='bbox 1879 3674 1933 3721; x_wconf 89' lang='lat' dir='ltr'><strong>et</strong></span> <span class='ocrx_word' id='word_1_258' title='bbox 1977 3666 2263 3722; x_wconf 69' lang='lat' dir='ltr'><strong>haereticus</strong></span> 
     </span>
    </p>
   </div>
   <div class='ocr_carea' id='block_1_37' title="bbox 671 3755 2267 3829">
    <p class='ocr_par' dir='ltr' id='par_1_37' title="bbox 671 3755 2267 3829">
     <span class='ocr_line' id='line_1_37' title="bbox 671 3755 2267 3829; baseline 0.004 -21"><span class='ocrx_word' id='word_1_259' title='bbox 671 3769 824 3809; x_wconf 91' lang='lat' dir='ltr'><strong>error</strong></span> <span class='ocrx_word' id='word_1_260' title='bbox 858 3774 878 3808; x_wconf 75' lang='grc' dir='ltr'><strong>ι</strong></span> <span class='ocrx_word' id='word_1_261' title='bbox 911 3764 1227 3826; x_wconf 78' lang='lat' dir='ltr'><strong>exceperat,</strong></span> <span class='ocrx_word' id='word_1_262' title='bbox 1280 3764 1335 3810; x_wconf 91' lang='grc' dir='ltr'><strong>ιιι</strong></span> <span class='ocrx_word' id='word_1_263' title='bbox 1364 3755 1441 3810; x_wconf 91' lang='lat' dir='ltr'><strong>ait</strong></span> <span class='ocrx_word' id='word_1_264' title='bbox 1469 3755 1766 3827; x_wconf 86' lang='lat' dir='ltr'><strong>Cyprianus</strong></span> <span class='ocrx_word' id='word_1_265' title='bbox 1808 3757 1905 3828; x_wconf 90' lang='lat' dir='ltr'><strong>Ep.</strong></span> <span class='ocrx_word' id='word_1_266' title='bbox 1940 3773 2021 3822; x_wconf 81' lang='grc' dir='ltr'><strong>ιι,</strong></span> <span class='ocrx_word' id='word_1_267' title='bbox 2064 3772 2267 3829; x_wconf 84' lang='lat' dir='ltr'><strong>eosque</strong></span> 
     </span>
    </p>
   </div>
   <div class='ocr_carea' id='block_1_38' title="bbox 664 3847 2261 3915">
    <p class='ocr_par' dir='ltr' id='par_1_38' title="bbox 664 3847 2261 3915">
     <span class='ocr_line' id='line_1_38' title="bbox 664 3847 2261 3915; baseline 0.003 -14"><span class='ocrx_word' id='word_1_268' title='bbox 664 3847 764 3901; x_wconf 87' lang='lat' dir='ltr'><strong>sibi</strong></span> <span class='ocrx_word' id='word_1_269' title='bbox 808 3847 876 3902; x_wconf 90' lang='lat' dir='ltr'><strong>ab</strong></span> <span class='ocrx_word' id='word_1_270' title='bbox 924 3848 1074 3903; x_wconf 88' lang='lat' dir='ltr'><strong>initio</strong></span> <span class='ocrx_word' id='word_1_271' title='bbox 1121 3849 1435 3903; x_wconf 78' lang='lat' dir='ltr'><strong>sociaverat.</strong></span> <span class='ocrx_word' id='word_1_272' title='bbox 1476 3869 1494 3901; x_wconf 72' lang='grc' dir='ltr'><strong>ι</strong></span> <span class='ocrx_word' id='word_1_273' title='bbox 1531 3848 1860 3904; x_wconf 89' lang='lat' dir='ltr'><strong>Novatianus</strong></span> <span class='ocrx_word' id='word_1_274' title='bbox 1885 3891 1899 3915; x_wconf 94' lang='lat'><strong>,</strong></span> <span class='ocrx_word' id='word_1_275' title='bbox 1950 3858 2086 3906; x_wconf 88' lang='lat' dir='ltr'><strong>teste</strong></span> <span class='ocrx_word' id='word_1_276' title='bbox 2128 3850 2261 3905; x_wconf 88' lang='lat' dir='ltr'><strong>Cor-</strong></span> 
     </span>
    </p>
   </div>
   <div class='ocr_carea' id='block_1_39' title="bbox 666 3937 2264 4014">
    <p class='ocr_par' dir='ltr' id='par_1_39' title="bbox 666 3937 2264 4014">
     <span class='ocr_line' id='line_1_39' title="bbox 666 3937 2264 4014; baseline 0.004 -22"><span class='ocrx_word' id='word_1_277' title='bbox 666 3940 807 3993; x_wconf 89' lang='lat' dir='ltr'><strong>nelio</strong></span> <span class='ocrx_word' id='word_1_278' title='bbox 827 3939 966 4007; x_wconf 91' lang='lat' dir='ltr'><strong>apud</strong></span> <span class='ocrx_word' id='word_1_279' title='bbox 997 3940 1193 3997; x_wconf 86' lang='lat' dir='ltr'><strong>Euseb.</strong></span> <span class='ocrx_word' id='word_1_280' title='bbox 1226 3940 1341 4014; x_wconf 88' lang='lat' dir='ltr'><strong>(lib.</strong></span> <span class='ocrx_word' id='word_1_281' title='bbox 1373 3957 1446 4008; x_wconf 82' lang='lat' dir='ltr'><strong>Vl,</strong></span> <span class='ocrx_word' id='word_1_282' title='bbox 1478 3956 1528 3996; x_wconf 93' lang='lat' dir='ltr'><strong>c.</strong></span> <span class='ocrx_word' id='word_1_283' title='bbox 1570 3943 1685 4011; x_wconf 77' lang='grc'><strong>45),</strong></span> <span class='ocrx_word' id='word_1_284' title='bbox 1718 3937 1788 3996; x_wconf 73' lang='grc' dir='ltr'>’ὶιι</span> <span class='ocrx_word' id='word_1_285' title='bbox 1838 3943 1935 3997; x_wconf 87' lang='lat' dir='ltr'><strong>bos</strong></span> <span class='ocrx_word' id='word_1_286' title='bbox 1982 3941 2264 3998; x_wconf 89' lang='lat' dir='ltr'><strong>Novatiani</strong></span> 
     </span>
    </p>
   </div>
   <div class='ocr_carea' id='block_1_40' title="bbox 666 4033 2267 4109">
    <p class='ocr_par' dir='ltr' id='par_1_40' title="bbox 666 4033 2267 4109">
     <span class='ocr_line' id='line_1_40' title="bbox 666 4033 2267 4109; baseline 0.002 -22"><span class='ocrx_word' id='word_1_287' title='bbox 666 4033 909 4103; x_wconf 80' lang='lat' dir='ltr'><strong>gregales</strong></span> <span class='ocrx_word' id='word_1_288' title='bbox 950 4035 1089 4091; x_wconf 85' lang='lat' dir='ltr'><strong>idem</strong></span> <span class='ocrx_word' id='word_1_289' title='bbox 1137 4050 1259 4091; x_wconf 86' lang='lat' dir='ltr'><strong>esse</strong></span> <span class='ocrx_word' id='word_1_290' title='bbox 1286 4035 1469 4090; x_wconf 89' lang='lat' dir='ltr'><strong>debuit</strong></span> <span class='ocrx_word' id='word_1_291' title='bbox 1507 4037 1593 4108; x_wconf 88' lang='lat' dir='ltr'><strong>qui</strong></span> <span class='ocrx_word' id='word_1_292' title='bbox 1643 4036 1694 4091; x_wconf 91' lang='lat' dir='ltr'><strong>in</strong></span> <span class='ocrx_word' id='word_1_293' title='bbox 1725 4035 1960 4108; x_wconf 91' lang='lat' dir='ltr'><strong>quinque</strong></span> <span class='ocrx_word' id='word_1_294' title='bbox 1993 4037 2267 4109; x_wconf 88' lang='lat' dir='ltr'><strong>presbyte-</strong></span> 
     </span>
    </p>
   </div>
   <div class='ocr_carea' id='block_1_41' title="bbox 669 4127 2267 4200">
    <p class='ocr_par' dir='ltr' id='par_1_41' title="bbox 669 4127 2267 4200">
     <span class='ocr_line' id='line_1_41' title="bbox 669 4127 2267 4200; baseline 0 -19"><span class='ocrx_word' id='word_1_295' title='bbox 669 4141 760 4181; x_wconf 90' lang='lat' dir='ltr'><strong>ros</strong></span> <span class='ocrx_word' id='word_1_296' title='bbox 786 4136 929 4191; x_wconf 85' lang='lat' dir='ltr'><strong>erat;</strong></span> <span class='ocrx_word' id='word_1_297' title='bbox 964 4127 1058 4183; x_wconf 90' lang='lat' dir='ltr'><strong>sed</strong></span> <span class='ocrx_word' id='word_1_298' title='bbox 1091 4137 1266 4183; x_wconf 89' lang='lat' dir='ltr'><strong>tamen</strong></span> <span class='ocrx_word' id='word_1_299' title='bbox 1296 4129 1528 4199; x_wconf 86' lang='lat' dir='ltr'><strong>quinque</strong></span> <span class='ocrx_word' id='word_1_300' title='bbox 1548 4138 1751 4183; x_wconf 86' lang='lat' dir='ltr'><strong>tantum</strong></span> <span class='ocrx_word' id='word_1_301' title='bbox 1778 4129 2103 4200; x_wconf 82' lang='lat' dir='ltr'><strong>presbyteris</strong></span> <span class='ocrx_word' id='word_1_302' title='bbox 2118 4143 2267 4184; x_wconf 83' lang='lat' dir='ltr'><strong>cont-</strong></span> 
     </span>
    </p>
   </div>
   <div class='ocr_carea' id='block_1_42' title="bbox 616 4217 2267 4294">
    <p class='ocr_par' dir='ltr' id='par_1_42' title="bbox 616 4217 2267 4294">
     <span class='ocr_line' id='line_1_42' title="bbox 616 4217 2267 4294; baseline 0 -19"><span class='ocrx_word' id='word_1_303' title='bbox 616 4236 623 4239; x_wconf 65' lang='grc'>⁷</span> <span class='ocrx_word' id='word_1_304' title='bbox 668 4221 979 4278; x_wconf 85' lang='lat' dir='ltr'><strong>munionem</strong></span> <span class='ocrx_word' id='word_1_305' title='bbox 1012 4234 1190 4294; x_wconf 89' lang='lat' dir='ltr'><strong>negat.</strong></span> <span class='ocrx_word' id='word_1_306' title='bbox 1221 4223 1375 4292; x_wconf 85' lang='lat' dir='ltr'><strong>Quod</strong></span> <span class='ocrx_word' id='word_1_307' title='bbox 1403 4232 1719 4293; x_wconf 87' lang='lat' dir='ltr'><strong>argumento</strong></span> <span class='ocrx_word' id='word_1_308' title='bbox 1749 4234 1831 4278; x_wconf 89' lang='lat' dir='ltr'><strong>est</strong></span> <span class='ocrx_word' id='word_1_309' title='bbox 1861 4239 1983 4279; x_wconf 89' lang='lat' dir='ltr'><strong>eum</strong></span> <span class='ocrx_word' id='word_1_310' title='bbox 2008 4217 2058 4278; x_wconf 85' lang='lat' dir='ltr'><strong>in</strong></span> <span class='ocrx_word' id='word_1_311' title='bbox 2096 4221 2267 4279; x_wconf 88' lang='lat' dir='ltr'><strong>Nova-</strong></span> 
     </span>
    </p>
   </div>
   <div class='ocr_carea' id='block_1_43' title="bbox 669 4315 2267 4386">
    <p class='ocr_par' dir='ltr' id='par_1_43' title="bbox 669 4315 2267 4386">
     <span class='ocr_line' id='line_1_43' title="bbox 669 4315 2267 4386; baseline 0.002 -18"><span class='ocrx_word' id='word_1_312' title='bbox 669 4315 813 4370; x_wconf 90' lang='lat' dir='ltr'><strong>tiano</strong></span> <span class='ocrx_word' id='word_1_313' title='bbox 842 4330 946 4370; x_wconf 93' lang='lat' dir='ltr'><strong>non</strong></span> <span class='ocrx_word' id='word_1_314' title='bbox 999 4327 1244 4386; x_wconf 90' lang='lat' dir='ltr'><strong>apertum</strong></span> <span class='ocrx_word' id='word_1_315' title='bbox 1294 4316 1566 4383; x_wconf 88' lang='lat' dir='ltr'><strong>schisma,</strong></span> <span class='ocrx_word' id='word_1_316' title='bbox 1613 4332 1719 4371; x_wconf 87' lang='lat' dir='ltr'><strong>non</strong></span> <span class='ocrx_word' id='word_1_317' title='bbox 1759 4316 2100 4371; x_wconf 85' lang='lat' dir='ltr'><strong>manifestum</strong></span> <span class='ocrx_word' id='word_1_318' title='bbox 2145 4331 2267 4372; x_wconf 90' lang='lat' dir='ltr'><strong>cum</strong></span> 
     </span>
    </p>
   </div>
   <div class='ocr_carea' id='block_1_44' title="bbox 665 4396 2268 4481">
    <p class='ocr_par' dir='ltr' id='par_1_44' title="bbox 665 4396 2268 4481">
     <span class='ocr_line' id='line_1_44' title="bbox 665 4396 2268 4481; baseline 0.002 -19"><span class='ocrx_word' id='word_1_319' title='bbox 665 4407 917 4465; x_wconf 88' lang='lat' dir='ltr'><strong>Cornelio</strong></span> <span class='ocrx_word' id='word_1_320' title='bbox 942 4418 996 4464; x_wconf 87' lang='lat' dir='ltr'><strong>ct</strong></span> <span class='ocrx_word' id='word_1_321' title='bbox 1023 4409 1273 4466; x_wconf 90' lang='lat' dir='ltr'><strong>onmibus</strong></span> <span class='ocrx_word' id='word_1_322' title='bbox 1301 4409 1568 4481; x_wconf 85' lang='lat' dir='ltr'><strong>episcopis</strong></span> <span class='ocrx_word' id='word_1_323' title='bbox 1586 4410 1839 4466; x_wconf 86' lang='lat' dir='ltr'><strong>Cornelio</strong></span> <span class='ocrx_word' id='word_1_324' title='bbox 1868 4396 2268 4465; x_wconf 59' lang='lat' dir='ltr'><strong>adluit-cutibus</strong></span> 
     </span>
    </p>
   </div>
   <div class='ocr_carea' id='block_1_45' title="bbox 667 4500 2267 4575">
    <p class='ocr_par' dir='ltr' id='par_1_45' title="bbox 667 4500 2267 4575">
     <span class='ocr_line' id='line_1_45' title="bbox 667 4500 2267 4575; baseline 0.002 -20"><span class='ocrx_word' id='word_1_325' title='bbox 667 4500 862 4557; x_wconf 90' lang='lat' dir='ltr'><strong>bellum</strong></span> <span class='ocrx_word' id='word_1_326' title='bbox 886 4502 1293 4575; x_wconf 86' lang='lat' dir='ltr'><strong>condemnasse,</strong></span> <span class='ocrx_word' id='word_1_327' title='bbox 1316 4503 1409 4561; x_wconf 89' lang='lat' dir='ltr'><strong>sed</strong></span> <span class='ocrx_word' id='word_1_328' title='bbox 1438 4504 1669 4560; x_wconf 85' lang='lat' dir='ltr'><strong>nefarias</strong></span> <span class='ocrx_word' id='word_1_329' title='bbox 1695 4504 2019 4568; x_wconf 89' lang='lat' dir='ltr'><strong>molitiones,</strong></span> <span class='ocrx_word' id='word_1_330' title='bbox 2052 4513 2107 4557; x_wconf 90' lang='lat' dir='ltr'><strong>et</strong></span> <span class='ocrx_word' id='word_1_331' title='bbox 2135 4502 2267 4558; x_wconf 90' lang='lat' dir='ltr'><strong>inita</strong></span> 
     </span>
    </p>
   </div>
   <div class='ocr_carea' id='block_1_46' title="bbox 666 4597 2270 4671">
    <p class='ocr_par' dir='ltr' id='par_1_46' title="bbox 666 4597 2270 4671">
     <span class='ocr_line' id='line_1_46' title="bbox 666 4597 2270 4671; baseline 0 -20"><span class='ocrx_word' id='word_1_332' title='bbox 666 4612 788 4651; x_wconf 90' lang='lat' dir='ltr'><strong>cunt</strong></span> <span class='ocrx_word' id='word_1_333' title='bbox 810 4597 1046 4669; x_wconf 88' lang='lat' dir='ltr'><strong>quinque</strong></span> <span class='ocrx_word' id='word_1_334' title='bbox 1074 4598 1402 4671; x_wconf 84' lang='lat' dir='ltr'><strong>presbyteris</strong></span> <span class='ocrx_word' id='word_1_335' title='bbox 1443 4598 1697 4653; x_wconf 73' lang='lat' dir='ltr'><strong>Ecclesia:</strong></span> <span class='ocrx_word' id='word_1_336' title='bbox 1736 4598 2114 4669; x_wconf 73' lang='lat' dir='ltr'><strong>perturbanda:</strong></span> <span class='ocrx_word' id='word_1_337' title='bbox 2138 4612 2270 4653; x_wconf 85' lang='lat' dir='ltr'><strong>con-</strong></span> 
     </span>
    </p>
   </div>
   <div class='ocr_carea' id='block_1_47' title="bbox 667 4689 2267 4763">
    <p class='ocr_par' dir='ltr' id='par_1_47' title="bbox 667 4689 2267 4763">
     <span class='ocr_line' id='line_1_47' title="bbox 667 4689 2267 4763; baseline 0.001 -19"><span class='ocrx_word' id='word_1_338' title='bbox 667 4689 806 4756; x_wconf 89' lang='lat' dir='ltr'><strong>silia,</strong></span> <span class='ocrx_word' id='word_1_339' title='bbox 837 4706 979 4760; x_wconf 60' lang='lat' dir='ltr'><strong>qua},</strong></span> <span class='ocrx_word' id='word_1_340' title='bbox 1009 4689 1246 4760; x_wconf 87' lang='lat' dir='ltr'><strong>pluribus</strong></span> <span class='ocrx_word' id='word_1_341' title='bbox 1294 4689 1577 4745; x_wconf 82' lang='lat' dir='ltr'><strong>Novatiani</strong></span> <span class='ocrx_word' id='word_1_342' title='bbox 1610 4691 1754 4746; x_wconf 89' lang='lat' dir='ltr'><strong>vitiis</strong></span> <span class='ocrx_word' id='word_1_343' title='bbox 1782 4689 1994 4757; x_wconf 90' lang='lat' dir='ltr'><strong>addita,</strong></span> <span class='ocrx_word' id='word_1_344' title='bbox 2032 4691 2267 4763; x_wconf 75' lang='lat' dir='ltr'><strong>Moysem</strong></span> 
     </span>
    </p>
   </div>
   <div class='ocr_carea' id='block_1_48' title="bbox 666 4780 2270 4853">
    <p class='ocr_par' dir='ltr' id='par_1_48' title="bbox 666 4780 2270 4853">
     <span class='ocr_line' id='line_1_48' title="bbox 666 4780 2270 4853; baseline 0.002 -17"><span class='ocrx_word' id='word_1_345' title='bbox 666 4780 1044 4838; x_wconf 88' lang='lat' dir='ltr'><strong>deterruerunt</strong></span> <span class='ocrx_word' id='word_1_346' title='bbox 1080 4784 1365 4853; x_wconf 89' lang='lat' dir='ltr'><strong>quominus</strong></span> <span class='ocrx_word' id='word_1_347' title='bbox 1383 4799 1502 4838; x_wconf 92' lang='lat' dir='ltr'><strong>cum</strong></span> <span class='ocrx_word' id='word_1_348' title='bbox 1520 4782 1586 4839; x_wconf 84' lang='lat' dir='ltr'><strong>eo</strong></span> <span class='ocrx_word' id='word_1_349' title='bbox 1600 4784 2042 4840; x_wconf 78' lang='lat' dir='ltr'><strong>communicaret.</strong></span> <span class='ocrx_word' id='word_1_350' title='bbox 2062 4784 2118 4839; x_wconf 68' lang='grc' dir='ltr'><strong>4ο</strong></span> <span class='ocrx_word' id='word_1_351' title='bbox 2133 4784 2270 4839; x_wconf 80' lang='lat' dir='ltr'><strong>Mar-</strong></span> 
     </span>
    </p>
   </div>
   <div class='ocr_carea' id='block_1_49' title="bbox 669 4872 2271 4946">
    <p class='ocr_par' dir='ltr' id='par_1_49' title="bbox 669 4872 2271 4946">
     <span class='ocr_line' id='line_1_49' title="bbox 669 4872 2271 4946; baseline 0.002 -18"><span class='ocrx_word' id='word_1_352' title='bbox 669 4872 864 4944; x_wconf 84' lang='lat' dir='ltr'><strong>tyrium</strong></span> <span class='ocrx_word' id='word_1_353' title='bbox 892 4873 1091 4946; x_wconf 79' lang='lat' dir='ltr'><strong>Moysis</strong></span> <span class='ocrx_word' id='word_1_354' title='bbox 1113 4890 1218 4929; x_wconf 92' lang='lat' dir='ltr'><strong>non</strong></span> <span class='ocrx_word' id='word_1_355' title='bbox 1246 4874 1455 4930; x_wconf 89' lang='lat' dir='ltr'><strong>videtur</strong></span> <span class='ocrx_word' id='word_1_356' title='bbox 1483 4891 1668 4931; x_wconf 87' lang='lat' dir='ltr'><strong>mense</strong></span> <span class='ocrx_word' id='word_1_357' title='bbox 1696 4876 2009 4941; x_wconf 90' lang='lat' dir='ltr'><strong>novembri,</strong></span> <span class='ocrx_word' id='word_1_358' title='bbox 2040 4885 2097 4931; x_wconf 93' lang='lat' dir='ltr'><strong>ut</strong></span> <span class='ocrx_word' id='word_1_359' title='bbox 2123 4877 2271 4932; x_wconf 77' lang='lat' dir='ltr'><strong>cxis-</strong></span> 
     </span>
    </p>
   </div>
   <div class='ocr_carea' id='block_1_50' title="bbox 668 4967 2270 5051">
    <p class='ocr_par' dir='ltr' id='par_1_50' title="bbox 668 4967 2270 5051">
     <span class='ocr_line' id='line_1_50' title="bbox 668 4967 2270 5051; baseline 0.003 -30"><span class='ocrx_word' id='word_1_360' title='bbox 668 4969 823 5022; x_wconf 87' lang='lat' dir='ltr'><strong>timat</strong></span> <span class='ocrx_word' id='word_1_361' title='bbox 874 4967 1285 5032; x_wconf 89' lang='lat' dir='ltr'><strong>Tillemoutins,</strong></span> <span class='ocrx_word' id='word_1_362' title='bbox 1340 4967 1434 5024; x_wconf 85' lang='lat' dir='ltr'><strong>sed</strong></span> <span class='ocrx_word' id='word_1_363' title='bbox 1478 4970 1651 5039; x_wconf 88' lang='lat' dir='ltr'><strong>potius</strong></span> <span class='ocrx_word' id='word_1_364' title='bbox 1699 4978 1826 5025; x_wconf 89' lang='lat' dir='ltr'><strong>ante</strong></span> <span class='ocrx_word' id='word_1_365' title='bbox 1876 4969 2270 5051; x_wconf 74' lang='lat' dir='ltr'><strong>ordinationem</strong></span> 
     </span>
    </p>
   </div>
   <div class='ocr_carea' id='block_1_51' title="bbox 570 5058 2271 5147">
    <p class='ocr_par' dir='ltr' id='par_1_51' title="bbox 570 5058 2271 5147">
     <span class='ocr_line' id='line_1_51' title="bbox 570 5058 2271 5147; baseline 0.002 -32"><span class='ocrx_word' id='word_1_366' title='bbox 570 5082 574 5087; x_wconf 63' lang='lat'><strong><em>~</em></strong></span> <span class='ocrx_word' id='word_1_367' title='bbox 668 5058 901 5115; x_wconf 85' lang='lat' dir='ltr'><strong>Cornelii</strong></span> <span class='ocrx_word' id='word_1_368' title='bbox 926 5060 1239 5131; x_wconf 80' lang='lat' dir='ltr'><strong>contigisse.</strong></span> <span class='ocrx_word' id='word_1_369' title='bbox 1259 5060 1479 5117; x_wconf 90' lang='lat' dir='ltr'><strong>Constat</strong></span> <span class='ocrx_word' id='word_1_370' title='bbox 1508 5071 1772 5134; x_wconf 85' lang='lat' dir='ltr'><strong>martyres</strong></span> <span class='ocrx_word' id='word_1_371' title='bbox 1813 5076 1845 5117; x_wconf 93' lang='lat' dir='ltr'><strong>e</strong></span> <span class='ocrx_word' id='word_1_372' title='bbox 1877 5076 2095 5147; x_wconf 76' lang='lat' dir='ltr'><strong>carcere</strong></span> <span class='ocrx_word' id='word_1_373' title='bbox 2122 5064 2271 5119; x_wconf 89' lang='lat' dir='ltr'><strong>solu-</strong></span> 
     </span>
    </p>
   </div>
   <div class='ocr_carea' id='block_1_52' title="bbox 667 5153 2271 5229">
    <p class='ocr_par' dir='ltr' id='par_1_52' title="bbox 667 5153 2271 5229">
     <span class='ocr_line' id='line_1_52' title="bbox 667 5153 2271 5229; baseline 0.001 -19"><span class='ocrx_word' id='word_1_374' title='bbox 667 5164 751 5210; x_wconf 91' lang='lat' dir='ltr'><strong>tos</strong></span> <span class='ocrx_word' id='word_1_375' title='bbox 781 5153 948 5211; x_wconf 88' lang='lat' dir='ltr'><strong>fuisse</strong></span> <span class='ocrx_word' id='word_1_376' title='bbox 973 5170 1094 5212; x_wconf 89' lang='lat' dir='ltr'><strong>curn</strong></span> <span class='ocrx_word' id='word_1_377' title='bbox 1131 5154 1412 5211; x_wconf 87' lang='lat' dir='ltr'><strong>Cornelius</strong></span> <span class='ocrx_word' id='word_1_378' title='bbox 1443 5156 1718 5212; x_wconf 89' lang='lat' dir='ltr'><strong>ordinatus</strong></span> <span class='ocrx_word' id='word_1_379' title='bbox 1752 5167 1855 5213; x_wconf 89' lang='lat' dir='ltr'><strong>est.</strong></span> <span class='ocrx_word' id='word_1_380' title='bbox 1888 5156 1995 5213; x_wconf 93' lang='lat' dir='ltr'><strong>Cur</strong></span> <span class='ocrx_word' id='word_1_381' title='bbox 2022 5173 2151 5229; x_wconf 84' lang='lat' dir='ltr'><strong>ergo</strong></span> <span class='ocrx_word' id='word_1_382' title='bbox 2178 5173 2271 5213; x_wconf 90' lang='lat' dir='ltr'><strong>so-</strong></span> 
     </span>
    </p>
   </div>
   <div class='ocr_carea' id='block_1_53' title="bbox 669 5246 2270 5321">
    <p class='ocr_par' dir='ltr' id='par_1_53' title="bbox 669 5246 2270 5321">
     <span class='ocr_line' id='line_1_53' title="bbox 669 5246 2270 5321; baseline 0.002 -20"><span class='ocrx_word' id='word_1_383' title='bbox 669 5246 753 5301; x_wconf 92' lang='lat' dir='ltr'><strong>lus</strong></span> <span class='ocrx_word' id='word_1_384' title='bbox 779 5248 988 5321; x_wconf 77' lang='lat' dir='ltr'><strong>Moyses</strong></span> <span class='ocrx_word' id='word_1_385' title='bbox 1018 5248 1284 5318; x_wconf 85' lang='lat' dir='ltr'><strong>particeps</strong></span> <span class='ocrx_word' id='word_1_386' title='bbox 1307 5247 1450 5302; x_wconf 90' lang='lat' dir='ltr'><strong>illius</strong></span> <span class='ocrx_word' id='word_1_387' title='bbox 1476 5248 1623 5319; x_wconf 89' lang='lat' dir='ltr'><strong>pacis</strong></span> <span class='ocrx_word' id='word_1_388' title='bbox 1645 5262 1749 5304; x_wconf 93' lang='lat' dir='ltr'><strong>non</strong></span> <span class='ocrx_word' id='word_1_389' title='bbox 1779 5248 1984 5316; x_wconf 85' lang='lat' dir='ltr'><strong>fuisset,</strong></span> <span class='ocrx_word' id='word_1_390' title='bbox 2015 5266 2136 5320; x_wconf 70' lang='lat' dir='ltr'><strong>quae</strong></span> <span class='ocrx_word' id='word_1_391' title='bbox 2164 5260 2270 5305; x_wconf 91' lang='lat' dir='ltr'><strong>tam</strong></span> 
     </span>
    </p>
   </div>
   <div class='ocr_carea' id='block_1_54' title="bbox 668 5341 2274 5414">
    <p class='ocr_par' dir='ltr' id='par_1_54' title="bbox 668 5341 2274 5414">
     <span class='ocr_line' id='line_1_54' title="bbox 668 5341 2274 5414; baseline 0.004 -17"><span class='ocrx_word' id='word_1_392' title='bbox 668 5341 759 5398; x_wconf 91' lang='lat' dir='ltr'><strong>diu</strong></span> <span class='ocrx_word' id='word_1_393' title='bbox 790 5352 1037 5414; x_wconf 80' lang='lat' dir='ltr'><strong>negatam</strong></span> <span class='ocrx_word' id='word_1_394' title='bbox 1083 5342 1314 5414; x_wconf 83' lang='lat' dir='ltr'><strong>eligendi</strong></span> <span class='ocrx_word' id='word_1_395' title='bbox 1356 5342 1600 5414; x_wconf 89' lang='lat' dir='ltr'><strong>episcopi</strong></span> <span class='ocrx_word' id='word_1_396' title='bbox 1631 5342 1841 5414; x_wconf 80' lang='lat' dir='ltr'><strong>capiam</strong></span> <span class='ocrx_word' id='word_1_397' title='bbox 1872 5343 2033 5399; x_wconf 85' lang='lat' dir='ltr'><strong>fecit?</strong></span> <span class='ocrx_word' id='word_1_398' title='bbox 2070 5344 2274 5403; x_wconf 88' lang='lat' dir='ltr'><strong>Deinde</strong></span> 
     </span>
    </p>
   </div>
   <div class='ocr_carea' id='block_1_55' title="bbox 676 5434 2271 5507">
    <p class='ocr_par' dir='ltr' id='par_1_55' title="bbox 676 5434 2271 5507">
     <span class='ocr_line' id='line_1_55' title="bbox 676 5434 2271 5507; baseline 0.001 -18"><span class='ocrx_word' id='word_1_399' title='bbox 676 5450 806 5490; x_wconf 86' lang='lat' dir='ltr'><strong>vero</strong></span> <span class='ocrx_word' id='word_1_400' title='bbox 832 5434 1042 5507; x_wconf 83' lang='lat' dir='ltr'><strong>Moyses</strong></span> <span class='ocrx_word' id='word_1_401' title='bbox 1081 5451 1187 5491; x_wconf 90' lang='lat' dir='ltr'><strong>non</strong></span> <span class='ocrx_word' id='word_1_402' title='bbox 1219 5435 1269 5490; x_wconf 88' lang='lat' dir='ltr'><strong>itt</strong></span> <span class='ocrx_word' id='word_1_403' title='bbox 1298 5449 1516 5490; x_wconf 87' lang='lat' dir='ltr'><strong>carcere</strong></span> <span class='ocrx_word' id='word_1_404' title='bbox 1544 5434 1679 5489; x_wconf 90' lang='lat' dir='ltr'><strong>obiit</strong></span> <span class='ocrx_word' id='word_1_405' title='bbox 1703 5476 1717 5500; x_wconf 94' lang='lat'><strong>,</strong></span> <span class='ocrx_word' id='word_1_406' title='bbox 1748 5444 1803 5490; x_wconf 91' lang='lat' dir='ltr'><strong>ut</strong></span> <span class='ocrx_word' id='word_1_407' title='bbox 1831 5444 1914 5490; x_wconf 90' lang='lat' dir='ltr'><strong>est</strong></span> <span class='ocrx_word' id='word_1_408' title='bbox 1946 5436 1997 5490; x_wconf 92' lang='lat' dir='ltr'><strong>in</strong></span> <span class='ocrx_word' id='word_1_409' title='bbox 2026 5434 2271 5491; x_wconf 90' lang='lat' dir='ltr'><strong>Bucherii</strong></span> 
     </span>
    </p>
   </div>
   <div class='ocr_carea' id='block_1_56' title="bbox 668 5527 2274 5600">
    <p class='ocr_par' dir='ltr' id='par_1_56' title="bbox 668 5527 2274 5600">
     <span class='ocr_line' id='line_1_56' title="bbox 668 5527 2274 5600; baseline 0.001 -17"><span class='ocrx_word' id='word_1_410' title='bbox 668 5527 937 5600; x_wconf 83' lang='lat' dir='ltr'><strong>catalogo,</strong></span> <span class='ocrx_word' id='word_1_411' title='bbox 965 5527 1059 5584; x_wconf 90' lang='lat' dir='ltr'><strong>sed</strong></span> <span class='ocrx_word' id='word_1_412' title='bbox 1097 5528 1409 5600; x_wconf 88' lang='lat' dir='ltr'><strong>sanguineut</strong></span> <span class='ocrx_word' id='word_1_413' title='bbox 1437 5542 1537 5600; x_wconf 90' lang='lat' dir='ltr'><strong>pro</strong></span> <span class='ocrx_word' id='word_1_414' title='bbox 1561 5527 1776 5584; x_wconf 90' lang='lat' dir='ltr'><strong>Christo</strong></span> <span class='ocrx_word' id='word_1_415' title='bbox 1808 5527 2071 5598; x_wconf 86' lang='lat' dir='ltr'><strong>profudit,</strong></span> <span class='ocrx_word' id='word_1_416' title='bbox 2101 5537 2158 5584; x_wconf 91' lang='grc' dir='ltr'><strong>ιιι</strong></span> <span class='ocrx_word' id='word_1_417' title='bbox 2181 5528 2274 5584; x_wconf 88' lang='lat' dir='ltr'><strong>de-</strong></span> 
     </span>
    </p>
   </div>
   <div class='ocr_carea' id='block_1_57' title="bbox 670 5619 2272 5691">
    <p class='ocr_par' dir='ltr' id='par_1_57' title="bbox 670 5619 2272 5691">
     <span class='ocr_line' id='line_1_57' title="bbox 670 5619 2272 5691; baseline -0.001 -13"><span class='ocrx_word' id='word_1_418' title='bbox 670 5631 935 5679; x_wconf 85' lang='lat' dir='ltr'><strong>monstrat</strong></span> <span class='ocrx_word' id='word_1_419' title='bbox 981 5619 1359 5676; x_wconf 88' lang='lat' dir='ltr'><strong>Tillemoutius</strong></span> <span class='ocrx_word' id='word_1_420' title='bbox 1386 5636 1451 5676; x_wconf 78' lang='lat' dir='ltr'><strong>ex</strong></span> <span class='ocrx_word' id='word_1_421' title='bbox 1482 5621 1658 5677; x_wconf 77' lang='lat' dir='ltr'><strong>verbis</strong></span> <span class='ocrx_word' id='word_1_422' title='bbox 1700 5619 1968 5685; x_wconf 87' lang='lat' dir='ltr'><strong>Cornelii,</strong></span> <span class='ocrx_word' id='word_1_423' title='bbox 2013 5620 2104 5691; x_wconf 89' lang='lat' dir='ltr'><strong>qui</strong></span> <span class='ocrx_word' id='word_1_424' title='bbox 2149 5637 2272 5677; x_wconf 90' lang='lat' dir='ltr'><strong>eum</strong></span> 
     </span>
    </p>
   </div>
   <div class='ocr_carea' id='block_1_58' title="bbox 672 5714 2271 5789">
    <p class='ocr_par' dir='ltr' id='par_1_58' title="bbox 672 5714 2271 5789">
     <span class='ocr_line' id='line_1_58' title="bbox 672 5714 2271 5789; baseline 0 -15"><span class='ocrx_word' id='word_1_425' title='bbox 672 5717 934 5789; x_wconf 83' lang='lat' dir='ltr'><strong>praeclaro</strong></span> <span class='ocrx_word' id='word_1_426' title='bbox 954 5725 1002 5773; x_wconf 86' lang='lat' dir='ltr'><strong>et</strong></span> <span class='ocrx_word' id='word_1_427' title='bbox 1028 5714 1341 5772; x_wconf 88' lang='lat' dir='ltr'><strong>admirando</strong></span> <span class='ocrx_word' id='word_1_428' title='bbox 1367 5717 1627 5787; x_wconf 89' lang='lat' dir='ltr'><strong>martyrio</strong></span> <span class='ocrx_word' id='word_1_429' title='bbox 1652 5715 1990 5785; x_wconf 87' lang='lat' dir='ltr'><strong>perfunctunt</strong></span> <span class='ocrx_word' id='word_1_430' title='bbox 2014 5716 2271 5774; x_wconf 85' lang='lat' dir='ltr'><strong>declarat.</strong></span> 
     </span>
    </p>
   </div>
   <div class='ocr_carea' id='block_1_59' title="bbox 676 5806 2268 5877">
    <p class='ocr_par' dir='ltr' id='par_1_59' title="bbox 676 5806 2268 5877">
     <span class='ocr_line' id='line_1_59' title="bbox 676 5806 2268 5877; baseline 0 -14"><span class='ocrx_word' id='word_1_431' title='bbox 676 5812 841 5864; x_wconf 81' lang='lat' dir='ltr'><strong>Porro</strong></span> <span class='ocrx_word' id='word_1_432' title='bbox 869 5811 937 5866; x_wconf 87' lang='lat' dir='ltr'><strong>ab</strong></span> <span class='ocrx_word' id='word_1_433' title='bbox 966 5807 1305 5863; x_wconf 70' lang='lat' dir='ltr'><strong>ordinatione</strong></span> <span class='ocrx_word' id='word_1_434' title='bbox 1324 5806 1558 5863; x_wconf 85' lang='lat' dir='ltr'><strong>Cornelii</strong></span> <span class='ocrx_word' id='word_1_435' title='bbox 1596 5822 1764 5877; x_wconf 85' lang='lat' dir='ltr'><strong>usque</strong></span> <span class='ocrx_word' id='word_1_436' title='bbox 1789 5806 1855 5861; x_wconf 90' lang='lat' dir='ltr'><strong>ad</strong></span> <span class='ocrx_word' id='word_1_437' title='bbox 1895 5822 2133 5863; x_wconf 85' lang='lat' dir='ltr'><strong>mensem</strong></span> <span class='ocrx_word' id='word_1_438' title='bbox 2168 5825 2268 5864; x_wconf 86' lang='lat' dir='ltr'><strong>no-</strong></span> 
     </span>
    </p>
   </div>
   <div class='ocr_carea' id='block_1_60' title="bbox 675 5897 2271 5970">
    <p class='ocr_par' dir='ltr' id='par_1_60' title="bbox 675 5897 2271 5970">
     <span class='ocr_line' id='line_1_60' title="bbox 675 5897 2271 5970; baseline 0.001 -12"><span class='ocrx_word' id='word_1_439' title='bbox 675 5900 973 5967; x_wconf 81' lang='lat' dir='ltr'><strong>vctnbretn,</strong></span> <span class='ocrx_word' id='word_1_440' title='bbox 1008 5916 1111 5956; x_wconf 83' lang='lat' dir='ltr'><strong>non</strong></span> <span class='ocrx_word' id='word_1_441' title='bbox 1142 5898 1350 5955; x_wconf 66' lang='lat' dir='ltr'><strong>videtur</strong></span> <span class='ocrx_word' id='word_1_442' title='bbox 1390 5897 1811 5956; x_wconf 70' lang='lat' dir='ltr'><strong>Christianorum</strong></span> <span class='ocrx_word' id='word_1_443' title='bbox 1843 5900 2271 5970; x_wconf 70' lang='lat' dir='ltr'><strong>sangttisﬂonm</strong></span> 
     </span>
    </p>
   </div>
   <div class='ocr_carea' id='block_1_61' title="bbox 1880 381 2708 448">
    <p class='ocr_par' dir='ltr' id='par_1_61' title="bbox 1880 381 2708 448">
     <span class='ocr_line' id='line_1_61' title="bbox 1880 381 2708 448; baseline 0.007 -6"><span class='ocrx_word' id='word_1_444' title='bbox 1880 383 2043 443; x_wconf 79' lang='lat' dir='ltr'><strong>VIT-A</strong></span> <span class='ocrx_word' id='word_1_445' title='bbox 2080 381 2325 442; x_wconf 70' lang='lat' dir='ltr'><strong>SANCTI</strong></span> <span class='ocrx_word' id='word_1_446' title='bbox 2364 382 2708 448; x_wconf 68' lang='lat' dir='ltr'><strong>CYPRIANI.</strong></span> 
     </span>
    </p>
   </div>
   <div class='ocr_carea' id='block_1_62' title="bbox 3859 384 3967 459">
    <p class='ocr_par' dir='ltr' id='par_1_62' title="bbox 3859 384 3967 459">
     <span class='ocr_line' id='line_1_62' title="bbox 3859 384 3967 459; baseline 0.037 -4"><span class='ocrx_word' id='word_1_447' title='bbox 3859 384 3967 459; x_wconf 70' lang='lat' dir='ltr'><strong>tas</strong></span> 
     </span>
    </p>
   </div>
   <div class='ocr_carea' id='block_1_63' title="bbox 2365 503 3961 581">
    <p class='ocr_par' dir='ltr' id='par_1_63' title="bbox 2365 503 3961 581">
     <span class='ocr_line' id='line_1_63' title="bbox 2365 503 3961 581; baseline 0.008 -21"><span class='ocrx_word' id='word_1_448' title='bbox 2365 503 2524 564; x_wconf 87' lang='lat' dir='ltr'><strong>fusus</strong></span> <span class='ocrx_word' id='word_1_449' title='bbox 2580 508 2768 566; x_wconf 84' lang='lat' dir='ltr'><strong>fuisse.</strong></span> <span class='ocrx_word' id='word_1_450' title='bbox 2799 508 3033 567; x_wconf 86' lang='lat' dir='ltr'><strong>Sedebat</strong></span> <span class='ocrx_word' id='word_1_451' title='bbox 3076 507 3376 581; x_wconf 86' lang='lat' dir='ltr'><strong>intrepidus</strong></span> <span class='ocrx_word' id='word_1_452' title='bbox 3402 508 3685 568; x_wconf 90' lang='lat' dir='ltr'><strong>Cornelius</strong></span> <span class='ocrx_word' id='word_1_453' title='bbox 3716 531 3736 567; x_wconf 81' lang='grc' dir='ltr'><strong>ι</strong></span> <span class='ocrx_word' id='word_1_454' title='bbox 3770 513 3961 573; x_wconf 64' lang='lat' dir='ltr'><strong>Romae</strong></span> 
     </span>
    </p>
   </div>
   <div class='ocr_carea' id='block_1_64' title="bbox 2367 600 3965 683">
    <p class='ocr_par' dir='ltr' id='par_1_64' title="bbox 2367 600 3965 683">
     <span class='ocr_line' id='line_1_64' title="bbox 2367 600 3965 683; baseline 0.006 -29"><span class='ocrx_word' id='word_1_455' title='bbox 2367 600 2418 655; x_wconf 91' lang='lat' dir='ltr'><strong>in</strong></span> <span class='ocrx_word' id='word_1_456' title='bbox 2483 602 2800 659; x_wconf 77' lang='lat' dir='ltr'><strong>sacerdotali</strong></span> <span class='ocrx_word' id='word_1_457' title='bbox 2875 602 3130 659; x_wconf 86' lang='lat' dir='ltr'><strong>cathedra</strong></span> <span class='ocrx_word' id='word_1_458' title='bbox 3204 616 3272 658; x_wconf 94' lang='lat' dir='ltr'><strong>eo</strong></span> <span class='ocrx_word' id='word_1_459' title='bbox 3333 611 3618 675; x_wconf 90' lang='lat' dir='ltr'><strong>tempore,</strong></span> <span class='ocrx_word' id='word_1_460' title='bbox 3679 623 3802 664; x_wconf 86' lang='lat' dir='ltr'><strong>cum</strong></span> <span class='ocrx_word' id='word_1_461' title='bbox 3876 621 3965 683; x_wconf 54' lang='lat' dir='ltr'><strong>ty-</strong></span> 
     </span>
    </p>
   </div>
   <div class='ocr_carea' id='block_1_65' title="bbox 2368 695 3966 773">
    <p class='ocr_par' dir='ltr' id='par_1_65' title="bbox 2368 695 3966 773">
     <span class='ocr_line' id='line_1_65' title="bbox 2368 695 3966 773; baseline 0.005 -22"><span class='ocrx_word' id='word_1_462' title='bbox 2368 710 2572 753; x_wconf 91' lang='lat' dir='ltr'><strong>ranuus</strong></span> <span class='ocrx_word' id='word_1_463' title='bbox 2619 696 2843 752; x_wconf 85' lang='lat' dir='ltr'><strong>infestus</strong></span> <span class='ocrx_word' id='word_1_464' title='bbox 2898 695 3268 752; x_wconf 84' lang='lat' dir='ltr'><strong>sacerdotibus</strong></span> <span class='ocrx_word' id='word_1_465' title='bbox 3316 696 3408 752; x_wconf 89' lang='lat' dir='ltr'><strong>Dei</strong></span> <span class='ocrx_word' id='word_1_466' title='bbox 3453 697 3613 754; x_wconf 88' lang='lat' dir='ltr'><strong>fanda</strong></span> <span class='ocrx_word' id='word_1_467' title='bbox 3669 710 3831 773; x_wconf 87' lang='lat' dir='ltr'><strong>atque</strong></span> <span class='ocrx_word' id='word_1_468' title='bbox 3882 704 3966 760; x_wconf 73' lang='grc' dir='ltr'><strong>ἰη-</strong></span> 
     </span>
    </p>
   </div>
   <div class='ocr_carea' id='block_1_66' title="bbox 2366 786 3967 869">
    <p class='ocr_par' dir='ltr' id='par_1_66' title="bbox 2366 786 3967 869">
     <span class='ocr_line' id='line_1_66' title="bbox 2366 786 3967 869; baseline 0.006 -26"><span class='ocrx_word' id='word_1_469' title='bbox 2366 786 2525 843; x_wconf 81' lang='lat' dir='ltr'><strong>fanda</strong></span> <span class='ocrx_word' id='word_1_470' title='bbox 2575 789 3021 853; x_wconf 90' lang='lat' dir='ltr'><strong>comminaretur,</strong></span> <span class='ocrx_word' id='word_1_471' title='bbox 3067 802 3188 843; x_wconf 91' lang='lat' dir='ltr'><strong>cum</strong></span> <span class='ocrx_word' id='word_1_472' title='bbox 3236 788 3406 869; x_wconf 83' lang='lat' dir='ltr'><strong>multo</strong></span> <span class='ocrx_word' id='word_1_473' title='bbox 3458 791 3748 861; x_wconf 88' lang='lat' dir='ltr'><strong>patientius</strong></span> <span class='ocrx_word' id='word_1_474' title='bbox 3784 804 3839 851; x_wconf 88' lang='lat' dir='ltr'><strong>et</strong></span> <span class='ocrx_word' id='word_1_475' title='bbox 3877 805 3967 853; x_wconf 89' lang='lat' dir='ltr'><strong>to-</strong></span> 
     </span>
    </p>
   </div>
   <div class='ocr_carea' id='block_1_67' title="bbox 2366 880 3964 962">
    <p class='ocr_par' dir='ltr' id='par_1_67' title="bbox 2366 880 3964 962">
     <span class='ocr_line' id='line_1_67' title="bbox 2366 880 3964 962; baseline 0.006 -25"><span class='ocrx_word' id='word_1_476' title='bbox 2366 880 2636 937; x_wconf 89' lang='lat' dir='ltr'><strong>lerabilius</strong></span> <span class='ocrx_word' id='word_1_477' title='bbox 2688 882 2897 938; x_wconf 86' lang='lat' dir='ltr'><strong>audiret</strong></span> <span class='ocrx_word' id='word_1_478' title='bbox 2945 882 3108 938; x_wconf 88' lang='lat' dir='ltr'><strong>levari</strong></span> <span class='ocrx_word' id='word_1_479' title='bbox 3138 882 3397 939; x_wconf 88' lang='lat' dir='ltr'><strong>adversus</strong></span> <span class='ocrx_word' id='word_1_480' title='bbox 3445 898 3505 940; x_wconf 91' lang='lat' dir='ltr'><strong>se</strong></span> <span class='ocrx_word' id='word_1_481' title='bbox 3528 887 3782 943; x_wconf 73' lang='lat' dir='ltr'><strong>azmulum</strong></span> <span class='ocrx_word' id='word_1_482' title='bbox 3808 891 3964 962; x_wconf 89' lang='lat' dir='ltr'><strong>prin-</strong></span> 
     </span>
    </p>
   </div>
   <div class='ocr_carea' id='block_1_68' title="bbox 2365 963 3965 1049">
    <p class='ocr_par' dir='ltr' id='par_1_68' title="bbox 2365 963 3965 1049">
     <span class='ocr_line' id='line_1_68' title="bbox 2365 963 3965 1049; baseline 0.007 -19"><span class='ocrx_word' id='word_1_483' title='bbox 2365 963 2536 1045; x_wconf 85' lang='lat' dir='ltr'><strong>cipem</strong></span> <span class='ocrx_word' id='word_1_484' title='bbox 2558 1017 2573 1041; x_wconf 95' lang='lat'><strong>,</strong></span> <span class='ocrx_word' id='word_1_485' title='bbox 2618 992 2776 1048; x_wconf 91' lang='lat' dir='ltr'><strong>quam</strong></span> <span class='ocrx_word' id='word_1_486' title='bbox 2809 976 2991 1031; x_wconf 72' lang='lat' dir='ltr'><strong>Roma:</strong></span> <span class='ocrx_word' id='word_1_487' title='bbox 3030 976 3282 1033; x_wconf 82' lang='lat' dir='ltr'><strong>constitui</strong></span> <span class='ocrx_word' id='word_1_488' title='bbox 3314 977 3407 1033; x_wconf 90' lang='lat' dir='ltr'><strong>Dei</strong></span> <span class='ocrx_word' id='word_1_489' title='bbox 3436 978 3794 1049; x_wconf 86' lang='lat' dir='ltr'><strong>sacerdotem,</strong></span> <span class='ocrx_word' id='word_1_490' title='bbox 3834 1002 3852 1035; x_wconf 82' lang='grc' dir='ltr'><strong>ι</strong></span> <span class='ocrx_word' id='word_1_491' title='bbox 3888 985 3965 1041; x_wconf 90' lang='lat' dir='ltr'><strong>ait</strong></span> 
     </span>
    </p>
   </div>
   <div class='ocr_carea' id='block_1_69' title="bbox 2365 1067 3963 1142">
    <p class='ocr_par' dir='ltr' id='par_1_69' title="bbox 2365 1067 3963 1142">
     <span class='ocr_line' id='line_1_69' title="bbox 2365 1067 3963 1142; baseline 0.006 -17"><span class='ocrx_word' id='word_1_492' title='bbox 2365 1067 2684 1142; x_wconf 90' lang='lat' dir='ltr'><strong>Cyprianus,</strong></span> <span class='ocrx_word' id='word_1_493' title='bbox 2714 1069 2884 1139; x_wconf 87' lang='lat' dir='ltr'><strong>Epist.</strong></span> <span class='ocrx_word' id='word_1_494' title='bbox 2909 1085 2976 1124; x_wconf 86' lang='lat' dir='ltr'><strong>LII</strong></span> <span class='ocrx_word' id='word_1_495' title='bbox 2998 1070 3077 1142; x_wconf 92' lang='lat' dir='ltr'><strong>(p.</strong></span> <span class='ocrx_word' id='word_1_496' title='bbox 3095 1069 3211 1141; x_wconf 84' lang='lat'><strong>69).</strong></span> <span class='ocrx_word' id='word_1_497' title='bbox 3240 1070 3625 1140; x_wconf 84' lang='lat' dir='ltr'><strong>Quamobrem,</strong></span> <span class='ocrx_word' id='word_1_498' title='bbox 3650 1084 3739 1130; x_wconf 88' lang='lat' dir='ltr'><strong>aut</strong></span> <span class='ocrx_word' id='word_1_499' title='bbox 3771 1075 3963 1134; x_wconf 86' lang='lat' dir='ltr'><strong>Decius</strong></span> 
     </span>
    </p>
   </div>
   <div class='ocr_carea' id='block_1_70' title="bbox 2365 1162 3961 1234">
    <p class='ocr_par' dir='ltr' id='par_1_70' title="bbox 2365 1162 3961 1234">
     <span class='ocr_line' id='line_1_70' title="bbox 2365 1162 3961 1234; baseline 0.006 -16"><span class='ocrx_word' id='word_1_500' title='bbox 2365 1177 2463 1234; x_wconf 89' lang='lat' dir='ltr'><strong>per</strong></span> <span class='ocrx_word' id='word_1_501' title='bbox 2486 1171 2651 1217; x_wconf 90' lang='lat' dir='ltr'><strong>totunt</strong></span> <span class='ocrx_word' id='word_1_502' title='bbox 2694 1162 2819 1217; x_wconf 90' lang='lat' dir='ltr'><strong>illud</strong></span> <span class='ocrx_word' id='word_1_503' title='bbox 2863 1172 3073 1233; x_wconf 91' lang='lat' dir='ltr'><strong>tempus</strong></span> <span class='ocrx_word' id='word_1_504' title='bbox 3118 1162 3451 1221; x_wconf 84' lang='lat' dir='ltr'><strong>crudelitatis</strong></span> <span class='ocrx_word' id='word_1_505' title='bbox 3501 1179 3613 1221; x_wconf 67' lang='lat' dir='ltr'><strong>suae</strong></span> <span class='ocrx_word' id='word_1_506' title='bbox 3658 1168 3961 1228; x_wconf 89' lang='lat' dir='ltr'><strong>satietatem</strong></span> 
     </span>
    </p>
   </div>
   <div class='ocr_carea' id='block_1_71' title="bbox 2367 1253 3959 1326">
    <p class='ocr_par' dir='ltr' id='par_1_71' title="bbox 2367 1253 3959 1326">
     <span class='ocr_line' id='line_1_71' title="bbox 2367 1253 3959 1326; baseline 0.005 -15"><span class='ocrx_word' id='word_1_507' title='bbox 2367 1269 2562 1325; x_wconf 88' lang='lat' dir='ltr'><strong>capere</strong></span> <span class='ocrx_word' id='word_1_508' title='bbox 2585 1257 2690 1309; x_wconf 79' lang='lat' dir='ltr'><strong>non</strong></span> <span class='ocrx_word' id='word_1_509' title='bbox 2713 1255 2906 1326; x_wconf 89' lang='lat' dir='ltr'><strong>potuit,</strong></span> <span class='ocrx_word' id='word_1_510' title='bbox 2935 1264 3025 1310; x_wconf 90' lang='lat' dir='ltr'><strong>aut</strong></span> <span class='ocrx_word' id='word_1_511' title='bbox 3050 1253 3100 1309; x_wconf 92' lang='lat' dir='ltr'><strong>id</strong></span> <span class='ocrx_word' id='word_1_512' title='bbox 3127 1257 3178 1311; x_wconf 83' lang='lat' dir='ltr'><strong>iit</strong></span> <span class='ocrx_word' id='word_1_513' title='bbox 3219 1256 3448 1312; x_wconf 90' lang='lat' dir='ltr'><strong>reditum</strong></span> <span class='ocrx_word' id='word_1_514' title='bbox 3470 1272 3627 1313; x_wconf 91' lang='lat' dir='ltr'><strong>suum</strong></span> <span class='ocrx_word' id='word_1_515' title='bbox 3656 1257 3959 1319; x_wconf 79' lang='lat' dir='ltr'><strong>differebat.</strong></span> 
     </span>
    </p>
   </div>
   <div class='ocr_carea' id='block_1_72' title="bbox 2366 1348 3962 1422">
    <p class='ocr_par' dir='ltr' id='par_1_72' title="bbox 2366 1348 3962 1422">
     <span class='ocr_line' id='line_1_72' title="bbox 2366 1348 3962 1422; baseline 0.005 -17"><span class='ocrx_word' id='word_1_516' title='bbox 2366 1348 2498 1405; x_wconf 89' lang='lat' dir='ltr'><strong>Cum</strong></span> <span class='ocrx_word' id='word_1_517' title='bbox 2525 1364 2667 1419; x_wconf 83' lang='lat' dir='ltr'><strong>crgo-</strong></span> <span class='ocrx_word' id='word_1_518' title='bbox 2682 1348 2967 1405; x_wconf 90' lang='lat' dir='ltr'><strong>Cornelius</strong></span> <span class='ocrx_word' id='word_1_519' title='bbox 2993 1351 3262 1418; x_wconf 89' lang='lat' dir='ltr'><strong>evaserit,</strong></span> <span class='ocrx_word' id='word_1_520' title='bbox 3291 1351 3376 1406; x_wconf 90' lang='lat' dir='ltr'><strong>cui</strong></span> <span class='ocrx_word' id='word_1_521' title='bbox 3409 1359 3586 1407; x_wconf 88' lang='lat' dir='ltr'><strong>tamen</strong></span> <span class='ocrx_word' id='word_1_522' title='bbox 3626 1354 3962 1422; x_wconf 86' lang='lat' dir='ltr'><strong>potissimum</strong></span> 
     </span>
    </p>
   </div>
   <div class='ocr_carea' id='block_1_73' title="bbox 2367 1430 3967 1520">
    <p class='ocr_par' dir='ltr' id='par_1_73' title="bbox 2367 1430 3967 1520">
     <span class='ocr_line' id='line_1_73' title="bbox 2367 1430 3967 1520; baseline 0.008 -23"><span class='ocrx_word' id='word_1_523' title='bbox 2367 1442 2608 1499; x_wconf 88' lang='lat' dir='ltr'><strong>infensus</strong></span> <span class='ocrx_word' id='word_1_524' title='bbox 2639 1452 2752 1498; x_wconf 91' lang='lat' dir='ltr'><strong>erat</strong></span> <span class='ocrx_word' id='word_1_525' title='bbox 2787 1444 3007 1512; x_wconf 90' lang='lat' dir='ltr'><strong>Decius,</strong></span> <span class='ocrx_word' id='word_1_526' title='bbox 3051 1461 3155 1501; x_wconf 92' lang='lat' dir='ltr'><strong>non</strong></span> <span class='ocrx_word' id='word_1_527' title='bbox 3198 1444 3411 1501; x_wconf 85' lang='lat' dir='ltr'><strong>videtur</strong></span> <span class='ocrx_word' id='word_1_528' title='bbox 3454 1430 3663 1519; x_wconf 77' lang='lat' dir='ltr'><strong>Moyses</strong></span> <span class='ocrx_word' id='word_1_529' title='bbox 3703 1451 3967 1520; x_wconf 65' lang='lat' dir='ltr'><strong>prteclaro</strong></span> 
     </span>
    </p>
   </div>
   <div class='ocr_carea' id='block_1_74' title="bbox 2367 1535 3963 1613">
    <p class='ocr_par' dir='ltr' id='par_1_74' title="bbox 2367 1535 3963 1613">
     <span class='ocr_line' id='line_1_74' title="bbox 2367 1535 3963 1613; baseline 0.005 -21"><span class='ocrx_word' id='word_1_530' title='bbox 2367 1544 2421 1593; x_wconf 91' lang='lat' dir='ltr'><strong>et</strong></span> <span class='ocrx_word' id='word_1_531' title='bbox 2444 1535 2758 1590; x_wconf 90' lang='lat' dir='ltr'><strong>admirando</strong></span> <span class='ocrx_word' id='word_1_532' title='bbox 2789 1537 3046 1609; x_wconf 87' lang='lat' dir='ltr'><strong>martyrio</strong></span> <span class='ocrx_word' id='word_1_533' title='bbox 3076 1537 3382 1607; x_wconf 72' lang='lat' dir='ltr'><strong>perfunctus</strong></span> <span class='ocrx_word' id='word_1_534' title='bbox 3428 1553 3616 1595; x_wconf 88' lang='lat' dir='ltr'><strong>mense</strong></span> <span class='ocrx_word' id='word_1_535' title='bbox 3645 1544 3963 1613; x_wconf 88' lang='lat' dir='ltr'><strong>novembri,</strong></span> 
     </span>
    </p>
   </div>
   <div class='ocr_carea' id='block_1_75' title="bbox 2366 1626 3963 1699">
    <p class='ocr_par' dir='ltr' id='par_1_75' title="bbox 2366 1626 3963 1699">
     <span class='ocr_line' id='line_1_75' title="bbox 2366 1626 3963 1699; baseline 0.006 -18"><span class='ocrx_word' id='word_1_536' title='bbox 2366 1626 2459 1683; x_wconf 91' lang='lat' dir='ltr'><strong>sed</strong></span> <span class='ocrx_word' id='word_1_537' title='bbox 2503 1627 2679 1697; x_wconf 93' lang='lat' dir='ltr'><strong>potius</strong></span> <span class='ocrx_word' id='word_1_538' title='bbox 2709 1629 3181 1699; x_wconf 88' lang='lat' dir='ltr'><strong>mensejaunario,</strong></span> <span class='ocrx_word' id='word_1_539' title='bbox 3218 1638 3274 1684; x_wconf 91' lang='grc' dir='ltr'><strong>ιιι</strong></span> <span class='ocrx_word' id='word_1_540' title='bbox 3300 1640 3379 1684; x_wconf 90' lang='lat' dir='ltr'><strong>est</strong></span> <span class='ocrx_word' id='word_1_541' title='bbox 3412 1630 3463 1684; x_wconf 91' lang='lat' dir='ltr'><strong>itt</strong></span> <span class='ocrx_word' id='word_1_542' title='bbox 3495 1640 3706 1689; x_wconf 86' lang='lat' dir='ltr'><strong>vetusto</strong></span> <span class='ocrx_word' id='word_1_543' title='bbox 3750 1634 3963 1690; x_wconf 88' lang='lat' dir='ltr'><strong>Bucbc-</strong></span> 
     </span>
    </p>
   </div>
   <div class='ocr_carea' id='block_1_76' title="bbox 2368 1722 3967 1796">
    <p class='ocr_par' dir='ltr' id='par_1_76' title="bbox 2368 1722 3967 1796">
     <span class='ocr_line' id='line_1_76' title="bbox 2368 1722 3967 1796; baseline 0.009 -19"><span class='ocrx_word' id='word_1_544' title='bbox 2368 1722 2431 1777; x_wconf 88' lang='lat' dir='ltr'><strong>rii</strong></span> <span class='ocrx_word' id='word_1_545' title='bbox 2459 1722 2718 1793; x_wconf 84' lang='lat' dir='ltr'><strong>catalogo,</strong></span> <span class='ocrx_word' id='word_1_546' title='bbox 2752 1723 2834 1779; x_wconf 89' lang='lat' dir='ltr'><strong>vel</strong></span> <span class='ocrx_word' id='word_1_547' title='bbox 2859 1732 3006 1779; x_wconf 90' lang='lat' dir='ltr'><strong>certe</strong></span> <span class='ocrx_word' id='word_1_548' title='bbox 3031 1733 3156 1780; x_wconf 88' lang='lat' dir='ltr'><strong>ante</strong></span> <span class='ocrx_word' id='word_1_549' title='bbox 3182 1723 3342 1781; x_wconf 84' lang='lat' dir='ltr'><strong>finem</strong></span> <span class='ocrx_word' id='word_1_550' title='bbox 3375 1729 3792 1796; x_wconf 79' lang='lat' dir='ltr'><strong>persecutionis,</strong></span> <span class='ocrx_word' id='word_1_551' title='bbox 3839 1743 3967 1791; x_wconf 89' lang='lat' dir='ltr'><strong>ante</strong></span> 
     </span>
    </p>
   </div>
   <div class='ocr_carea' id='block_1_77' title="bbox 2367 1816 3959 1890">
    <p class='ocr_par' dir='ltr' id='par_1_77' title="bbox 2367 1816 3959 1890">
     <span class='ocr_line' id='line_1_77' title="bbox 2367 1816 3959 1890; baseline 0.006 -18"><span class='ocrx_word' id='word_1_552' title='bbox 2367 1816 2757 1872; x_wconf 87' lang='lat' dir='ltr'><strong>ordinationem</strong></span> <span class='ocrx_word' id='word_1_553' title='bbox 2781 1817 3012 1874; x_wconf 90' lang='lat' dir='ltr'><strong>Cornelii</strong></span> <span class='ocrx_word' id='word_1_554' title='bbox 3039 1826 3095 1874; x_wconf 91' lang='lat' dir='ltr'><strong>et</strong></span> <span class='ocrx_word' id='word_1_555' title='bbox 3119 1828 3361 1890; x_wconf 87' lang='lat' dir='ltr'><strong>apertum</strong></span> <span class='ocrx_word' id='word_1_556' title='bbox 3391 1819 3623 1878; x_wconf 88' lang='lat' dir='ltr'><strong>schisma</strong></span> <span class='ocrx_word' id='word_1_557' title='bbox 3657 1823 3959 1885; x_wconf 86' lang='lat' dir='ltr'><strong>Novatiani.</strong></span> 
     </span>
    </p>
   </div>
   <div class='ocr_carea' id='block_1_78' title="bbox 2467 1956 3861 2033">
    <p class='ocr_par' dir='ltr' id='par_1_78' title="bbox 2467 1956 3861 2033">
     <span class='ocr_line' id='line_1_78' title="bbox 2467 1956 3861 2033; baseline 0.007 -21"><span class='ocrx_word' id='word_1_558' title='bbox 2467 1956 2608 2012; x_wconf 80' lang='lat' dir='ltr'><strong>XXI.</strong></span> <span class='ocrx_word' id='word_1_559' title='bbox 2640 1987 2711 1998; x_wconf 91' lang='lat'><strong><em>—</em></strong></span> <span class='ocrx_word' id='word_1_560' title='bbox 2735 1972 2837 2022; x_wconf 78' lang='lat' dir='ltr'><strong>ouo</strong></span> <span class='ocrx_word' id='word_1_561' title='bbox 2863 1972 3113 2033; x_wconf 66' lang='lat' dir='ltr'><strong>pauperis</strong></span> <span class='ocrx_word' id='word_1_562' title='bbox 3161 1972 3458 2017; x_wconf 72' lang='lat' dir='ltr'><strong>OBDINATUS</strong></span> <span class='ocrx_word' id='word_1_563' title='bbox 3509 1977 3861 2022; x_wconf 66' lang='lat' dir='ltr'><strong>novaremus.</strong></span> 
     </span>
    </p>
   </div>
   <div class='ocr_carea' id='block_1_79' title="bbox 2443 2072 3971 2136">
    <p class='ocr_par' dir='ltr' id='par_1_79' title="bbox 2443 2072 3971 2136">
     <span class='ocr_line' id='line_1_79' title="bbox 2443 2072 3971 2136; baseline 0.005 -8"><span class='ocrx_word' id='word_1_564' title='bbox 2443 2073 2517 2129; x_wconf 90' lang='lat' dir='ltr'><strong>De</strong></span> <span class='ocrx_word' id='word_1_565' title='bbox 2565 2073 2904 2129; x_wconf 89' lang='lat' dir='ltr'><strong>ordinatione</strong></span> <span class='ocrx_word' id='word_1_566' title='bbox 2931 2072 3209 2129; x_wconf 78' lang='lat' dir='ltr'><strong>Novatiani</strong></span> <span class='ocrx_word' id='word_1_567' title='bbox 3250 2088 3358 2128; x_wconf 92' lang='lat' dir='ltr'><strong>non</strong></span> <span class='ocrx_word' id='word_1_568' title='bbox 3392 2090 3496 2131; x_wconf 92' lang='lat' dir='ltr'><strong>una</strong></span> <span class='ocrx_word' id='word_1_569' title='bbox 3535 2087 3619 2132; x_wconf 91' lang='lat' dir='ltr'><strong>est</strong></span> <span class='ocrx_word' id='word_1_570' title='bbox 3650 2079 3971 2136; x_wconf 77' lang='lat' dir='ltr'><strong>oriticorunt</strong></span> 
     </span>
    </p>
   </div>
   <div class='ocr_carea' id='block_1_80' title="bbox 2367 2158 3971 2241">
    <p class='ocr_par' dir='ltr' id='par_1_80' title="bbox 2367 2158 3971 2241">
     <span class='ocr_line' id='line_1_80' title="bbox 2367 2158 3971 2241; baseline 0.002 -14"><span class='ocrx_word' id='word_1_571' title='bbox 2367 2169 2655 2226; x_wconf 87' lang='lat' dir='ltr'><strong>sententia.</strong></span> <span class='ocrx_word' id='word_1_572' title='bbox 2702 2169 3026 2237; x_wconf 89' lang='lat' dir='ltr'><strong>Pearsouius</strong></span> <span class='ocrx_word' id='word_1_573' title='bbox 3064 2168 3183 2240; x_wconf 89' lang='lat' dir='ltr'><strong>ipso</strong></span> <span class='ocrx_word' id='word_1_574' title='bbox 3236 2184 3424 2224; x_wconf 85' lang='lat' dir='ltr'><strong>mense</strong></span> <span class='ocrx_word' id='word_1_575' title='bbox 3466 2170 3621 2241; x_wconf 87' lang='lat' dir='ltr'><strong>junio</strong></span> <span class='ocrx_word' id='word_1_576' title='bbox 3660 2158 3971 2231; x_wconf 86' lang='lat' dir='ltr'><strong>ordinatum</strong></span> 
     </span>
    </p>
   </div>
   <div class='ocr_carea' id='block_1_81' title="bbox 2371 2262 3967 2337">
    <p class='ocr_par' dir='ltr' id='par_1_81' title="bbox 2371 2262 3967 2337">
     <span class='ocr_line' id='line_1_81' title="bbox 2371 2262 3967 2337; baseline 0.006 -20"><span class='ocrx_word' id='word_1_577' title='bbox 2371 2263 2535 2319; x_wconf 88' lang='lat' dir='ltr'><strong>fuisse</strong></span> <span class='ocrx_word' id='word_1_578' title='bbox 2561 2262 2911 2319; x_wconf 88' lang='lat' dir='ltr'><strong>Novatianunt</strong></span> <span class='ocrx_word' id='word_1_579' title='bbox 2940 2272 3109 2333; x_wconf 88' lang='lat' dir='ltr'><strong>putat,</strong></span> <span class='ocrx_word' id='word_1_580' title='bbox 3134 2264 3726 2337; x_wconf 85' lang='lat' dir='ltr'><strong>ejusquelegatosjulio</strong></span> <span class='ocrx_word' id='word_1_581' title='bbox 3746 2270 3967 2327; x_wconf 89' lang='lat' dir='ltr'><strong>ineunte</strong></span> 
     </span>
    </p>
   </div>
   <div class='ocr_carea' id='block_1_82' title="bbox 2366 2354 3970 2434">
    <p class='ocr_par' dir='ltr' id='par_1_82' title="bbox 2366 2354 3970 2434">
     <span class='ocr_line' id='line_1_82' title="bbox 2366 2354 3970 2434; baseline 0.004 -22"><span class='ocrx_word' id='word_1_582' title='bbox 2366 2354 2743 2427; x_wconf 82' lang='lat' dir='ltr'><strong>Carthaginem</strong></span> <span class='ocrx_word' id='word_1_583' title='bbox 2767 2357 3012 2411; x_wconf 90' lang='lat' dir='ltr'><strong>venisse:</strong></span> <span class='ocrx_word' id='word_1_584' title='bbox 3044 2357 3425 2417; x_wconf 85' lang='lat' dir='ltr'><strong>Tillemoutius</strong></span> <span class='ocrx_word' id='word_1_585' title='bbox 3447 2359 3496 2414; x_wconf 94' lang='lat' dir='ltr'><strong>id</strong></span> <span class='ocrx_word' id='word_1_586' title='bbox 3523 2363 3812 2434; x_wconf 83' lang='lat' dir='ltr'><strong>contigisse</strong></span> <span class='ocrx_word' id='word_1_587' title='bbox 3835 2364 3970 2421; x_wconf 82' lang='lat' dir='ltr'><strong>con-</strong></span> 
     </span>
    </p>
   </div>
   <div class='ocr_carea' id='block_1_83' title="bbox 2371 2450 3972 2527">
    <p class='ocr_par' dir='ltr' id='par_1_83' title="bbox 2371 2450 3972 2527">
     <span class='ocr_line' id='line_1_83' title="bbox 2371 2450 3972 2527; baseline 0.009 -25"><span class='ocrx_word' id='word_1_588' title='bbox 2371 2450 2542 2503; x_wconf 91' lang='lat' dir='ltr'><strong>tendit</strong></span> <span class='ocrx_word' id='word_1_589' title='bbox 2594 2460 2715 2521; x_wconf 90' lang='lat' dir='ltr'><strong>post</strong></span> <span class='ocrx_word' id='word_1_590' title='bbox 2766 2450 3169 2519; x_wconf 89' lang='lat' dir='ltr'><strong>comprobatam</strong></span> <span class='ocrx_word' id='word_1_591' title='bbox 3221 2452 3482 2509; x_wconf 77' lang='lat' dir='ltr'><strong>universa:</strong></span> <span class='ocrx_word' id='word_1_592' title='bbox 3523 2453 3718 2511; x_wconf 75' lang='lat' dir='ltr'><strong>Africa:</strong></span> <span class='ocrx_word' id='word_1_593' title='bbox 3761 2458 3972 2527; x_wconf 86' lang='lat' dir='ltr'><strong>judicio</strong></span> 
     </span>
    </p>
   </div>
   <div class='ocr_carea' id='block_1_84' title="bbox 2368 2541 3971 2618">
    <p class='ocr_par' dir='ltr' id='par_1_84' title="bbox 2368 2541 3971 2618">
     <span class='ocr_line' id='line_1_84' title="bbox 2368 2541 3971 2618; baseline 0.006 -21"><span class='ocrx_word' id='word_1_594' title='bbox 2368 2541 2763 2597; x_wconf 85' lang='lat' dir='ltr'><strong>ordinationem</strong></span> <span class='ocrx_word' id='word_1_595' title='bbox 2785 2542 3040 2597; x_wconf 88' lang='lat' dir='ltr'><strong>Cornelii.</strong></span> <span class='ocrx_word' id='word_1_596' title='bbox 3069 2541 3185 2598; x_wconf 87' lang='lat' dir='ltr'><strong>Non</strong></span> <span class='ocrx_word' id='word_1_597' title='bbox 3208 2542 3352 2598; x_wconf 86' lang='lat' dir='ltr'><strong>leves</strong></span> <span class='ocrx_word' id='word_1_598' title='bbox 3382 2545 3615 2602; x_wconf 88' lang='lat' dir='ltr'><strong>rationes</strong></span> <span class='ocrx_word' id='word_1_599' title='bbox 3643 2551 3971 2618; x_wconf 84' lang='lat' dir='ltr'><strong>persuadent</strong></span> 
     </span>
    </p>
   </div>
   <div class='ocr_carea' id='block_1_85' title="bbox 2371 2632 3970 2707">
    <p class='ocr_par' dir='ltr' id='par_1_85' title="bbox 2371 2632 3970 2707">
     <span class='ocr_line' id='line_1_85' title="bbox 2371 2632 3970 2707; baseline 0.008 -21"><span class='ocrx_word' id='word_1_600' title='bbox 2371 2632 2575 2690; x_wconf 89' lang='lat' dir='ltr'><strong>facinus</strong></span> <span class='ocrx_word' id='word_1_601' title='bbox 2611 2635 2904 2690; x_wconf 90' lang='lat' dir='ltr'><strong>admissum</strong></span> <span class='ocrx_word' id='word_1_602' title='bbox 2941 2636 3104 2691; x_wconf 89' lang='lat' dir='ltr'><strong>fuisse</strong></span> <span class='ocrx_word' id='word_1_603' title='bbox 3140 2644 3426 2707; x_wconf 79' lang='lat' dir='ltr'><strong>antequam</strong></span> <span class='ocrx_word' id='word_1_604' title='bbox 3456 2636 3636 2695; x_wconf 76' lang='lat' dir='ltr'><strong>Africa</strong></span> <span class='ocrx_word' id='word_1_605' title='bbox 3664 2641 3970 2698; x_wconf 41' lang='lat' dir='ltr'><strong>ordinatio‘</strong></span> 
     </span>
    </p>
   </div>
   <div class='ocr_carea' id='block_1_86' title="bbox 2372 2727 3970 2803">
    <p class='ocr_par' dir='ltr' id='par_1_86' title="bbox 2372 2727 3970 2803">
     <span class='ocr_line' id='line_1_86' title="bbox 2372 2727 3970 2803; baseline 0.006 -22"><span class='ocrx_word' id='word_1_606' title='bbox 2372 2741 2493 2783; x_wconf 88' lang='lat' dir='ltr'><strong>nem</strong></span> <span class='ocrx_word' id='word_1_607' title='bbox 2524 2727 2753 2786; x_wconf 87' lang='lat' dir='ltr'><strong>Cornelii</strong></span> <span class='ocrx_word' id='word_1_608' title='bbox 2778 2730 3095 2787; x_wconf 85' lang='lat' dir='ltr'><strong>testimoniis</strong></span> <span class='ocrx_word' id='word_1_609' title='bbox 3121 2728 3233 2785; x_wconf 90' lang='lat' dir='ltr'><strong>suis</strong></span> <span class='ocrx_word' id='word_1_610' title='bbox 3258 2729 3620 2786; x_wconf 87' lang='lat' dir='ltr'><strong>confirmaret.</strong></span> <span class='ocrx_word' id='word_1_611' title='bbox 3648 2731 3778 2803; x_wconf 86' lang='lat' dir='ltr'><strong>Sed,</strong></span> <span class='ocrx_word' id='word_1_612' title='bbox 3805 2745 3970 2791; x_wconf 83' lang='lat' dir='ltr'><strong>ante-</strong></span> 
     </span>
    </p>
   </div>
   <div class='ocr_carea' id='block_1_87' title="bbox 2369 2824 4055 2897">
    <p class='ocr_par' dir='ltr' id='par_1_87' title="bbox 2369 2824 4055 2897">
     <span class='ocr_line' id='line_1_87' title="bbox 2369 2824 4055 2897; baseline 0.007 -22"><span class='ocrx_word' id='word_1_613' title='bbox 2369 2837 2531 2893; x_wconf 86' lang='lat' dir='ltr'><strong>quam</strong></span> <span class='ocrx_word' id='word_1_614' title='bbox 2561 2824 2611 2880; x_wconf 91' lang='lat' dir='ltr'><strong>id</strong></span> <span class='ocrx_word' id='word_1_615' title='bbox 2646 2825 2873 2896; x_wconf 91' lang='lat' dir='ltr'><strong>probare</strong></span> <span class='ocrx_word' id='word_1_616' title='bbox 2903 2826 3174 2897; x_wconf 88' lang='lat' dir='ltr'><strong>incipiam,</strong></span> <span class='ocrx_word' id='word_1_617' title='bbox 3208 2827 3379 2884; x_wconf 88' lang='lat' dir='ltr'><strong>obiter</strong></span> <span class='ocrx_word' id='word_1_618' title='bbox 3409 2827 3710 2885; x_wconf 84' lang='lat' dir='ltr'><strong>observabo</strong></span> <span class='ocrx_word' id='word_1_619' title='bbox 3733 2829 3969 2887; x_wconf 81' lang='lat' dir='ltr'><strong>Pearso-</strong></span> <span class='ocrx_word' id='word_1_620' title='bbox 4051 2847 4055 2849; x_wconf 47' lang='grc' dir='ltr'>λ</span> 
     </span>
    </p>
   </div>
   <div class='ocr_carea' id='block_1_88' title="bbox 2371 2918 3971 2994">
    <p class='ocr_par' dir='ltr' id='par_1_88' title="bbox 2371 2918 3971 2994">
     <span class='ocr_line' id='line_1_88' title="bbox 2371 2918 3971 2994; baseline 0.004 -22"><span class='ocrx_word' id='word_1_621' title='bbox 2371 2918 2517 2973; x_wconf 90' lang='lat' dir='ltr'><strong>nium</strong></span> <span class='ocrx_word' id='word_1_622' title='bbox 2548 2920 2599 2975; x_wconf 91' lang='lat' dir='ltr'><strong>in</strong></span> <span class='ocrx_word' id='word_1_623' title='bbox 2633 2920 2716 2976; x_wconf 87' lang='lat' dir='ltr'><strong>liis</strong></span> <span class='ocrx_word' id='word_1_624' title='bbox 2746 2937 2865 2992; x_wconf 84' lang='lat' dir='ltr'><strong>quae</strong></span> <span class='ocrx_word' id='word_1_625' title='bbox 2893 2921 2958 2978; x_wconf 91' lang='lat' dir='ltr'><strong>ad</strong></span> <span class='ocrx_word' id='word_1_626' title='bbox 3014 2920 3250 2978; x_wconf 89' lang='lat' dir='ltr'><strong>Cornelii</strong></span> <span class='ocrx_word' id='word_1_627' title='bbox 3300 2920 3691 2979; x_wconf 86' lang='lat' dir='ltr'><strong>ordinationem</strong></span> <span class='ocrx_word' id='word_1_628' title='bbox 3722 2932 3971 2994; x_wconf 90' lang='lat' dir='ltr'><strong>spectant</strong></span> 
     </span>
    </p>
   </div>
   <div class='ocr_carea' id='block_1_89' title="bbox 2370 3009 3970 3082">
    <p class='ocr_par' dir='ltr' id='par_1_89' title="bbox 2370 3009 3970 3082">
     <span class='ocr_line' id='line_1_89' title="bbox 2370 3009 3970 3082; baseline 0.003 -16"><span class='ocrx_word' id='word_1_629' title='bbox 2370 3009 2745 3082; x_wconf 87' lang='lat' dir='ltr'><strong>dispensandis</strong></span> <span class='ocrx_word' id='word_1_630' title='bbox 2766 3015 2939 3069; x_wconf 88' lang='lat' dir='ltr'><strong>minus</strong></span> <span class='ocrx_word' id='word_1_631' title='bbox 2957 3022 3208 3069; x_wconf 87' lang='lat' dir='ltr'><strong>accurate</strong></span> <span class='ocrx_word' id='word_1_632' title='bbox 3226 3015 3447 3070; x_wconf 87' lang='lat' dir='ltr'><strong>versari.</strong></span> <span class='ocrx_word' id='word_1_633' title='bbox 3466 3015 3552 3070; x_wconf 74' lang='lat' dir='ltr'><strong>Ait</strong></span> <span class='ocrx_word' id='word_1_634' title='bbox 3573 3016 3717 3071; x_wconf 89' lang='lat' dir='ltr'><strong>enim</strong></span> <span class='ocrx_word' id='word_1_635' title='bbox 3740 3033 3759 3067; x_wconf 81' lang='grc' dir='ltr'><strong>ι</strong></span> <span class='ocrx_word' id='word_1_636' title='bbox 3780 3030 3970 3072; x_wconf 88' lang='lat' dir='ltr'><strong>mense</strong></span> 
     </span>
    </p>
   </div>
   <div class='ocr_carea' id='block_1_90' title="bbox 2366 3101 3971 3178">
    <p class='ocr_par' dir='ltr' id='par_1_90' title="bbox 2366 3101 3971 3178">
     <span class='ocr_line' id='line_1_90' title="bbox 2366 3101 3971 3178; baseline 0.003 -21"><span class='ocrx_word' id='word_1_637' title='bbox 2366 3101 2518 3172; x_wconf 84' lang='lat' dir='ltr'><strong>junio</strong></span> <span class='ocrx_word' id='word_1_638' title='bbox 2558 3103 2667 3174; x_wconf 83' lang='lat' dir='ltr'><strong>jam</strong></span> <span class='ocrx_word' id='word_1_639' title='bbox 2714 3104 2907 3161; x_wconf 88' lang='lat' dir='ltr'><strong>affecto</strong></span> <span class='ocrx_word' id='word_1_640' title='bbox 2945 3107 3272 3178; x_wconf 88' lang='lat' dir='ltr'><strong>Cyprianum</strong></span> <span class='ocrx_word' id='word_1_641' title='bbox 3325 3106 3601 3176; x_wconf 89' lang='lat' dir='ltr'><strong>accepisse</strong></span> <span class='ocrx_word' id='word_1_642' title='bbox 3637 3106 3865 3164; x_wconf 90' lang='lat' dir='ltr'><strong>Cornelii</strong></span> <span class='ocrx_word' id='word_1_643' title='bbox 3915 3116 3971 3162; x_wconf 92' lang='lat' dir='ltr'><strong>et</strong></span> 
     </span>
    </p>
   </div>
   <div class='ocr_carea' id='block_1_91' title="bbox 2371 3197 3972 3270">
    <p class='ocr_par' dir='ltr' id='par_1_91' title="bbox 2371 3197 3972 3270">
     <span class='ocr_line' id='line_1_91' title="bbox 2371 3197 3972 3270; baseline 0.002 -16"><span class='ocrx_word' id='word_1_644' title='bbox 2371 3198 2696 3269; x_wconf 86' lang='lat' dir='ltr'><strong>collegarum</strong></span> <span class='ocrx_word' id='word_1_645' title='bbox 2745 3199 2968 3255; x_wconf 87' lang='lat' dir='ltr'><strong>litteras.</strong></span> <span class='ocrx_word' id='word_1_646' title='bbox 3003 3219 3021 3252; x_wconf 76' lang='grc' dir='ltr'><strong>ι</strong></span> <span class='ocrx_word' id='word_1_647' title='bbox 3057 3199 3163 3255; x_wconf 89' lang='lat' dir='ltr'><strong>Sed</strong></span> <span class='ocrx_word' id='word_1_648' title='bbox 3214 3214 3277 3254; x_wconf 79' lang='lat' dir='ltr'><strong>ex</strong></span> <span class='ocrx_word' id='word_1_649' title='bbox 3310 3197 3394 3253; x_wconf 93' lang='lat' dir='ltr'><strong>ltis</strong></span> <span class='ocrx_word' id='word_1_650' title='bbox 3429 3215 3549 3269; x_wconf 76' lang='lat' dir='ltr'><strong>qua:</strong></span> <span class='ocrx_word' id='word_1_651' title='bbox 3587 3200 3698 3270; x_wconf 85' lang='lat' dir='ltr'><strong>jam</strong></span> <span class='ocrx_word' id='word_1_652' title='bbox 3733 3199 3972 3257; x_wconf 81' lang='lat' dir='ltr'><strong>diximus</strong></span> 
     </span>
    </p>
   </div>
   <div class='ocr_carea' id='block_1_92' title="bbox 2371 3292 3969 3365">
    <p class='ocr_par' dir='ltr' id='par_1_92' title="bbox 2371 3292 3969 3365">
     <span class='ocr_line' id='line_1_92' title="bbox 2371 3292 3969 3365; baseline 0.001 -18"><span class='ocrx_word' id='word_1_653' title='bbox 2371 3308 2433 3348; x_wconf 87' lang='lat' dir='ltr'><strong>ac</strong></span> <span class='ocrx_word' id='word_1_654' title='bbox 2453 3292 2708 3363; x_wconf 87' lang='lat' dir='ltr'><strong>deinceps</strong></span> <span class='ocrx_word' id='word_1_655' title='bbox 2728 3293 2986 3357; x_wconf 88' lang='lat' dir='ltr'><strong>dicemus,</strong></span> <span class='ocrx_word' id='word_1_656' title='bbox 3013 3293 3334 3365; x_wconf 89' lang='lat' dir='ltr'><strong>perspicitur</strong></span> <span class='ocrx_word' id='word_1_657' title='bbox 3360 3294 3642 3365; x_wconf 86' lang='lat' dir='ltr'><strong>episeopos</strong></span> <span class='ocrx_word' id='word_1_658' title='bbox 3667 3292 3843 3360; x_wconf 84' lang='lat' dir='ltr'><strong>Afros,</strong></span> <span class='ocrx_word' id='word_1_659' title='bbox 3873 3309 3969 3349; x_wconf 90' lang='lat' dir='ltr'><strong>ac-</strong></span> 
     </span>
    </p>
   </div>
   <div class='ocr_carea' id='block_1_93' title="bbox 2373 3384 3970 3456">
    <p class='ocr_par' dir='ltr' id='par_1_93' title="bbox 2373 3384 3970 3456">
     <span class='ocr_line' id='line_1_93' title="bbox 2373 3384 3970 3456; baseline 0 -18"><span class='ocrx_word' id='word_1_660' title='bbox 2373 3386 2544 3453; x_wconf 88' lang='lat' dir='ltr'><strong>ceptis</strong></span> <span class='ocrx_word' id='word_1_661' title='bbox 2569 3384 2803 3440; x_wconf 86' lang='lat' dir='ltr'><strong>Cornelii</strong></span> <span class='ocrx_word' id='word_1_662' title='bbox 2838 3385 3049 3453; x_wconf 89' lang='lat' dir='ltr'><strong>litteris,</strong></span> <span class='ocrx_word' id='word_1_663' title='bbox 3077 3384 3418 3441; x_wconf 89' lang='lat' dir='ltr'><strong>desiderasse</strong></span> <span class='ocrx_word' id='word_1_664' title='bbox 3444 3386 3611 3454; x_wconf 88' lang='lat' dir='ltr'><strong>ipsius</strong></span> <span class='ocrx_word' id='word_1_665' title='bbox 3639 3384 3970 3456; x_wconf 82' lang='lat' dir='ltr'><strong>collegarum</strong></span> 
     </span>
    </p>
   </div>
   <div class='ocr_carea' id='block_1_94' title="bbox 2375 3475 3971 3540">
    <p class='ocr_par' dir='ltr' id='par_1_94' title="bbox 2375 3475 3971 3540">
     <span class='ocr_line' id='line_1_94' title="bbox 2375 3475 3971 3540; baseline 0.002 -9"><span class='ocrx_word' id='word_1_666' title='bbox 2375 3475 2599 3540; x_wconf 87' lang='lat' dir='ltr'><strong>litteras,</strong></span> <span class='ocrx_word' id='word_1_667' title='bbox 2628 3490 2691 3531; x_wconf 93' lang='lat' dir='ltr'><strong>ac</strong></span> <span class='ocrx_word' id='word_1_668' title='bbox 2720 3484 2831 3531; x_wconf 88' lang='lat' dir='ltr'><strong>tum</strong></span> <span class='ocrx_word' id='word_1_669' title='bbox 2854 3476 3069 3532; x_wconf 91' lang='lat' dir='ltr'><strong>demum</strong></span> <span class='ocrx_word' id='word_1_670' title='bbox 3097 3478 3163 3532; x_wconf 88' lang='lat' dir='ltr'><strong>ad</strong></span> <span class='ocrx_word' id='word_1_671' title='bbox 3193 3476 3507 3533; x_wconf 84' lang='lat' dir='ltr'><strong>firmandam</strong></span> <span class='ocrx_word' id='word_1_672' title='bbox 3549 3475 3781 3534; x_wconf 88' lang='lat' dir='ltr'><strong>Cornelii</strong></span> <span class='ocrx_word' id='word_1_673' title='bbox 3815 3478 3971 3534; x_wconf 87' lang='lat' dir='ltr'><strong>ordi-</strong></span> 
     </span>
    </p>
   </div>
   <div class='ocr_carea' id='block_1_95' title="bbox 2374 3558 3968 3640">
    <p class='ocr_par' dir='ltr' id='par_1_95' title="bbox 2374 3558 3968 3640">
     <span class='ocr_line' id='line_1_95' title="bbox 2374 3558 3968 3640; baseline -0.001 -13"><span class='ocrx_word' id='word_1_674' title='bbox 2374 3572 2645 3628; x_wconf 88' lang='lat' dir='ltr'><strong>nationem</strong></span> <span class='ocrx_word' id='word_1_675' title='bbox 2675 3558 3019 3639; x_wconf 51' lang='lat' dir='ltr'><strong>incubnisse,</strong></span> <span class='ocrx_word' id='word_1_676' title='bbox 3038 3587 3160 3627; x_wconf 90' lang='lat' dir='ltr'><strong>cunt</strong></span> <span class='ocrx_word' id='word_1_677' title='bbox 3184 3570 3280 3627; x_wconf 90' lang='lat' dir='ltr'><strong>has</strong></span> <span class='ocrx_word' id='word_1_678' title='bbox 3298 3570 3625 3640; x_wconf 85' lang='lat' dir='ltr'><strong>collegarum</strong></span> <span class='ocrx_word' id='word_1_679' title='bbox 3651 3571 3861 3627; x_wconf 89' lang='lat' dir='ltr'><strong>litteras</strong></span> <span class='ocrx_word' id='word_1_680' title='bbox 3892 3572 3968 3625; x_wconf 86' lang='lat' dir='ltr'><strong>le-</strong></span> 
     </span>
    </p>
   </div>
   <div class='ocr_carea' id='block_1_96' title="bbox 2372 3640 3973 3734">
    <p class='ocr_par' dir='ltr' id='par_1_96' title="bbox 2372 3640 3973 3734">
     <span class='ocr_line' id='line_1_96' title="bbox 2372 3640 3973 3734; baseline 0 -17"><span class='ocrx_word' id='word_1_681' title='bbox 2372 3666 2478 3734; x_wconf 89' lang='lat' dir='ltr'><strong>gati</strong></span> <span class='ocrx_word' id='word_1_682' title='bbox 2522 3663 2840 3720; x_wconf 91' lang='lat' dir='ltr'><strong>retulerunt.</strong></span> <span class='ocrx_word' id='word_1_683' title='bbox 2874 3664 3008 3719; x_wconf 90' lang='lat' dir='ltr'><strong>Cum</strong></span> <span class='ocrx_word' id='word_1_684' title='bbox 3041 3640 3217 3720; x_wconf 79' lang='lat' dir='ltr'><strong>autem</strong></span> <span class='ocrx_word' id='word_1_685' title='bbox 3269 3663 3547 3720; x_wconf 90' lang='lat' dir='ltr'><strong>ordinatus</strong></span> <span class='ocrx_word' id='word_1_686' title='bbox 3586 3663 3745 3719; x_wconf 90' lang='lat' dir='ltr'><strong>fuerit</strong></span> <span class='ocrx_word' id='word_1_687' title='bbox 3783 3678 3973 3719; x_wconf 85' lang='lat' dir='ltr'><strong>mense</strong></span> 
     </span>
    </p>
   </div>
   <div class='ocr_carea' id='block_1_97' title="bbox 2373 3753 3974 3827">
    <p class='ocr_par' dir='ltr' id='par_1_97' title="bbox 2373 3753 3974 3827">
     <span class='ocr_line' id='line_1_97' title="bbox 2373 3753 3974 3827; baseline 0 -16"><span class='ocrx_word' id='word_1_688' title='bbox 2373 3754 2531 3811; x_wconf 83' lang='lat' dir='ltr'><strong>Jnnio</strong></span> <span class='ocrx_word' id='word_1_689' title='bbox 2553 3753 2833 3811; x_wconf 90' lang='lat' dir='ltr'><strong>Cornelius</strong></span> <span class='ocrx_word' id='word_1_690' title='bbox 2858 3798 2873 3823; x_wconf 95' lang='lat'><strong>,</strong></span> <span class='ocrx_word' id='word_1_691' title='bbox 2909 3755 3067 3826; x_wconf 81' lang='lat' dir='ltr'><strong>legati</strong></span> <span class='ocrx_word' id='word_1_692' title='bbox 3103 3766 3222 3826; x_wconf 89' lang='lat' dir='ltr'><strong>post</strong></span> <span class='ocrx_word' id='word_1_693' title='bbox 3248 3765 3525 3826; x_wconf 88' lang='lat' dir='ltr'><strong>acceptum</strong></span> <span class='ocrx_word' id='word_1_694' title='bbox 3558 3756 3714 3827; x_wconf 86' lang='lat' dir='ltr'><strong>hujus</strong></span> <span class='ocrx_word' id='word_1_695' title='bbox 3739 3756 3815 3812; x_wconf 89' lang='lat' dir='ltr'><strong>rei</strong></span> <span class='ocrx_word' id='word_1_696' title='bbox 3844 3773 3974 3811; x_wconf 89' lang='lat' dir='ltr'><strong>nun-</strong></span> 
     </span>
    </p>
   </div>
   <div class='ocr_carea' id='block_1_98' title="bbox 2377 3845 3975 3919">
    <p class='ocr_par' dir='ltr' id='par_1_98' title="bbox 2377 3845 3975 3919">
     <span class='ocr_line' id='line_1_98' title="bbox 2377 3845 3975 3919; baseline 0.002 -17"><span class='ocrx_word' id='word_1_697' title='bbox 2377 3845 2505 3902; x_wconf 91' lang='lat' dir='ltr'><strong>tium</strong></span> <span class='ocrx_word' id='word_1_698' title='bbox 2534 3847 2602 3901; x_wconf 93' lang='lat' dir='ltr'><strong>ab</strong></span> <span class='ocrx_word' id='word_1_699' title='bbox 2632 3846 2775 3903; x_wconf 86' lang='lat' dir='ltr'><strong>Afris</strong></span> <span class='ocrx_word' id='word_1_700' title='bbox 2800 3848 2970 3916; x_wconf 90' lang='lat' dir='ltr'><strong>missi,</strong></span> <span class='ocrx_word' id='word_1_701' title='bbox 3000 3847 3177 3903; x_wconf 88' lang='lat' dir='ltr'><strong>redire</strong></span> <span class='ocrx_word' id='word_1_702' title='bbox 3216 3863 3402 3905; x_wconf 88' lang='lat' dir='ltr'><strong>mense</strong></span> <span class='ocrx_word' id='word_1_703' title='bbox 3439 3847 3593 3919; x_wconf 87' lang='lat' dir='ltr'><strong>junio</strong></span> <span class='ocrx_word' id='word_1_704' title='bbox 3621 3862 3742 3905; x_wconf 90' lang='lat' dir='ltr'><strong>cum</strong></span> <span class='ocrx_word' id='word_1_705' title='bbox 3775 3849 3975 3906; x_wconf 89' lang='lat' dir='ltr'><strong>litteris</strong></span> 
     </span>
    </p>
   </div>
   <div class='ocr_carea' id='block_1_99' title="bbox 2374 3950 2815 4011">
    <p class='ocr_par' dir='ltr' id='par_1_99' title="bbox 2374 3950 2815 4011">
     <span class='ocr_line' id='line_1_99' title="bbox 2374 3950 2815 4011; baseline 0.002 -15"><span class='ocrx_word' id='word_1_706' title='bbox 2374 3956 2480 3996; x_wconf 88' lang='lat' dir='ltr'><strong>non</strong></span> <span class='ocrx_word' id='word_1_707' title='bbox 2507 3950 2815 4011; x_wconf 86' lang='lat' dir='ltr'><strong>potuerunt.</strong></span> 
     </span>
    </p>
   </div>
   <div class='ocr_carea' id='block_1_100' title="bbox 2446 4033 3970 4119">
    <p class='ocr_par' dir='ltr' id='par_1_100' title="bbox 2446 4033 3970 4119">
     <span class='ocr_line' id='line_1_100' title="bbox 2446 4033 3970 4119; baseline 0.003 -32"><span class='ocrx_word' id='word_1_708' title='bbox 2446 4033 2598 4101; x_wconf 88' lang='lat' dir='ltr'><strong>Quod</strong></span> <span class='ocrx_word' id='word_1_709' title='bbox 2647 4045 2825 4089; x_wconf 86' lang='lat' dir='ltr'><strong>autem</strong></span> <span class='ocrx_word' id='word_1_710' title='bbox 2867 4042 3073 4104; x_wconf 90' lang='lat' dir='ltr'><strong>spectat</strong></span> <span class='ocrx_word' id='word_1_711' title='bbox 3115 4035 3183 4119; x_wconf 78' lang='lat' dir='ltr'><strong>ad</strong></span> <span class='ocrx_word' id='word_1_712' title='bbox 3229 4035 3622 4092; x_wconf 87' lang='lat' dir='ltr'><strong>ordinationem</strong></span> <span class='ocrx_word' id='word_1_713' title='bbox 3652 4036 3970 4102; x_wconf 89' lang='lat' dir='ltr'><strong>Novatiani,</strong></span> 
     </span>
    </p>
   </div>
   <div class='ocr_carea' id='block_1_101' title="bbox 2376 4124 3975 4196">
    <p class='ocr_par' dir='ltr' id='par_1_101' title="bbox 2376 4124 3975 4196">
     <span class='ocr_line' id='line_1_101' title="bbox 2376 4124 3975 4196; baseline 0.003 -16"><span class='ocrx_word' id='word_1_714' title='bbox 2376 4124 2535 4180; x_wconf 86' lang='lat' dir='ltr'><strong>facile</strong></span> <span class='ocrx_word' id='word_1_715' title='bbox 2588 4126 2841 4196; x_wconf 88' lang='lat' dir='ltr'><strong>probatur</strong></span> <span class='ocrx_word' id='word_1_716' title='bbox 2889 4125 3151 4184; x_wconf 89' lang='lat' dir='ltr'><strong>adversus</strong></span> <span class='ocrx_word' id='word_1_717' title='bbox 3196 4128 3599 4185; x_wconf 86' lang='lat' dir='ltr'><strong>&#39;l‘illcutontiunt</strong></span> <span class='ocrx_word' id='word_1_718' title='bbox 3648 4130 3755 4186; x_wconf 84' lang='lat' dir='ltr'><strong>hoc</strong></span> <span class='ocrx_word' id='word_1_719' title='bbox 3797 4132 3975 4186; x_wconf 87' lang='lat' dir='ltr'><strong>scelus</strong></span> 
     </span>
    </p>
   </div>
   <div class='ocr_carea' id='block_1_102' title="bbox 2374 4217 3970 4291">
    <p class='ocr_par' dir='ltr' id='par_1_102' title="bbox 2374 4217 3970 4291">
     <span class='ocr_line' id='line_1_102' title="bbox 2374 4217 3970 4291; baseline 0.003 -19"><span class='ocrx_word' id='word_1_720' title='bbox 2374 4217 2719 4273; x_wconf 90' lang='lat' dir='ltr'><strong>commissum</strong></span> <span class='ocrx_word' id='word_1_721' title='bbox 2744 4218 2906 4275; x_wconf 88' lang='lat' dir='ltr'><strong>fuisse</strong></span> <span class='ocrx_word' id='word_1_722' title='bbox 2936 4220 3093 4289; x_wconf 85' lang='lat' dir='ltr'><strong>paulo</strong></span> <span class='ocrx_word' id='word_1_723' title='bbox 3121 4231 3238 4290; x_wconf 88' lang='lat' dir='ltr'><strong>post</strong></span> <span class='ocrx_word' id='word_1_724' title='bbox 3268 4221 3661 4279; x_wconf 85' lang='lat' dir='ltr'><strong>ordinationem</strong></span> <span class='ocrx_word' id='word_1_725' title='bbox 3693 4224 3970 4291; x_wconf 89' lang='lat' dir='ltr'><strong>Cornelii,</strong></span> 
     </span>
    </p>
   </div>
   <div class='ocr_carea' id='block_1_103' title="bbox 2377 4309 3973 4383">
    <p class='ocr_par' dir='ltr' id='par_1_103' title="bbox 2377 4309 3973 4383">
     <span class='ocr_line' id='line_1_103' title="bbox 2377 4309 3973 4383; baseline 0.004 -19"><span class='ocrx_word' id='word_1_726' title='bbox 2377 4324 2438 4364; x_wconf 91' lang='lat' dir='ltr'><strong>ac</strong></span> <span class='ocrx_word' id='word_1_727' title='bbox 2473 4309 2609 4366; x_wconf 85' lang='lat' dir='ltr'><strong>forte</strong></span> <span class='ocrx_word' id='word_1_728' title='bbox 2643 4312 2800 4365; x_wconf 87' lang='lat' dir='ltr'><strong>ctiant</strong></span> <span class='ocrx_word' id='word_1_729' title='bbox 2842 4313 2957 4381; x_wconf 87' lang='lat' dir='ltr'><strong>ipso</strong></span> <span class='ocrx_word' id='word_1_730' title='bbox 2999 4327 3182 4367; x_wconf 92' lang='lat' dir='ltr'><strong>mense</strong></span> <span class='ocrx_word' id='word_1_731' title='bbox 3225 4313 3376 4383; x_wconf 78' lang='lat' dir='ltr'><strong>juuiu</strong></span> <span class='ocrx_word' id='word_1_732' title='bbox 3417 4324 3681 4380; x_wconf 77' lang='lat' dir='ltr'><strong>exeunte,</strong></span> <span class='ocrx_word' id='word_1_733' title='bbox 3715 4327 3770 4371; x_wconf 89' lang='grc' dir='ltr'><strong>ιιι</strong></span> <span class='ocrx_word' id='word_1_734' title='bbox 3801 4317 3973 4372; x_wconf 89' lang='lat' dir='ltr'><strong>visum</strong></span> 
     </span>
    </p>
   </div>
   <div class='ocr_carea' id='block_1_104' title="bbox 2377 4388 3970 4476">
    <p class='ocr_par' dir='ltr' id='par_1_104' title="bbox 2377 4388 3970 4476">
     <span class='ocr_line' id='line_1_104' title="bbox 2377 4388 3970 4476; baseline 0.003 -15"><span class='ocrx_word' id='word_1_735' title='bbox 2377 4415 2461 4461; x_wconf 93' lang='lat' dir='ltr'><strong>cst</strong></span> <span class='ocrx_word' id='word_1_736' title='bbox 2485 4405 2799 4461; x_wconf 86' lang='lat' dir='ltr'><strong>Pcarsonio.</strong></span> <span class='ocrx_word' id='word_1_737' title='bbox 2830 4405 2959 4460; x_wconf 76' lang='lat' dir='ltr'><strong>Nam</strong></span> <span class='ocrx_word' id='word_1_738' title='bbox 2991 4408 3149 4476; x_wconf 88' lang='lat' dir='ltr'><strong>legati</strong></span> <span class='ocrx_word' id='word_1_739' title='bbox 3181 4424 3209 4460; x_wconf 92' lang='lat' dir='ltr'><strong>a</strong></span> <span class='ocrx_word' id='word_1_740' title='bbox 3236 4388 3531 4464; x_wconf 75' lang='lat' dir='ltr'><strong>Novatiano</strong></span> <span class='ocrx_word' id='word_1_741' title='bbox 3562 4409 3711 4465; x_wconf 88' lang='lat' dir='ltr'><strong>missi</strong></span> <span class='ocrx_word' id='word_1_742' title='bbox 3735 4411 3786 4465; x_wconf 90' lang='lat' dir='ltr'><strong>in</strong></span> <span class='ocrx_word' id='word_1_743' title='bbox 3827 4410 3970 4465; x_wconf 76' lang='lat' dir='ltr'><strong>Afri-</strong></span> 
     </span>
    </p>
   </div>
   <div class='ocr_carea' id='block_1_105' title="bbox 2350 4498 3976 4567">
    <p class='ocr_par' dir='ltr' id='par_1_105' title="bbox 2350 4498 3976 4567">
     <span class='ocr_line' id='line_1_105' title="bbox 2350 4498 3976 4567; baseline 0.004 -17"><span class='ocrx_word' id='word_1_744' title='bbox 2350 4506 2499 4550; x_wconf 76' lang='lat' dir='ltr'><strong>‘cant</strong></span> <span class='ocrx_word' id='word_1_745' title='bbox 2539 4508 2805 4552; x_wconf 78' lang='lat' dir='ltr'><strong>venerunt</strong></span> <span class='ocrx_word' id='word_1_746' title='bbox 2849 4508 3134 4567; x_wconf 90' lang='lat' dir='ltr'><strong>antequam</strong></span> <span class='ocrx_word' id='word_1_747' title='bbox 3168 4498 3338 4554; x_wconf 85' lang='lat' dir='ltr'><strong>Roma</strong></span> <span class='ocrx_word' id='word_1_748' title='bbox 3379 4500 3665 4556; x_wconf 89' lang='lat' dir='ltr'><strong>rediissent</strong></span> <span class='ocrx_word' id='word_1_749' title='bbox 3686 4498 3976 4557; x_wconf 77' lang='lat' dir='ltr'><strong>Caldonius</strong></span> 
     </span>
    </p>
   </div>
   <div class='ocr_carea' id='block_1_106' title="bbox 2380 4588 3975 4661">
    <p class='ocr_par' dir='ltr' id='par_1_106' title="bbox 2380 4588 3975 4661">
     <span class='ocr_line' id='line_1_106' title="bbox 2380 4588 3975 4661; baseline 0.003 -16"><span class='ocrx_word' id='word_1_750' title='bbox 2380 4599 2435 4645; x_wconf 89' lang='lat' dir='ltr'><strong>et</strong></span> <span class='ocrx_word' id='word_1_751' title='bbox 2461 4588 2807 4654; x_wconf 87' lang='lat' dir='ltr'><strong>Fortunatus,</strong></span> <span class='ocrx_word' id='word_1_752' title='bbox 2837 4590 3234 4661; x_wconf 82' lang='lat' dir='ltr'><strong>quos&#39;cpiscopi</strong></span> <span class='ocrx_word' id='word_1_753' title='bbox 3270 4591 3503 4648; x_wconf 81' lang='lat' dir='ltr'><strong>Africani</strong></span> <span class='ocrx_word' id='word_1_754' title='bbox 3534 4595 3584 4648; x_wconf 90' lang='lat' dir='ltr'><strong>itt</strong></span> <span class='ocrx_word' id='word_1_755' title='bbox 3623 4591 3761 4648; x_wconf 88' lang='lat' dir='ltr'><strong>hanc</strong></span> <span class='ocrx_word' id='word_1_756' title='bbox 3788 4588 3975 4650; x_wconf 90' lang='lat' dir='ltr'><strong>urbcnt</strong></span> 
     </span>
    </p>
   </div>
   <div class='ocr_carea' id='block_1_107' title="bbox 2379 4682 3976 4759">
    <p class='ocr_par' dir='ltr' id='par_1_107' title="bbox 2379 4682 3976 4759">
     <span class='ocr_line' id='line_1_107' title="bbox 2379 4682 3976 4759; baseline 0.004 -22"><span class='ocrx_word' id='word_1_757' title='bbox 2379 4683 2446 4738; x_wconf 90' lang='lat' dir='ltr'><strong>ad</strong></span> <span class='ocrx_word' id='word_1_758' title='bbox 2469 4682 2734 4752; x_wconf 89' lang='lat' dir='ltr'><strong>pacandas</strong></span> <span class='ocrx_word' id='word_1_759' title='bbox 2754 4685 3116 4740; x_wconf 74' lang='lat' dir='ltr'><strong>dissensiones</strong></span> <span class='ocrx_word' id='word_1_760' title='bbox 3134 4686 3408 4743; x_wconf 89' lang='lat' dir='ltr'><strong>miserant.</strong></span> <span class='ocrx_word' id='word_1_761' title='bbox 3429 4687 3536 4743; x_wconf 79' lang='lat' dir='ltr'><strong>Res</strong></span> <span class='ocrx_word' id='word_1_762' title='bbox 3553 4697 3633 4743; x_wconf 91' lang='lat' dir='ltr'><strong>est</strong></span> <span class='ocrx_word' id='word_1_763' title='bbox 3652 4689 3704 4742; x_wconf 92' lang='lat' dir='ltr'><strong>in</strong></span> <span class='ocrx_word' id='word_1_764' title='bbox 3727 4701 3976 4759; x_wconf 90' lang='lat' dir='ltr'><strong>promptu</strong></span> 
     </span>
    </p>
   </div>
   <div class='ocr_carea' id='block_1_108' title="bbox 2377 4775 3977 4850">
    <p class='ocr_par' dir='ltr' id='par_1_108' title="bbox 2377 4775 3977 4850">
     <span class='ocr_line' id='line_1_108' title="bbox 2377 4775 3977 4850; baseline 0.004 -21"><span class='ocrx_word' id='word_1_765' title='bbox 2377 4791 2441 4829; x_wconf 81' lang='lat' dir='ltr'><strong>ex</strong></span> <span class='ocrx_word' id='word_1_766' title='bbox 2474 4775 2707 4845; x_wconf 73' lang='lat' dir='ltr'><strong>Epistula</strong></span> <span class='ocrx_word' id='word_1_767' title='bbox 2755 4792 2861 4843; x_wconf 65' lang='grc' dir='ltr'>κω,</span> <span class='ocrx_word' id='word_1_768' title='bbox 2892 4777 2977 4832; x_wconf 92' lang='lat' dir='ltr'><strong>ubi</strong></span> <span class='ocrx_word' id='word_1_769' title='bbox 3021 4787 3204 4832; x_wconf 74' lang='lat' dir='ltr'><strong>ttat‘t‘ul.</strong></span> <span class='ocrx_word' id='word_1_770' title='bbox 3234 4777 3534 4849; x_wconf 86' lang='lat' dir='ltr'><strong>Cyprianus</strong></span> <span class='ocrx_word' id='word_1_771' title='bbox 3560 4779 3763 4850; x_wconf 84' lang='lat' dir='ltr'><strong>legatos</strong></span> <span class='ocrx_word' id='word_1_772' title='bbox 3790 4780 3977 4835; x_wconf 84' lang='lat' dir='ltr'><strong>Nova-</strong></span> 
     </span>
    </p>
   </div>
   <div class='ocr_carea' id='block_1_109' title="bbox 2381 4868 3975 4941">
    <p class='ocr_par' dir='ltr' id='par_1_109' title="bbox 2381 4868 3975 4941">
     <span class='ocr_line' id='line_1_109' title="bbox 2381 4868 3975 4941; baseline 0.003 -19"><span class='ocrx_word' id='word_1_773' title='bbox 2381 4868 2528 4933; x_wconf 90' lang='lat' dir='ltr'><strong>tiani,</strong></span> <span class='ocrx_word' id='word_1_774' title='bbox 2559 4870 2739 4924; x_wconf 90' lang='lat' dir='ltr'><strong>statim</strong></span> <span class='ocrx_word' id='word_1_775' title='bbox 2785 4869 3360 4941; x_wconf 82' lang='lat' dir='ltr'><strong>atqueCartbagineut</strong></span> <span class='ocrx_word' id='word_1_776' title='bbox 3411 4883 3671 4929; x_wconf 90' lang='lat' dir='ltr'><strong>venerunt</strong></span> <span class='ocrx_word' id='word_1_777' title='bbox 3702 4883 3758 4930; x_wconf 91' lang='lat' dir='ltr'><strong>et</strong></span> <span class='ocrx_word' id='word_1_778' title='bbox 3798 4873 3975 4929; x_wconf 81' lang='lat' dir='ltr'><strong>Nova-</strong></span> 
     </span>
    </p>
   </div>
   <div class='ocr_carea' id='block_1_110' title="bbox 2381 4962 3977 5034">
    <p class='ocr_par' dir='ltr' id='par_1_110' title="bbox 2381 4962 3977 5034">
     <span class='ocr_line' id='line_1_110' title="bbox 2381 4962 3977 5034; baseline 0.001 -17"><span class='ocrx_word' id='word_1_779' title='bbox 2381 4963 2581 5017; x_wconf 89' lang='lat' dir='ltr'><strong>tiattunt</strong></span> <span class='ocrx_word' id='word_1_780' title='bbox 2609 4963 2921 5034; x_wconf 87' lang='lat' dir='ltr'><strong>episc0putn</strong></span> <span class='ocrx_word' id='word_1_781' title='bbox 2939 4962 3140 5019; x_wconf 88' lang='lat' dir='ltr'><strong>factum</strong></span> <span class='ocrx_word' id='word_1_782' title='bbox 3174 4967 3519 5033; x_wconf 87' lang='lat' dir='ltr'><strong>nuntiarunt,</strong></span> <span class='ocrx_word' id='word_1_783' title='bbox 3543 4982 3573 5021; x_wconf 88' lang='lat' dir='ltr'><strong>a</strong></span> <span class='ocrx_word' id='word_1_784' title='bbox 3597 4966 3977 5022; x_wconf 89' lang='lat' dir='ltr'><strong>communione</strong></span> 
     </span>
    </p>
   </div>
   <div class='ocr_carea' id='block_1_111' title="bbox 2380 5053 3977 5128">
    <p class='ocr_par' dir='ltr' id='par_1_111' title="bbox 2380 5053 3977 5128">
     <span class='ocr_line' id='line_1_111' title="bbox 2380 5053 3977 5128; baseline 0.002 -19"><span class='ocrx_word' id='word_1_785' title='bbox 2380 5055 2682 5127; x_wconf 84' lang='lat' dir='ltr'><strong>prohibitos</strong></span> <span class='ocrx_word' id='word_1_786' title='bbox 2709 5053 2891 5121; x_wconf 89' lang='lat' dir='ltr'><strong>fuisse,</strong></span> <span class='ocrx_word' id='word_1_787' title='bbox 2934 5074 2953 5107; x_wconf 81' lang='grc' dir='ltr'><strong>ι</strong></span> <span class='ocrx_word' id='word_1_788' title='bbox 2993 5055 3232 5111; x_wconf 83' lang='lat' dir='ltr'><strong>refutatis</strong></span> <span class='ocrx_word' id='word_1_789' title='bbox 3272 5057 3483 5112; x_wconf 89' lang='lat' dir='ltr'><strong>interim</strong></span> <span class='ocrx_word' id='word_1_790' title='bbox 3525 5073 3588 5114; x_wconf 90' lang='lat' dir='ltr'><strong>ac</strong></span> <span class='ocrx_word' id='word_1_791' title='bbox 3635 5058 3830 5114; x_wconf 84' lang='lat' dir='ltr'><strong>retusis</strong></span> <span class='ocrx_word' id='word_1_792' title='bbox 3857 5074 3977 5128; x_wconf 69' lang='lat' dir='ltr'><strong>qua:</strong></span> 
     </span>
    </p>
   </div>
   <div class='ocr_carea' id='block_1_112' title="bbox 2380 5148 3975 5222">
    <p class='ocr_par' dir='ltr' id='par_1_112' title="bbox 2380 5148 3975 5222">
     <span class='ocr_line' id='line_1_112' title="bbox 2380 5148 3975 5222; baseline 0.001 -18"><span class='ocrx_word' id='word_1_793' title='bbox 2380 5148 2645 5207; x_wconf 75' lang='lat' dir='ltr'><strong>obstinate</strong></span> <span class='ocrx_word' id='word_1_794' title='bbox 2667 5165 2730 5206; x_wconf 89' lang='lat' dir='ltr'><strong>ac</strong></span> <span class='ocrx_word' id='word_1_795' title='bbox 2758 5150 3098 5222; x_wconf 87' lang='lat' dir='ltr'><strong>pertinaciter</strong></span> <span class='ocrx_word' id='word_1_796' title='bbox 3122 5167 3368 5208; x_wconf 87' lang='lat' dir='ltr'><strong>asserere</strong></span> <span class='ocrx_word' id='word_1_797' title='bbox 3397 5151 3689 5208; x_wconf 88' lang='lat' dir='ltr'><strong>tentabant.</strong></span> <span class='ocrx_word' id='word_1_798' title='bbox 3718 5172 3732 5206; x_wconf 88' lang='lat' dir='ltr'><strong>t</strong></span> <span class='ocrx_word' id='word_1_799' title='bbox 3775 5153 3975 5209; x_wconf 89' lang='lat' dir='ltr'><strong>Deinde</strong></span> 
     </span>
    </p>
   </div>
   <div class='ocr_carea' id='block_1_113' title="bbox 2383 5244 3973 5318">
    <p class='ocr_par' dir='ltr' id='par_1_113' title="bbox 2383 5244 3973 5318">
     <span class='ocr_line' id='line_1_113' title="bbox 2383 5244 3973 5318; baseline -0.001 -19"><span class='ocrx_word' id='word_1_800' title='bbox 2383 5246 2498 5300; x_wconf 77' lang='lat' dir='ltr'><strong>hwc</strong></span> <span class='ocrx_word' id='word_1_801' title='bbox 2524 5244 2709 5300; x_wconf 89' lang='lat' dir='ltr'><strong>addit:</strong></span> <span class='ocrx_word' id='word_1_802' title='bbox 2750 5263 2767 5297; x_wconf 86' lang='grc' dir='ltr'><strong>ι</strong></span> <span class='ocrx_word' id='word_1_803' title='bbox 2808 5244 2941 5300; x_wconf 85' lang='lat' dir='ltr'><strong>Nam</strong></span> <span class='ocrx_word' id='word_1_804' title='bbox 2969 5256 3025 5301; x_wconf 91' lang='lat' dir='ltr'><strong>et</strong></span> <span class='ocrx_word' id='word_1_805' title='bbox 3053 5260 3154 5317; x_wconf 86' lang='lat' dir='ltr'><strong>ego</strong></span> <span class='ocrx_word' id='word_1_806' title='bbox 3184 5256 3237 5302; x_wconf 91' lang='lat' dir='ltr'><strong>et</strong></span> <span class='ocrx_word' id='word_1_807' title='bbox 3275 5246 3496 5317; x_wconf 85' lang='lat' dir='ltr'><strong>collegae</strong></span> <span class='ocrx_word' id='word_1_808' title='bbox 3537 5245 3747 5317; x_wconf 87' lang='lat' dir='ltr'><strong>plurimi</strong></span> <span class='ocrx_word' id='word_1_809' title='bbox 3782 5248 3870 5318; x_wconf 92' lang='lat' dir='ltr'><strong>qni</strong></span> <span class='ocrx_word' id='word_1_810' title='bbox 3911 5245 3973 5300; x_wconf 83' lang='lat' dir='ltr'><strong>ad</strong></span> 
     </span>
    </p>
   </div>
   <div class='ocr_carea' id='block_1_114' title="bbox 2383 5338 3975 5410">
    <p class='ocr_par' dir='ltr' id='par_1_114' title="bbox 2383 5338 3975 5410">
     <span class='ocr_line' id='line_1_114' title="bbox 2383 5338 3975 5410; baseline -0.003 -15"><span class='ocrx_word' id='word_1_811' title='bbox 2383 5356 2469 5395; x_wconf 90' lang='lat' dir='ltr'><strong>me</strong></span> <span class='ocrx_word' id='word_1_812' title='bbox 2504 5349 2904 5404; x_wconf 78' lang='lat' dir='ltr'><strong>convenerant,</strong></span> <span class='ocrx_word' id='word_1_813' title='bbox 2957 5340 3359 5409; x_wconf 76' lang='lat' dir='ltr'><strong>expectavimus</strong></span> <span class='ocrx_word' id='word_1_814' title='bbox 3408 5338 3695 5395; x_wconf 80' lang='lat' dir='ltr'><strong>adventum</strong></span> <span class='ocrx_word' id='word_1_815' title='bbox 3744 5339 3975 5410; x_wconf 86' lang='lat' dir='ltr'><strong>collega-</strong></span> 
     </span>
    </p>
   </div>
   <div class='ocr_carea' id='block_1_115' title="bbox 2383 5432 3974 5504">
    <p class='ocr_par' dir='ltr' id='par_1_115' title="bbox 2383 5432 3974 5504">
     <span class='ocr_line' id='line_1_115' title="bbox 2383 5432 3974 5504; baseline -0.004 -13"><span class='ocrx_word' id='word_1_816' title='bbox 2383 5451 2501 5491; x_wconf 88' lang='lat' dir='ltr'><strong>rum</strong></span> <span class='ocrx_word' id='word_1_817' title='bbox 2554 5446 2858 5491; x_wconf 87' lang='lat' dir='ltr'><strong>nostrorutn</strong></span> <span class='ocrx_word' id='word_1_818' title='bbox 2900 5432 3141 5490; x_wconf 88' lang='lat' dir='ltr'><strong>Caldonii</strong></span> <span class='ocrx_word' id='word_1_819' title='bbox 3183 5443 3235 5489; x_wconf 89' lang='lat' dir='ltr'><strong>et</strong></span> <span class='ocrx_word' id='word_1_820' title='bbox 3285 5433 3597 5500; x_wconf 85' lang='lat' dir='ltr'><strong>Fortunati,</strong></span> <span class='ocrx_word' id='word_1_821' title='bbox 3637 5448 3773 5504; x_wconf 88' lang='lat' dir='ltr'><strong>quos</strong></span> <span class='ocrx_word' id='word_1_822' title='bbox 3811 5432 3877 5487; x_wconf 93' lang='lat' dir='ltr'><strong>ad</strong></span> <span class='ocrx_word' id='word_1_823' title='bbox 3926 5441 3974 5486; x_wconf 90' lang='lat' dir='ltr'><strong>te</strong></span> 
     </span>
    </p>
   </div>
   <div class='ocr_carea' id='block_1_116' title="bbox 2382 5527 3973 5600">
    <p class='ocr_par' dir='ltr' id='par_1_116' title="bbox 2382 5527 3973 5600">
     <span class='ocr_line' id='line_1_116' title="bbox 2382 5527 3973 5600; baseline -0.004 -16"><span class='ocrx_word' id='word_1_824' title='bbox 2382 5545 2553 5600; x_wconf 91' lang='lat' dir='ltr'><strong>nuper</strong></span> <span class='ocrx_word' id='word_1_825' title='bbox 2602 5539 2656 5584; x_wconf 91' lang='lat' dir='ltr'><strong>ct</strong></span> <span class='ocrx_word' id='word_1_826' title='bbox 2710 5530 3057 5599; x_wconf 79' lang='lat' dir='ltr'><strong>coepiSCopos</strong></span> <span class='ocrx_word' id='word_1_827' title='bbox 3105 5537 3318 5584; x_wconf 86' lang='lat' dir='ltr'><strong>nostros</strong></span> <span class='ocrx_word' id='word_1_828' title='bbox 3361 5528 3452 5599; x_wconf 86' lang='lat' dir='ltr'><strong>qui</strong></span> <span class='ocrx_word' id='word_1_829' title='bbox 3493 5527 3815 5584; x_wconf 89' lang='lat' dir='ltr'><strong>ordinationi</strong></span> <span class='ocrx_word' id='word_1_830' title='bbox 3872 5534 3973 5580; x_wconf 70' lang='lat' dir='ltr'><strong>tu;e</strong></span> 
     </span>
    </p>
   </div>
   <div class='ocr_carea' id='block_1_117' title="bbox 2382 5621 3974 5693">
    <p class='ocr_par' dir='ltr' id='par_1_117' title="bbox 2382 5621 3974 5693">
     <span class='ocr_line' id='line_1_117' title="bbox 2382 5621 3974 5693; baseline -0.002 -15"><span class='ocrx_word' id='word_1_831' title='bbox 2382 5622 2663 5688; x_wconf 80' lang='lat' dir='ltr'><strong>affuerant,</strong></span> <span class='ocrx_word' id='word_1_832' title='bbox 2716 5623 2919 5693; x_wconf 83' lang='lat' dir='ltr'><strong>legatos</strong></span> <span class='ocrx_word' id='word_1_833' title='bbox 2948 5623 3296 5690; x_wconf 90' lang='lat' dir='ltr'><strong>miseramus,</strong></span> <span class='ocrx_word' id='word_1_834' title='bbox 3329 5630 3420 5688; x_wconf 92' lang='lat' dir='ltr'><strong>ut,</strong></span> <span class='ocrx_word' id='word_1_835' title='bbox 3460 5621 3540 5677; x_wconf 90' lang='lat' dir='ltr'><strong>cis</strong></span> <span class='ocrx_word' id='word_1_836' title='bbox 3568 5621 3974 5677; x_wconf 83' lang='lat' dir='ltr'><strong>adventantibus</strong></span> 
     </span>
    </p>
   </div>
   <div class='ocr_carea' id='block_1_118' title="bbox 2382 5714 3975 5785">
    <p class='ocr_par' dir='ltr' id='par_1_118' title="bbox 2382 5714 3975 5785">
     <span class='ocr_line' id='line_1_118' title="bbox 2382 5714 3975 5785; baseline -0.005 -13"><span class='ocrx_word' id='word_1_837' title='bbox 2382 5725 2435 5773; x_wconf 89' lang='lat' dir='ltr'><strong>et</strong></span> <span class='ocrx_word' id='word_1_838' title='bbox 2463 5715 2538 5770; x_wconf 89' lang='lat' dir='ltr'><strong>rei</strong></span> <span class='ocrx_word' id='word_1_839' title='bbox 2567 5725 2734 5785; x_wconf 67' lang='lat' dir='ltr'><strong>gestae</strong></span> <span class='ocrx_word' id='word_1_840' title='bbox 2780 5715 3056 5770; x_wconf 87' lang='lat' dir='ltr'><strong>veritatem</strong></span> <span class='ocrx_word' id='word_1_841' title='bbox 3101 5714 3518 5785; x_wconf 87' lang='lat' dir='ltr'><strong>reportantibus,</strong></span> <span class='ocrx_word' id='word_1_842' title='bbox 3565 5714 3770 5785; x_wconf 87' lang='lat' dir='ltr'><strong>majore</strong></span> <span class='ocrx_word' id='word_1_843' title='bbox 3795 5723 3975 5766; x_wconf 89' lang='lat' dir='ltr'><strong>aucto-</strong></span> 
     </span>
    </p>
   </div>
   <div class='ocr_carea' id='block_1_119' title="bbox 2382 5805 3976 5879">
    <p class='ocr_par' dir='ltr' id='par_1_119' title="bbox 2382 5805 3976 5879">
     <span class='ocr_line' id='line_1_119' title="bbox 2382 5805 3976 5879; baseline -0.005 -12"><span class='ocrx_word' id='word_1_844' title='bbox 2382 5811 2541 5867; x_wconf 86' lang='lat' dir='ltr'><strong>ritate</strong></span> <span class='ocrx_word' id='word_1_845' title='bbox 2571 5818 2625 5864; x_wconf 89' lang='lat' dir='ltr'><strong>et</strong></span> <span class='ocrx_word' id='word_1_846' title='bbox 2665 5808 2836 5864; x_wconf 77' lang='lat' dir='ltr'><strong>lucida</strong></span> <span class='ocrx_word' id='word_1_847' title='bbox 2885 5823 2979 5879; x_wconf 88' lang='lat' dir='ltr'><strong>per</strong></span> <span class='ocrx_word' id='word_1_848' title='bbox 3019 5822 3113 5864; x_wconf 89' lang='lat' dir='ltr'><strong>eos</strong></span> <span class='ocrx_word' id='word_1_849' title='bbox 3151 5806 3493 5877; x_wconf 88' lang='lat' dir='ltr'><strong>probatione,</strong></span> <span class='ocrx_word' id='word_1_850' title='bbox 3528 5806 3693 5876; x_wconf 87' lang='lat' dir='ltr'><strong>partis</strong></span> <span class='ocrx_word' id='word_1_851' title='bbox 3738 5805 3976 5861; x_wconf 75' lang='lat' dir='ltr'><strong>advctsze</strong></span> 
     </span>
    </p>
   </div>
   <div class='ocr_carea' id='block_1_120' title="bbox 2385 5895 3976 5975">
    <p class='ocr_par' dir='ltr' id='par_1_120' title="bbox 2385 5895 3976 5975">
     <span class='ocr_line' id='line_1_120' title="bbox 2385 5895 3976 5975; baseline -0.007 -15"><span class='ocrx_word' id='word_1_852' title='bbox 2385 5902 2697 5975; x_wconf 82' lang='lat' dir='ltr'><strong>improbitas</strong></span> <span class='ocrx_word' id='word_1_853' title='bbox 2752 5901 3099 5975; x_wconf 85' lang='lat' dir='ltr'><strong>frangeretur.</strong></span> <span class='ocrx_word' id='word_1_854' title='bbox 3139 5920 3158 5953; x_wconf 83' lang='grc'>›</span> <span class='ocrx_word' id='word_1_855' title='bbox 3212 5899 3401 5972; x_wconf 85' lang='lat' dir='ltr'><strong>Liquet</strong></span> <span class='ocrx_word' id='word_1_856' title='bbox 3436 5913 3566 5970; x_wconf 84' lang='lat' dir='ltr'><strong>ergo</strong></span> <span class='ocrx_word' id='word_1_857' title='bbox 3593 5896 3869 5957; x_wconf 86' lang='lat' dir='ltr'><strong>Novatiani</strong></span> <span class='ocrx_word' id='word_1_858' title='bbox 3903 5895 3976 5950; x_wconf 89' lang='lat' dir='ltr'><strong>le-</strong></span> 
     </span>
    </p>
   </div>
  </div>
