4172 6264
202 286 328 347 ,129

211 405 381 470 gates
423 397 652 455 reditum
682 397 1052 454 Africanorum
1097 396 1383 468 prresulum
1411 397 1688 455 celeritate
1729 413 1819 453 su-

221 506 488 560 perasse,
554 506 753 561 eosque
825 490 1034 547 interim
1091 492 1469 547 communione
1528 492 1824 562 prohibitos

226 584 405 639 fuisse
448 585 572 639 dum
604 584 896 655 legatorum
929 584 1132 640 reditus
1156 594 1517 655 exspectatur.
1547 584 1647 651 Qui
1677 596 1824 654 post-

218 694 390 748 quam
416 676 726 743 redierunt,
760 678 931 748 iisque
972 687 1400 748 supervenerunt
1436 677 1545 734 duo
1582 678 1671 733 alii
1709 679 1827 750 epi-

218 773 380 841 scopi
400 771 687 841 Pompeius
705 771 1101 842 etStephanus,
1126 771 1215 842 qui
1239 770 1472 827 Cornelii
1503 771 1827 828 ordinatioui

218 863 618 931 interfuerant,
648 873 763 919 tum
791 879 923 920 vero
949 875 1005 920 et
1040 864 1234 919 litteris
1261 864 1514 923 Italorum
1544 866 1827 936 episcopo-

221 972 349 1011 rum
374 972 506 1028 quas
528 955 686 1027 legati
714 956 1039 1025 attulerant,
1078 968 1133 1013 et
1176 958 1415 1029 Pompeii
1465 969 1519 1015 et
1571 956 1829 1029 Stephani

226 1048 558 1105 testimoniis
604 1049 683 1104 sic
725 1048 989 1105 illustrata
1030 1059 1083 1105 et
1128 1049 1444 1105 conﬁrmata
1469 1067 1558 1107 res
1577 1057 1682 1114 est,
1721 1068 1739 1101 ‹
1778 1058 1835 1104 ut

224 1158 332 1198 nec
360 1134 583 1198 necesse
627 1141 790 1199 fuerit
830 1142 999 1198 audiri
1042 1143 1178 1198 ultra
1217 1158 1310 1200 eos
1356 1145 1505 1215 quia
1537 1144 1833 1201 Novatiano

228 1247 499 1295 venerant
540 1238 711 1294 missi.
752 1257 771 1291 ι
816 1237 1072 1294 Similiter
1117 1238 1168 1293 in
1212 1238 1445 1310 Epistola
1492 1255 1603 1295 xm
1651 1244 1837 1294 narrat

224 1332 540 1403 Cyprianus
557 1333 840 1403 episcopos
858 1330 935 1386 Af
931 1332 1162 1398 ricauos,
1179 1340 1457 1402 postquam
1477 1331 1687 1389 diversa
1711 1345 1834 1400 pars

224 1425 554 1498 episcopum
585 1425 687 1482 sibi
729 1425 1027 1491 constituit,
1076 1426 1311 1496 acceptis
1348 1425 1542 1481 litteris
1572 1435 1677 1479 tam
1703 1423 1837 1479 Cor-

229 1519 366 1574 nelii
405 1535 565 1591 quam
608 1517 959 1590 collegarum,
996 1538 1015 1571 ‹
1051 1518 1176 1574 item
1224 1516 1632 1573 adventantibus
1681 1516 1838 1572 bonis

227 1612 401 1680 viris,
454 1612 711 1684 Pompeio
752 1621 807 1666 et
853 1610 1163 1682 Stephano,
1201 1625 1231 1664 a
1270 1610 1463 1681 quibus
1499 1609 1618 1666 hmo
1659 1608 1840 1665 omnia

227 1719 359 1759 cum
414 1703 601 1760 laetitia
641 1703 912 1761 communi
942 1712 1146 1758 asserta
1187 1711 1313 1758 sunt
1355 1702 1578 1757 ﬁrmiter
1622 1712 1676 1758 et
1716 1716 1842 1771 pro-

234 1797 363 1851 bata
385 1838 401 1862 ,
446 1815 466 1848 ι
497 1805 608 1852 tum
638 1796 853 1853 demum
885 1797 1087 1852 litteras
1116 1795 1181 1851 ad
1221 1795 1529 1851 Cornelium
1557 1794 1839 1850 direxisse.

229 1889 386 1961 Ergo
404 1888 698 1959 ,Novatiani
744 1889 905 1960 legati
944 1901 1070 1944 ante
1094 1887 1470 1958 Carthaginem
1519 1886 1669 1941 missi
1716 1896 1844 1941 sunt

228 1998 404 2055 quam
428 1994 435 1999 ‘
458 1982 751 2039 Caldonius
785 1992 841 2039 et
879 1983 1203 2038 Fortunatus
1255 1981 1425 2037 Roma
1465 1980 1689 2052 profecti
1718 1978 1847 2034 fuis-

230 2086 386 2143 sent,
419 2075 506 2132 vel
536 2075 676 2131 forte
703 2075 865 2131 etiam
894 2083 1182 2145 antequam
1200 2073 1426 2128 Romam
1450 2070 1845 2143 pervenissent.

234 2170 401 2238 Nam,
420 2172 467 2226 si
479 2186 568 2228 res
583 2170 755 2226 oculis
765 2169 879 2225 suis
891 2168 1166 2235 vidissent,
1183 2182 1278 2222 cur
1292 2166 1483 2223 litteris
1497 2174 1700 2222 tantum
1714 2180 1849 2237 quas

236 2266 545 2321 attulerunt
560 2307 574 2331 ,
598 2279 661 2321 ac
679 2279 783 2319 non
799 2264 977 2334 potius
989 2278 1172 2320 eorum
1191 2277 1407 2333 quoque
1426 2260 1734 2317 testimonio
1759 2259 1844 2315 ni-

239 2356 787 2431 mretanyprianus,
805 2355 1253 2429 quemadmodum
1268 2355 1506 2427 Pompeii
1525 2353 1849 2426 ctStephani

238 2450 565 2507 tcStiinonio
581 2450 795 2505 nititur?
817 2448 1080 2505 Prmterea
1103 2456 1325 2504 testatur
1353 2448 1648 2519 Cyprianus
1671 2446 1723 2501 in
1750 2446 1849 2516 Ep.

244 2559 343 2600 xu
392 2557 457 2599 se
491 2561 510 2594 ι
545 2558 612 2599 ex
642 2541 859 2607 litteris,
892 2556 1023 2612 quas
1061 2554 1245 2596 secum
1288 2539 1526 2594 ferebant
1552 2537 1708 2609 legati
1741 2537 1853 2592 Νο-

247 2634 456 2689 vatiani
496 2644 552 2689 et
593 2649 659 2689 ex
697 2648 883 2688 eorum
926 2647 1179 2688 sermone
1212 2639 1372 2700 atque
1419 2630 1851 2696 asseveratione,

248 2727 617 2784 Novatianum
663 2726 973 2797 episcopum
1019 2723 1215 2779 factum
1255 2738 1274 2774 ι
1306 2724 1655 2794 comperisse.
1706 2722 1856 2778 Unde

254 2835 403 2897 pata
426 2824 663 2896 primum
692 2822 853 2891 hujus
894 2821 970 2876 rei
1002 2820 1242 2874 nuntium
1284 2834 1313 2873 a
1352 2819 1540 2889 legatis
1568 2817 1854 2872 Novatiani

254 2920 482 2976 allatum
512 2917 712 2982 fuisse,
745 2929 848 2970 nec
890 2928 1209 2985 quemquam
1238 2913 1292 2967 in
1324 2910 1501 2966 Africa
1534 2909 1861 2965 horrendum

255 3012 438 3067 scelus
462 3017 592 3064 ante
633 3022 822 3063 eorum
870 3005 1157 3062 adventum
1198 3003 1525 3074 suspicatum
1565 3001 1751 3057 fuisse.
1783 2999 1860 3055 Ex

253 3120 366 3177 quo
388 3104 556 3160 etiam
587 3102 937 3157 conﬁrmatur
962 3098 1104 3171 quod
1139 3099 1249 3169 jam
1281 3097 1533 3163 diximus,
1563 3109 1656 3150 eos
1703 3093 1863 3149 adve-

259 3199 412 3254 nisse
446 3210 553 3250 non
603 3193 776 3249 solum
822 3203 950 3247 ante
998 3191 1310 3261 Pompeium
1348 3198 1402 3245 et
1452 3186 1786 3258 Stephanum
1832 3201 1862 3240 a

274 3309 296 3343 ‹
332 3289 530 3360 quibus
574 3285 690 3343 haec
743 3284 923 3340 omnia
970 3291 1173 3339 asserta
1224 3292 1274 3337 et
1306 3280 1560 3351 probata,
1602 3298 1621 3331 ι
1672 3294 1866 3350 nempe

258 3387 579 3457 episcopum
606 3382 957 3440 constitutum
990 3393 1111 3434 esse
1139 3393 1169 3433 a
1206 3376 1475 3433 seditiosis
1504 3395 1521 3428 ι
1559 3385 1742 3432 contra
1775 3391 1864 3430 sa-

260 3487 599 3535 cramentum
656 3475 820 3531 semel
867 3471 1117 3528 traditum
1166 3469 1360 3524 divina:
1398 3467 1764 3538 dispositionis
1814 3474 1870 3522 et

264 3580 550 3637 catholicae
594 3577 858 3642 unitatis,
889 3593 908 3626 ι
944 3572 1037 3630 sed
1066 3572 1226 3628 etiam
1283 3581 1406 3626 ante
1457 3567 1772 3637 Caldonium
1817 3573 1870 3619 et

262 3674 646 3731 Fortunatam.
671 3669 801 3724 Nam
831 3667 882 3722 in
907 3664 1099 3720 litteris
1124 3680 1256 3735 quas
1283 3661 1571 3719 Caldouius
1592 3671 1646 3716 et
1676 3660 1868 3715 Fortu-

268 3777 433 3823 natus
457 3781 484 3819 a
507 3764 756 3820 Cornelio
784 3760 1009 3832 ejusque
1048 3758 1269 3830 collegis
1298 3756 1625 3823 attulerunt,
1673 3756 1871 3825 scripta

266 3866 460 3924 erant,
492 3864 547 3911 ut
580 3864 803 3911 testatur
854 3851 1132 3908 Cornelius
1159 3850 1328 3921 Epist.
1373 3864 1491 3905 XLVI
1514 3891 1529 3917 ,
1560 3849 1725 3904 multa
1753 3862 1873 3919 qua}

271 3956 666 4021 ιιιίιιαρεεοινειιιι
703 3961 731 4000 a
773 3942 1176 4002 confessoribus
1204 3940 1502 3997 Novatiano
1541 3940 1868 3996 adhaerentia-

268 4044 372 4099 bus
404 4039 700 4111 designata,
728 4034 1269 4109 quaequercdeuntes
1311 4032 1380 4088 ad
1426 4032 1721 4088 Ecclesiam
1768 4047 1874 4087 non

275 4138 400 4193 sine
454 4133 706 4206 lacrymis
754 4129 985 4188 confessi
1038 4137 1196 4195 sunt,
1262 4127 1314 4182 in
1357 4127 1440 4181 his
1484 4146 1502 4179 ι
1531 4126 1876 4183 circumven-

274 4238 361 4285 tos
389 4225 726 4283 commisisse
769 4239 828 4279 se
870 4221 1211 4278 schismatica
1258 4229 1312 4276 et
1358 4218 1579 4274 haeresis
1631 4226 1876 4275 auctores

270 4322 468 4385 fuisse,
500 4326 557 4373 ut
583 4323 895 4389 paterentur
930 4316 978 4371 ei
1032 4312 1369 4387 (Nox-aliane)
1419 4325 1610 4367 manus
1643 4311 1793 4383 quasi
1824 4311 1876 4366 in

276 4416 589 4485 episcopum
644 4411 868 4482 imponi.
898 4429 917 4463 ι
953 4410 1017 4466 At
1044 4409 1088 4464 si
1134 4405 1395 4479 ejusmodi
1448 4405 1642 4462 littera:
1672 4405 1877 4460 adven-

277 4518 396 4563 tum
426 4506 720 4579 legatorum
751 4501 1027 4558 Novatiani
1059 4506 1431 4570 occupassent,
1457 4511 1559 4552 non
1591 4512 1657 4552 ex
1688 4495 1772 4550 his
1797 4496 1877 4551 le.

276 4601 423 4673 gatis
451 4599 752 4673 Cyprianus
795 4606 850 4652 et
878 4595 967 4651 alii
1014 4594 1249 4665 episcopi
1282 4593 1510 4665 primum
1541 4592 1883 4664 episcopatus

282 4712 310 4752 a
342 4694 639 4750 Novatiano
663 4690 861 4760 arrepti
891 4688 1130 4745 nuntium
1155 4687 1510 4758 accepissent.

357 4789 476 4846 Non
505 4796 679 4860 potest
703 4799 834 4856 ergo
861 4782 1074 4840 defendi
1098 4781 1365 4838 sententia
1391 4779 1715 4844 Tillcmontii
1735 4822 1749 4848 ,
1782 4793 1887 4835 nec

285 4884 398 4941 ulla
424 4896 645 4954 prorsus
698 4879 909 4935 ratione
949 4875 1382 4933 accuratissimus
1415 4873 1644 4943 scriptor
1673 4870 1887 4927 Ordina-

288 4960 492 5035 tione‘m
522 4972 801 5030 Novatiani
830 4977 951 5041 post
976 4967 1205 5024 reditum
1234 4967 1527 5037 legatorum
1559 4963 1753 5020 Africa:
1772 4964 1888 5019 col-

287 5073 452 5129 locat.
476 5067 611 5124 lllud
637 5074 814 5122 autem
855 5062 1025 5120 multo
1054 5060 1489 5134 improbabilius,
1522 5059 1664 5130 quod
1695 5058 1888 5114 Eccle-

289 5167 369 5222 sia
379 5164 646 5232 m,saltem
667 5160 994 5223 Africanam,
1015 5156 1068 5211 in
1085 5152 1483 5226 comprobando
1499 5151 1730 5210 Cornelii
1751 5152 1894 5223 epis-

293 5266 492 5329 copatu
529 5258 635 5327 jam
662 5253 1003 5310 consensisse
1025 5249 1097 5304 ait
1120 5265 1240 5304 cum
1268 5246 1591 5303 Novatianus
1617 5245 1893 5303 ordinatus

287 5362 398 5410 est.
425 5349 555 5405 IIer
605 5346 868 5403 Africana:
898 5341 1139 5401 CCCiCSi'J}
1184 5342 1472 5396 consensio
1522 5349 1630 5394 tum
1677 5338 1892 5393 demum

291 5441 494 5501 enituit
530 5455 652 5497 cum
694 5436 964 5509 episcopia
1007 5432 1274 5507 Cypriane
1303 5433 1525 5504 ejusque
1553 5431 1772 5503 collegis
1805 5430 1894 5502 qui

292 5534 623 5605 Carthagine
661 5531 923 5597 aderant,
952 5528 1019 5584 de
1060 5538 1167 5583 tota
1203 5543 1260 5582 re
1301 5526 1558 5583 admoniti
1589 5525 1795 5582 litteras
1829 5523 1897 5580 ad

294 5628 609 5687 Cornelium
633 5625 980 5696 scripserunt.
1010 5620 1139 5690 Sed,
1162 5629 1445 5691 antequam
1463 5618 1763 5691 Cyprianus
1786 5618 1899 5688 epi-

298 5737 502 5795 sc0pos
519 5722 794 5777 Africanos
815 5718 882 5775 de
906 5717 1069 5775 rebus
1094 5715 1350 5772 Romana:
1372 5714 1625 5770 Ecclesiae
1642 5712 1901 5770 certiores

292 5817 525 5883 faceret,
554 5812 890 5870 Primitivum
928 5808 1304 5883 presbyterum
1344 5804 1576 5864 Romam
1611 5806 1754 5862 misit
1781 5819 1899 5862 cum

1407 280 1565 340 VITA
1609 277 1853 341 satum
1891 279 2241 341 CYPRIANI.
2297 360 2301 365 ί

1935 396 2170 467 Epistola
2223 411 2345 464 xu,
2368 401 2427 452 ut
2452 393 2721 467 quomodo
2744 395 2951 464 excepti
2985 404 3168 452 essent
3209 392 3530 466 Catthagine

1933 490 2087 561 legati
2110 490 2387 546 Novatiani
2411 490 2697 545 nuntiaret.
2731 489 2803 544 De
2829 489 2940 544 suis
2964 489 3106 544 enim
3138 489 3189 544 in
3217 489 3523 544 universam

1934 582 2171 639 Africam
2221 584 2416 640 litteris
2451 599 2557 639 non
2588 584 2827 655 loquitur
2863 585 2963 639 nisi
3030 584 3080 638 in
3130 584 3364 656 Epistula
3398 601 3528 652 nu,

1933 693 2031 750 per
2055 678 2293 735 Mettium
2339 677 2788 751 hypodiaconum,
2840 686 2893 734 et
2946 676 3305 749 Nicephorum
3351 678 3534 750 acoly-

1935 768 2214 841 thum,qui
2246 768 2579 824 Primitivum
2608 768 2877 824 subsecuti
2903 777 3065 836 sunt,
3120 769 3341 839 perlata.
3376 787 3396 820 ι
3428 767 3537 824 Sed

1936 869 1989 916 et
2025 876 2117 932 per
2147 862 2470 930 provinciam
2502 872 2763 929 nostram,
2810 862 3022 934 inquit,
3052 862 3167 917 bzec
3196 861 3384 918 eadem
3427 862 3540 918 col-

1940 953 2073 1024 legis
2122 955 2346 1025 singulis
2394 955 2445 1009 in
2480 954 2722 1010 notitiam
2777 953 3140 1025 perferentes,
3174 954 3241 1011 ab
3273 955 3354 1009 bis
3400 971 3537 1024 quo-

1943 1061 2048 1118 que
2118 1046 2311 1102 fratres
2368 1057 2582 1103 nostros
2631 1063 2754 1104 cum
2816 1047 3006 1103 litteris
3055 1046 3365 1118 dirigendos
3421 1063 3542 1104 esse

1941 1140 2335 1196 mandavimus.
2377 1161 2396 1195 ι
2427 1141 2563 1197 Tum
2620 1156 2742 1197 cum
2802 1148 2980 1196 autem
3027 1140 3259 1197 Africani
3304 1140 3542 1211 episcopi

1940 1249 1971 1288 a
2000 1234 2275 1307 Cypriano
2302 1233 2562 1291 admoniti
2598 1235 2900 1290 scriberent
2950 1233 3018 1289 ad
3055 1232 3389 1300 Cornelium,
3431 1233 3542 1303 jam

1941 1324 2181 1381 redierat
2222 1326 2532 1381 Primitivus
2560 1325 2845 1397 presbyter
2884 1340 3007 1381 cum
3049 1323 3243 1380 litteris
3271 1323 3541 1392 Cornelii,

1951 1418 2141 1488 quibus
2171 1419 2502 1488 respondens
2521 1418 2821 1489 Cyprianus
2841 1418 2915 1472 ait
2940 1417 3064 1490 (Ep.
3095 1416 3259 1489 XLX):
3290 1436 3309 1469 ι
3344 1417 3549 1474 Placuit

1946 1519 2004 1565 ut
2041 1527 2141 1582 per
2184 1526 2380 1568 omnes
2415 1513 2635 1567 omnino
2681 1512 2802 1567 istic
2842 1512 3047 1583 positos
3095 1512 3285 1568 littera:
3333 1512 3546 1578 ﬁerent,

1948 1608 2102 1663 sicuti
2148 1616 2306 1676 sunt,
2361 1617 2466 1664 etc.
2503 1627 2522 1659 ι
2565 1607 2728 1679 Igitur
2771 1608 2839 1663 ab
2887 1608 3222 1665 ordinatione
3267 1609 3547 1667 Novatiani

1946 1701 2011 1756 ad
2042 1715 2356 1781 consessum
2372 1701 2446 1756 Af
2446 1702 2567 1756 rica:
2592 1702 2643 1754 in
2663 1716 2779 1756 com
2788 1701 3061 1771 probando
3078 1703 3388 1773 episcopatu
3410 1703 3547 1759 Cor-

1949 1794 2075 1850 nelii
2104 1796 2266 1850 multa
2298 1795 2742 1861 intercesserunt,
2780 1794 3045 1851 adventus
3060 1796 3352 1867 legatorum
3376 1796 3553 1853 Nova-

1950 1888 2108 1956 tiani,
2139 1888 2342 1944 reditus
2369 1888 2665 1960 legatorum
2690 1886 2905 1955 Africa),
2929 1888 3034 1944 itus
3055 1897 3108 1944 et
3128 1888 3333 1946 reditus
3360 1889 3555 1946 Pritnio

1958 1985 2053 2039 tivi
2081 1986 2401 2057 presbyteri.

2044 2077 2243 2134 Nititur
2273 2079 2328 2134 1°
2357 2077 2732 2135 Tillemontius
2763 2077 2846 2135 his
2875 2078 3123 2151 Cypriani
3152 2079 3330 2135 verbis
3355 2093 3417 2135 ex
3452 2078 3550 2151 Ep.

1951 2185 2021 2225 ιιι
2055 2188 2068 2225 :
2116 2189 2136 2222 ‹
2170 2170 2286 2238 Quo
2317 2169 2484 2244 (Petri
2518 2167 2659 2242 loco)
2698 2178 2960 2241 occupato
3007 2170 3074 2226 de
3115 2170 3205 2226 Dei
3249 2170 3552 2239 voluntate,

1952 2270 2111 2335 atque
2136 2264 2372 2318 onmium
2420 2272 2667 2319 nostrum
2713 2265 3067 2321 consensione
3118 2261 3361 2333 ﬁrmato,
3405 2266 3556 2336 quis-

1954 2360 2074 2428 quis
2115 2358 2226 2427 jam
2255 2358 2537 2430 episcopus
2586 2358 2704 2414 ﬁeri
2736 2358 2992 2424 voluerit,
3037 2358 3166 2414 foris
3213 2358 3301 2413 ﬁat
3334 2373 3558 2415 necesse

1955 2458 2057 2505 cst.
2097 2468 2115 2502 ι
2162 2447 2316 2506 Unde
2369 2448 2639 2504 concludit
2687 2449 2798 2520 jam
2860 2451 2928 2505 ab
2982 2451 3231 2506 omnibus
3287 2452 3558 2522 episcopis

1958 2551 2049 2597 aut
2105 2542 2295 2598 saltem
2332 2542 2401 2598 ab
2433 2542 2693 2599 Africanis
2719 2546 2839 2614 jura
2876 2545 3108 2601 Cornelii
3148 2545 3310 2601 fuisse
3347 2546 3555 2600 ﬁrmata

1960 2649 2084 2690 cum
2132 2633 2461 2690 Novatianus
2501 2636 2780 2692 ordinatus
2810 2646 2912 2693 est.
2966 2637 3071 2693 Sed
3116 2638 3293 2693 minus
3320 2636 3563 2692 animad-

1960 2727 2119 2781 vertit
2166 2724 2511 2784 doctissimus
2550 2727 2771 2785 criticus
2816 2729 3143 2802 Cyprianum
3201 2731 3346 2802 loqui
3385 2730 3453 2786 de
3498 2745 3563 2787 co

1960 2833 2140 2873 rerum
2163 2826 2304 2874 statu
2332 2820 2421 2889 qui
2449 2828 2560 2874 tum
2592 2829 2729 2876 erat.
2765 2821 2899 2877 Cum
2933 2823 3077 2877 enim
3116 2837 3414 2879 consensus
3440 2824 3563 2878 uni-

1966 2910 2110 2965 versi
2149 2910 2296 2967 orbis
2325 2912 2390 2966 ad
2419 2912 2789 2969 defensionem
2813 2914 3042 2969 Cornelii
3075 2914 3430 2985 conspiraret,
3466 2929 3567 2970 nec

1963 3009 2143 3057 tamen
2176 3004 2459 3077 conatibus
2500 3005 2613 3060 suis
2637 3005 2923 3062 desisteret
2971 3007 3332 3073 Novatianus,
3376 3008 3569 3062 rnerito

1966 3094 2266 3167 Cyprianus
2303 3096 2445 3151 hunc
2494 3097 2569 3151 illi
2601 3112 2924 3153 consensum
2970 3100 3211 3170 opponit,
3254 3108 3414 3169 atque
3465 3098 3570 3156 hoc

1968 3196 2281 3258 argumento
2317 3204 2423 3244 non
2455 3197 2559 3243 tam
2594 3188 2734 3245 illius
2773 3190 3164 3247 ordinationem
3210 3208 3366 3263 quam
3394 3190 3570 3248 obsti«

1971 3291 2154 3336 natum
2194 3282 2245 3336 in
2294 3282 2383 3336 illa
2442 3283 2720 3339 retinenda
2761 3283 2995 3339 animum
3045 3292 3335 3356 oppugnat.
3383 3283 3479 3339 llic
3514 3282 3569 3340 iu

1969 3375 2158 3431 eadem
2218 3375 2450 3446 Epistola
2510 3392 2613 3443 ιιι,
2662 3377 2731 3433 de
2769 3377 3046 3434 Novatiani
3094 3379 3431 3438 ordinatione
3488 3382 3572 3439 lo-

1970 3485 2175 3540 quens,
2222 3469 2325 3526 hoc
2377 3479 2581 3526 tantum
2631 3471 2682 3527 ei
2731 3458 2944 3543 objicit,
2992 3473 3134 3545 quod
3172 3493 3191 3527 ι
3229 3475 3480 3547 episcopo
3518 3477 3571 3533 in

1971 3563 2212 3622 Ecclesia
2257 3581 2287 3621 a
2326 3567 2599 3635 sexdecim
2646 3568 2911 3640 episcopis
2962 3570 3101 3628 facto
3145 3572 3362 3629 adulter
3414 3579 3574 3646 atque

1974 3669 2267 3716 extraneas
2312 3664 2595 3732 episcOpus
2640 3662 2753 3718 ﬁeri
2783 3678 2814 3718 a
2858 3664 3223 3722 desertoribus
3254 3683 3349 3738 per
3400 3670 3571 3725 ambi-

1976 3759 2085 3807 tum
2121 3774 2140 3807 ι
2189 3763 2411 3810 conatus
2466 3755 2554 3811 sit.
2598 3754 2857 3813 Similiter
2904 3758 3093 3829 legatis
3140 3759 3414 3816 Novatiani
3467 3780 3575 3821 non

1976 3847 2139 3902 totius
2167 3847 2313 3903 orbis
2334 3863 2658 3904 consensum
2687 3849 2972 3919 objiciebat
2997 3851 3318 3925 Cyprianus,
3345 3854 3437 3910 sed
3471 3864 3576 3913 tes-

1979 3938 2262 3993 timonium
2294 3940 2618 4011 collegarum
2647 3957 2676 3996 a
2700 3942 2893 4014 quibus
2918 3946 3196 4006 ordinatus
3236 3949 3405 4008 fuerat
3438 3947 3576 4006 Cor-

1978 4031 2174 4098 nelius,
2206 4030 2398 4088 litteris
2425 4049 2453 4088 a
2478 4031 2736 4089 Caldonio
2769 4043 2825 4091 et
2866 4036 3159 4098 Fortunato
3184 4043 3363 4100 allatis
3392 4046 3575 4102 consi-

1979 4135 2219 4195 gnatum,
2247 4135 2302 4181 ut
2340 4126 2663 4198 perspicitur
2688 4143 2755 4184 ex
2782 4129 2881 4201 Ep.
2906 4148 3014 4188 xm.

2053 4218 2255 4285 Qumrit
2301 4219 2359 4274 2°
2404 4220 2780 4280 Tillcmontius
2828 4240 2927 4282 cur
2982 4228 3250 4287 ordinatio
3296 4230 3579 4288 Novatiaui

1981 4311 2161 4366 statim
2206 4313 2275 4369 ab
2325 4311 2591 4370 Africanis
2629 4315 2829 4387 rejecta
2854 4312 2925 4373 sit
2958 4340 2977 4372 ι
3010 4330 3066 4376 ιιι
3102 4322 3287 4378 illicita
3318 4332 3372 4379 et
3395 4332 3579 4379 contra

1984 4403 2279 4461 Ecclesiam
2318 4403 2479 4473 faeta,
2517 4426 2536 4461 ι
2575 4408 2796 4482 ejusque
2842 4411 3002 4484 legati
3029 4418 3405 4471 communione
3456 4432 3582 4487 pro-

1987 4490 2165 4565 hibiti,
2213 4500 2257 4555 si
2307 4499 2546 4556 nondum
2595 4502 2989 4561 ordinationem
3041 4506 3272 4563 Cornelii
3340 4508 3582 4582 episcopi

1989 4591 2226 4647 Africani
2266 4595 2771 4665 comprobaverant.
2796 4598 2901 4655 Sed
2924 4597 3096 4655 facilis
3122 4608 3176 4656 ct
3195 4601 3440 4672 expedita
3470 4619 3585 4659 res-

1990 4685 2200 4764 pensio.
2235 4685 2368 4741 Nam
2396 4687 2710 4759 Cyprianus,
2735 4700 2795 4745 ut
2823 4690 2983 4745 modo
3016 4692 3268 4763 vidimus,
3297 4712 3585 4769 numquam

1991 4777 2254 4834 dubitavit
2283 4780 2409 4851 quin
2448 4781 2681 4852 legitima
2712 4792 2856 4839 esset
2876 4784 3141 4843 ordinatio
3168 4787 3435 4856 Cornelii;
3467 4794 3586 4862 sed,
3632 4794 3635 4797 ’

1992 4871 2227 4942 acceptis
2249 4886 2313 4927 ex
2346 4881 2573 4943 utraque
2612 4884 2762 4944 parte
2802 4874 3019 4946 litteris,
3048 4882 3229 4938 omnia
3262 4883 3327 4939 ad
3362 4874 3589 4950 reditum

1993 4962 2295 5035 legatorum
2325 4965 2530 5037 integra
2558 4967 2760 5023 servari
2786 4968 2972 5039 Voluit,
2992 4979 3050 5027 ut
3074 4975 3278 5031 mdlum
3310 4979 3591 5039 discordia:

1997 5054 2170 5111 locum
2198 5056 2543 5129 relinqueret.
2569 5058 2750 5128 Quare
2782 5061 3003 5121 minime
3043 5069 3239 5126 mirum
3264 5074 3324 5129 -si
3358 5075 3592 5132 maxima

2000 5152 2370 5225 indignatione
2396 5165 2698 5239 commotus
2745 5167 2829 5215 est
2867 5163 3045 5220 statim
3090 5174 3250 5238 atque
3278 5168 3346 5225 de
3388 5169 3592 5230 nefaria

1999 5244 2279 5301 Novatiani
2309 5248 2647 5307 ordinatione
2666 5256 2935 5324 cognovit.

2073 5336 2129 5393 ὅθ
2155 5336 2439 5396 Existimat
2474 5341 2851 5403 'l‘illemontius
2885 5362 2949 5404 ex
2997 5349 3234 5420 Epistola
3294 5371 3435 5413 mu
3476 5360 3593 5417 eol-

2002 5433 2091 5504 ligi
2124 5448 2280 5503 posse
2330 5433 2716 5503 Novatianum.
2763 5454 2885 5495 cum
2914 5442 2966 5497 iu
2991 5442 3225 5502 Africam
3258 5449 3462 5521 legatos
3490 5455 3590 5510 mi-

2003 5525 2093 5591 sit,
2115 5525 2224 5594 jam
2252 5523 2505 5583 Ecclesiae
2522 5527 2731 5584 hOStem
2753 5529 3050 5600 judicatum
3073 5534 3261 5607 fuisse,
3286 5554 3376 5600 aut
3401 5544 3597 5602 saltem

2004 5617 2313 5675 Cornelium
2334 5617 2445 5689 jam
2478 5629 2588 5676 tum
2621 5620 2672 5676 in
2702 5624 2948 5682 universa
2995 5630 3171 5688 Africa
3221 5652 3319 5707 pro
3363 5639 3600 5711 legitimo

2005 5714 2191 5769 Roma:
2217 5713 2474 5784 episcopo
2500 5713 2738 5773 habitum
2764 5718 2948 5778 fuisse.
2976 5725 3048 5801 At
3071 5724 3201 5783 nihil
3231 5729 3494 5801 ejusmodi
3518 5733 3600 5792 lea

2008 5821 2135 5879 gere
2184 5813 2268 5864 est
2310 5805 2366 5863 in
2429 5806 2668 5885 Epistola
2712 5827 2874 5871 van.
2920 5817 3009 5875 Ait
3049 5819 3265 5892 quidem
3303 5822 3602 5900 Cyprianus
