4172 6264
270 375 314 430 Χ
326 372 671 430 Kuh—now
685 379 1242 430 coxaru5sovarram.
1259 397 1327 409 ——
1342 382 1567 424 neutros
1579 380 1870 423 CONFESSO-

353 483 460 524 κιῖεί
482 482 806 526 ROMANOBIJII
833 482 882 522 IN
907 481 1200 522 ECCLESIAI
1225 479 1473 520 ΠΟΒΤΛΊῚ]
1505 477 1752 520 CYPRIA‘NI
1778 480 1790 516 :
1823 477 1876 516 ib

354 579 494 618 ΑΜΕ
557 577 841 618 conamen
910 575 1165 618 nouarum
1221 575 1347 617 AN‘NI
1399 558 1501 616 251
1570 570 1880 614 CONTIGISSB

351 670 708 712 οετῑιωιτυιι.

349 834 482 891 Cum
523 833 811 903 Maximus,
850 833 1126 906 Longinus
1171 842 1227 890 et
1276 832 1560 898 Macluens,
1593 829 1878 886 Novatiani

273 928 463 1000 legati,
492 943 522 982 a
560 926 832 999 Cypriano
860 927 1086 998 ejusque
1111 925 1332 996 collegis
1373 923 1583 994 expulsi
1620 921 1874 990 fuissent,

270 1019 418 1075 alios
452 1019 505 1074 in
533 1019 773 1076 Africam
798 1019 945 1075 misit
975 1017 1326 1085 Novatianus,
1377 1031 1570 1088 nempe
1598 1015 1878 1070 Nicostra-

273 1121 394 1166 tum
420 1121 474 1166 et
516 1110 779 1167 Novatum
826 1117 882 1166 et
907 1110 1216 1166 Evnristum
1245 1118 1300 1165 et
1330 1108 1567 1164 Primum
1593 1115 1648 1163 et
1677 1107 1876 1177 Diony-

271 1203 444 1260 sium.
471 1203 801 1276 Cyprianum
833 1219 897 1260 ea
941 1203 1010 1262 de
1038 1219 1096 1259 re
1122 1205 1334 1259 monuit
1359 1201 1644 1260 Cornelius
1683 1202 1880 1257 litteris

273 1313 380 1369 per
404 1297 722 1369 Angendum
750 1297 1117 1354 confessorem
1137 1298 1336 1363 missis,
1361 1312 1481 1367 quae
1511 1311 1616 1351 non
1643 1305 1876 1352 exstant.

272 1391 400 1446 Non
425 1392 595 1446 multo
621 1400 763 1463 post,
816 1391 917 1446 alia
964 1390 1248 1447 occasione
1290 1388 1490 1451 oblata,
1539 1389 1731 1444 iterum
1781 1403 1877 1458 per

271 1483 642 1554 Nicephorum
683 1482 992 1554 acolytlium
1033 1481 1250 1552 scripsit
1293 1479 1362 1535 ad
1403 1478 1730 1551 Cyprianum
1761 1479 1878 1549 epi-

272 1579 480 1634 stolam
527 1579 670 1634 inter
720 1576 1072 1650 Cyprianicas
1139 1589 1324 1639 vam,
1372 1575 1426 1628 in
1468 1587 1569 1643 qua
1620 1582 1772 1644 rogat
1824 1581 1883 1628 ut

274 1671 455 1741 ipsius
489 1686 651 1741 opera
680 1669 936 1725 omnibus
960 1667 1299 1739 coepiscopis
1341 1675 1396 1722 et
1437 1666 1692 1721 fratribus
1721 1667 1881 1719 inno-

276 1775 458 1820 tescat
505 1763 866 1818 Nicostratum
923 1763 1214 1818 multorum
1263 1760 1552 1818 criminum
1607 1773 1783 1823 rcttm,
1828 1764 1884 1810 et

274 1873 394 1912 non
421 1857 592 1914 solum
627 1866 866 1927 patrona:
893 1871 1005 1912 suae
1041 1855 1268 1921 carnali,
1297 1853 1452 1924 cujus
1498 1853 1736 1908 rationes
1762 1866 1884 1920 ges-

272 1953 374 2018 sit,
401 1951 619 2008 fraudes
646 1962 700 2006 et
720 1953 937 2021 rapinas
967 1949 1178 2015 fecisse,
1213 1963 1400 2014 verum
1430 1946 1592 2003 etiam
1629 1945 1880 2012 ecclesia:

275 2046 528 2116 deposita
559 2061 664 2102 non
696 2044 908 2100 modica
933 2042 1256 2106 abstulisse;
1290 2041 1597 2096 Evaristum
1631 2053 1762 2094 vero
1783 2055 1886 2094 au-

276 2148 492 2195 ctorcm
533 2137 838 2194 scliismatis
878 2136 1068 2204 fuisse,
1107 2143 1162 2191 et
1207 2147 1582 2194 successorem
1617 2131 1763 2203 plebi
1794 2131 1882 2186 cui

276 2242 410 2288 ante
436 2230 742 2302 praefuerat,
771 2231 958 2287 Zetum
991 2233 1042 2284 in
1069 2230 1245 2284 locum
1276 2227 1394 2298 ejus
1423 2229 1735 2297 episcOpum
1761 2239 1889 2280 esse

277 2324 655 2379 constitutum.
699 2323 966 2380 Postridie
998 2336 1154 2392 quam
1201 2327 1463 2378 venerant
1503 2318 1664 2390 legati
1711 2317 1886 2372 Nova-

281 2420 442 2484 tiani,
483 2420 793 2490 supervenit
835 2417 1168 2490 Nicepltorus
1209 2413 1494 2488 acolythus
1536 2428 1659 2468 cum
1691 2412 1884 2469 litteris

278 2511 542 2579 Cornelii,
566 2527 636 2569 ex
665 2512 860 2582 quibus
881 2509 1187 2584 Cyprianus
1211 2507 1396 2565 didicit
1423 2516 1478 2562 et
1507 2505 1641 2561 alios
1669 2506 1882 2576 episco-

282 2618 384 2676 pos
414 2601 596 2659 docuit
622 2619 741 2678 quae
767 2603 836 2660 ad
865 2602 1224 2660 Nicer-uratum
1255 2607 1310 2657 et
1336 2598 1640 2654 Evaristnm
1685 2597 1882 2654 attine-

283 2695 437 2752 bant.
497 2695 689 2753 Postea
753 2695 950 2772 gratias
1021 2694 1131 2768 egit
1179 2691 1432 2750 Cornelio
1511 2707 1607 2767 per
1665 2691 1888 2764 Episto-

284 2791 394 2845 lam
423 2805 583 2845 thx.

355 2880 466 2937 Sed
506 2880 650 2938 idem
677 2877 1010 2951 Nicephorus
1052 2877 1186 2934 alias
1218 2877 1428 2934 litteras
1454 2875 1625 2931 multo
1653 2875 1894 2931 laetiores

289 2972 506 3039 attulit,
540 2971 732 3040 quibus
757 2970 1083 3043 Cyprianum
1121 2968 1404 3024 Cornelius
1445 2968 1513 3024 de
1544 2967 1718 3022 reditu
1753 2980 1888 3035 qua-

287 3073 414 3118 tuor
440 3061 816 3118 confessorutn
858 3059 1096 3128 Maximi,
1142 3059 1365 3124 Urbani,
1415 3058 1624 3114 Sidonii
1669 3068 1722 3112 et
1781 3055 1892 3112 Ma-

288 3152 461 3209 charii
492 3153 778 3208 certiorem
825 3151 1075 3207 faciebat.
1107 3148 1240 3205 Cum
1268 3149 1485 3220 quidam
1530 3149 1724 3204 fratres
1749 3164 1888 3202 nun-

289 3248 518 3303 tiassent
565 3244 902 3302 confessores
929 3243 998 3299 ad
1023 3244 1308 3300 sanitatem
1355 3243 1576 3310 reverti,
1615 3258 1678 3298 ac
1706 3251 1896 3314 postea

290 3339 542 3395 Urbanus
581 3347 634 3395 et
659 3337 914 3394 Sidonius
940 3335 1012 3392 ad
1042 3336 1384 3408 presbyteros
1410 3334 1706 3400 venissent,
1742 3334 1892 3390 affir-

291 3441 502 3489 mantes
522 3432 808 3487 Maximum
835 3430 1210 3503 presbyterum
1234 3437 1289 3484 et
1312 3427 1680 3484 confessorem
1705 3442 1896 3485 secum

291 3523 494 3593 pariter
530 3537 730 3594 cupere
760 3523 814 3578 in
864 3521 1162 3578 Ecclesiam
1207 3520 1420 3588 redire,
1459 3520 1659 3592 placuit
1687 3518 1890 3576 Corne-

291 3615 364 3672 lio
406 3627 463 3670 ut
487 3631 555 3672 ex
580 3615 820 3690 ipsorum
866 3630 962 3672 ore
1007 3622 1062 3670 et
1097 3612 1438 3669 confessione
1465 3629 1583 3683 qua:
1612 3628 1708 3684 per
1739 3611 1890 3686 lega-

292 3711 497 3766 tionem
526 3709 910 3766 mandaverant
938 3707 1270 3764 audirentur.
1317 3706 1418 3774 Qui
1465 3721 1586 3762 cum
1615 3708 1894 3763 venissent

290 3816 341 3860 et
373 3820 406 3858 a
435 3805 764 3877 presbyteris
793 3819 911 3876 qure.
936 3811 1218 3876 gesserant
1246 3803 1614 3876 exigerentur,
1659 3801 1892 3858 circum-

293 3905 490 3952 ventos
514 3911 576 3952 se
601 3912 722 3955 esse
746 3895 1170 3964 affirmaverunt,
1201 3911 1300 3953 nec
1329 3895 1454 3966 quid
1485 3896 1537 3950 in
1580 3894 1776 3954 litteris
1808 3895 1892 3964 ip-

291 4006 480 4046 serum
511 3990 729 4046 nomine
755 4007 850 4063 per
876 4006 1064 4047 omnes
1101 3989 1359 4048 ecclesias
1389 3987 1568 4044 missis
1603 3989 1804 4045 inesset
1832 4003 1894 4044 se

293 4081 488 4150 scisse,
520 4092 679 4155 atque
705 4091 763 4138 ut
791 4082 1132 4138 abuterentur
1152 4091 1208 4138 et
1235 4097 1268 4138 e
1288 4080 1550 4136 memoria
1577 4079 1894 4136 tollerentur

292 4189 416 4244 qua:
447 4181 836 4244 praecesserant
864 4172 1134 4246 deprecati
1162 4181 1307 4229 sunt.
1337 4169 1498 4226 Omni
1523 4179 1645 4226 actu
1671 4171 1739 4226 ad
1757 4166 1897 4226 Cor-

296 4265 500 4322 nelium
525 4266 755 4340 perlato,
782 4263 941 4337 jussit
967 4263 1211 4321 contrahi
1243 4261 1636 4336 presbyterium
1665 4278 1680 4317 :
1709 4261 1897 4317 adfue-

298 4367 426 4413 runt
447 4357 686 4430 episcopi
713 4359 968 4430 quinque,
1001 4367 1056 4414 et
1091 4372 1151 4413 re
1179 4356 1245 4411 ad
1273 4353 1676 4412 deliberandum
1709 4368 1897 4426 prope»

297 4451 427 4518 sita,
455 4451 740 4506 sententiae
766 4466 798 4506 a
831 4450 1054 4522 singulis
1083 4449 1262 4516 dictio,
1301 4464 1434 4519 quas
1449 4445 1742 4502 Cornelius
1785 4445 1898 4501 suis

295 4543 367 4598 ad
407 4542 731 4614 Cyprianum
763 4539 955 4596 litteris
996 4539 1243 4611 subjecit.
1279 4539 1371 4595 His
1414 4539 1482 4594 ita
1514 4538 1701 4610 gestis,
1731 4553 1896 4593 vene-

297 4643 428 4689 runt
457 4634 510 4688 in
536 4634 928 4706 presbyteriqu
958 4641 1188 4704 quatuor
1213 4629 1554 4688 confessores
1579 4639 1634 4685 et
1659 4631 1898 4701 plerique

297 4725 518 4794 fratres,
547 4725 639 4796 qui
664 4741 724 4781 se
752 4724 833 4781 eis
861 4723 1236 4796 adjunxerant,
1273 4725 1499 4779 summis
1523 4723 1771 4795 precibus
1799 4723 1898 4779 de-

299 4816 604 4874 siderantes
633 4825 691 4872 ut
715 4831 778 4872 ea
808 4831 928 4887 quae
971 4825 1100 4874 ante
1139 4815 1345 4872 fuerant
1375 4823 1524 4887 gesta
1564 4814 1617 4869 in
1664 4814 1895 4870 oblivio.

303 4925 428 4965 nem
456 4909 729 4965 caderent.
760 4907 897 4964 Cum
925 4917 1104 4965 autem
1135 4915 1358 4980 magnus
1387 4906 1738 4962 fraternitatis
1764 4922 1899 4962 con-

300 5017 494 5058 cursus
521 5001 692 5059 factus
733 5000 938 5070 fuisset,
985 5016 1088 5056 una
1133 5016 1238 5057 vox
1266 5011 1383 5057 erat
1421 5002 1659 5058 omnium
1701 5002 1902 5073 gratias

306 5097 420 5152 Deo
467 5097 760 5168 agentium,
810 5097 887 5152 ait
921 5094 1228 5164 Cornelius,
1273 5094 1525 5170 gaudium
1557 5095 1790 5170 pectoris
1825 5095 1901 5150 la-

301 5191 504 5262 crymis
529 5191 912 5262 exprimentes,
957 5190 1377 5262 complectentcs
1419 5203 1514 5246 eos
1541 5190 1695 5262 quasi
1724 5205 1790 5246 eo
1813 5188 1901 5246 die

305 5298 467 5356 poena
496 5285 728 5340 carceris
763 5281 988 5339 fuissent
1015 5283 1246 5339 liberati.
1280 5281 1631 5340 Confessores
1656 5282 1900 5338 declara-

304 5377 434 5434 runt
469 5394 530 5434 se
569 5377 877 5434 Cornelium
923 5377 1279 5434 sanctissima:
1327 5376 1586 5438 Ecclesiae
1625 5378 1905 5434 catholica:

303 5472 619 5543 episcopum
665 5486 981 5543 agnoscere,
1016 5471 1251 5528 confessi
1296 5479 1422 5536 sunt
1449 5487 1508 5527 se
1548 5470 1907 5543 imposturam-

303 5575 499 5639 passos
542 5580 605 5620 ac
633 5567 1026 5622 circumventos
1069 5581 1219 5632 esse,
1273 5563 1367 5621 sed
1416 5574 1594 5621 tamen
1636 5565 1902 5620 sinceram

307 5668 549 5716 mentem
575 5675 726 5716 suam
754 5675 966 5732 semper
989 5660 1040 5716 in
1073 5660 1314 5715 Ecclesia
1340 5658 1534 5726 fuisse;
1564 5659 1758 5731 quippe
1783 5675 1904 5714 cum

304 5767 422 5814 non
465 5753 773 5828 ignorarent
808 5766 980 5812 “unum
1035 5753 1203 5810 Deum
1253 5765 1394 5823 csse,
1440 5767 1602 5810 unum
1633 5751 1904 5810 Christum

1469 235 1623 308 “virs
1665 244 1910 308 SANCTI
1947 244 2295 306 CYPRIANI.

3475 237 3635 307 l3!-

1985 363 2272 419 Dominum
2295 373 2358 417 ac
2384 374 2548 415 unum
2575 358 2834 432 Spiritum
2868 365 3135 427 sanctum,
3167 373 3334 416 unum
3360 359 3582 430 Episco—

1985 476 2107 531 pum
2151 461 2202 515 in
2245 457 2796 515 Ecclesia-catholica
2841 456 3228 512 essc'debere.
3281 456 3376 511 llis
3420 456 3583 511 rebus

1958 565 2261 628 permotus
2313 554 2596 609 Cornelius
2641 553 2930 607 Maximum
2984 551 3354 622 presbyterum
3401 550 3582 606 locum

1983 662 2139 704 suum
2164 646 2327 715 jussit
2367 658 2683 716 agnoscere,
2724 652 2956 700 emeres
2995 656 3118 699 cum
3150 640 3352 712 ingenti
3392 641 3582 712 populi

1983 740 2236 810 suffragio
2267 738 2487 808 recepit,
2519 753 2584 792 ac
2620 736 2800 794 omnia
2827 735 3039 792 remisit
3068 737 3176 792 Deo
3202 733 3580 806 omnipotenti.

1985 832 2112 890 Haec
2136 841 2316 888 autem
2339 830 2530 887 eadem
2555 829 2708 898 hora,
2738 829 2931 886 eodem
2967 837 3244 884 momento
3265 827 3334 883 ad
3360 825 3589 899 Cypria-

1985 941 2113 980 num
2141 939 2235 994 per
2261 923 2460 1004 scripta
2489 921 2807 987 transmisit,
2839 935 3034 992 nempe
3060 935 3160 992 per
3185 919 3469 990 epistolam
3500 920 3590 975 ina

1989 1027 2071 1075 ter
2115 1016 2465 1090 Cyprianicas
2505 1031 2629 1072 xm
2660 1058 2676 1084 ,
2741 1029 2806 1072 ac
2852 1014 3216 1086 Nicephorum
3267 1013 3582 1085 acolythum

1985 1112 2318 1169 descendere
2344 1109 2410 1167 ad
2450 1109 2806 1182 navigandum
2835 1109 3196 1166 destinantem
3224 1108 3402 1164 statim
3423 1108 3584 1163 dimi-

1986 1205 2076 1260 sit.
2130 1203 2613 1275 Carthaginensem
2661 1202 2950 1262 ecclesiam
3005 1201 3188 1259 laetitia
3235 1201 3589 1278 perfuderunt

1988 1296 2183 1354 littera:
2209 1295 2476 1362 Cornelii;
2522 1311 2622 1352 nec
2655 1295 2878 1352 dubium
2901 1296 3036 1367 quin
3079 1311 3172 1352 eas
3193 1295 3495 1368 Cyprianus
3517 1295 3587 1353 ad

1989 1400 2218 1447 czeteras
2246 1390 2444 1448 Africae
2468 1389 2726 1447 ecclesias
2769 1390 2996 1457 miserit,
3041 1399 3102 1445 ut
3125 1399 3410 1461 rogaverat
3447 1391 3582 1446 Cor-

1990 1483 2186 1552 nelius,
2214 1485 2298 1547 cui
2327 1483 2605 1555 respondit
2642 1499 2736 1554 per
2764 1483 3062 1555 Epistulam
3115 1499 3280 1541 nm.
3336 1485 3587 1556 Scripse~

1988 1585 2114 1632 runt
2166 1577 2331 1635 etiam
2375 1575 2716 1645 confessores
2761 1576 2830 1636 ad
2881 1576 3243 1650 Cyprianum,
3292 1593 3590 1650 eorumque

1987 1671 2212 1742 cpistola
2260 1681 2345 1725 est
2374 1670 2513 1728 inter
2538 1670 2884 1742 Cypriauieas
2945 1687 2997 1727 ι..
3041 1671 3136 1728 llis
3164 1672 3444 1743 respondit
3485 1672 3594 1744 Cy-

1991 1763 2208 1832 prianus
2254 1777 2349 1832 per
2401 1762 2697 1832 Epistolam
2743 1777 2832 1820 ut.
2881 1761 3011 1830 Qua:
3063 1773 3244 1820 autem
3286 1779 3354 1820 ex
3401 1763 3594 1820 litteris

1987 1855 2218 1913 Cornelii
2248 1855 2529 1926 desumpta
2559 1860 2920 1924 narrarintus,
2946 1871 3012 1914 ea
3039 1856 3270 1926 probant
3299 1871 3405 1914 non
3436 1857 3588 1917 solos

1988 1949 2325 2006 confessores
2352 1950 2600 2006 rediisse.
2628 1949 2906 2008 Venerunt
2933 1966 3058 2006 cum
3086 1950 3192 2007 illis
3220 1952 3276 2006 in
3297 1951 3588 2025 presbyte-

1989 2042 2127 2096 rium
2179 2059 2197 2092 ι
2234 2041 2476 2112 plerique
2521 2040 2716 2098 fratres
2759 2042 2849 2112 qui
2901 2057 2964 2102 se
3012 2042 3094 2100 eis
3137 2043 3525 2114 adiunxerant;
3558 2063 3586 2102 ι

1989 2135 2130 2204 quod
2154 2134 2372 2206 quidem
2403 2150 2510 2190 non
2530 2135 2740 2192 videtur
2782 2137 2850 2191 de
2876 2136 3028 2206 plebe
3053 2136 3320 2196 catholica
3347 2155 3444 2208 pro
3468 2155 3590 2196 con-

1992 2226 2284 2284 fessoribus
2327 2227 2652 2298 deprecante
2705 2229 2924 2301 intelligi
2973 2244 3152 2300 posse.
3200 2231 3391 2290 Postea
3439 2233 3588 2289 enim

1991 2329 2173 2374 narrat
2199 2318 2486 2377 Cornelius
2515 2319 2864 2378 fraternitatis
2891 2336 3254 2388 concursum;
3283 2338 3444 2393 quem
3474 2331 3588 2382 tum

1990 2410 2208 2466 demum
2260 2410 2460 2466 factum
2519 2409 2718 2466 iudicat
2783 2411 2950 2468 fuisse
2999 2426 3122 2468 cum
3172 2428 3393 2473 omnem
3446 2413 3592 2472 hunc

1990 2515 2170 2560 actum
2220 2506 2420 2576 pepulo
2472 2505 2854 2564 insinuandum
2894 2505 3193 2577 judicavit;
3229 2506 3448 2564 difﬁcile
3497 2517 3585 2566 est

1991 2610 2124 2653 sane
2162 2606 2216 2652 ut
2244 2596 2588 2654 confessoros
2613 2599 2707 2669 qui
2743 2593 2942 2656 multos
2979 2601 3298 2658 auctoritate
3324 2617 3422 2658 sua
3459 2602 3586 2658 abs-

2005 2697 2308 2757 traxerant,
2357 2689 2534 2746 nullos
2576 2690 2628 2746 in
2668 2690 2948 2748 redeundo
2991 2693 3168 2752 socios
3209 2703 3266 2752 et
3296 2693 3598 2754 imitatores

1997 2783 2276 2840 baberent.
2307 2783 2540 2841 Cornelii
2568 2785 2730 2846 verba
2775 2803 2883 2843 non
2911 2786 3068 2845 aliter
3099 2787 3481 2859 interpretatis
3504 2801 3590 2848 est

1996 2876 2345 2950 Cyprianus:
2394 2896 2413 2929 ι
2459 2877 2674 2945 Quanto
2728 2879 2902 2950 majus
2945 2888 3030 2940 est
3076 2874 3362 2950 gaudium,
3421 2883 3597 2953 inquit

1999 2966 2124 3040 (Ep.
2160 2968 2353 3038 xnvn),
2395 2977 2450 3024 et
2487 2969 2540 3024 in
2587 2970 2744 3024 terris
2793 2969 2993 3040 pariter
3047 2979 3103 3026 et
3147 2971 3200 3027 in
3242 2972 3384 3030 creto
3435 2988 3600 3043 super

2000 3060 2396 3116 confcssoribus
2445 3059 2512 3116 ad
2553 3061 2851 3118 Ecclesiam
2900 3061 2996 3118 Dei
3052 3077 3174 3118 cum
3211 3063 3380 3135 gloria
3412 3081 3507 3121 sua
3538 3075 3596 3124 et

1997 3170 2118 3210 cum
2159 3154 2316 3210 laude
2367 3153 2749 3221 redeuntibus,
2787 3165 2842 3212 et
2895 3156 3155 3214 redeundi
3193 3161 3334 3216 viam
3380 3163 3601 3218 creteris

1997 3246 2230 3317 exempli
2271 3247 2355 3302 sui
2389 3246 2498 3302 fide
2522 3255 2578 3302 et
2605 3247 2921 3317 probatione
2947 3248 3295 3306 facientibus!
3327 3251 3425 3308 llic
3449 3254 3596 3310 enim

1997 3339 2257 3411 quosdam
2326 3340 2522 3398 fratres
2588 3345 2800 3402 maitros
2854 3356 3007 3399 error
3069 3342 3388 3412 induxerat,
3449 3346 3595 3416 quod

1996 3435 2098 3492 sibi
2151 3433 2690 3492 communicationem
2721 3433 3092 3494 confessorem
3147 3439 3302 3509 sequi
3348 3440 3600 3498 videren-

2000 3536 2105 3584 tur.
2160 3525 2278 3596 Qno
2320 3541 2508 3583 errore
2549 3526 2800 3595 sublato,
2849 3527 2939 3583 lux
2989 3530 3227 3586 omnium
3287 3534 3596 3602 pectoribus

2007 3621 2179 3679 infusa
2228 3607 2428 3689 est,'et
2452 3618 2698 3676 Ecclesia
2734 3620 2995 3677 catholica
3027 3636 3124 3678 nec
3167 3623 3336 3679 scindi
3365 3630 3485 3682 'nec
3509 3627 3600 3683 di—

2002 3716 2109 3772 vidi
2163 3730 2323 3788 posse
2373 3724 2668 3770 monstrata
2717 3722 2822 3770 est.
2853 3734 2872 3766 ι
2919 3712 3075 3770 Unde
3128 3714 3322 3774 mirum
3383 3718 3596 3776 videtur

2000 3823 2096 3866 cur
2129 3805 2457 3878 Cyprianum
2486 3805 2866 3862 Tillemontius
2903 3805 2970 3862 de
3009 3805 3142 3862 solis
3185 3806 3592 3866 confessoribus
3635 3811 3644 3816 “

2001 3899 2237 3956 locutum
2266 3896 2558 3952 existimet.
2589 3895 2724 3950 Tota
2754 3911 2841 3952 res
2882 3896 2950 3952 ab
2980 3897 3168 3953 eodem
3207 3899 3417 3956 erudito
3458 3900 3601 3958 seri-

2003 4000 2154 4061 ptore
2183 3988 2261 4044 sic
2283 3995 2550 4054 narratur,
2579 3987 2728 4057 quasi
2762 4003 2870 4042 uno
2894 3996 2948 4044 et
2974 3989 3166 4046 eodem
3199 3989 3288 4047 die
3328 4001 3600 4051 transacta

2003 4080 2186 4137 fuerit.
2232 4078 2340 4136 Sed
2372 4088 2549 4134 tamen
2594 4093 2661 4134 ex
2714 4078 2798 4136 his
2845 4078 3080 4138 Cornelii
3128 4084 3324 4152 verbis,
3359 4103 3378 4138 ι
3414 4087 3602 4144 adfue-

2004 4181 2129 4229 runt
2171 4173 2335 4228 etiam
2382 4170 2619 4244 episcopi
2649 4172 2928 4242 quinque,
2953 4175 3126 4244 quiet
3168 4174 3327 4233 hodie
3364 4192 3604 4248 prasen-

2007 4276 2086 4322 tes
2138 4264 2390 4329 fuerunt,
2430 4280 2448 4315 ι
2497 4260 2634 4319 duos
2701 4262 2816 4319 dies
2866 4263 3168 4338 insumptos
3220 4268 3382 4324 fuisse
3432 4277 3604 4338 patet,

2005 4371 2238 4428 quorum
2279 4354 2428 4424 prior
2455 4354 2898 4412 deliberationem
2943 4357 3129 4414 habuit
3167 4357 3235 4415 de
3278 4359 3606 4429 recipiendis

2005 4447 2438 4513 confessoribus,
2467 4447 2750 4518 postridie
2793 4465 2922 4506 vero
2951 4450 3196 4506 absoluta
3243 4461 3296 4507 et
3342 4452 3599 4522 perfecta,

2006 4554 2202 4612 magno
2230 4538 2579 4596 fraternitatis
2621 4555 2913 4611 concursu,
2949 4543 3068 4613 qure‘
3095 4543 3265 4613 pridie
3309 4546 3603 4608 constituta

1979 4689 1985 4695 ,
2005 4633 2236 4690 fuerant.

2077 4725 2343 4800 Insignem
2374 4729 2516 4786 hunc
2541 4725 3174 4786 eventum'i‘illenmutius
3195 4735 3250 4784 et
3279 4727 3610 4791 Pent-senius

2007 4819 2078 4874 ad
2129 4835 2369 4877 mensem
2413 4821 2760 4880 novembrem
2817 4817 2983 4889 hujus
3025 4819 3152 4875 anui
3202 4819 3304 4878 251
3361 4823 3646 4882 referem-

2008 4903 2136 4967 dum
2180 4923 2389 4983 putant,
2444 4923 2564 4984 post
2612 4911 2902 4968 concilium
2952 4911 3283 4983 Romanum,
3311 4916 3454 4987 quod
3504 4918 3610 4975 hoc

2008 5021 2150 5066 anno
2178 5005 2278 5064 251
2329 5005 2610 5064 Cornelius
2649 5022 2778 5064 cum
2811 5002 3088 5081 sexaginta
3127 5010 3397 5081 episcopis
3422 5009 3611 5069 habuit

2011 5117 2197 5160 mense
2225 5103 2463 5170 octobri,
2498 5112 2557 5158 ut
2587 5101 3088 5174 placetPearsonio,
3120 5104 3207 5160 vel
3233 5105 3396 5161 etiam
3441 5106 3615 5163 multo

2010 5197 2191 5264 citius,
2229 5207 2285 5252 ut
2313 5197 2583 5254 existimat
2610 5195 3018 5264 Tillemontius,
3065 5212 3130 5254 ac
3157 5209 3282 5256 ante
3325 5198 3608 5256 Novatiani

2011 5285 2424 5342 ordinationem.
2458 5285 2566 5343 Sed
2593 5294 2831 5344 nontam
2869 5302 2996 5344 sero
3023 5299 3250 5360 quatuor
3277 5289 3356 5345 illi
3387 5291 3612 5350 confes-o

2011 5394 2164 5436 seres
2181 5421 2194 5446 ,
2218 5389 2309 5436 aut
2338 5381 2527 5436 saltem
2567 5389 2688 5436 ante
2715 5381 3005 5444 concilium
3026 5380 3352 5452 Romanum,
3376 5385 3606 5446 rediisse

2012 5471 2064 5527 in
2092 5471 2384 5528 Ecclesiam
2407 5471 2679 5542 videntur.

2085 5561 2308 5619 Reditus
2338 5560 2711 5619 confessorum
2745 5564 2927 5635 paucis
2950 5565 3143 5624 diebus
3169 5570 3488 5629 subsecutus
3524 5581 3610 5630 est

2015 5671 2206 5711 novam
2237 5657 2555 5727 legationem
2583 5655 2882 5715 Novatiani.
2918 5677 2942 5712 ι
2975 5659 3184 5718 Novato
3207 5665 3358 5720 enim
3400 5666 3548 5724 illiue
3573 5682 3610 5730 a

2015 5754 2168 5814 vobis
2203 5753 2515 5816 discedente
2535 5796 2552 5828 ,
2582 5755 2662 5817 ait
2712 5753 3016 5833 Cyprianus
3055 5761 3182 5837 (Ep.
3213 5762 3392 5841 xm),
3413 5763 3474 5825 id
3495 5770 3610 5850 est,
