  <div class='ocr_page' id='page_1' title='image "/cluster/home/n/w/nwhite01/storage/ocr_20150623/4/hvd.32044048207708/073.png"; bbox 0 0 4200 6262; ppageno 0'>
   <div class='ocr_carea' id='block_1_1' title="bbox 583 300 684 361">
    <p class='ocr_par' dir='ltr' id='par_1_1' title="bbox 583 300 684 361">
     <span class='ocr_line' id='line_1_1' title="bbox 583 300 684 361; baseline -0.04 -1"><span class='ocrx_word' id='word_1_1' title='bbox 583 300 684 361; x_wconf 69' lang='grc'><strong>155</strong></span> 
     </span>
    </p>
   </div>
   <div class='ocr_carea' id='block_1_2' title="bbox 580 412 2168 486">
    <p class='ocr_par' dir='ltr' id='par_1_2' title="bbox 580 412 2168 486">
     <span class='ocr_line' id='line_1_2' title="bbox 580 412 2168 486; baseline -0.001 -15"><span class='ocrx_word' id='word_1_2' title='bbox 580 414 812 486; x_wconf 94' lang='lat' dir='ltr'><strong>procella</strong></span> <span class='ocrx_word' id='word_1_3' title='bbox 841 422 895 471; x_wconf 93' lang='lat' dir='ltr'><strong>ct</strong></span> <span class='ocrx_word' id='word_1_4' title='bbox 941 414 1154 471; x_wconf 97' lang='lat' dir='ltr'><strong>turbine</strong></span> <span class='ocrx_word' id='word_1_5' title='bbox 1205 412 1522 481; x_wconf 85' lang='lat' dir='ltr'><strong>recedente,</strong></span> <span class='ocrx_word' id='word_1_6' title='bbox 1554 427 1621 469; x_wconf 88' lang='lat' dir='ltr'><strong>ex</strong></span> <span class='ocrx_word' id='word_1_7' title='bbox 1673 422 1825 485; x_wconf 90' lang='lat' dir='ltr'><strong>parte</strong></span> <span class='ocrx_word' id='word_1_8' title='bbox 1869 414 1979 469; x_wconf 90' lang='lat' dir='ltr'><strong>illic</strong></span> <span class='ocrx_word' id='word_1_9' title='bbox 2014 413 2168 484; x_wconf 90' lang='lat' dir='ltr'><strong>quies</strong></span> 
     </span>
    </p>
   </div>
   <div class='ocr_carea' id='block_1_3' title="bbox 480 505 2175 583">
    <p class='ocr_par' dir='ltr' id='par_1_3' title="bbox 480 505 2175 583">
     <span class='ocr_line' id='line_1_3' title="bbox 480 505 2175 583; baseline -0.001 -21"><span class='ocrx_word' id='word_1_10' title='bbox 480 576 489 583; x_wconf 19' lang='grc' dir='ltr'><em>β</em></span> <span class='ocrx_word' id='word_1_11' title='bbox 579 507 717 563; x_wconf 88' lang='lat' dir='ltr'><strong>facta</strong></span> <span class='ocrx_word' id='word_1_12' title='bbox 760 518 861 565; x_wconf 90' lang='lat' dir='ltr'><strong>est.</strong></span> <span class='ocrx_word' id='word_1_13' title='bbox 902 529 920 562; x_wconf 77' lang='grc' dir='ltr'><strong>ι</strong></span> <span class='ocrx_word' id='word_1_14' title='bbox 958 509 1125 564; x_wconf 83' lang='lat' dir='ltr'><strong>Porro</strong></span> <span class='ocrx_word' id='word_1_15' title='bbox 1156 524 1184 563; x_wconf 94' lang='lat' dir='ltr'><strong>a</strong></span> <span class='ocrx_word' id='word_1_16' title='bbox 1241 509 1409 578; x_wconf 90' lang='lat' dir='ltr'><strong>prima</strong></span> <span class='ocrx_word' id='word_1_17' title='bbox 1461 507 1724 578; x_wconf 82' lang='lat' dir='ltr'><strong>legatiuue</strong></span> <span class='ocrx_word' id='word_1_18' title='bbox 1773 506 1838 561; x_wconf 91' lang='lat' dir='ltr'><strong>ad</strong></span> <span class='ocrx_word' id='word_1_19' title='bbox 1896 505 2037 561; x_wconf 90' lang='lat' dir='ltr'><strong>hanc</strong></span> <span class='ocrx_word' id='word_1_20' title='bbox 2075 520 2175 561; x_wconf 88' lang='lat' dir='ltr'><strong>no-</strong></span> 
     </span>
    </p>
   </div>
   <div class='ocr_carea' id='block_1_4' title="bbox 580 599 2179 671">
    <p class='ocr_par' dir='ltr' id='par_1_4' title="bbox 580 599 2179 671">
     <span class='ocr_line' id='line_1_4' title="bbox 580 599 2179 671; baseline -0.001 -14"><span class='ocrx_word' id='word_1_21' title='bbox 580 616 701 657; x_wconf 88' lang='lat' dir='ltr'><strong>vam</strong></span> <span class='ocrx_word' id='word_1_22' title='bbox 746 617 851 657; x_wconf 92' lang='lat' dir='ltr'><strong>non</strong></span> <span class='ocrx_word' id='word_1_23' title='bbox 895 601 1120 656; x_wconf 91' lang='lat' dir='ltr'><strong>multum</strong></span> <span class='ocrx_word' id='word_1_24' title='bbox 1166 599 1468 657; x_wconf 89' lang='lat' dir='ltr'><strong>intercessit</strong></span> <span class='ocrx_word' id='word_1_25' title='bbox 1513 600 1769 670; x_wconf 88' lang='lat' dir='ltr'><strong>temporis</strong></span> <span class='ocrx_word' id='word_1_26' title='bbox 1804 616 1816 652; x_wconf 93' lang='lat'>:</span> <span class='ocrx_word' id='word_1_27' title='bbox 1847 615 1970 654; x_wconf 92' lang='lat' dir='ltr'><strong>nam</strong></span> <span class='ocrx_word' id='word_1_28' title='bbox 2003 617 2022 650; x_wconf 79' lang='grc' dir='ltr'>σ</span> <span class='ocrx_word' id='word_1_29' title='bbox 2057 613 2179 671; x_wconf 89' lang='lat' dir='ltr'><strong>pro-</strong></span> 
     </span>
    </p>
   </div>
   <div class='ocr_carea' id='block_1_5' title="bbox 582 691 2179 759">
    <p class='ocr_par' dir='ltr' id='par_1_5' title="bbox 582 691 2179 759">
     <span class='ocr_line' id='line_1_5' title="bbox 582 691 2179 759; baseline -0.001 -10"><span class='ocrx_word' id='word_1_30' title='bbox 582 703 781 751; x_wconf 84' lang='lat' dir='ltr'><strong>stratus</strong></span> <span class='ocrx_word' id='word_1_31' title='bbox 830 693 1118 749; x_wconf 75' lang='lat' dir='ltr'><strong>virtutibus</strong></span> <span class='ocrx_word' id='word_1_32' title='bbox 1162 693 1255 749; x_wconf 90' lang='lat' dir='ltr'><strong>Dei</strong></span> <span class='ocrx_word' id='word_1_33' title='bbox 1292 712 1310 746; x_wconf 79' lang='grc' dir='ltr'><strong>ι</strong></span> <span class='ocrx_word' id='word_1_34' title='bbox 1350 693 1707 759; x_wconf 86' lang='lat' dir='ltr'><strong>Novatianus,</strong></span> <span class='ocrx_word' id='word_1_35' title='bbox 1750 701 1810 747; x_wconf 91' lang='lat' dir='ltr'><strong>ut</strong></span> <span class='ocrx_word' id='word_1_36' title='bbox 1860 692 1935 747; x_wconf 93' lang='lat' dir='ltr'><strong>ait</strong></span> <span class='ocrx_word' id='word_1_37' title='bbox 1977 691 2179 747; x_wconf 86' lang='lat' dir='ltr'><strong>Corne—</strong></span> 
     </span>
    </p>
   </div>
   <div class='ocr_carea' id='block_1_6' title="bbox 585 784 2180 860">
    <p class='ocr_par' dir='ltr' id='par_1_6' title="bbox 585 784 2180 860">
     <span class='ocr_line' id='line_1_6' title="bbox 585 784 2180 860; baseline -0.004 -15"><span class='ocrx_word' id='word_1_38' title='bbox 585 789 689 845; x_wconf 87' lang='lat' dir='ltr'><strong>lius</strong></span> <span class='ocrx_word' id='word_1_39' title='bbox 716 788 837 860; x_wconf 86' lang='lat' dir='ltr'><strong>(Ep.</strong></span> <span class='ocrx_word' id='word_1_40' title='bbox 875 791 1085 860; x_wconf 70' lang='lat' dir='ltr'><strong>xum),</strong></span> <span class='ocrx_word' id='word_1_41' title='bbox 1123 808 1141 840; x_wconf 79' lang='lat' dir='ltr'><strong>t</strong></span> <span class='ocrx_word' id='word_1_42' title='bbox 1173 803 1294 843; x_wconf 91' lang='lat' dir='ltr'><strong>cum</strong></span> <span class='ocrx_word' id='word_1_43' title='bbox 1327 787 1589 843; x_wconf 80' lang='lat' dir='ltr'><strong>Maximus</strong></span> <span class='ocrx_word' id='word_1_44' title='bbox 1610 796 1664 841; x_wconf 91' lang='lat' dir='ltr'><strong>ct</strong></span> <span class='ocrx_word' id='word_1_45' title='bbox 1688 786 1962 857; x_wconf 83' lang='lat' dir='ltr'><strong>Longinus</strong></span> <span class='ocrx_word' id='word_1_46' title='bbox 1990 795 2045 841; x_wconf 90' lang='lat' dir='ltr'><strong>et</strong></span> <span class='ocrx_word' id='word_1_47' title='bbox 2065 784 2180 839; x_wconf 87' lang='lat' dir='ltr'><strong>Ma-</strong></span> 
     </span>
    </p>
   </div>
   <div class='ocr_carea' id='block_1_7' title="bbox 581 876 2175 951">
    <p class='ocr_par' dir='ltr' id='par_1_7' title="bbox 581 876 2175 951">
     <span class='ocr_line' id='line_1_7' title="bbox 581 876 2175 951; baseline -0.004 -16"><span class='ocrx_word' id='word_1_48' title='bbox 581 880 761 936; x_wconf 74' lang='lat' dir='ltr'><strong>charns</strong></span> <span class='ocrx_word' id='word_1_49' title='bbox 808 879 1034 937; x_wconf 80' lang='lat' dir='ltr'><strong>fuissent</strong></span> <span class='ocrx_word' id='word_1_50' title='bbox 1059 878 1273 950; x_wconf 88' lang='lat' dir='ltr'><strong>expulsi</strong></span> <span class='ocrx_word' id='word_1_51' title='bbox 1300 896 1328 933; x_wconf 92' lang='lat' dir='ltr'><strong>a</strong></span> <span class='ocrx_word' id='word_1_52' title='bbox 1368 878 1638 951; x_wconf 85' lang='lat' dir='ltr'><strong>Cypriane</strong></span> <span class='ocrx_word' id='word_1_53' title='bbox 1681 878 1907 949; x_wconf 89' lang='lat' dir='ltr'><strong>ejusque</strong></span> <span class='ocrx_word' id='word_1_54' title='bbox 1930 876 2175 947; x_wconf 89' lang='lat' dir='ltr'><strong>collegis,</strong></span> 
     </span>
    </p>
   </div>
   <div class='ocr_carea' id='block_1_8' title="bbox 580 969 2183 1042">
    <p class='ocr_par' dir='ltr' id='par_1_8' title="bbox 580 969 2183 1042">
     <span class='ocr_line' id='line_1_8' title="bbox 580 969 2183 1042; baseline -0.004 -12"><span class='ocrx_word' id='word_1_55' title='bbox 580 974 759 1030; x_wconf 82' lang='lat' dir='ltr'><strong>denuo</strong></span> <span class='ocrx_word' id='word_1_56' title='bbox 806 974 1121 1030; x_wconf 71' lang='lat' dir='ltr'><strong>resurrexit.</strong></span> <span class='ocrx_word' id='word_1_57' title='bbox 1156 992 1175 1026; x_wconf 74' lang='grc' dir='ltr'><strong>ι</strong></span> <span class='ocrx_word' id='word_1_58' title='bbox 1233 972 1437 1040; x_wconf 83' lang='lat' dir='ltr'><strong>Quibus</strong></span> <span class='ocrx_word' id='word_1_59' title='bbox 1483 988 1548 1027; x_wconf 85' lang='lat' dir='ltr'><strong>ex</strong></span> <span class='ocrx_word' id='word_1_60' title='bbox 1591 971 1765 1027; x_wconf 81' lang='lat' dir='ltr'><strong>verbis</strong></span> <span class='ocrx_word' id='word_1_61' title='bbox 1819 979 1963 1042; x_wconf 89' lang='lat' dir='ltr'><strong>patet</strong></span> <span class='ocrx_word' id='word_1_62' title='bbox 2007 969 2183 1025; x_wconf 83' lang='lat' dir='ltr'><strong>Nova-</strong></span> 
     </span>
    </p>
   </div>
   <div class='ocr_carea' id='block_1_9' title="bbox 583 1043 2179 1137">
    <p class='ocr_par' dir='ltr' id='par_1_9' title="bbox 583 1043 2179 1137">
     <span class='ocr_line' id='line_1_9' title="bbox 583 1043 2179 1137; baseline -0.003 -14"><span class='ocrx_word' id='word_1_63' title='bbox 583 1069 783 1123; x_wconf 87' lang='lat' dir='ltr'><strong>tiattttm</strong></span> <span class='ocrx_word' id='word_1_64' title='bbox 816 1083 920 1123; x_wconf 91' lang='lat' dir='ltr'><strong>non</strong></span> <span class='ocrx_word' id='word_1_65' title='bbox 968 1083 998 1121; x_wconf 94' lang='lat' dir='ltr'><strong>a</strong></span> <span class='ocrx_word' id='word_1_66' title='bbox 1040 1067 1178 1137; x_wconf 83' lang='lat' dir='ltr'><strong>julio</strong></span> <span class='ocrx_word' id='word_1_67' title='bbox 1210 1081 1395 1122; x_wconf 89' lang='lat' dir='ltr'><strong>mense</strong></span> <span class='ocrx_word' id='word_1_68' title='bbox 1424 1043 1887 1121; x_wconf 50' lang='lat' dir='ltr'><strong>atl..novctnhrcm</strong></span> <span class='ocrx_word' id='word_1_69' title='bbox 1932 1063 2179 1121; x_wconf 87' lang='lat' dir='ltr'><strong>feriatum</strong></span> 
     </span>
    </p>
   </div>
   <div class='ocr_carea' id='block_1_10' title="bbox 584 1159 2179 1233">
    <p class='ocr_par' dir='ltr' id='par_1_10' title="bbox 584 1159 2179 1233">
     <span class='ocr_line' id='line_1_10' title="bbox 584 1159 2179 1233; baseline -0.003 -13"><span class='ocrx_word' id='word_1_70' title='bbox 584 1179 723 1230; x_wconf 86' lang='lat' dir='ltr'><strong>esse,</strong></span> <span class='ocrx_word' id='word_1_71' title='bbox 752 1163 844 1219; x_wconf 93' lang='lat' dir='ltr'><strong>scd</strong></span> <span class='ocrx_word' id='word_1_72' title='bbox 876 1172 1094 1232; x_wconf 89' lang='lat' dir='ltr'><strong>accepta</strong></span> <span class='ocrx_word' id='word_1_73' title='bbox 1134 1161 1330 1217; x_wconf 88' lang='lat' dir='ltr'><strong>damna</strong></span> <span class='ocrx_word' id='word_1_74' title='bbox 1368 1162 1615 1233; x_wconf 83' lang='lat' dir='ltr'><strong>protinus</strong></span> <span class='ocrx_word' id='word_1_75' title='bbox 1643 1175 1898 1232; x_wconf 89' lang='lat' dir='ltr'><strong>reparare</strong></span> <span class='ocrx_word' id='word_1_76' title='bbox 1921 1159 2179 1225; x_wconf 89' lang='lat' dir='ltr'><strong>voluisse,</strong></span> 
     </span>
    </p>
   </div>
   <div class='ocr_carea' id='block_1_11' title="bbox 584 1252 2184 1330">
    <p class='ocr_par' dir='ltr' id='par_1_11' title="bbox 584 1252 2184 1330">
     <span class='ocr_line' id='line_1_11' title="bbox 584 1252 2184 1330; baseline -0.004 -16"><span class='ocrx_word' id='word_1_77' title='bbox 584 1258 766 1315; x_wconf 88' lang='lat' dir='ltr'><strong>missis</strong></span> <span class='ocrx_word' id='word_1_78' title='bbox 796 1257 1139 1330; x_wconf 84' lang='lat' dir='ltr'><strong>peritioribus</strong></span> <span class='ocrx_word' id='word_1_79' title='bbox 1170 1256 1447 1327; x_wconf 76' lang='lat' dir='ltr'><strong>magisque</strong></span> <span class='ocrx_word' id='word_1_80' title='bbox 1475 1255 1756 1310; x_wconf 89' lang='lat' dir='ltr'><strong>industriis</strong></span> <span class='ocrx_word' id='word_1_81' title='bbox 1800 1254 2009 1326; x_wconf 80' lang='lat' dir='ltr'><strong>legatis.</strong></span> <span class='ocrx_word' id='word_1_82' title='bbox 2039 1252 2184 1325; x_wconf 85' lang='lat' dir='ltr'><strong>Ergo</strong></span> 
     </span>
    </p>
   </div>
   <div class='ocr_carea' id='block_1_12' title="bbox 584 1348 2184 1421">
    <p class='ocr_par' dir='ltr' id='par_1_12' title="bbox 584 1348 2184 1421">
     <span class='ocr_line' id='line_1_12' title="bbox 584 1348 2184 1421; baseline -0.003 -14"><span class='ocrx_word' id='word_1_83' title='bbox 584 1351 789 1407; x_wconf 88' lang='lat' dir='ltr'><strong>reditus</strong></span> <span class='ocrx_word' id='word_1_84' title='bbox 821 1349 1213 1417; x_wconf 86' lang='lat' dir='ltr'><strong>confessorum,</strong></span> <span class='ocrx_word' id='word_1_85' title='bbox 1247 1350 1337 1421; x_wconf 91' lang='lat' dir='ltr'><strong>qui</strong></span> <span class='ocrx_word' id='word_1_86' title='bbox 1386 1364 1539 1404; x_wconf 75' lang='lat' dir='ltr'><strong>novm</strong></span> <span class='ocrx_word' id='word_1_87' title='bbox 1569 1348 1850 1419; x_wconf 80' lang='lat' dir='ltr'><strong>legationis</strong></span> <span class='ocrx_word' id='word_1_88' title='bbox 1882 1348 2184 1419; x_wconf 80' lang='lat' dir='ltr'><strong>profectio-</strong></span> 
     </span>
    </p>
   </div>
   <div class='ocr_carea' id='block_1_13' title="bbox 586 1442 2186 1514">
    <p class='ocr_par' dir='ltr' id='par_1_13' title="bbox 586 1442 2186 1514">
     <span class='ocr_line' id='line_1_13' title="bbox 586 1442 2186 1514; baseline -0.003 -14"><span class='ocrx_word' id='word_1_89' title='bbox 586 1459 709 1500; x_wconf 87' lang='lat' dir='ltr'><strong>nem</strong></span> <span class='ocrx_word' id='word_1_90' title='bbox 751 1443 992 1514; x_wconf 82' lang='lat' dir='ltr'><strong>proxime</strong></span> <span class='ocrx_word' id='word_1_91' title='bbox 1022 1442 1304 1513; x_wconf 88' lang='lat' dir='ltr'><strong>contingit,</strong></span> <span class='ocrx_word' id='word_1_92' title='bbox 1353 1455 1462 1497; x_wconf 90' lang='lat' dir='ltr'><strong>non</strong></span> <span class='ocrx_word' id='word_1_93' title='bbox 1491 1450 1667 1511; x_wconf 87' lang='lat' dir='ltr'><strong>potest</strong></span> <span class='ocrx_word' id='word_1_94' title='bbox 1712 1443 1764 1495; x_wconf 92' lang='lat' dir='ltr'><strong>in</strong></span> <span class='ocrx_word' id='word_1_95' title='bbox 1807 1455 2048 1496; x_wconf 85' lang='lat' dir='ltr'><strong>mensem</strong></span> <span class='ocrx_word' id='word_1_96' title='bbox 2090 1455 2186 1496; x_wconf 65' lang='grc' dir='ltr'>πιθα</span> 
     </span>
    </p>
   </div>
   <div class='ocr_carea' id='block_1_14' title="bbox 587 1536 2184 1613">
    <p class='ocr_par' dir='ltr' id='par_1_14' title="bbox 587 1536 2184 1613">
     <span class='ocr_line' id='line_1_14' title="bbox 587 1536 2184 1613; baseline -0.003 -18"><span class='ocrx_word' id='word_1_97' title='bbox 587 1541 860 1597; x_wconf 87' lang='lat' dir='ltr'><strong>vembrem</strong></span> <span class='ocrx_word' id='word_1_98' title='bbox 888 1540 1060 1613; x_wconf 81' lang='lat' dir='ltr'><strong>rejici.</strong></span> <span class='ocrx_word' id='word_1_99' title='bbox 1098 1540 1300 1596; x_wconf 82' lang='lat' dir='ltr'><strong>Deinde</strong></span> <span class='ocrx_word' id='word_1_100' title='bbox 1327 1553 1459 1595; x_wconf 87' lang='lat' dir='ltr'><strong>vero</strong></span> <span class='ocrx_word' id='word_1_101' title='bbox 1486 1536 1842 1609; x_wconf 88' lang='lat' dir='ltr'><strong>Nieephorus,</strong></span> <span class='ocrx_word' id='word_1_102' title='bbox 1872 1536 1959 1593; x_wconf 91' lang='lat' dir='ltr'><strong>ille</strong></span> <span class='ocrx_word' id='word_1_103' title='bbox 2000 1538 2184 1609; x_wconf 86' lang='lat' dir='ltr'><strong>acoly-</strong></span> 
     </span>
    </p>
   </div>
   <div class='ocr_carea' id='block_1_15' title="bbox 594 1630 2186 1705">
    <p class='ocr_par' dir='ltr' id='par_1_15' title="bbox 594 1630 2186 1705">
     <span class='ocr_line' id='line_1_15' title="bbox 594 1630 2186 1705; baseline -0.002 -15"><span class='ocrx_word' id='word_1_104' title='bbox 594 1633 720 1690; x_wconf 89' lang='lat' dir='ltr'><strong>thus</strong></span> <span class='ocrx_word' id='word_1_105' title='bbox 746 1633 837 1705; x_wconf 86' lang='lat' dir='ltr'><strong>qui</strong></span> <span class='ocrx_word' id='word_1_106' title='bbox 863 1644 1147 1704; x_wconf 90' lang='lat' dir='ltr'><strong>ntramque</strong></span> <span class='ocrx_word' id='word_1_107' title='bbox 1173 1632 1453 1704; x_wconf 84' lang='lat' dir='ltr'><strong>epistolam</strong></span> <span class='ocrx_word' id='word_1_108' title='bbox 1482 1641 1537 1688; x_wconf 89' lang='lat' dir='ltr'><strong>et</strong></span> <span class='ocrx_word' id='word_1_109' title='bbox 1575 1630 1643 1687; x_wconf 90' lang='lat' dir='ltr'><strong>de</strong></span> <span class='ocrx_word' id='word_1_110' title='bbox 1672 1646 1807 1685; x_wconf 85' lang='lat' dir='ltr'><strong>nova</strong></span> <span class='ocrx_word' id='word_1_111' title='bbox 1836 1630 2104 1703; x_wconf 73' lang='lat' dir='ltr'><strong>lc‘gatiOne</strong></span> <span class='ocrx_word' id='word_1_112' title='bbox 2133 1641 2186 1686; x_wconf 91' lang='lat' dir='ltr'><strong>et</strong></span> 
     </span>
    </p>
   </div>
   <div class='ocr_carea' id='block_1_16' title="bbox 589 1723 2188 1792">
    <p class='ocr_par' dir='ltr' id='par_1_16' title="bbox 589 1723 2188 1792">
     <span class='ocr_line' id='line_1_16' title="bbox 589 1723 2188 1792; baseline -0.003 -8"><span class='ocrx_word' id='word_1_113' title='bbox 589 1727 658 1784; x_wconf 84' lang='lat' dir='ltr'><strong>tle</strong></span> <span class='ocrx_word' id='word_1_114' title='bbox 687 1726 861 1783; x_wconf 87' lang='lat' dir='ltr'><strong>reditu</strong></span> <span class='ocrx_word' id='word_1_115' title='bbox 905 1725 1274 1783; x_wconf 81' lang='lat' dir='ltr'><strong>confessorem</strong></span> <span class='ocrx_word' id='word_1_116' title='bbox 1318 1724 1514 1792; x_wconf 83' lang='lat' dir='ltr'><strong>attulit,</strong></span> <span class='ocrx_word' id='word_1_117' title='bbox 1567 1739 1671 1779; x_wconf 90' lang='lat' dir='ltr'><strong>non</strong></span> <span class='ocrx_word' id='word_1_118' title='bbox 1700 1723 1914 1779; x_wconf 89' lang='lat' dir='ltr'><strong>videtur</strong></span> <span class='ocrx_word' id='word_1_119' title='bbox 1960 1723 2188 1780; x_wconf 91' lang='lat' dir='ltr'><strong>clericus</strong></span> 
     </span>
    </p>
   </div>
   <div class='ocr_carea' id='block_1_17' title="bbox 597 1816 2187 1890">
    <p class='ocr_par' dir='ltr' id='par_1_17' title="bbox 597 1816 2187 1890">
     <span class='ocr_line' id='line_1_17' title="bbox 597 1816 2187 1890; baseline -0.003 -12"><span class='ocrx_word' id='word_1_120' title='bbox 597 1820 766 1878; x_wconf 86' lang='lat' dir='ltr'><strong>fuisse</strong></span> <span class='ocrx_word' id='word_1_121' title='bbox 793 1820 1085 1886; x_wconf 87' lang='lat' dir='ltr'><strong>Romantts,</strong></span> <span class='ocrx_word' id='word_1_122' title='bbox 1119 1819 1212 1875; x_wconf 91' lang='lat' dir='ltr'><strong>sed</strong></span> <span class='ocrx_word' id='word_1_123' title='bbox 1241 1820 1421 1890; x_wconf 89' lang='lat' dir='ltr'><strong>potius</strong></span> <span class='ocrx_word' id='word_1_124' title='bbox 1447 1818 1562 1889; x_wconf 82' lang='lat' dir='ltr'><strong>ipse</strong></span> <span class='ocrx_word' id='word_1_125' title='bbox 1586 1817 1675 1874; x_wconf 89' lang='lat' dir='ltr'><strong>ille</strong></span> <span class='ocrx_word' id='word_1_126' title='bbox 1702 1816 2037 1888; x_wconf 70' lang='lat' dir='ltr'><strong>Nicephorius</strong></span> <span class='ocrx_word' id='word_1_127' title='bbox 2064 1833 2187 1873; x_wconf 84' lang='lat' dir='ltr'><strong>aco-</strong></span> 
     </span>
    </p>
   </div>
   <div class='ocr_carea' id='block_1_18' title="bbox 596 1910 2188 1985">
    <p class='ocr_par' dir='ltr' id='par_1_18' title="bbox 596 1910 2188 1985">
     <span class='ocr_line' id='line_1_18' title="bbox 596 1910 2188 1985; baseline -0.002 -17"><span class='ocrx_word' id='word_1_128' title='bbox 596 1912 777 1985; x_wconf 89' lang='lat' dir='ltr'><strong>lythus</strong></span> <span class='ocrx_word' id='word_1_129' title='bbox 813 1928 971 1984; x_wconf 89' lang='lat' dir='ltr'><strong>quem</strong></span> <span class='ocrx_word' id='word_1_130' title='bbox 1008 1910 1311 1984; x_wconf 82' lang='lat' dir='ltr'><strong>Cyprianus</strong></span> <span class='ocrx_word' id='word_1_131' title='bbox 1348 1910 1485 1981; x_wconf 92' lang='lat' dir='ltr'><strong>julio</strong></span> <span class='ocrx_word' id='word_1_132' title='bbox 1540 1918 1803 1977; x_wconf 80' lang='lat' dir='ltr'><strong>exeunte,</strong></span> <span class='ocrx_word' id='word_1_133' title='bbox 1846 1910 1929 1965; x_wconf 89' lang='lat' dir='ltr'><strong>vel</strong></span> <span class='ocrx_word' id='word_1_134' title='bbox 1963 1920 2188 1980; x_wconf 84' lang='lat' dir='ltr'><strong>augusto</strong></span> 
     </span>
    </p>
   </div>
   <div class='ocr_carea' id='block_1_19' title="bbox 595 2002 2189 2062">
    <p class='ocr_par' dir='ltr' id='par_1_19' title="bbox 595 2002 2189 2062">
     <span class='ocr_line' id='line_1_19' title="bbox 595 2002 2189 2062; baseline -0.001 0"><span class='ocrx_word' id='word_1_135' title='bbox 595 2006 814 2062; x_wconf 89' lang='lat' dir='ltr'><strong>ineunte</strong></span> <span class='ocrx_word' id='word_1_136' title='bbox 838 2020 959 2062; x_wconf 93' lang='lat' dir='ltr'><strong>cum</strong></span> <span class='ocrx_word' id='word_1_137' title='bbox 988 2004 1171 2061; x_wconf 81' lang='lat' dir='ltr'><strong>Mettio</strong></span> <span class='ocrx_word' id='word_1_138' title='bbox 1198 2005 1532 2062; x_wconf 87' lang='lat' dir='ltr'><strong>subdiacono</strong></span> <span class='ocrx_word' id='word_1_139' title='bbox 1560 2002 1784 2059; x_wconf 90' lang='lat' dir='ltr'><strong>Romam</strong></span> <span class='ocrx_word' id='word_1_140' title='bbox 1826 2004 2067 2059; x_wconf 86' lang='lat' dir='ltr'><strong>miserat.</strong></span> <span class='ocrx_word' id='word_1_141' title='bbox 2099 2003 2189 2061; x_wconf 91' lang='lat' dir='ltr'><strong>Sic</strong></span> 
     </span>
    </p>
   </div>
   <div class='ocr_carea' id='block_1_20' title="bbox 592 2098 2190 2170">
    <p class='ocr_par' dir='ltr' id='par_1_20' title="bbox 592 2098 2190 2170">
     <span class='ocr_line' id='line_1_20' title="bbox 592 2098 2190 2170; baseline -0.003 -13"><span class='ocrx_word' id='word_1_142' title='bbox 592 2101 736 2157; x_wconf 82' lang='lat' dir='ltr'><strong>enim</strong></span> <span class='ocrx_word' id='word_1_143' title='bbox 773 2100 842 2156; x_wconf 91' lang='lat' dir='ltr'><strong>de</strong></span> <span class='ocrx_word' id='word_1_144' title='bbox 909 2100 1001 2157; x_wconf 91' lang='lat' dir='ltr'><strong>illo</strong></span> <span class='ocrx_word' id='word_1_145' title='bbox 1052 2098 1336 2157; x_wconf 89' lang='lat' dir='ltr'><strong>Cornelius</strong></span> <span class='ocrx_word' id='word_1_146' title='bbox 1386 2099 1624 2170; x_wconf 91' lang='lat' dir='ltr'><strong>loquitur</strong></span> <span class='ocrx_word' id='word_1_147' title='bbox 1663 2098 1766 2169; x_wconf 86' lang='lat' dir='ltr'><strong>Ep.</strong></span> <span class='ocrx_word' id='word_1_148' title='bbox 1815 2114 1937 2153; x_wconf 89' lang='lat' dir='ltr'><strong>xt.vt</strong></span> <span class='ocrx_word' id='word_1_149' title='bbox 1965 2118 1977 2154; x_wconf 95' lang='lat'><strong>:</strong></span> <span class='ocrx_word' id='word_1_150' title='bbox 2010 2117 2028 2150; x_wconf 79' lang='grc' dir='ltr'><strong>ι</strong></span> <span class='ocrx_word' id='word_1_151' title='bbox 2065 2098 2190 2153; x_wconf 65' lang='lat' dir='ltr'><strong>llaec</strong></span> 
     </span>
    </p>
   </div>
   <div class='ocr_carea' id='block_1_21' title="bbox 595 2191 2191 2267">
    <p class='ocr_par' dir='ltr' id='par_1_21' title="bbox 595 2191 2191 2267">
     <span class='ocr_line' id='line_1_21' title="bbox 595 2191 2191 2267; baseline 0 -19"><span class='ocrx_word' id='word_1_152' title='bbox 595 2196 774 2267; x_wconf 79' lang='lat' dir='ltr'><strong>igitur,</strong></span> <span class='ocrx_word' id='word_1_153' title='bbox 823 2194 990 2251; x_wconf 82' lang='lat' dir='ltr'><strong>frater</strong></span> <span class='ocrx_word' id='word_1_154' title='bbox 1032 2193 1369 2258; x_wconf 90' lang='lat' dir='ltr'><strong>charissime,</strong></span> <span class='ocrx_word' id='word_1_155' title='bbox 1411 2191 1597 2248; x_wconf 92' lang='lat' dir='ltr'><strong>eadem</strong></span> <span class='ocrx_word' id='word_1_156' title='bbox 1630 2191 1791 2258; x_wconf 87' lang='lat' dir='ltr'><strong>hora,</strong></span> <span class='ocrx_word' id='word_1_157' title='bbox 1844 2192 2033 2247; x_wconf 83' lang='lat' dir='ltr'><strong>eodem</strong></span> <span class='ocrx_word' id='word_1_158' title='bbox 2079 2208 2191 2248; x_wconf 91' lang='lat' dir='ltr'><strong>mo-</strong></span> 
     </span>
    </p>
   </div>
   <div class='ocr_carea' id='block_1_22' title="bbox 595 2282 2191 2361">
    <p class='ocr_par' dir='ltr' id='par_1_22' title="bbox 595 2282 2191 2361">
     <span class='ocr_line' id='line_1_22' title="bbox 595 2282 2191 2361; baseline -0.004 -17"><span class='ocrx_word' id='word_1_159' title='bbox 595 2297 777 2344; x_wconf 91' lang='lat' dir='ltr'><strong>mento</strong></span> <span class='ocrx_word' id='word_1_160' title='bbox 816 2286 882 2343; x_wconf 91' lang='lat' dir='ltr'><strong>ad</strong></span> <span class='ocrx_word' id='word_1_161' title='bbox 940 2296 992 2342; x_wconf 91' lang='lat' dir='ltr'><strong>te</strong></span> <span class='ocrx_word' id='word_1_162' title='bbox 1042 2302 1138 2357; x_wconf 91' lang='lat' dir='ltr'><strong>per</strong></span> <span class='ocrx_word' id='word_1_163' title='bbox 1194 2285 1392 2356; x_wconf 89' lang='lat' dir='ltr'><strong>scripta</strong></span> <span class='ocrx_word' id='word_1_164' title='bbox 1459 2283 1884 2361; x_wconf 87' lang='lat' dir='ltr'><strong>transmisimus,</strong></span> <span class='ocrx_word' id='word_1_165' title='bbox 1937 2293 1989 2337; x_wconf 89' lang='lat' dir='ltr'><strong>et</strong></span> <span class='ocrx_word' id='word_1_166' title='bbox 2040 2282 2191 2339; x_wconf 87' lang='lat' dir='ltr'><strong>Nice-</strong></span> 
     </span>
    </p>
   </div>
   <div class='ocr_carea' id='block_1_23' title="bbox 592 2373 2190 2451">
    <p class='ocr_par' dir='ltr' id='par_1_23' title="bbox 592 2373 2190 2451">
     <span class='ocr_line' id='line_1_23' title="bbox 592 2373 2190 2451; baseline -0.003 -18"><span class='ocrx_word' id='word_1_167' title='bbox 592 2378 823 2451; x_wconf 80' lang='lat' dir='ltr'><strong>‘phorum</strong></span> <span class='ocrx_word' id='word_1_168' title='bbox 878 2377 1233 2449; x_wconf 88' lang='lat' dir='ltr'><strong>acolythum,</strong></span> <span class='ocrx_word' id='word_1_169' title='bbox 1304 2374 1633 2431; x_wconf 85' lang='lat' dir='ltr'><strong>descendere</strong></span> <span class='ocrx_word' id='word_1_170' title='bbox 1696 2374 1762 2429; x_wconf 93' lang='lat' dir='ltr'><strong>ad</strong></span> <span class='ocrx_word' id='word_1_171' title='bbox 1829 2373 2190 2445; x_wconf 83' lang='lat' dir='ltr'><strong>navigandum</strong></span> 
     </span>
    </p>
   </div>
   <div class='ocr_carea' id='block_1_24' title="bbox 603 2467 2191 2539">
    <p class='ocr_par' dir='ltr' id='par_1_24' title="bbox 603 2467 2191 2539">
     <span class='ocr_line' id='line_1_24' title="bbox 603 2467 2191 2539; baseline -0.003 -11"><span class='ocrx_word' id='word_1_172' title='bbox 603 2475 999 2539; x_wconf 75' lang='lat' dir='ltr'><strong>deStinantem,</strong></span> <span class='ocrx_word' id='word_1_173' title='bbox 1065 2470 1132 2526; x_wconf 90' lang='lat' dir='ltr'><strong>ad</strong></span> <span class='ocrx_word' id='word_1_174' title='bbox 1189 2485 1286 2527; x_wconf 89' lang='lat' dir='ltr'><strong>vos</strong></span> <span class='ocrx_word' id='word_1_175' title='bbox 1328 2469 1507 2525; x_wconf 87' lang='lat' dir='ltr'><strong>statim</strong></span> <span class='ocrx_word' id='word_1_176' title='bbox 1562 2467 1759 2523; x_wconf 87' lang='lat' dir='ltr'><strong>dimisi.</strong></span> <span class='ocrx_word' id='word_1_177' title='bbox 1794 2486 1811 2520; x_wconf 84' lang='grc' dir='ltr'><strong>ι</strong></span> <span class='ocrx_word' id='word_1_178' title='bbox 1862 2468 2068 2535; x_wconf 82' lang='lat' dir='ltr'><strong>Quibus</strong></span> <span class='ocrx_word' id='word_1_179' title='bbox 2120 2485 2191 2523; x_wconf 82' lang='lat' dir='ltr'><strong>ex</strong></span> 
     </span>
    </p>
   </div>
   <div class='ocr_carea' id='block_1_25' title="bbox 596 2559 2194 2635">
    <p class='ocr_par' dir='ltr' id='par_1_25' title="bbox 596 2559 2194 2635">
     <span class='ocr_line' id='line_1_25' title="bbox 596 2559 2194 2635; baseline -0.003 -15"><span class='ocrx_word' id='word_1_180' title='bbox 596 2565 773 2621; x_wconf 86' lang='lat' dir='ltr'><strong>verbis</strong></span> <span class='ocrx_word' id='word_1_181' title='bbox 804 2572 950 2635; x_wconf 88' lang='lat' dir='ltr'><strong>patet</strong></span> <span class='ocrx_word' id='word_1_182' title='bbox 976 2562 1125 2619; x_wconf 87' lang='lat' dir='ltr'><strong>hunc</strong></span> <span class='ocrx_word' id='word_1_183' title='bbox 1155 2562 1413 2620; x_wconf 87' lang='lat' dir='ltr'><strong>clericum</strong></span> <span class='ocrx_word' id='word_1_184' title='bbox 1453 2577 1559 2616; x_wconf 92' lang='lat' dir='ltr'><strong>non</strong></span> <span class='ocrx_word' id='word_1_185' title='bbox 1587 2559 1708 2615; x_wconf 90' lang='lat' dir='ltr'><strong>data</strong></span> <span class='ocrx_word' id='word_1_186' title='bbox 1740 2575 1903 2630; x_wconf 81' lang='lat' dir='ltr'><strong>opera</strong></span> <span class='ocrx_word' id='word_1_187' title='bbox 1936 2576 1963 2614; x_wconf 85' lang='lat' dir='ltr'><strong>a</strong></span> <span class='ocrx_word' id='word_1_188' title='bbox 1993 2559 2194 2616; x_wconf 87' lang='lat' dir='ltr'><strong>Corne-</strong></span> 
     </span>
    </p>
   </div>
   <div class='ocr_carea' id='block_1_26' title="bbox 597 2651 2195 2726">
    <p class='ocr_par' dir='ltr' id='par_1_26' title="bbox 597 2651 2195 2726">
     <span class='ocr_line' id='line_1_26' title="bbox 597 2651 2195 2726; baseline -0.002 -13"><span class='ocrx_word' id='word_1_189' title='bbox 597 2657 669 2713; x_wconf 92' lang='lat' dir='ltr'><strong>lio</strong></span> <span class='ocrx_word' id='word_1_190' title='bbox 704 2657 928 2713; x_wconf 91' lang='lat' dir='ltr'><strong>missum</strong></span> <span class='ocrx_word' id='word_1_191' title='bbox 958 2656 1145 2724; x_wconf 83' lang='lat' dir='ltr'><strong>fuisse,</strong></span> <span class='ocrx_word' id='word_1_192' title='bbox 1194 2654 1290 2713; x_wconf 88' lang='lat' dir='ltr'><strong>sed</strong></span> <span class='ocrx_word' id='word_1_193' title='bbox 1322 2654 1519 2726; x_wconf 87' lang='lat' dir='ltr'><strong>potius,</strong></span> <span class='ocrx_word' id='word_1_194' title='bbox 1573 2667 1717 2720; x_wconf 91' lang='lat' dir='ltr'><strong>cum,</strong></span> <span class='ocrx_word' id='word_1_195' title='bbox 1754 2651 2007 2723; x_wconf 84' lang='lat' dir='ltr'><strong>perfectis</strong></span> <span class='ocrx_word' id='word_1_196' title='bbox 2034 2653 2195 2710; x_wconf 91' lang='lat' dir='ltr'><strong>rebus</strong></span> 
     </span>
    </p>
   </div>
   <div class='ocr_carea' id='block_1_27' title="bbox 597 2735 2193 2820">
    <p class='ocr_par' dir='ltr' id='par_1_27' title="bbox 597 2735 2193 2820">
     <span class='ocr_line' id='line_1_27' title="bbox 597 2735 2193 2820; baseline 0 -19"><span class='ocrx_word' id='word_1_197' title='bbox 597 2764 821 2820; x_wconf 91' lang='lat' dir='ltr'><strong>quarum</strong></span> <span class='ocrx_word' id='word_1_198' title='bbox 862 2735 1022 2806; x_wconf 84' lang='lat' dir='ltr'><strong>eausa</strong></span> <span class='ocrx_word' id='word_1_199' title='bbox 1048 2757 1289 2816; x_wconf 75' lang='lat' dir='ltr'><strong>venerat,</strong></span> <span class='ocrx_word' id='word_1_200' title='bbox 1333 2745 1556 2811; x_wconf 82' lang='lat' dir='ltr'><strong>rediret,</strong></span> <span class='ocrx_word' id='word_1_201' title='bbox 1595 2754 1837 2801; x_wconf 89' lang='lat' dir='ltr'><strong>sanctum</strong></span> <span class='ocrx_word' id='word_1_202' title='bbox 1882 2746 2193 2801; x_wconf 87' lang='lat' dir='ltr'><strong>Pontiticent</strong></span> 
     </span>
    </p>
   </div>
   <div class='ocr_carea' id='block_1_28' title="bbox 597 2836 2197 2909">
    <p class='ocr_par' dir='ltr' id='par_1_28' title="bbox 597 2836 2197 2909">
     <span class='ocr_line' id='line_1_28' title="bbox 597 2836 2197 2909; baseline -0.004 -12"><span class='ocrx_word' id='word_1_203' title='bbox 597 2841 775 2897; x_wconf 90' lang='lat' dir='ltr'><strong>oblata</strong></span> <span class='ocrx_word' id='word_1_204' title='bbox 822 2841 1106 2898; x_wconf 89' lang='lat' dir='ltr'><strong>occasione</strong></span> <span class='ocrx_word' id='word_1_205' title='bbox 1136 2855 1290 2896; x_wconf 91' lang='lat' dir='ltr'><strong>usum</strong></span> <span class='ocrx_word' id='word_1_206' title='bbox 1317 2853 1459 2896; x_wconf 91' lang='lat' dir='ltr'><strong>esse.</strong></span> <span class='ocrx_word' id='word_1_207' title='bbox 1509 2836 1644 2893; x_wconf 89' lang='lat' dir='ltr'><strong>Ilinc</strong></span> <span class='ocrx_word' id='word_1_208' title='bbox 1667 2837 1776 2908; x_wconf 90' lang='lat' dir='ltr'><strong>jam</strong></span> <span class='ocrx_word' id='word_1_209' title='bbox 1827 2839 1875 2893; x_wconf 90' lang='lat' dir='ltr'><strong>ei</strong></span> <span class='ocrx_word' id='word_1_210' title='bbox 1924 2838 2197 2909; x_wconf 84' lang='lat' dir='ltr'><strong>perferen-</strong></span> 
     </span>
    </p>
   </div>
   <div class='ocr_carea' id='block_1_29' title="bbox 598 2931 2197 3007">
    <p class='ocr_par' dir='ltr' id='par_1_29' title="bbox 598 2931 2197 3007">
     <span class='ocr_line' id='line_1_29' title="bbox 598 2931 2197 3007; baseline -0.002 -16"><span class='ocrx_word' id='word_1_211' title='bbox 598 2935 722 2991; x_wconf 80' lang='lat' dir='ltr'><strong>dam</strong></span> <span class='ocrx_word' id='word_1_212' title='bbox 770 2936 1054 3007; x_wconf 90' lang='lat' dir='ltr'><strong>epistolam</strong></span> <span class='ocrx_word' id='word_1_213' title='bbox 1081 2933 1301 2990; x_wconf 88' lang='lat' dir='ltr'><strong>dederat</strong></span> <span class='ocrx_word' id='word_1_214' title='bbox 1328 2932 1397 2989; x_wconf 92' lang='lat' dir='ltr'><strong>de</strong></span> <span class='ocrx_word' id='word_1_215' title='bbox 1439 2931 1589 2988; x_wconf 90' lang='lat' dir='ltr'><strong>novis</strong></span> <span class='ocrx_word' id='word_1_216' title='bbox 1638 2933 1979 2987; x_wconf 89' lang='lat' dir='ltr'><strong>teutamcntis</strong></span> <span class='ocrx_word' id='word_1_217' title='bbox 2022 2931 2197 2988; x_wconf 89' lang='lat' dir='ltr'><strong>Nova-</strong></span> 
     </span>
    </p>
   </div>
   <div class='ocr_carea' id='block_1_30' title="bbox 599 3026 2193 3096">
    <p class='ocr_par' dir='ltr' id='par_1_30' title="bbox 599 3026 2193 3096">
     <span class='ocr_line' id='line_1_30' title="bbox 599 3026 2193 3096; baseline -0.003 -10"><span class='ocrx_word' id='word_1_218' title='bbox 599 3030 750 3096; x_wconf 87' lang='lat' dir='ltr'><strong>tiani,</strong></span> <span class='ocrx_word' id='word_1_219' title='bbox 793 3030 888 3085; x_wconf 91' lang='lat' dir='ltr'><strong>scd</strong></span> <span class='ocrx_word' id='word_1_220' title='bbox 933 3029 1156 3086; x_wconf 88' lang='lat' dir='ltr'><strong>minime</strong></span> <span class='ocrx_word' id='word_1_221' title='bbox 1206 3026 1587 3093; x_wconf 76' lang='lat' dir='ltr'><strong>necessariam,</strong></span> <span class='ocrx_word' id='word_1_222' title='bbox 1645 3032 1737 3080; x_wconf 88' lang='lat' dir='ltr'><strong>aut</strong></span> <span class='ocrx_word' id='word_1_223' title='bbox 1782 3041 1900 3096; x_wconf 77' lang='lat' dir='ltr'><strong>qua:</strong></span> <span class='ocrx_word' id='word_1_224' title='bbox 1943 3026 2193 3081; x_wconf 87' lang='lat' dir='ltr'><strong>clericum</strong></span> 
     </span>
    </p>
   </div>
   <div class='ocr_carea' id='block_1_31' title="bbox 599 3116 2227 3194">
    <p class='ocr_par' dir='ltr' id='par_1_31' title="bbox 599 3116 2227 3194">
     <span class='ocr_line' id='line_1_31' title="bbox 599 3116 2227 3194; baseline -0.004 -14"><span class='ocrx_word' id='word_1_225' title='bbox 599 3122 740 3180; x_wconf 87' lang='lat' dir='ltr'><strong>mitti</strong></span> <span class='ocrx_word' id='word_1_226' title='bbox 773 3122 1067 3194; x_wconf 88' lang='lat' dir='ltr'><strong>postularet</strong></span> <span class='ocrx_word' id='word_1_227' title='bbox 1088 3162 1102 3186; x_wconf 91' lang='lat'><strong>,</strong></span> <span class='ocrx_word' id='word_1_228' title='bbox 1143 3120 1407 3193; x_wconf 88' lang='lat' dir='ltr'><strong>siquidem</strong></span> <span class='ocrx_word' id='word_1_229' title='bbox 1432 3118 1542 3188; x_wconf 91' lang='lat' dir='ltr'><strong>jam</strong></span> <span class='ocrx_word' id='word_1_230' title='bbox 1571 3116 1767 3172; x_wconf 88' lang='lat' dir='ltr'><strong>missus</strong></span> <span class='ocrx_word' id='word_1_231' title='bbox 1806 3134 1865 3171; x_wconf 90' lang='lat' dir='ltr'><strong>ea</strong></span> <span class='ocrx_word' id='word_1_232' title='bbox 1894 3116 1960 3172; x_wconf 90' lang='lat' dir='ltr'><strong>de</strong></span> <span class='ocrx_word' id='word_1_233' title='bbox 1991 3135 2048 3172; x_wconf 91' lang='lat' dir='ltr'><strong>re</strong></span> <span class='ocrx_word' id='word_1_234' title='bbox 2079 3117 2192 3173; x_wconf 26' lang='lat' dir='ltr'><strong>fuci</strong></span> <span class='ocrx_word' id='word_1_235' title='bbox 2219 3181 2227 3191; x_wconf 36' lang='grc' dir='ltr'>ι</span> 
     </span>
    </p>
   </div>
   <div class='ocr_carea' id='block_1_32' title="bbox 598 3212 2195 3288">
    <p class='ocr_par' dir='ltr' id='par_1_32' title="bbox 598 3212 2195 3288">
     <span class='ocr_line' id='line_1_32' title="bbox 598 3212 2195 3288; baseline -0.006 -14"><span class='ocrx_word' id='word_1_236' title='bbox 598 3228 683 3274; x_wconf 85' lang='lat' dir='ltr'><strong>rat</strong></span> <span class='ocrx_word' id='word_1_237' title='bbox 713 3216 999 3288; x_wconf 78' lang='lat' dir='ltr'><strong>Atigcndus</strong></span> <span class='ocrx_word' id='word_1_238' title='bbox 1032 3216 1333 3283; x_wconf 90' lang='lat' dir='ltr'><strong>confessor,</strong></span> <span class='ocrx_word' id='word_1_239' title='bbox 1367 3229 1467 3268; x_wconf 89' lang='lat' dir='ltr'><strong>nec</strong></span> <span class='ocrx_word' id='word_1_240' title='bbox 1494 3226 1715 3267; x_wconf 89' lang='lat' dir='ltr'><strong>necesse</strong></span> <span class='ocrx_word' id='word_1_241' title='bbox 1741 3222 1855 3266; x_wconf 89' lang='lat' dir='ltr'><strong>erat</strong></span> <span class='ocrx_word' id='word_1_242' title='bbox 1902 3212 2195 3282; x_wconf 82' lang='lat' dir='ltr'><strong>aliumpo-</strong></span> 
     </span>
    </p>
   </div>
   <div class='ocr_carea' id='block_1_33' title="bbox 592 3303 2197 3379">
    <p class='ocr_par' dir='ltr' id='par_1_33' title="bbox 592 3303 2197 3379">
     <span class='ocr_line' id='line_1_33' title="bbox 592 3303 2197 3379; baseline -0.005 -13"><span class='ocrx_word' id='word_1_243' title='bbox 592 3320 713 3367; x_wconf 21' lang='lat' dir='ltr'><strong>istea</strong></span> <span class='ocrx_word' id='word_1_244' title='bbox 743 3311 956 3365; x_wconf 86' lang='lat' dir='ltr'><strong>mittere</strong></span> <span class='ocrx_word' id='word_1_245' title='bbox 972 3308 1061 3379; x_wconf 91' lang='lat' dir='ltr'><strong>qui</strong></span> <span class='ocrx_word' id='word_1_246' title='bbox 1086 3307 1228 3363; x_wconf 91' lang='lat' dir='ltr'><strong>idem</strong></span> <span class='ocrx_word' id='word_1_247' title='bbox 1259 3306 1549 3361; x_wconf 91' lang='lat' dir='ltr'><strong>nuntiaret.</strong></span> <span class='ocrx_word' id='word_1_248' title='bbox 1573 3303 1761 3368; x_wconf 88' lang='lat' dir='ltr'><strong>Porro,</strong></span> <span class='ocrx_word' id='word_1_249' title='bbox 1786 3304 1830 3360; x_wconf 91' lang='lat' dir='ltr'><strong>si</strong></span> <span class='ocrx_word' id='word_1_250' title='bbox 1861 3305 1906 3358; x_wconf 92' lang='lat' dir='ltr'><strong>is</strong></span> <span class='ocrx_word' id='word_1_251' title='bbox 1930 3315 2013 3361; x_wconf 91' lang='lat' dir='ltr'><strong>cst</strong></span> <span class='ocrx_word' id='word_1_252' title='bbox 2037 3303 2197 3372; x_wconf 45' lang='lat' dir='ltr'><strong>Nice:</strong></span> 
     </span>
    </p>
   </div>
   <div class='ocr_carea' id='block_1_34' title="bbox 604 3395 2197 3476">
    <p class='ocr_par' dir='ltr' id='par_1_34' title="bbox 604 3395 2197 3476">
     <span class='ocr_line' id='line_1_34' title="bbox 604 3395 2197 3476; baseline -0.004 -19"><span class='ocrx_word' id='word_1_253' title='bbox 604 3404 801 3476; x_wconf 88' lang='lat' dir='ltr'><strong>phorus</strong></span> <span class='ocrx_word' id='word_1_254' title='bbox 829 3400 1110 3474; x_wconf 85' lang='lat' dir='ltr'><strong>acolythus</strong></span> <span class='ocrx_word' id='word_1_255' title='bbox 1149 3400 1236 3470; x_wconf 89' lang='lat' dir='ltr'><strong>qui</strong></span> <span class='ocrx_word' id='word_1_256' title='bbox 1264 3414 1386 3456; x_wconf 92' lang='lat' dir='ltr'><strong>cum</strong></span> <span class='ocrx_word' id='word_1_257' title='bbox 1420 3396 1604 3452; x_wconf 81' lang='lat' dir='ltr'><strong>Mettio</strong></span> <span class='ocrx_word' id='word_1_258' title='bbox 1634 3396 1921 3467; x_wconf 85' lang='lat' dir='ltr'><strong>Epistolam</strong></span> <span class='ocrx_word' id='word_1_259' title='bbox 1958 3413 2066 3452; x_wconf 74' lang='grc' dir='ltr'>χιιι</span> <span class='ocrx_word' id='word_1_260' title='bbox 2088 3395 2197 3469; x_wconf 85' lang='lat' dir='ltr'><strong>Cy-</strong></span> 
     </span>
    </p>
   </div>
   <div class='ocr_carea' id='block_1_35' title="bbox 602 3488 2197 3569">
    <p class='ocr_par' dir='ltr' id='par_1_35' title="bbox 602 3488 2197 3569">
     <span class='ocr_line' id='line_1_35' title="bbox 602 3488 2197 3569; baseline -0.002 -18"><span class='ocrx_word' id='word_1_261' title='bbox 602 3496 778 3569; x_wconf 88' lang='lat' dir='ltr'><strong>priani</strong></span> <span class='ocrx_word' id='word_1_262' title='bbox 837 3494 1087 3566; x_wconf 91' lang='lat' dir='ltr'><strong>pertulit,</strong></span> <span class='ocrx_word' id='word_1_263' title='bbox 1144 3492 1339 3550; x_wconf 88' lang='lat' dir='ltr'><strong>frustra</strong></span> <span class='ocrx_word' id='word_1_264' title='bbox 1399 3491 1540 3546; x_wconf 89' lang='lat' dir='ltr'><strong>illius</strong></span> <span class='ocrx_word' id='word_1_265' title='bbox 1594 3488 1798 3546; x_wconf 87' lang='lat' dir='ltr'><strong>reditus</strong></span> <span class='ocrx_word' id='word_1_266' title='bbox 1841 3491 1909 3547; x_wconf 90' lang='lat' dir='ltr'><strong>ad</strong></span> <span class='ocrx_word' id='word_1_267' title='bbox 1956 3507 2197 3548; x_wconf 89' lang='lat' dir='ltr'><strong>mensem</strong></span> 
     </span>
    </p>
   </div>
   <div class='ocr_carea' id='block_1_36' title="bbox 608 3577 2201 3664">
    <p class='ocr_par' dir='ltr' id='par_1_36' title="bbox 608 3577 2201 3664">
     <span class='ocr_line' id='line_1_36' title="bbox 608 3577 2201 3664; baseline -0.001 -17"><span class='ocrx_word' id='word_1_268' title='bbox 608 3577 1256 3647; x_wconf 21' lang='lat' dir='ltr'><strong>novembrem&#39;diffcrtur.</strong></span> <span class='ocrx_word' id='word_1_269' title='bbox 1302 3590 1462 3647; x_wconf 83' lang='lat' dir='ltr'><strong>Parvi</strong></span> <span class='ocrx_word' id='word_1_270' title='bbox 1514 3593 1681 3650; x_wconf 85' lang='lat' dir='ltr'><strong>refert</strong></span> <span class='ocrx_word' id='word_1_271' title='bbox 1714 3590 1858 3664; x_wconf 90' lang='lat' dir='ltr'><strong>quod</strong></span> <span class='ocrx_word' id='word_1_272' title='bbox 1909 3590 1961 3645; x_wconf 90' lang='lat' dir='ltr'><strong>in</strong></span> <span class='ocrx_word' id='word_1_273' title='bbox 2006 3589 2201 3646; x_wconf 89' lang='lat' dir='ltr'><strong>litteris</strong></span> 
     </span>
    </p>
   </div>
   <div class='ocr_carea' id='block_1_37' title="bbox 608 3682 2197 3749">
    <p class='ocr_par' dir='ltr' id='par_1_37' title="bbox 608 3682 2197 3749">
     <span class='ocr_line' id='line_1_37' title="bbox 608 3682 2197 3749; baseline -0.002 -9"><span class='ocrx_word' id='word_1_274' title='bbox 608 3682 841 3740; x_wconf 84' lang='lat' dir='ltr'><strong>Cornelii</strong></span> <span class='ocrx_word' id='word_1_275' title='bbox 891 3682 1033 3738; x_wconf 90' lang='lat' dir='ltr'><strong>nulla</strong></span> <span class='ocrx_word' id='word_1_276' title='bbox 1087 3682 1177 3738; x_wconf 83' lang='lat' dir='ltr'><strong>fiat</strong></span> <span class='ocrx_word' id='word_1_277' title='bbox 1225 3684 1427 3740; x_wconf 90' lang='lat' dir='ltr'><strong>mentio</strong></span> <span class='ocrx_word' id='word_1_278' title='bbox 1480 3685 1548 3741; x_wconf 92' lang='lat' dir='ltr'><strong>de</strong></span> <span class='ocrx_word' id='word_1_279' title='bbox 1613 3685 1797 3741; x_wconf 91' lang='lat' dir='ltr'><strong>Mettio</strong></span> <span class='ocrx_word' id='word_1_280' title='bbox 1846 3683 2197 3749; x_wconf 89' lang='lat' dir='ltr'><strong>subdiacono,</strong></span> 
     </span>
    </p>
   </div>
   <div class='ocr_carea' id='block_1_38' title="bbox 610 3774 2202 3849">
    <p class='ocr_par' dir='ltr' id='par_1_38' title="bbox 610 3774 2202 3849">
     <span class='ocr_line' id='line_1_38' title="bbox 610 3774 2202 3849; baseline -0.001 -17"><span class='ocrx_word' id='word_1_281' title='bbox 610 3791 839 3848; x_wconf 88' lang='lat' dir='ltr'><strong>quocum</strong></span> <span class='ocrx_word' id='word_1_282' title='bbox 870 3774 1208 3847; x_wconf 90' lang='lat' dir='ltr'><strong>Nicephorus</strong></span> <span class='ocrx_word' id='word_1_283' title='bbox 1255 3776 1533 3849; x_wconf 82' lang='lat' dir='ltr'><strong>acolythus</strong></span> <span class='ocrx_word' id='word_1_284' title='bbox 1562 3775 1833 3849; x_wconf 90' lang='lat' dir='ltr'><strong>profectus</strong></span> <span class='ocrx_word' id='word_1_285' title='bbox 1876 3776 2048 3833; x_wconf 90' lang='lat' dir='ltr'><strong>fuerat</strong></span> <span class='ocrx_word' id='word_1_286' title='bbox 2071 3774 2202 3831; x_wconf 86' lang='lat' dir='ltr'><strong>Car-</strong></span> 
     </span>
    </p>
   </div>
   <div class='ocr_carea' id='block_1_39' title="bbox 568 3864 2198 3945">
    <p class='ocr_par' dir='ltr' id='par_1_39' title="bbox 568 3864 2198 3945">
     <span class='ocr_line' id='line_1_39' title="bbox 568 3864 2198 3945; baseline 0.001 -20"><span class='ocrx_word' id='word_1_287' title='bbox 568 3864 585 3876; x_wconf 86' lang='grc'><strong>’</strong></span> <span class='ocrx_word' id='word_1_288' title='bbox 605 3870 857 3943; x_wconf 88' lang='lat' dir='ltr'><strong>thagine;</strong></span> <span class='ocrx_word' id='word_1_289' title='bbox 907 3887 1028 3927; x_wconf 91' lang='lat' dir='ltr'><strong>nam</strong></span> <span class='ocrx_word' id='word_1_290' title='bbox 1056 3871 1303 3928; x_wconf 89' lang='lat' dir='ltr'><strong>similiter</strong></span> <span class='ocrx_word' id='word_1_291' title='bbox 1332 3872 1546 3929; x_wconf 86' lang='lat' dir='ltr'><strong>Mettius</strong></span> <span class='ocrx_word' id='word_1_292' title='bbox 1568 3915 1581 3940; x_wconf 93' lang='lat'><strong>,</strong></span> <span class='ocrx_word' id='word_1_293' title='bbox 1614 3883 1674 3929; x_wconf 92' lang='lat' dir='ltr'><strong>ut</strong></span> <span class='ocrx_word' id='word_1_294' title='bbox 1700 3887 1859 3945; x_wconf 90' lang='lat' dir='ltr'><strong>supra</strong></span> <span class='ocrx_word' id='word_1_295' title='bbox 1890 3871 2119 3928; x_wconf 86' lang='lat' dir='ltr'><strong>vidimus</strong></span> <span class='ocrx_word' id='word_1_296' title='bbox 2148 3872 2198 3926; x_wconf 94' lang='lat' dir='ltr'><strong>in</strong></span> 
     </span>
    </p>
   </div>
   <div class='ocr_carea' id='block_1_40' title="bbox 604 3962 2199 4038">
    <p class='ocr_par' dir='ltr' id='par_1_40' title="bbox 604 3962 2199 4038">
     <span class='ocr_line' id='line_1_40' title="bbox 604 3962 2199 4038; baseline 0.001 -19"><span class='ocrx_word' id='word_1_297' title='bbox 604 3962 848 4034; x_wconf 87' lang='lat' dir='ltr'><strong>Epistula</strong></span> <span class='ocrx_word' id='word_1_298' title='bbox 890 3980 1053 4031; x_wconf 81' lang='lat' dir='ltr'><strong>xutt,</strong></span> <span class='ocrx_word' id='word_1_299' title='bbox 1099 3964 1247 4020; x_wconf 88' lang='lat' dir='ltr'><strong>solus</strong></span> <span class='ocrx_word' id='word_1_300' title='bbox 1293 3966 1620 4032; x_wconf 83' lang='lat' dir='ltr'><strong>nominatur,</strong></span> <span class='ocrx_word' id='word_1_301' title='bbox 1654 3967 1901 4038; x_wconf 88' lang='lat' dir='ltr'><strong>quamvis</strong></span> <span class='ocrx_word' id='word_1_302' title='bbox 1942 3965 2124 4021; x_wconf 86' lang='lat' dir='ltr'><strong>socius</strong></span> <span class='ocrx_word' id='word_1_303' title='bbox 2150 3964 2199 4020; x_wconf 88' lang='lat' dir='ltr'><strong>ei</strong></span> 
     </span>
    </p>
   </div>
   <div class='ocr_carea' id='block_1_41' title="bbox 606 4054 1767 4128">
    <p class='ocr_par' dir='ltr' id='par_1_41' title="bbox 606 4054 1767 4128">
     <span class='ocr_line' id='line_1_41' title="bbox 606 4054 1767 4128; baseline 0.007 -18"><span class='ocrx_word' id='word_1_304' title='bbox 606 4055 889 4126; x_wconf 86' lang='lat' dir='ltr'><strong>adjunctus</strong></span> <span class='ocrx_word' id='word_1_305' title='bbox 919 4066 1063 4113; x_wconf 92' lang='lat' dir='ltr'><strong>esset</strong></span> <span class='ocrx_word' id='word_1_306' title='bbox 1083 4056 1438 4128; x_wconf 89' lang='lat' dir='ltr'><strong>Nicephorus.</strong></span> <span class='ocrx_word' id='word_1_307' title='bbox 1760 4054 1767 4060; x_wconf 70' lang='grc'><strong><em>’</em></strong></span> 
     </span>
    </p>
   </div>
   <div class='ocr_carea' id='block_1_42' title="bbox 621 4147 2201 4219">
    <p class='ocr_par' dir='ltr' id='par_1_42' title="bbox 621 4147 2201 4219">
     <span class='ocr_line' id='line_1_42' title="bbox 621 4147 2201 4219; baseline 0.001 -17"><span class='ocrx_word' id='word_1_308' title='bbox 621 4173 629 4179; x_wconf 66' lang='grc' dir='ltr'><strong>ο</strong></span> <span class='ocrx_word' id='word_1_309' title='bbox 677 4147 829 4216; x_wconf 90' lang='lat' dir='ltr'><strong>Quod</strong></span> <span class='ocrx_word' id='word_1_310' title='bbox 861 4157 1068 4219; x_wconf 85' lang='lat' dir='ltr'><strong>spectat</strong></span> <span class='ocrx_word' id='word_1_311' title='bbox 1095 4149 1159 4204; x_wconf 87' lang='lat' dir='ltr'><strong>ad</strong></span> <span class='ocrx_word' id='word_1_312' title='bbox 1190 4148 1477 4206; x_wconf 91' lang='lat' dir='ltr'><strong>concilium</strong></span> <span class='ocrx_word' id='word_1_313' title='bbox 1511 4151 1832 4217; x_wconf 91' lang='lat' dir='ltr'><strong>Romanum,</strong></span> <span class='ocrx_word' id='word_1_314' title='bbox 1864 4149 2040 4206; x_wconf 91' lang='lat' dir='ltr'><strong>reditu</strong></span> <span class='ocrx_word' id='word_1_315' title='bbox 2071 4164 2201 4205; x_wconf 90' lang='lat' dir='ltr'><strong>con-</strong></span> 
     </span>
    </p>
   </div>
   <div class='ocr_carea' id='block_1_43' title="bbox 606 4239 2203 4313">
    <p class='ocr_par' dir='ltr' id='par_1_43' title="bbox 606 4239 2203 4313">
     <span class='ocr_line' id='line_1_43' title="bbox 606 4239 2203 4313; baseline 0.002 -19"><span class='ocrx_word' id='word_1_316' title='bbox 606 4239 869 4295; x_wconf 79' lang='lat' dir='ltr'><strong>fossorum</strong></span> <span class='ocrx_word' id='word_1_317' title='bbox 896 4240 1116 4296; x_wconf 91' lang='lat' dir='ltr'><strong>omnino</strong></span> <span class='ocrx_word' id='word_1_318' title='bbox 1144 4244 1412 4312; x_wconf 79' lang='lat' dir='ltr'><strong>posterius</strong></span> <span class='ocrx_word' id='word_1_319' title='bbox 1446 4242 1675 4300; x_wconf 90' lang='lat' dir='ltr'><strong>videtur.</strong></span> <span class='ocrx_word' id='word_1_320' title='bbox 1720 4241 1936 4298; x_wconf 89' lang='lat' dir='ltr'><strong>Nullmn</strong></span> <span class='ocrx_word' id='word_1_321' title='bbox 1980 4256 2203 4313; x_wconf 89' lang='lat' dir='ltr'><strong>prorsus</strong></span> 
     </span>
    </p>
   </div>
   <div class='ocr_carea' id='block_1_44' title="bbox 608 4330 2200 4403">
    <p class='ocr_par' dir='ltr' id='par_1_44' title="bbox 608 4330 2200 4403">
     <span class='ocr_line' id='line_1_44' title="bbox 608 4330 2200 4403; baseline 0 -16"><span class='ocrx_word' id='word_1_322' title='bbox 608 4330 768 4403; x_wconf 91' lang='lat' dir='ltr'><strong>lmjus</strong></span> <span class='ocrx_word' id='word_1_323' title='bbox 796 4332 1010 4389; x_wconf 91' lang='lat' dir='ltr'><strong>concilii</strong></span> <span class='ocrx_word' id='word_1_324' title='bbox 1050 4333 1329 4403; x_wconf 83' lang='lat' dir='ltr'><strong>vestigium</strong></span> <span class='ocrx_word' id='word_1_325' title='bbox 1360 4334 1412 4388; x_wconf 92' lang='lat' dir='ltr'><strong>in</strong></span> <span class='ocrx_word' id='word_1_326' title='bbox 1448 4334 1640 4390; x_wconf 86' lang='lat' dir='ltr'><strong>litteris</strong></span> <span class='ocrx_word' id='word_1_327' title='bbox 1688 4334 1909 4389; x_wconf 81' lang='lat' dir='ltr'><strong>Romam</strong></span> <span class='ocrx_word' id='word_1_328' title='bbox 1939 4343 2029 4389; x_wconf 91' lang='lat' dir='ltr'><strong>aut</strong></span> <span class='ocrx_word' id='word_1_329' title='bbox 2066 4332 2200 4388; x_wconf 89' lang='lat' dir='ltr'><strong>Car-</strong></span> 
     </span>
    </p>
   </div>
   <div class='ocr_carea' id='block_1_45' title="bbox 607 4424 2202 4500">
    <p class='ocr_par' dir='ltr' id='par_1_45' title="bbox 607 4424 2202 4500">
     <span class='ocr_line' id='line_1_45' title="bbox 607 4424 2202 4500; baseline 0.001 -19"><span class='ocrx_word' id='word_1_330' title='bbox 607 4424 878 4498; x_wconf 82' lang='lat' dir='ltr'><strong>thaginem</strong></span> <span class='ocrx_word' id='word_1_331' title='bbox 910 4426 1091 4483; x_wconf 86' lang='lat' dir='ltr'><strong>missis</strong></span> <span class='ocrx_word' id='word_1_332' title='bbox 1119 4426 1257 4483; x_wconf 90' lang='lat' dir='ltr'><strong>intra</strong></span> <span class='ocrx_word' id='word_1_333' title='bbox 1302 4427 1430 4483; x_wconf 91' lang='lat' dir='ltr'><strong>illud</strong></span> <span class='ocrx_word' id='word_1_334' title='bbox 1474 4437 1683 4499; x_wconf 86' lang='lat' dir='ltr'><strong>tempus</strong></span> <span class='ocrx_word' id='word_1_335' title='bbox 1739 4426 1880 4500; x_wconf 87' lang='lat' dir='ltr'><strong>quod</strong></span> <span class='ocrx_word' id='word_1_336' title='bbox 1909 4443 1937 4481; x_wconf 93' lang='lat' dir='ltr'><strong>a</strong></span> <span class='ocrx_word' id='word_1_337' title='bbox 1967 4424 2202 4483; x_wconf 88' lang='lat' dir='ltr'><strong>Cornelii</strong></span> 
     </span>
    </p>
   </div>
   <div class='ocr_carea' id='block_1_46' title="bbox 604 4517 2201 4577">
    <p class='ocr_par' dir='ltr' id='par_1_46' title="bbox 604 4517 2201 4577">
     <span class='ocr_line' id='line_1_46' title="bbox 604 4517 2201 4577; baseline 0 -2"><span class='ocrx_word' id='word_1_338' title='bbox 604 4517 941 4575; x_wconf 87' lang='lat' dir='ltr'><strong>ordinatione</strong></span> <span class='ocrx_word' id='word_1_339' title='bbox 978 4518 1046 4574; x_wconf 91' lang='lat' dir='ltr'><strong>ad</strong></span> <span class='ocrx_word' id='word_1_340' title='bbox 1090 4519 1323 4575; x_wconf 88' lang='lat' dir='ltr'><strong>reditum</strong></span> <span class='ocrx_word' id='word_1_341' title='bbox 1367 4519 1739 4577; x_wconf 84' lang='lat' dir='ltr'><strong>cuttfessornm</strong></span> <span class='ocrx_word' id='word_1_342' title='bbox 1812 4519 2039 4576; x_wconf 76' lang='lat' dir='ltr'><strong>effluxit.</strong></span> <span class='ocrx_word' id='word_1_343' title='bbox 2098 4518 2201 4575; x_wconf 89' lang='lat' dir='ltr'><strong>Le-</strong></span> 
     </span>
    </p>
   </div>
   <div class='ocr_carea' id='block_1_47' title="bbox 607 4594 2204 4688">
    <p class='ocr_par' dir='ltr' id='par_1_47' title="bbox 607 4594 2204 4688">
     <span class='ocr_line' id='line_1_47' title="bbox 607 4594 2204 4688; baseline 0.001 -22"><span class='ocrx_word' id='word_1_344' title='bbox 607 4594 1029 4684; x_wconf 59' lang='lat' dir='ltr'><strong>gatitaldonius</strong></span> <span class='ocrx_word' id='word_1_345' title='bbox 1075 4623 1129 4670; x_wconf 90' lang='lat' dir='ltr'><strong>et</strong></span> <span class='ocrx_word' id='word_1_346' title='bbox 1161 4611 1507 4683; x_wconf 84' lang='lat' dir='ltr'><strong>Fortunatus,</strong></span> <span class='ocrx_word' id='word_1_347' title='bbox 1539 4614 1630 4688; x_wconf 92' lang='lat' dir='ltr'><strong>qui</strong></span> <span class='ocrx_word' id='word_1_348' title='bbox 1675 4613 2050 4686; x_wconf 80' lang='lat' dir='ltr'><strong>Carthaginem</strong></span> <span class='ocrx_word' id='word_1_349' title='bbox 2082 4622 2204 4685; x_wconf 90' lang='lat' dir='ltr'><strong>post</strong></span> 
     </span>
    </p>
   </div>
   <div class='ocr_carea' id='block_1_48' title="bbox 606 4704 2201 4780">
    <p class='ocr_par' dir='ltr' id='par_1_48' title="bbox 606 4704 2201 4780">
     <span class='ocr_line' id='line_1_48' title="bbox 606 4704 2201 4780; baseline 0.001 -20"><span class='ocrx_word' id='word_1_350' title='bbox 606 4704 888 4761; x_wconf 78' lang='lat' dir='ltr'><strong>Novatiani</strong></span> <span class='ocrx_word' id='word_1_351' title='bbox 915 4706 1310 4763; x_wconf 89' lang='lat' dir='ltr'><strong>ordinationem</strong></span> <span class='ocrx_word' id='word_1_352' title='bbox 1357 4708 1589 4777; x_wconf 87' lang='lat' dir='ltr'><strong>rediere,</strong></span> <span class='ocrx_word' id='word_1_353' title='bbox 1635 4726 1741 4765; x_wconf 92' lang='lat' dir='ltr'><strong>non</strong></span> <span class='ocrx_word' id='word_1_354' title='bbox 1786 4709 2014 4780; x_wconf 89' lang='lat' dir='ltr'><strong>amplius</strong></span> <span class='ocrx_word' id='word_1_355' title='bbox 2043 4722 2201 4779; x_wconf 88' lang='lat' dir='ltr'><strong>qttatn</strong></span> 
     </span>
    </p>
   </div>
   <div class='ocr_carea' id='block_1_49' title="bbox 609 4796 2238 4872">
    <p class='ocr_par' dir='ltr' id='par_1_49' title="bbox 609 4796 2238 4872">
     <span class='ocr_line' id='line_1_49' title="bbox 609 4796 2238 4872; baseline 0.002 -20"><span class='ocrx_word' id='word_1_356' title='bbox 609 4796 878 4853; x_wconf 79' lang='lat' dir='ltr'><strong>sexdecim</strong></span> <span class='ocrx_word' id='word_1_357' title='bbox 906 4798 1280 4870; x_wconf 90' lang='lat' dir='ltr'><strong>episcoporum</strong></span> <span class='ocrx_word' id='word_1_358' title='bbox 1313 4801 1519 4857; x_wconf 91' lang='lat' dir='ltr'><strong>litteras</strong></span> <span class='ocrx_word' id='word_1_359' title='bbox 1558 4800 1871 4858; x_wconf 89' lang='lat' dir='ltr'><strong>attulerunt.</strong></span> <span class='ocrx_word' id='word_1_360' title='bbox 1903 4799 2035 4868; x_wconf 92' lang='lat' dir='ltr'><strong>Quis</strong></span> <span class='ocrx_word' id='word_1_361' title='bbox 2075 4814 2204 4872; x_wconf 86' lang='lat' dir='ltr'><strong>ergo</strong></span> <span class='ocrx_word' id='word_1_362' title='bbox 2235 4822 2238 4826; x_wconf 64' lang='lat'><strong><em>~</em></strong></span> 
     </span>
    </p>
   </div>
   <div class='ocr_carea' id='block_1_50' title="bbox 607 4889 2201 4962">
    <p class='ocr_par' dir='ltr' id='par_1_50' title="bbox 607 4889 2201 4962">
     <span class='ocr_line' id='line_1_50' title="bbox 607 4889 2201 4962; baseline 0.001 -16"><span class='ocrx_word' id='word_1_363' title='bbox 607 4889 791 4946; x_wconf 88' lang='lat' dir='ltr'><strong>credat</strong></span> <span class='ocrx_word' id='word_1_364' title='bbox 808 4889 919 4962; x_wconf 90' lang='lat' dir='ltr'><strong>jam</strong></span> <span class='ocrx_word' id='word_1_365' title='bbox 943 4899 1054 4947; x_wconf 87' lang='lat' dir='ltr'><strong>tttm</strong></span> <span class='ocrx_word' id='word_1_366' title='bbox 1080 4892 1469 4950; x_wconf 88' lang='lat' dir='ltr'><strong>ordinationem</strong></span> <span class='ocrx_word' id='word_1_367' title='bbox 1494 4894 1730 4953; x_wconf 86' lang='lat' dir='ltr'><strong>Cornelii</strong></span> <span class='ocrx_word' id='word_1_368' title='bbox 1760 4897 1810 4950; x_wconf 92' lang='lat' dir='ltr'><strong>in</strong></span> <span class='ocrx_word' id='word_1_369' title='bbox 1846 4895 2075 4951; x_wconf 91' lang='lat' dir='ltr'><strong>concilio</strong></span> <span class='ocrx_word' id='word_1_370' title='bbox 2130 4910 2201 4949; x_wconf 66' lang='grc' dir='ltr'><strong>ιι</strong></span> 
     </span>
    </p>
   </div>
   <div class='ocr_carea' id='block_1_51' title="bbox 520 4984 2201 5059">
    <p class='ocr_par' dir='ltr' id='par_1_51' title="bbox 520 4984 2201 5059">
     <span class='ocr_line' id='line_1_51' title="bbox 520 4984 2201 5059; baseline 0.002 -20"><span class='ocrx_word' id='word_1_371' title='bbox 520 4986 525 4991; x_wconf 81' lang='grc'><strong>’</strong></span> <span class='ocrx_word' id='word_1_372' title='bbox 606 4984 979 5053; x_wconf 87' lang='lat' dir='ltr'><strong>episcoporum</strong></span> <span class='ocrx_word' id='word_1_373' title='bbox 1003 4986 1373 5043; x_wconf 83' lang='lat' dir='ltr'><strong>confirmatam</strong></span> <span class='ocrx_word' id='word_1_374' title='bbox 1406 4987 1593 5054; x_wconf 91' lang='lat' dir='ltr'><strong>fuisse,</strong></span> <span class='ocrx_word' id='word_1_375' title='bbox 1626 4997 1685 5044; x_wconf 90' lang='lat' dir='ltr'><strong>ut</strong></span> <span class='ocrx_word' id='word_1_376' title='bbox 1708 4988 2011 5059; x_wconf 88' lang='lat' dir='ltr'><strong>suspicatur</strong></span> <span class='ocrx_word' id='word_1_377' title='bbox 2034 4986 2201 5043; x_wconf 85' lang='lat' dir='ltr'><strong>Tille-</strong></span> 
     </span>
    </p>
   </div>
   <div class='ocr_carea' id='block_1_52' title="bbox 607 5074 2203 5147">
    <p class='ocr_par' dir='ltr' id='par_1_52' title="bbox 607 5074 2203 5147">
     <span class='ocr_line' id='line_1_52' title="bbox 607 5074 2203 5147; baseline 0.004 -18"><span class='ocrx_word' id='word_1_378' title='bbox 607 5074 878 5129; x_wconf 88' lang='lat' dir='ltr'><strong>montius?</strong></span> <span class='ocrx_word' id='word_1_379' title='bbox 926 5074 1190 5133; x_wconf 62' lang='lat' dir='ltr'><strong>Pra&#39;terea</strong></span> <span class='ocrx_word' id='word_1_380' title='bbox 1246 5077 1349 5134; x_wconf 92' lang='lat' dir='ltr'><strong>hoc</strong></span> <span class='ocrx_word' id='word_1_381' title='bbox 1400 5079 1716 5147; x_wconf 90' lang='lat' dir='ltr'><strong>concilium,</strong></span> <span class='ocrx_word' id='word_1_382' title='bbox 1777 5088 1912 5137; x_wconf 91' lang='lat' dir='ltr'><strong>teste</strong></span> <span class='ocrx_word' id='word_1_383' title='bbox 1969 5078 2203 5136; x_wconf 85' lang='lat' dir='ltr'><strong>Eusebio</strong></span> 
     </span>
    </p>
   </div>
   <div class='ocr_carea' id='block_1_53' title="bbox 608 5168 2205 5245">
    <p class='ocr_par' dir='ltr' id='par_1_53' title="bbox 608 5168 2205 5245">
     <span class='ocr_line' id='line_1_53' title="bbox 608 5168 2205 5245; baseline 0.004 -21"><span class='ocrx_word' id='word_1_384' title='bbox 608 5168 728 5239; x_wconf 90' lang='lat' dir='ltr'><strong>(lib.</strong></span> <span class='ocrx_word' id='word_1_385' title='bbox 760 5185 835 5238; x_wconf 90' lang='lat' dir='ltr'><strong>vt,</strong></span> <span class='ocrx_word' id='word_1_386' title='bbox 864 5184 983 5243; x_wconf 91' lang='lat' dir='ltr'><strong>cap.</strong></span> <span class='ocrx_word' id='word_1_387' title='bbox 1009 5169 1128 5243; x_wconf 70' lang='grc'><strong>45).</strong></span> <span class='ocrx_word' id='word_1_388' title='bbox 1158 5170 1395 5228; x_wconf 80' lang='lat' dir='ltr'><strong>decrevit</strong></span> <span class='ocrx_word' id='word_1_389' title='bbox 1436 5191 1455 5225; x_wconf 86' lang='grc' dir='ltr'><strong>ι</strong></span> <span class='ocrx_word' id='word_1_390' title='bbox 1487 5171 1749 5230; x_wconf 89' lang='lat' dir='ltr'><strong>Novatum</strong></span> <span class='ocrx_word' id='word_1_391' title='bbox 1780 5173 1993 5245; x_wconf 86' lang='lat' dir='ltr'><strong>quidem</strong></span> <span class='ocrx_word' id='word_1_392' title='bbox 2023 5182 2077 5230; x_wconf 86' lang='lat' dir='ltr'><strong>et</strong></span> <span class='ocrx_word' id='word_1_393' title='bbox 2110 5189 2205 5231; x_wconf 93' lang='lat' dir='ltr'><strong>eos</strong></span> 
     </span>
    </p>
   </div>
   <div class='ocr_carea' id='block_1_54' title="bbox 608 5263 2204 5337">
    <p class='ocr_par' dir='ltr' id='par_1_54' title="bbox 608 5263 2204 5337">
     <span class='ocr_line' id='line_1_54' title="bbox 608 5263 2204 5337; baseline 0.004 -21"><span class='ocrx_word' id='word_1_394' title='bbox 608 5263 698 5333; x_wconf 91' lang='lat' dir='ltr'><strong>qui</strong></span> <span class='ocrx_word' id='word_1_395' title='bbox 755 5278 859 5319; x_wconf 87' lang='lat' dir='ltr'><strong>una</strong></span> <span class='ocrx_word' id='word_1_396' title='bbox 906 5278 1027 5320; x_wconf 91' lang='lat' dir='ltr'><strong>eum</strong></span> <span class='ocrx_word' id='word_1_397' title='bbox 1082 5264 1199 5337; x_wconf 90' lang='lat' dir='ltr'><strong>ipso</strong></span> <span class='ocrx_word' id='word_1_398' title='bbox 1250 5272 1369 5323; x_wconf 86' lang='lat' dir='ltr'><strong>sese</strong></span> <span class='ocrx_word' id='word_1_399' title='bbox 1418 5265 1713 5324; x_wconf 90' lang='lat' dir='ltr'><strong>insolenter</strong></span> <span class='ocrx_word' id='word_1_400' title='bbox 1762 5267 2094 5336; x_wconf 86' lang='lat' dir='ltr'><strong>extulerant,</strong></span> <span class='ocrx_word' id='word_1_401' title='bbox 2150 5277 2204 5323; x_wconf 91' lang='lat' dir='ltr'><strong>et</strong></span> 
     </span>
    </p>
   </div>
   <div class='ocr_carea' id='block_1_55' title="bbox 609 5355 2205 5428">
    <p class='ocr_par' dir='ltr' id='par_1_55' title="bbox 609 5355 2205 5428">
     <span class='ocr_line' id='line_1_55' title="bbox 609 5355 2205 5428; baseline 0.006 -21"><span class='ocrx_word' id='word_1_402' title='bbox 609 5355 929 5428; x_wconf 90' lang='lat' dir='ltr'><strong>quicumque</strong></span> <span class='ocrx_word' id='word_1_403' title='bbox 982 5356 1439 5415; x_wconf 59' lang='lat' dir='ltr'><strong>inhumanissima:</strong></span> <span class='ocrx_word' id='word_1_404' title='bbox 1484 5366 1541 5415; x_wconf 86' lang='lat' dir='ltr'><strong>et</strong></span> <span class='ocrx_word' id='word_1_405' title='bbox 1581 5375 1610 5415; x_wconf 92' lang='lat' dir='ltr'><strong>a</strong></span> <span class='ocrx_word' id='word_1_406' title='bbox 1661 5358 1893 5416; x_wconf 88' lang='lat' dir='ltr'><strong>fraterna</strong></span> <span class='ocrx_word' id='word_1_407' title='bbox 1945 5358 2205 5417; x_wconf 89' lang='lat' dir='ltr'><strong>charitate</strong></span> 
     </span>
    </p>
   </div>
   <div class='ocr_carea' id='block_1_56' title="bbox 608 5447 2204 5526">
    <p class='ocr_par' dir='ltr' id='par_1_56' title="bbox 608 5447 2204 5526">
     <span class='ocr_line' id='line_1_56' title="bbox 608 5447 2204 5526; baseline 0.005 -23"><span class='ocrx_word' id='word_1_408' title='bbox 608 5447 799 5505; x_wconf 73' lang='lat' dir='ltr'><strong>alienae</strong></span> <span class='ocrx_word' id='word_1_409' title='bbox 841 5450 957 5522; x_wconf 89' lang='lat' dir='ltr'><strong>ejus</strong></span> <span class='ocrx_word' id='word_1_410' title='bbox 1000 5452 1237 5523; x_wconf 91' lang='lat' dir='ltr'><strong>opinioni</strong></span> <span class='ocrx_word' id='word_1_411' title='bbox 1268 5453 1575 5511; x_wconf 90' lang='lat' dir='ltr'><strong>consentire</strong></span> <span class='ocrx_word' id='word_1_412' title='bbox 1610 5464 2047 5526; x_wconf 60' lang='lat' dir='ltr'><strong>praesumserant,</strong></span> <span class='ocrx_word' id='word_1_413' title='bbox 2076 5455 2204 5511; x_wconf 73' lang='lat' dir='ltr'><strong>alie-</strong></span> 
     </span>
    </p>
   </div>
   <div class='ocr_carea' id='block_1_57' title="bbox 606 5541 2204 5606">
    <p class='ocr_par' dir='ltr' id='par_1_57' title="bbox 606 5541 2204 5606">
     <span class='ocr_line' id='line_1_57' title="bbox 606 5541 2204 5606; baseline 0.005 -7"><span class='ocrx_word' id='word_1_414' title='bbox 606 5557 708 5599; x_wconf 84' lang='lat' dir='ltr'><strong>nos</strong></span> <span class='ocrx_word' id='word_1_415' title='bbox 767 5541 835 5598; x_wconf 93' lang='lat' dir='ltr'><strong>ab</strong></span> <span class='ocrx_word' id='word_1_416' title='bbox 885 5541 1123 5600; x_wconf 89' lang='lat' dir='ltr'><strong>Ecclesia</strong></span> <span class='ocrx_word' id='word_1_417' title='bbox 1173 5546 1449 5604; x_wconf 90' lang='lat' dir='ltr'><strong>habendos</strong></span> <span class='ocrx_word' id='word_1_418' title='bbox 1498 5561 1642 5605; x_wconf 90' lang='lat' dir='ltr'><strong>esse.</strong></span> <span class='ocrx_word' id='word_1_419' title='bbox 1678 5566 1697 5600; x_wconf 78' lang='grc' dir='ltr'><strong>ι</strong></span> <span class='ocrx_word' id='word_1_420' title='bbox 1743 5549 1815 5604; x_wconf 87' lang='lat' dir='ltr'><strong>At</strong></span> <span class='ocrx_word' id='word_1_421' title='bbox 1864 5547 2204 5606; x_wconf 82' lang='lat' dir='ltr'><strong>confessorcs</strong></span> 
     </span>
    </p>
   </div>
   <div class='ocr_carea' id='block_1_58' title="bbox 607 5636 2203 5715">
    <p class='ocr_par' dir='ltr' id='par_1_58' title="bbox 607 5636 2203 5715">
     <span class='ocr_line' id='line_1_58' title="bbox 607 5636 2203 5715; baseline 0.004 -23"><span class='ocrx_word' id='word_1_422' title='bbox 607 5636 687 5693; x_wconf 87' lang='lat' dir='ltr'><strong>sic</strong></span> <span class='ocrx_word' id='word_1_423' title='bbox 725 5649 784 5691; x_wconf 88' lang='lat' dir='ltr'><strong>se</strong></span> <span class='ocrx_word' id='word_1_424' title='bbox 828 5645 953 5693; x_wconf 91' lang='lat' dir='ltr'><strong>ante</strong></span> <span class='ocrx_word' id='word_1_425' title='bbox 998 5636 1228 5693; x_wconf 88' lang='lat' dir='ltr'><strong>reditum</strong></span> <span class='ocrx_word' id='word_1_426' title='bbox 1268 5653 1506 5710; x_wconf 88' lang='lat' dir='ltr'><strong>gessere,</strong></span> <span class='ocrx_word' id='word_1_427' title='bbox 1549 5640 1627 5696; x_wconf 92' lang='lat' dir='ltr'><strong>sic</strong></span> <span class='ocrx_word' id='word_1_428' title='bbox 1672 5639 1959 5699; x_wconf 87' lang='lat' dir='ltr'><strong>redeuntes</strong></span> <span class='ocrx_word' id='word_1_429' title='bbox 1993 5643 2203 5715; x_wconf 83' lang='lat' dir='ltr'><strong>excepti</strong></span> 
     </span>
    </p>
   </div>
   <div class='ocr_carea' id='block_1_59' title="bbox 609 5730 2202 5798">
    <p class='ocr_par' dir='ltr' id='par_1_59' title="bbox 609 5730 2202 5798">
     <span class='ocr_line' id='line_1_59' title="bbox 609 5730 2202 5798; baseline 0.005 -13"><span class='ocrx_word' id='word_1_430' title='bbox 609 5737 756 5798; x_wconf 84' lang='lat' dir='ltr'><strong>sunt,</strong></span> <span class='ocrx_word' id='word_1_431' title='bbox 789 5736 847 5785; x_wconf 84' lang='lat' dir='ltr'><strong>tit</strong></span> <span class='ocrx_word' id='word_1_432' title='bbox 870 5730 1325 5788; x_wconf 86' lang='lat' dir='ltr'><strong>exeommunieati</strong></span> <span class='ocrx_word' id='word_1_433' title='bbox 1352 5732 1515 5789; x_wconf 90' lang='lat' dir='ltr'><strong>fuisse</strong></span> <span class='ocrx_word' id='word_1_434' title='bbox 1557 5748 1662 5789; x_wconf 89' lang='lat' dir='ltr'><strong>non</strong></span> <span class='ocrx_word' id='word_1_435' title='bbox 1691 5735 1975 5792; x_wconf 83' lang='lat' dir='ltr'><strong>videantur</strong></span> <span class='ocrx_word' id='word_1_436' title='bbox 2014 5752 2043 5791; x_wconf 95' lang='lat' dir='ltr'><strong>a</strong></span> <span class='ocrx_word' id='word_1_437' title='bbox 2072 5752 2202 5793; x_wconf 61' lang='lat' dir='ltr'><strong>conc</strong></span> 
     </span>
    </p>
   </div>
   <div class='ocr_carea' id='block_1_60' title="bbox 610 5820 2202 5906">
    <p class='ocr_par' dir='ltr' id='par_1_60' title="bbox 610 5820 2202 5906">
     <span class='ocr_line' id='line_1_60' title="bbox 610 5820 2202 5906; baseline 0.008 -29"><span class='ocrx_word' id='word_1_438' title='bbox 610 5820 735 5886; x_wconf 78' lang='lat' dir='ltr'><strong>cilio</strong></span> <span class='ocrx_word' id='word_1_439' title='bbox 764 5822 1039 5895; x_wconf 82' lang='lat' dir='ltr'><strong>sexaginta</strong></span> <span class='ocrx_word' id='word_1_440' title='bbox 1076 5824 1449 5899; x_wconf 89' lang='lat' dir='ltr'><strong>episcoporum</strong></span> <span class='ocrx_word' id='word_1_441' title='bbox 1477 5844 1489 5881; x_wconf 87' lang='lat'><strong>:</strong></span> <span class='ocrx_word' id='word_1_442' title='bbox 1519 5841 1666 5896; x_wconf 86' lang='lat' dir='ltr'><strong>nam,</strong></span> <span class='ocrx_word' id='word_1_443' title='bbox 1690 5827 1735 5884; x_wconf 90' lang='lat' dir='ltr'><strong>si</strong></span> <span class='ocrx_word' id='word_1_444' title='bbox 1774 5829 1841 5886; x_wconf 91' lang='lat' dir='ltr'><strong>ab</strong></span> <span class='ocrx_word' id='word_1_445' title='bbox 1873 5828 1971 5887; x_wconf 90' lang='lat' dir='ltr'><strong>hac</strong></span> <span class='ocrx_word' id='word_1_446' title='bbox 1995 5832 2202 5906; x_wconf 87' lang='lat' dir='ltr'><strong>synodo</strong></span> 
     </span>
    </p>
   </div>
   <div class='ocr_carea' id='block_1_61' title="bbox 1786 295 2612 358">
    <p class='ocr_par' dir='ltr' id='par_1_61' title="bbox 1786 295 2612 358">
     <span class='ocr_line' id='line_1_61' title="bbox 1786 295 2612 358; baseline 0.006 -4"><span class='ocrx_word' id='word_1_447' title='bbox 1786 296 1952 357; x_wconf 81' lang='lat' dir='ltr'><strong>VITA</strong></span> <span class='ocrx_word' id='word_1_448' title='bbox 1990 295 2234 356; x_wconf 82' lang='lat' dir='ltr'><strong>SANCTI</strong></span> <span class='ocrx_word' id='word_1_449' title='bbox 2271 297 2612 358; x_wconf 57' lang='lat' dir='ltr'><strong>CYl‘RlANl.</strong></span> 
     </span>
    </p>
   </div>
   <div class='ocr_carea' id='block_1_62' title="bbox 3780 301 3884 363">
    <p class='ocr_par' dir='ltr' id='par_1_62' title="bbox 3780 301 3884 363">
     <span class='ocr_line' id='line_1_62' title="bbox 3780 301 3884 363; baseline -0.038 0"><span class='ocrx_word' id='word_1_450' title='bbox 3780 301 3884 363; x_wconf 75' lang='grc'><strong>156</strong></span> 
     </span>
    </p>
   </div>
   <div class='ocr_carea' id='block_1_63' title="bbox 2294 411 3889 485">
    <p class='ocr_par' dir='ltr' id='par_1_63' title="bbox 2294 411 3889 485">
     <span class='ocr_line' id='line_1_63' title="bbox 2294 411 3889 485; baseline 0 -16"><span class='ocrx_word' id='word_1_451' title='bbox 2294 415 2345 469; x_wconf 92' lang='lat' dir='ltr'><strong>in</strong></span> <span class='ocrx_word' id='word_1_452' title='bbox 2371 415 2631 485; x_wconf 84' lang='lat' dir='ltr'><strong>judicium</strong></span> <span class='ocrx_word' id='word_1_453' title='bbox 2651 414 2821 470; x_wconf 81' lang='lat' dir='ltr'><strong>vocati</strong></span> <span class='ocrx_word' id='word_1_454' title='bbox 2844 422 2895 471; x_wconf 86' lang='lat' dir='ltr'><strong>et</strong></span> <span class='ocrx_word' id='word_1_455' title='bbox 2927 411 3379 471; x_wconf 81' lang='lat' dir='ltr'><strong>excommunicati</strong></span> <span class='ocrx_word' id='word_1_456' title='bbox 3400 414 3450 469; x_wconf 89' lang='lat' dir='ltr'><strong>in</strong></span> <span class='ocrx_word' id='word_1_457' title='bbox 3468 412 3759 471; x_wconf 89' lang='lat' dir='ltr'><strong>schismate</strong></span> <span class='ocrx_word' id='word_1_458' title='bbox 3788 414 3889 469; x_wconf 88' lang='lat' dir='ltr'><strong>ob-</strong></span> 
     </span>
    </p>
   </div>
   <div class='ocr_carea' id='block_1_64' title="bbox 2287 506 3892 580">
    <p class='ocr_par' dir='ltr' id='par_1_64' title="bbox 2287 506 3892 580">
     <span class='ocr_line' id='line_1_64' title="bbox 2287 506 3892 580; baseline 0.002 -18"><span class='ocrx_word' id='word_1_459' title='bbox 2287 506 2615 576; x_wconf 88' lang='lat' dir='ltr'><strong>duruisscnt,</strong></span> <span class='ocrx_word' id='word_1_460' title='bbox 2642 524 2708 564; x_wconf 92' lang='lat' dir='ltr'><strong>an</strong></span> <span class='ocrx_word' id='word_1_461' title='bbox 2732 508 2909 564; x_wconf 90' lang='lat' dir='ltr'><strong>dicere</strong></span> <span class='ocrx_word' id='word_1_462' title='bbox 2933 508 3233 580; x_wconf 89' lang='lat' dir='ltr'><strong>potuissent</strong></span> <span class='ocrx_word' id='word_1_463' title='bbox 3260 506 3660 563; x_wconf 84' lang='lat' dir='ltr'><strong>circumventus</strong></span> <span class='ocrx_word' id='word_1_464' title='bbox 3683 523 3742 564; x_wconf 89' lang='lat' dir='ltr'><strong>se</strong></span> <span class='ocrx_word' id='word_1_465' title='bbox 3768 524 3892 565; x_wconf 86' lang='lat' dir='ltr'><strong>esse</strong></span> 
     </span>
    </p>
   </div>
   <div class='ocr_carea' id='block_1_65' title="bbox 2288 599 3891 674">
    <p class='ocr_par' dir='ltr' id='par_1_65' title="bbox 2288 599 3891 674">
     <span class='ocr_line' id='line_1_65' title="bbox 2288 599 3891 674; baseline 0.001 -20"><span class='ocrx_word' id='word_1_466' title='bbox 2288 609 2341 654; x_wconf 89' lang='lat' dir='ltr'><strong>et</strong></span> <span class='ocrx_word' id='word_1_467' title='bbox 2372 599 2724 671; x_wconf 85' lang='lat' dir='ltr'><strong>imposturam</strong></span> <span class='ocrx_word' id='word_1_468' title='bbox 2752 615 2960 674; x_wconf 85' lang='lat' dir='ltr'><strong>passos,</strong></span> <span class='ocrx_word' id='word_1_469' title='bbox 3007 615 3070 656; x_wconf 91' lang='lat' dir='ltr'><strong>ac</strong></span> <span class='ocrx_word' id='word_1_470' title='bbox 3109 609 3344 655; x_wconf 91' lang='lat' dir='ltr'><strong>mentem</strong></span> <span class='ocrx_word' id='word_1_471' title='bbox 3393 615 3543 654; x_wconf 90' lang='lat' dir='ltr'><strong>suam</strong></span> <span class='ocrx_word' id='word_1_472' title='bbox 3590 615 3805 672; x_wconf 85' lang='lat' dir='ltr'><strong>semper</strong></span> <span class='ocrx_word' id='word_1_473' title='bbox 3835 600 3891 656; x_wconf 91' lang='lat' dir='ltr'><strong>in</strong></span> 
     </span>
    </p>
   </div>
   <div class='ocr_carea' id='block_1_66' title="bbox 2289 684 3922 765">
    <p class='ocr_par' dir='ltr' id='par_1_66' title="bbox 2289 684 3922 765">
     <span class='ocr_line' id='line_1_66' title="bbox 2289 684 3922 765; baseline 0.002 -19"><span class='ocrx_word' id='word_1_474' title='bbox 2289 693 2530 748; x_wconf 83' lang='lat' dir='ltr'><strong>Ecclesia</strong></span> <span class='ocrx_word' id='word_1_475' title='bbox 2566 692 2768 750; x_wconf 86' lang='lat' dir='ltr'><strong>fuisse?</strong></span> <span class='ocrx_word' id='word_1_476' title='bbox 2815 693 2934 765; x_wconf 91' lang='lat' dir='ltr'><strong>quis</strong></span> <span class='ocrx_word' id='word_1_477' title='bbox 2961 694 3147 751; x_wconf 89' lang='lat' dir='ltr'><strong>credat</strong></span> <span class='ocrx_word' id='word_1_478' title='bbox 3172 692 3483 749; x_wconf 84' lang='lat' dir='ltr'><strong>Cornelium</strong></span> <span class='ocrx_word' id='word_1_479' title='bbox 3510 684 3709 749; x_wconf 82' lang='lat' dir='ltr'><strong>siccos</strong></span> <span class='ocrx_word' id='word_1_480' title='bbox 3736 709 3891 750; x_wconf 86' lang='lat' dir='ltr'><strong>recc-</strong></span> <span class='ocrx_word' id='word_1_481' title='bbox 3915 702 3922 709; x_wconf 86' lang='lat'>‘</span> 
     </span>
    </p>
   </div>
   <div class='ocr_carea' id='block_1_67' title="bbox 2290 787 3895 859">
    <p class='ocr_par' dir='ltr' id='par_1_67' title="bbox 2290 787 3895 859">
     <span class='ocr_line' id='line_1_67' title="bbox 2290 787 3895 859; baseline 0.003 -20"><span class='ocrx_word' id='word_1_482' title='bbox 2290 795 2503 856; x_wconf 88' lang='lat' dir='ltr'><strong>ptttrum</strong></span> <span class='ocrx_word' id='word_1_483' title='bbox 2536 788 2720 854; x_wconf 82' lang='lat' dir='ltr'><strong>fuisse,</strong></span> <span class='ocrx_word' id='word_1_484' title='bbox 2747 800 2800 843; x_wconf 87' lang='grc' dir='ltr'><strong>ιιι</strong></span> <span class='ocrx_word' id='word_1_485' title='bbox 2826 789 3003 844; x_wconf 89' lang='lat' dir='ltr'><strong>omnia</strong></span> <span class='ocrx_word' id='word_1_486' title='bbox 3033 790 3332 844; x_wconf 91' lang='lat' dir='ltr'><strong>remitteret</strong></span> <span class='ocrx_word' id='word_1_487' title='bbox 3364 787 3471 843; x_wconf 90' lang='lat' dir='ltr'><strong>Deo</strong></span> <span class='ocrx_word' id='word_1_488' title='bbox 3498 789 3895 859; x_wconf 79' lang='lat' dir='ltr'><strong>omnipotenti?</strong></span> 
     </span>
    </p>
   </div>
   <div class='ocr_carea' id='block_1_68' title="bbox 2293 881 3897 953">
    <p class='ocr_par' dir='ltr' id='par_1_68' title="bbox 2293 881 3897 953">
     <span class='ocr_line' id='line_1_68' title="bbox 2293 881 3897 953; baseline 0.002 -18"><span class='ocrx_word' id='word_1_489' title='bbox 2293 897 2398 935; x_wconf 89' lang='lat' dir='ltr'><strong>non</strong></span> <span class='ocrx_word' id='word_1_490' title='bbox 2433 883 2509 937; x_wconf 91' lang='lat' dir='ltr'><strong>sic</strong></span> <span class='ocrx_word' id='word_1_491' title='bbox 2538 884 2620 953; x_wconf 81' lang='lat' dir='ltr'><strong>agi</strong></span> <span class='ocrx_word' id='word_1_492' title='bbox 2650 883 2783 938; x_wconf 90' lang='lat' dir='ltr'><strong>solet</strong></span> <span class='ocrx_word' id='word_1_493' title='bbox 2811 898 2930 938; x_wconf 91' lang='lat' dir='ltr'><strong>cum</strong></span> <span class='ocrx_word' id='word_1_494' title='bbox 2961 882 3269 938; x_wconf 90' lang='lat' dir='ltr'><strong>hominibus</strong></span> <span class='ocrx_word' id='word_1_495' title='bbox 3290 882 3401 952; x_wconf 88' lang='lat' dir='ltr'><strong>jatn</strong></span> <span class='ocrx_word' id='word_1_496' title='bbox 3429 881 3683 953; x_wconf 72' lang='lat' dir='ltr'><strong>judicatis</strong></span> <span class='ocrx_word' id='word_1_497' title='bbox 3713 892 3767 939; x_wconf 94' lang='lat' dir='ltr'><strong>et</strong></span> <span class='ocrx_word' id='word_1_498' title='bbox 3799 897 3897 938; x_wconf 83' lang='lat' dir='ltr'><strong>cx-</strong></span> 
     </span>
    </p>
   </div>
   <div class='ocr_carea' id='block_1_69' title="bbox 2288 977 3893 1049">
    <p class='ocr_par' dir='ltr' id='par_1_69' title="bbox 2288 977 3893 1049">
     <span class='ocr_line' id='line_1_69' title="bbox 2288 977 3893 1049; baseline 0.001 -18"><span class='ocrx_word' id='word_1_499' title='bbox 2288 978 2717 1033; x_wconf 86' lang='lat' dir='ltr'><strong>communicatis.</strong></span> <span class='ocrx_word' id='word_1_500' title='bbox 2765 979 3037 1034; x_wconf 80' lang='lat' dir='ltr'><strong>Posterius</strong></span> <span class='ocrx_word' id='word_1_501' title='bbox 3068 993 3195 1049; x_wconf 85' lang='lat' dir='ltr'><strong>ergo</strong></span> <span class='ocrx_word' id='word_1_502' title='bbox 3225 977 3515 1034; x_wconf 89' lang='lat' dir='ltr'><strong>concilium</strong></span> <span class='ocrx_word' id='word_1_503' title='bbox 3554 977 3731 1033; x_wconf 89' lang='lat' dir='ltr'><strong>reditu</strong></span> <span class='ocrx_word' id='word_1_504' title='bbox 3758 992 3893 1033; x_wconf 88' lang='lat' dir='ltr'><strong>con-</strong></span> 
     </span>
    </p>
   </div>
   <div class='ocr_carea' id='block_1_70' title="bbox 2292 1070 3898 1143">
    <p class='ocr_par' dir='ltr' id='par_1_70' title="bbox 2292 1070 3898 1143">
     <span class='ocr_line' id='line_1_70' title="bbox 2292 1070 3898 1143; baseline 0.002 -21"><span class='ocrx_word' id='word_1_505' title='bbox 2292 1070 2557 1125; x_wconf 89' lang='lat' dir='ltr'><strong>fcssornm</strong></span> <span class='ocrx_word' id='word_1_506' title='bbox 2590 1089 2604 1125; x_wconf 87' lang='lat'>:</span> <span class='ocrx_word' id='word_1_507' title='bbox 2638 1070 2730 1125; x_wconf 93' lang='lat' dir='ltr'><strong>sed</strong></span> <span class='ocrx_word' id='word_1_508' title='bbox 2761 1081 2935 1127; x_wconf 88' lang='lat' dir='ltr'><strong>tamen</strong></span> <span class='ocrx_word' id='word_1_509' title='bbox 2967 1086 3072 1125; x_wconf 90' lang='lat' dir='ltr'><strong>non</strong></span> <span class='ocrx_word' id='word_1_510' title='bbox 3102 1071 3273 1126; x_wconf 90' lang='lat' dir='ltr'><strong>multo</strong></span> <span class='ocrx_word' id='word_1_511' title='bbox 3300 1070 3597 1141; x_wconf 89' lang='lat' dir='ltr'><strong>posterius;</strong></span> <span class='ocrx_word' id='word_1_512' title='bbox 3628 1086 3747 1124; x_wconf 87' lang='lat' dir='ltr'><strong>nam</strong></span> <span class='ocrx_word' id='word_1_513' title='bbox 3778 1085 3898 1143; x_wconf 82' lang='lat' dir='ltr'><strong>gra-</strong></span> 
     </span>
    </p>
   </div>
   <div class='ocr_carea' id='block_1_71' title="bbox 2294 1162 3901 1230">
    <p class='ocr_par' dir='ltr' id='par_1_71' title="bbox 2294 1162 3901 1230">
     <span class='ocr_line' id='line_1_71' title="bbox 2294 1162 3901 1230; baseline 0.001 -14"><span class='ocrx_word' id='word_1_514' title='bbox 2294 1163 2530 1218; x_wconf 76' lang='lat' dir='ltr'><strong>vissima:</strong></span> <span class='ocrx_word' id='word_1_515' title='bbox 2573 1178 2750 1219; x_wconf 80' lang='lat' dir='ltr'><strong>causae</strong></span> <span class='ocrx_word' id='word_1_516' title='bbox 2780 1164 3041 1220; x_wconf 87' lang='lat' dir='ltr'><strong>suberant</strong></span> <span class='ocrx_word' id='word_1_517' title='bbox 3070 1178 3165 1218; x_wconf 91' lang='lat' dir='ltr'><strong>cur</strong></span> <span class='ocrx_word' id='word_1_518' title='bbox 3192 1164 3298 1219; x_wconf 91' lang='lat' dir='ltr'><strong>cito</strong></span> <span class='ocrx_word' id='word_1_519' title='bbox 3329 1162 3636 1230; x_wconf 82' lang='lat' dir='ltr'><strong>haberetur,</strong></span> <span class='ocrx_word' id='word_1_520' title='bbox 3679 1173 3787 1218; x_wconf 90' lang='lat' dir='ltr'><strong>tum</strong></span> <span class='ocrx_word' id='word_1_521' title='bbox 3842 1170 3901 1218; x_wconf 91' lang='lat' dir='ltr'><strong>ut</strong></span> 
     </span>
    </p>
   </div>
   <div class='ocr_carea' id='block_1_72' title="bbox 2290 1257 3895 1331">
    <p class='ocr_par' dir='ltr' id='par_1_72' title="bbox 2290 1257 3895 1331">
     <span class='ocr_line' id='line_1_72' title="bbox 2290 1257 3895 1331; baseline -0.001 -17"><span class='ocrx_word' id='word_1_522' title='bbox 2290 1257 2567 1314; x_wconf 81' lang='lat' dir='ltr'><strong>Novatiani</strong></span> <span class='ocrx_word' id='word_1_523' title='bbox 2600 1270 2779 1330; x_wconf 86' lang='lat' dir='ltr'><strong>partes</strong></span> <span class='ocrx_word' id='word_1_524' title='bbox 2802 1260 3013 1331; x_wconf 90' lang='lat' dir='ltr'><strong>penitus</strong></span> <span class='ocrx_word' id='word_1_525' title='bbox 3041 1259 3440 1329; x_wconf 86' lang='lat' dir='ltr'><strong>frangerentur,</strong></span> <span class='ocrx_word' id='word_1_526' title='bbox 3478 1267 3590 1313; x_wconf 91' lang='lat' dir='ltr'><strong>tum</strong></span> <span class='ocrx_word' id='word_1_527' title='bbox 3620 1266 3677 1314; x_wconf 90' lang='lat' dir='ltr'><strong>ut</strong></span> <span class='ocrx_word' id='word_1_528' title='bbox 3716 1259 3895 1328; x_wconf 80' lang='lat' dir='ltr'><strong>lapso-</strong></span> 
     </span>
    </p>
   </div>
   <div class='ocr_carea' id='block_1_73' title="bbox 2292 1352 3892 1427">
    <p class='ocr_par' dir='ltr' id='par_1_73' title="bbox 2292 1352 3892 1427">
     <span class='ocr_line' id='line_1_73' title="bbox 2292 1352 3892 1427; baseline 0.001 -18"><span class='ocrx_word' id='word_1_529' title='bbox 2292 1369 2409 1409; x_wconf 89' lang='lat' dir='ltr'><strong>rutn</strong></span> <span class='ocrx_word' id='word_1_530' title='bbox 2437 1368 2616 1421; x_wconf 85' lang='lat' dir='ltr'><strong>causa,</strong></span> <span class='ocrx_word' id='word_1_531' title='bbox 2649 1369 2767 1424; x_wconf 81' lang='lat' dir='ltr'><strong>qute</strong></span> <span class='ocrx_word' id='word_1_532' title='bbox 2796 1354 2861 1409; x_wconf 92' lang='lat' dir='ltr'><strong>ad</strong></span> <span class='ocrx_word' id='word_1_533' title='bbox 2906 1353 3189 1409; x_wconf 82' lang='lat' dir='ltr'><strong>concilium</strong></span> <span class='ocrx_word' id='word_1_534' title='bbox 3241 1353 3437 1425; x_wconf 89' lang='lat' dir='ltr'><strong>rejecta</strong></span> <span class='ocrx_word' id='word_1_535' title='bbox 3468 1352 3658 1421; x_wconf 86' lang='lat' dir='ltr'><strong>fuerat,</strong></span> <span class='ocrx_word' id='word_1_536' title='bbox 3689 1353 3892 1427; x_wconf 86' lang='lat' dir='ltr'><strong>dijudi-</strong></span> 
     </span>
    </p>
   </div>
   <div class='ocr_carea' id='block_1_74' title="bbox 2291 1458 2526 1506">
    <p class='ocr_par' dir='ltr' id='par_1_74' title="bbox 2291 1458 2526 1506">
     <span class='ocr_line' id='line_1_74' title="bbox 2291 1458 2526 1506; baseline -0.013 -3"><span class='ocrx_word' id='word_1_537' title='bbox 2291 1458 2433 1504; x_wconf 70' lang='grc'><strong>031⁸01</strong></span> <span class='ocrx_word' id='word_1_538' title='bbox 2446 1464 2526 1506; x_wconf 80' lang='lat' dir='ltr'><strong>lli‘,</strong></span> 
     </span>
    </p>
   </div>
   <div class='ocr_carea' id='block_1_75' title="bbox 2295 1584 3818 1641">
    <p class='ocr_par' dir='ltr' id='par_1_75' title="bbox 2295 1584 3818 1641">
     <span class='ocr_line' id='line_1_75' title="bbox 2295 1584 3818 1641; baseline 0.001 -2"><span class='ocrx_word' id='word_1_539' title='bbox 2295 1584 2489 1640; x_wconf 75' lang='lat' dir='ltr'><strong>XXIV.</strong></span> <span class='ocrx_word' id='word_1_540' title='bbox 2516 1614 2588 1624; x_wconf 90' lang='lat'><strong><em>—</em></strong></span> <span class='ocrx_word' id='word_1_541' title='bbox 2626 1600 2692 1640; x_wconf 69' lang='lat' dir='ltr'><strong>or.</strong></span> <span class='ocrx_word' id='word_1_542' title='bbox 2732 1598 2915 1641; x_wconf 74' lang='lat' dir='ltr'><strong>casus</strong></span> <span class='ocrx_word' id='word_1_543' title='bbox 2955 1600 3026 1640; x_wconf 70' lang='grc' dir='ltr'><strong>ετ</strong></span> <span class='ocrx_word' id='word_1_544' title='bbox 3069 1599 3300 1641; x_wconf 71' lang='grc' dir='ltr'>εαιιιιιτις</span> <span class='ocrx_word' id='word_1_545' title='bbox 3331 1600 3378 1640; x_wconf 91' lang='lat' dir='ltr'><strong>s.</strong></span> <span class='ocrx_word' id='word_1_546' title='bbox 3409 1599 3649 1640; x_wconf 71' lang='lat' dir='ltr'><strong>crrmaxt</strong></span> <span class='ocrx_word' id='word_1_547' title='bbox 3678 1598 3818 1640; x_wconf 68' lang='lat' dir='ltr'><strong>anno</strong></span> 
     </span>
    </p>
   </div>
   <div class='ocr_carea' id='block_1_76' title="bbox 2703 1676 3486 1745">
    <p class='ocr_par' dir='ltr' id='par_1_76' title="bbox 2703 1676 3486 1745">
     <span class='ocr_line' id='line_1_76' title="bbox 2703 1676 3486 1745; baseline -0.001 -13"><span class='ocrx_word' id='word_1_548' title='bbox 2703 1676 2832 1745; x_wconf 72' lang='lat'><strong>252,</strong></span> <span class='ocrx_word' id='word_1_549' title='bbox 2863 1692 3005 1733; x_wconf 77' lang='lat' dir='ltr'><strong>ANTE</strong></span> <span class='ocrx_word' id='word_1_550' title='bbox 3032 1691 3486 1734; x_wconf 70' lang='lat' dir='ltr'><strong>PBBSECUTIONEI.</strong></span> 
     </span>
    </p>
   </div>
   <div class='ocr_carea' id='block_1_77' title="bbox 2371 1811 3906 1885">
    <p class='ocr_par' dir='ltr' id='par_1_77' title="bbox 2371 1811 3906 1885">
     <span class='ocr_line' id='line_1_77' title="bbox 2371 1811 3906 1885; baseline 0.001 -18"><span class='ocrx_word' id='word_1_551' title='bbox 2371 1812 2665 1869; x_wconf 88' lang='lat' dir='ltr'><strong>Damnatus</strong></span> <span class='ocrx_word' id='word_1_552' title='bbox 2716 1822 2827 1869; x_wconf 89' lang='lat' dir='ltr'><strong>toto</strong></span> <span class='ocrx_word' id='word_1_553' title='bbox 2860 1812 2992 1869; x_wconf 90' lang='lat' dir='ltr'><strong>orbe</strong></span> <span class='ocrx_word' id='word_1_554' title='bbox 3027 1811 3350 1868; x_wconf 86' lang='lat' dir='ltr'><strong>Novatianns</strong></span> <span class='ocrx_word' id='word_1_555' title='bbox 3391 1828 3499 1869; x_wconf 89' lang='lat' dir='ltr'><strong>non</strong></span> <span class='ocrx_word' id='word_1_556' title='bbox 3539 1812 3906 1885; x_wconf 77' lang='lat' dir='ltr'><strong>despondebat</strong></span> 
     </span>
    </p>
   </div>
   <div class='ocr_carea' id='block_1_78' title="bbox 2295 1906 3905 1979">
    <p class='ocr_par' dir='ltr' id='par_1_78' title="bbox 2295 1906 3905 1979">
     <span class='ocr_line' id='line_1_78' title="bbox 2295 1906 3905 1979; baseline 0.001 -19"><span class='ocrx_word' id='word_1_557' title='bbox 2295 1906 2564 1975; x_wconf 85' lang='lat' dir='ltr'><strong>animum,</strong></span> <span class='ocrx_word' id='word_1_558' title='bbox 2616 1907 2708 1961; x_wconf 73' lang='lat' dir='ltr'><strong>sed</strong></span> <span class='ocrx_word' id='word_1_559' title='bbox 2741 1922 2841 1979; x_wconf 88' lang='lat' dir='ltr'><strong>per</strong></span> <span class='ocrx_word' id='word_1_560' title='bbox 2868 1906 3125 1978; x_wconf 89' lang='lat' dir='ltr'><strong>plurimas</strong></span> <span class='ocrx_word' id='word_1_561' title='bbox 3153 1908 3397 1962; x_wconf 82' lang='lat' dir='ltr'><strong>civitates</strong></span> <span class='ocrx_word' id='word_1_562' title='bbox 3432 1922 3599 1961; x_wconf 82' lang='lat' dir='ltr'><strong>novos</strong></span> <span class='ocrx_word' id='word_1_563' title='bbox 3633 1906 3905 1977; x_wconf 81' lang='lat' dir='ltr'><strong>apostolos</strong></span> 
     </span>
    </p>
   </div>
   <div class='ocr_carea' id='block_1_79' title="bbox 2293 1999 3904 2073">
    <p class='ocr_par' dir='ltr' id='par_1_79' title="bbox 2293 1999 3904 2073">
     <span class='ocr_line' id='line_1_79' title="bbox 2293 1999 3904 2073; baseline -0.002 -17"><span class='ocrx_word' id='word_1_564' title='bbox 2293 2015 2420 2056; x_wconf 90' lang='lat' dir='ltr'><strong>suos</strong></span> <span class='ocrx_word' id='word_1_565' title='bbox 2454 2001 2719 2063; x_wconf 84' lang='lat' dir='ltr'><strong>mittebat,</strong></span> <span class='ocrx_word' id='word_1_566' title='bbox 2777 2010 2834 2056; x_wconf 91' lang='lat' dir='ltr'><strong>ut</strong></span> <span class='ocrx_word' id='word_1_567' title='bbox 2870 2001 3117 2073; x_wconf 62' lang='lat' dir='ltr'><strong>quaedam</strong></span> <span class='ocrx_word' id='word_1_568' title='bbox 3147 2000 3379 2056; x_wconf 88' lang='lat' dir='ltr'><strong>recentia</strong></span> <span class='ocrx_word' id='word_1_569' title='bbox 3412 1999 3751 2056; x_wconf 87' lang='lat' dir='ltr'><strong>institutionis</strong></span> <span class='ocrx_word' id='word_1_570' title='bbox 3791 2014 3904 2054; x_wconf 64' lang='lat' dir='ltr'><strong>sua:</strong></span> 
     </span>
    </p>
   </div>
   <div class='ocr_carea' id='block_1_80' title="bbox 2297 2091 3905 2163">
    <p class='ocr_par' dir='ltr' id='par_1_80' title="bbox 2297 2091 3905 2163">
     <span class='ocr_line' id='line_1_80' title="bbox 2297 2091 3905 2163; baseline -0.002 -14"><span class='ocrx_word' id='word_1_571' title='bbox 2297 2093 2642 2149; x_wconf 84' lang='lat' dir='ltr'><strong>fundamenta</strong></span> <span class='ocrx_word' id='word_1_572' title='bbox 2666 2092 3034 2162; x_wconf 84' lang='lat' dir='ltr'><strong>constitueret,</strong></span> <span class='ocrx_word' id='word_1_573' title='bbox 3059 2102 3112 2147; x_wconf 89' lang='lat' dir='ltr'><strong>ct</strong></span> <span class='ocrx_word' id='word_1_574' title='bbox 3138 2107 3298 2163; x_wconf 90' lang='lat' dir='ltr'><strong>super</strong></span> <span class='ocrx_word' id='word_1_575' title='bbox 3320 2092 3583 2162; x_wconf 83' lang='lat' dir='ltr'><strong>legitimos</strong></span> <span class='ocrx_word' id='word_1_576' title='bbox 3619 2091 3905 2161; x_wconf 78' lang='lat' dir='ltr'><strong>episcopos</strong></span> 
     </span>
    </p>
   </div>
   <div class='ocr_carea' id='block_1_81' title="bbox 2296 2182 3904 2265">
    <p class='ocr_par' dir='ltr' id='par_1_81' title="bbox 2296 2182 3904 2265">
     <span class='ocr_line' id='line_1_81' title="bbox 2296 2182 3904 2265; baseline -0.002 -23"><span class='ocrx_word' id='word_1_577' title='bbox 2296 2197 2505 2242; x_wconf 90' lang='lat' dir='ltr'><strong>crearet</strong></span> <span class='ocrx_word' id='word_1_578' title='bbox 2521 2188 2655 2243; x_wconf 92' lang='lat' dir='ltr'><strong>alios</strong></span> <span class='ocrx_word' id='word_1_579' title='bbox 2680 2187 3185 2259; x_wconf 89' lang='lat' dir='ltr'><strong>pscudocpiscopos.</strong></span> <span class='ocrx_word' id='word_1_580' title='bbox 3207 2186 3261 2241; x_wconf 90' lang='lat' dir='ltr'><strong>Id</strong></span> <span class='ocrx_word' id='word_1_581' title='bbox 3294 2194 3518 2242; x_wconf 88' lang='lat' dir='ltr'><strong>testatur</strong></span> <span class='ocrx_word' id='word_1_582' title='bbox 3539 2185 3835 2265; x_wconf 81' lang='lat' dir='ltr'><strong>Cyprianus</strong></span> <span class='ocrx_word' id='word_1_583' title='bbox 3852 2182 3904 2239; x_wconf 90' lang='lat' dir='ltr'><strong>in</strong></span> 
     </span>
    </p>
   </div>
   <div class='ocr_carea' id='block_1_82' title="bbox 2298 2282 3877 2356">
    <p class='ocr_par' dir='ltr' id='par_1_82' title="bbox 2298 2282 3877 2356">
     <span class='ocr_line' id='line_1_82' title="bbox 2298 2282 3877 2356; baseline -0.005 -17"><span class='ocrx_word' id='word_1_584' title='bbox 2298 2284 2529 2356; x_wconf 72' lang='lat' dir='ltr'><strong>Epistolzt</strong></span> <span class='ocrx_word' id='word_1_585' title='bbox 2557 2285 2626 2338; x_wconf 80' lang='lat' dir='ltr'><strong>ad</strong></span> <span class='ocrx_word' id='word_1_586' title='bbox 2645 2285 3006 2352; x_wconf 80' lang='lat' dir='ltr'><strong>Antouiannm,</strong></span> <span class='ocrx_word' id='word_1_587' title='bbox 3030 2283 3225 2354; x_wconf 90' lang='lat' dir='ltr'><strong>scripta</strong></span> <span class='ocrx_word' id='word_1_588' title='bbox 3252 2296 3392 2338; x_wconf 88' lang='lat' dir='ltr'><strong>anno</strong></span> <span class='ocrx_word' id='word_1_589' title='bbox 3411 2282 3511 2337; x_wconf 57' lang='lat' dir='ltr'><strong>23f</strong></span> <span class='ocrx_word' id='word_1_590' title='bbox 3538 2289 3767 2338; x_wconf 89' lang='lat' dir='ltr'><strong>exeunte</strong></span> <span class='ocrx_word' id='word_1_591' title='bbox 3786 2287 3877 2335; x_wconf 91' lang='lat' dir='ltr'><strong>aut</strong></span> 
     </span>
    </p>
   </div>
   <div class='ocr_carea' id='block_1_83' title="bbox 2296 2374 3885 2448">
    <p class='ocr_par' dir='ltr' id='par_1_83' title="bbox 2296 2374 3885 2448">
     <span class='ocr_line' id='line_1_83' title="bbox 2296 2374 3885 2448; baseline 0 -16"><span class='ocrx_word' id='word_1_592' title='bbox 2296 2378 2405 2432; x_wconf 71' lang='lat'><strong>232</strong></span> <span class='ocrx_word' id='word_1_593' title='bbox 2430 2378 2666 2433; x_wconf 88' lang='lat' dir='ltr'><strong>ineunte.</strong></span> <span class='ocrx_word' id='word_1_594' title='bbox 2698 2377 3023 2433; x_wconf 87' lang='lat' dir='ltr'><strong>Jamdndum</strong></span> <span class='ocrx_word' id='word_1_595' title='bbox 3047 2377 3252 2432; x_wconf 91' lang='lat' dir='ltr'><strong>litteras</strong></span> <span class='ocrx_word' id='word_1_596' title='bbox 3281 2385 3559 2447; x_wconf 90' lang='lat' dir='ltr'><strong>acceperat</strong></span> <span class='ocrx_word' id='word_1_597' title='bbox 3581 2374 3885 2448; x_wconf 80' lang='lat' dir='ltr'><strong>Cyprianus</strong></span> 
     </span>
    </p>
   </div>
   <div class='ocr_carea' id='block_1_84' title="bbox 2298 2467 3999 2540">
    <p class='ocr_par' dir='ltr' id='par_1_84' title="bbox 2298 2467 3999 2540">
     <span class='ocr_line' id='line_1_84' title="bbox 2298 2467 3999 2540; baseline 0.001 -17"><span class='ocrx_word' id='word_1_598' title='bbox 2298 2469 2365 2524; x_wconf 89' lang='lat' dir='ltr'><strong>ab</strong></span> <span class='ocrx_word' id='word_1_599' title='bbox 2406 2468 2506 2524; x_wconf 91' lang='lat' dir='ltr'><strong>hoc</strong></span> <span class='ocrx_word' id='word_1_600' title='bbox 2544 2469 2815 2525; x_wconf 81' lang='lat' dir='ltr'><strong>Numidia:</strong></span> <span class='ocrx_word' id='word_1_601' title='bbox 2844 2469 3117 2540; x_wconf 85' lang='lat' dir='ltr'><strong>episcopo,</strong></span> <span class='ocrx_word' id='word_1_602' title='bbox 3155 2467 3349 2539; x_wconf 88' lang='lat' dir='ltr'><strong>quibus</strong></span> <span class='ocrx_word' id='word_1_603' title='bbox 3380 2483 3440 2524; x_wconf 89' lang='lat' dir='ltr'><strong>se</strong></span> <span class='ocrx_word' id='word_1_604' title='bbox 3465 2483 3585 2522; x_wconf 91' lang='lat' dir='ltr'><strong>cum</strong></span> <span class='ocrx_word' id='word_1_605' title='bbox 3611 2467 3911 2524; x_wconf 78' lang='lat' dir='ltr'><strong>Novatiano</strong></span> <span class='ocrx_word' id='word_1_606' title='bbox 3992 2471 3999 2479; x_wconf 88' lang='lat'><strong>&#39;</strong></span> 
     </span>
    </p>
   </div>
   <div class='ocr_carea' id='block_1_85' title="bbox 2300 2541 3995 2630">
    <p class='ocr_par' dir='ltr' id='par_1_85' title="bbox 2300 2541 3995 2630">
     <span class='ocr_line' id='line_1_85' title="bbox 2300 2541 3995 2630; baseline -0.003 -14"><span class='ocrx_word' id='word_1_607' title='bbox 2300 2574 2405 2616; x_wconf 91' lang='lat' dir='ltr'><strong>non</strong></span> <span class='ocrx_word' id='word_1_608' title='bbox 2445 2560 2864 2627; x_wconf 90' lang='lat' dir='ltr'><strong>communicare,</strong></span> <span class='ocrx_word' id='word_1_609' title='bbox 2891 2558 2986 2616; x_wconf 91' lang='lat' dir='ltr'><strong>sed</strong></span> <span class='ocrx_word' id='word_1_610' title='bbox 3010 2558 3261 2614; x_wconf 91' lang='lat' dir='ltr'><strong>Cornelio</strong></span> <span class='ocrx_word' id='word_1_611' title='bbox 3288 2557 3504 2613; x_wconf 81' lang='lat' dir='ltr'><strong>affixum</strong></span> <span class='ocrx_word' id='word_1_612' title='bbox 3534 2573 3655 2613; x_wconf 92' lang='lat' dir='ltr'><strong>esse</strong></span> <span class='ocrx_word' id='word_1_613' title='bbox 3703 2560 3912 2630; x_wconf 82' lang='lat' dir='ltr'><strong>signifi-</strong></span> <span class='ocrx_word' id='word_1_614' title='bbox 3982 2541 3995 2548; x_wconf 66' lang='grc'><strong>’</strong></span> 
     </span>
    </p>
   </div>
   <div class='ocr_carea' id='block_1_86' title="bbox 2299 2651 3910 2734">
    <p class='ocr_par' dir='ltr' id='par_1_86' title="bbox 2299 2651 3910 2734">
     <span class='ocr_line' id='line_1_86' title="bbox 2299 2651 3910 2734; baseline -0.001 -26"><span class='ocrx_word' id='word_1_615' title='bbox 2299 2654 2477 2719; x_wconf 89' lang='lat' dir='ltr'><strong>cabat,</strong></span> <span class='ocrx_word' id='word_1_616' title='bbox 2506 2663 2672 2734; x_wconf 89' lang='lat' dir='ltr'><strong>atque</strong></span> <span class='ocrx_word' id='word_1_617' title='bbox 2705 2664 2763 2709; x_wconf 92' lang='lat' dir='ltr'><strong>ut</strong></span> <span class='ocrx_word' id='word_1_618' title='bbox 2808 2652 3119 2710; x_wconf 85' lang='lat' dir='ltr'><strong>earumdem</strong></span> <span class='ocrx_word' id='word_1_619' title='bbox 3163 2653 3459 2709; x_wconf 85' lang='lat' dir='ltr'><strong>litterarum</strong></span> <span class='ocrx_word' id='word_1_620' title='bbox 3490 2651 3801 2721; x_wconf 85' lang='lat' dir='ltr'><strong>exemplum</strong></span> <span class='ocrx_word' id='word_1_621' title='bbox 3840 2651 3910 2707; x_wconf 89' lang='lat' dir='ltr'><strong>ad</strong></span> 
     </span>
    </p>
   </div>
   <div class='ocr_carea' id='block_1_87' title="bbox 2299 2743 3908 2817">
    <p class='ocr_par' dir='ltr' id='par_1_87' title="bbox 2299 2743 3908 2817">
     <span class='ocr_line' id='line_1_87' title="bbox 2299 2743 3908 2817; baseline -0.001 -16"><span class='ocrx_word' id='word_1_622' title='bbox 2299 2745 2606 2802; x_wconf 90' lang='lat' dir='ltr'><strong>Cornelium</strong></span> <span class='ocrx_word' id='word_1_623' title='bbox 2637 2747 2960 2814; x_wconf 86' lang='lat' dir='ltr'><strong>mitteretur,</strong></span> <span class='ocrx_word' id='word_1_624' title='bbox 2993 2743 3315 2817; x_wconf 89' lang='lat' dir='ltr'><strong>postulabat.</strong></span> <span class='ocrx_word' id='word_1_625' title='bbox 3348 2743 3453 2800; x_wconf 90' lang='lat' dir='ltr'><strong>Sed</strong></span> <span class='ocrx_word' id='word_1_626' title='bbox 3478 2755 3660 2816; x_wconf 89' lang='lat' dir='ltr'><strong>postea</strong></span> <span class='ocrx_word' id='word_1_627' title='bbox 3684 2743 3908 2799; x_wconf 79' lang='lat' dir='ltr'><strong>ali:elit-</strong></span> 
     </span>
    </p>
   </div>
   <div class='ocr_carea' id='block_1_88' title="bbox 2302 2834 3908 2911">
    <p class='ocr_par' dir='ltr' id='par_1_88' title="bbox 2302 2834 3908 2911">
     <span class='ocr_line' id='line_1_88' title="bbox 2302 2834 3908 2911; baseline -0.003 -17"><span class='ocrx_word' id='word_1_628' title='bbox 2302 2848 2430 2895; x_wconf 62' lang='lat' dir='ltr'><strong>tera:</strong></span> <span class='ocrx_word' id='word_1_629' title='bbox 2472 2848 2920 2911; x_wconf 86' lang='lat' dir='ltr'><strong>supervenerunt,</strong></span> <span class='ocrx_word' id='word_1_630' title='bbox 2956 2839 3006 2893; x_wconf 91' lang='lat' dir='ltr'><strong>in</strong></span> <span class='ocrx_word' id='word_1_631' title='bbox 3037 2838 3228 2910; x_wconf 89' lang='lat' dir='ltr'><strong>quibus</strong></span> <span class='ocrx_word' id='word_1_632' title='bbox 3258 2846 3443 2893; x_wconf 90' lang='lat' dir='ltr'><strong>nutare</strong></span> <span class='ocrx_word' id='word_1_633' title='bbox 3468 2836 3768 2904; x_wconf 84' lang='lat' dir='ltr'><strong>videbatur,</strong></span> <span class='ocrx_word' id='word_1_634' title='bbox 3796 2834 3908 2890; x_wconf 82' lang='lat' dir='ltr'><strong>No-</strong></span> 
     </span>
    </p>
   </div>
   <div class='ocr_carea' id='block_1_89' title="bbox 2303 2929 3911 3002">
    <p class='ocr_par' dir='ltr' id='par_1_89' title="bbox 2303 2929 3911 3002">
     <span class='ocr_line' id='line_1_89' title="bbox 2303 2929 3911 3002; baseline -0.001 -17"><span class='ocrx_word' id='word_1_635' title='bbox 2303 2930 2503 2986; x_wconf 74' lang='lat' dir='ltr'><strong>vatiani</strong></span> <span class='ocrx_word' id='word_1_636' title='bbox 2549 2931 2742 2987; x_wconf 91' lang='lat' dir='ltr'><strong>litteris</strong></span> <span class='ocrx_word' id='word_1_637' title='bbox 2780 2939 2977 2998; x_wconf 90' lang='lat' dir='ltr'><strong>motus,</strong></span> <span class='ocrx_word' id='word_1_638' title='bbox 3009 2940 3067 2986; x_wconf 90' lang='lat' dir='ltr'><strong>et</strong></span> <span class='ocrx_word' id='word_1_639' title='bbox 3111 2946 3267 3002; x_wconf 91' lang='lat' dir='ltr'><strong>qttam</strong></span> <span class='ocrx_word' id='word_1_640' title='bbox 3316 2930 3419 2986; x_wconf 92' lang='lat' dir='ltr'><strong>iste</strong></span> <span class='ocrx_word' id='word_1_641' title='bbox 3446 2930 3692 2985; x_wconf 54' lang='lat' dir='ltr'><strong>ha‘rcsim</strong></span> <span class='ocrx_word' id='word_1_642' title='bbox 3741 2929 3911 2984; x_wconf 89' lang='lat' dir='ltr'><strong>intro-</strong></span> 
     </span>
    </p>
   </div>
   <div class='ocr_carea' id='block_1_90' title="bbox 2302 3023 3909 3103">
    <p class='ocr_par' dir='ltr' id='par_1_90' title="bbox 2302 3023 3909 3103">
     <span class='ocr_line' id='line_1_90' title="bbox 2302 3023 3909 3103; baseline 0 -24"><span class='ocrx_word' id='word_1_643' title='bbox 2302 3023 2565 3092; x_wconf 76' lang='lat' dir='ltr'><strong>duxisset,</strong></span> <span class='ocrx_word' id='word_1_644' title='bbox 2623 3041 2725 3097; x_wconf 89' lang='lat' dir='ltr'><strong>qua</strong></span> <span class='ocrx_word' id='word_1_645' title='bbox 2778 3026 2987 3081; x_wconf 90' lang='lat' dir='ltr'><strong>ratione</strong></span> <span class='ocrx_word' id='word_1_646' title='bbox 3032 3026 3312 3103; x_wconf 80' lang='lat' dir='ltr'><strong>Cornelius</strong></span> <span class='ocrx_word' id='word_1_647' title='bbox 3349 3040 3471 3081; x_wconf 92' lang='lat' dir='ltr'><strong>cum</strong></span> <span class='ocrx_word' id='word_1_648' title='bbox 3522 3024 3822 3096; x_wconf 85' lang='lat' dir='ltr'><strong>Trephimo</strong></span> <span class='ocrx_word' id='word_1_649' title='bbox 3854 3032 3909 3079; x_wconf 91' lang='lat' dir='ltr'><strong>ct</strong></span> 
     </span>
    </p>
   </div>
   <div class='ocr_carea' id='block_1_91' title="bbox 2306 3121 3906 3193">
    <p class='ocr_par' dir='ltr' id='par_1_91' title="bbox 2306 3121 3906 3193">
     <span class='ocr_line' id='line_1_91' title="bbox 2306 3121 3906 3193; baseline 0 -17"><span class='ocrx_word' id='word_1_650' title='bbox 2306 3121 2623 3177; x_wconf 88' lang='lat' dir='ltr'><strong>tlmrifieatis</strong></span> <span class='ocrx_word' id='word_1_651' title='bbox 2650 3123 3093 3190; x_wconf 90' lang='lat' dir='ltr'><strong>communicaret,</strong></span> <span class='ocrx_word' id='word_1_652' title='bbox 3124 3123 3527 3187; x_wconf 86' lang='lat' dir='ltr'><strong>sciscitabatur,</strong></span> <span class='ocrx_word' id='word_1_653' title='bbox 3560 3138 3624 3179; x_wconf 92' lang='lat' dir='ltr'><strong>ac</strong></span> <span class='ocrx_word' id='word_1_654' title='bbox 3645 3138 3712 3179; x_wconf 91' lang='lat' dir='ltr'><strong>ne</strong></span> <span class='ocrx_word' id='word_1_655' title='bbox 3739 3122 3906 3193; x_wconf 71' lang='lat' dir='ltr'><strong>ipsius</strong></span> 
     </span>
    </p>
   </div>
   <div class='ocr_carea' id='block_1_92' title="bbox 2307 3214 3911 3286">
    <p class='ocr_par' dir='ltr' id='par_1_92' title="bbox 2307 3214 3911 3286">
     <span class='ocr_line' id='line_1_92' title="bbox 2307 3214 3911 3286; baseline 0.002 -21"><span class='ocrx_word' id='word_1_656' title='bbox 2307 3214 2521 3284; x_wconf 84' lang='lat' dir='ltr'><strong>quidem</strong></span> <span class='ocrx_word' id='word_1_657' title='bbox 2555 3214 2801 3285; x_wconf 78' lang='lat' dir='ltr'><strong>Cypriani</strong></span> <span class='ocrx_word' id='word_1_658' title='bbox 2837 3214 3226 3270; x_wconf 87' lang='lat' dir='ltr'><strong>humanitatem</strong></span> <span class='ocrx_word' id='word_1_659' title='bbox 3256 3215 3308 3270; x_wconf 89' lang='lat' dir='ltr'><strong>itt</strong></span> <span class='ocrx_word' id='word_1_660' title='bbox 3334 3215 3515 3286; x_wconf 85' lang='lat' dir='ltr'><strong>lapsos</strong></span> <span class='ocrx_word' id='word_1_661' title='bbox 3544 3230 3697 3285; x_wconf 63' lang='lat' dir='ltr'><strong>atquo</strong></span> <span class='ocrx_word' id='word_1_662' title='bbox 3727 3215 3911 3269; x_wconf 88' lang='lat' dir='ltr'><strong>animo</strong></span> 
     </span>
    </p>
   </div>
   <div class='ocr_carea' id='block_1_93' title="bbox 2308 3306 3911 3380">
    <p class='ocr_par' dir='ltr' id='par_1_93' title="bbox 2308 3306 3911 3380">
     <span class='ocr_line' id='line_1_93' title="bbox 2308 3306 3911 3380; baseline 0.002 -21"><span class='ocrx_word' id='word_1_663' title='bbox 2308 3306 2623 3377; x_wconf 81' lang='lat' dir='ltr'><strong>accipiebat.</strong></span> <span class='ocrx_word' id='word_1_664' title='bbox 2644 3307 2734 3363; x_wconf 86' lang='lat' dir='ltr'><strong>Sic</strong></span> <span class='ocrx_word' id='word_1_665' title='bbox 2758 3307 2807 3363; x_wconf 82' lang='lat' dir='ltr'><strong>ei</strong></span> <span class='ocrx_word' id='word_1_666' title='bbox 2831 3309 3119 3380; x_wconf 84' lang='lat' dir='ltr'><strong>respondet</strong></span> <span class='ocrx_word' id='word_1_667' title='bbox 3140 3307 3440 3380; x_wconf 80' lang='lat' dir='ltr'><strong>Cyprianus</strong></span> <span class='ocrx_word' id='word_1_668' title='bbox 3468 3309 3519 3364; x_wconf 82' lang='lat' dir='ltr'><strong>in</strong></span> <span class='ocrx_word' id='word_1_669' title='bbox 3542 3308 3643 3365; x_wconf 89' lang='lat' dir='ltr'><strong>hac</strong></span> <span class='ocrx_word' id='word_1_670' title='bbox 3670 3308 3911 3378; x_wconf 80' lang='lat' dir='ltr'><strong>Epistula</strong></span> 
     </span>
    </p>
   </div>
   <div class='ocr_carea' id='block_1_94' title="bbox 2306 3399 3911 3469">
    <p class='ocr_par' dir='ltr' id='par_1_94' title="bbox 2306 3399 3911 3469">
     <span class='ocr_line' id='line_1_94' title="bbox 2306 3399 3911 3469; baseline 0.003 -18"><span class='ocrx_word' id='word_1_671' title='bbox 2306 3400 2397 3462; x_wconf 70' lang='grc' dir='ltr'>ιιι,</span> <span class='ocrx_word' id='word_1_672' title='bbox 2433 3409 2488 3453; x_wconf 88' lang='grc' dir='ltr'><strong>ιιι</strong></span> <span class='ocrx_word' id='word_1_673' title='bbox 2512 3413 2571 3455; x_wconf 88' lang='lat' dir='ltr'><strong>se</strong></span> <span class='ocrx_word' id='word_1_674' title='bbox 2598 3408 2650 3455; x_wconf 90' lang='lat' dir='ltr'><strong>ct</strong></span> <span class='ocrx_word' id='word_1_675' title='bbox 2686 3399 2995 3456; x_wconf 88' lang='lat' dir='ltr'><strong>Cornelium</strong></span> <span class='ocrx_word' id='word_1_676' title='bbox 3026 3402 3249 3458; x_wconf 87' lang='lat' dir='ltr'><strong>mirifice</strong></span> <span class='ocrx_word' id='word_1_677' title='bbox 3274 3402 3543 3469; x_wconf 82' lang='lat' dir='ltr'><strong>defendat,</strong></span> <span class='ocrx_word' id='word_1_678' title='bbox 3574 3411 3629 3458; x_wconf 90' lang='lat' dir='ltr'><strong>ct</strong></span> <span class='ocrx_word' id='word_1_679' title='bbox 3649 3418 3771 3458; x_wconf 88' lang='lat' dir='ltr'><strong>cum</strong></span> <span class='ocrx_word' id='word_1_680' title='bbox 3805 3400 3911 3456; x_wconf 81' lang='lat' dir='ltr'><strong>No-</strong></span> 
     </span>
    </p>
   </div>
   <div class='ocr_carea' id='block_1_95' title="bbox 2305 3482 3909 3567">
    <p class='ocr_par' dir='ltr' id='par_1_95' title="bbox 2305 3482 3909 3567">
     <span class='ocr_line' id='line_1_95' title="bbox 2305 3482 3909 3567; baseline 0.001 -20"><span class='ocrx_word' id='word_1_681' title='bbox 2305 3491 2517 3547; x_wconf 89' lang='lat' dir='ltr'><strong>vatiano</strong></span> <span class='ocrx_word' id='word_1_682' title='bbox 2559 3482 2828 3549; x_wconf 83' lang='lat' dir='ltr'><strong>neminem</strong></span> <span class='ocrx_word' id='word_1_683' title='bbox 2884 3496 3284 3551; x_wconf 89' lang='lat' dir='ltr'><strong>communicare</strong></span> <span class='ocrx_word' id='word_1_684' title='bbox 3345 3511 3502 3567; x_wconf 90' lang='lat' dir='ltr'><strong>posse</strong></span> <span class='ocrx_word' id='word_1_685' title='bbox 3555 3493 3909 3563; x_wconf 71' lang='lat' dir='ltr'><strong>demonstret,</strong></span> 
     </span>
    </p>
   </div>
   <div class='ocr_carea' id='block_1_96' title="bbox 2307 3586 3913 3662">
    <p class='ocr_par' dir='ltr' id='par_1_96' title="bbox 2307 3586 3913 3662">
     <span class='ocr_line' id='line_1_96' title="bbox 2307 3586 3913 3662; baseline 0.003 -21"><span class='ocrx_word' id='word_1_686' title='bbox 2307 3587 2408 3641; x_wconf 92' lang='lat' dir='ltr'><strong>nisi</strong></span> <span class='ocrx_word' id='word_1_687' title='bbox 2436 3586 2527 3659; x_wconf 93' lang='lat' dir='ltr'><strong>qui</strong></span> <span class='ocrx_word' id='word_1_688' title='bbox 2551 3586 2713 3644; x_wconf 89' lang='lat' dir='ltr'><strong>totius</strong></span> <span class='ocrx_word' id='word_1_689' title='bbox 2736 3588 2990 3645; x_wconf 81' lang='lat' dir='ltr'><strong>Ecclesia:</strong></span> <span class='ocrx_word' id='word_1_690' title='bbox 3010 3589 3443 3646; x_wconf 90' lang='lat' dir='ltr'><strong>communionem</strong></span> <span class='ocrx_word' id='word_1_691' title='bbox 3468 3590 3693 3661; x_wconf 90' lang='lat' dir='ltr'><strong>rejiciat.</strong></span> <span class='ocrx_word' id='word_1_692' title='bbox 3717 3589 3913 3662; x_wconf 82' lang='lat' dir='ltr'><strong>Liquet</strong></span> 
     </span>
    </p>
   </div>
   <div class='ocr_carea' id='block_1_97' title="bbox 2306 3676 3909 3754">
    <p class='ocr_par' dir='ltr' id='par_1_97' title="bbox 2306 3676 3909 3754">
     <span class='ocr_line' id='line_1_97' title="bbox 2306 3676 3909 3754; baseline 0.002 -20"><span class='ocrx_word' id='word_1_693' title='bbox 2306 3676 2559 3751; x_wconf 83' lang='lat' dir='ltr'><strong>scriptam</strong></span> <span class='ocrx_word' id='word_1_694' title='bbox 2586 3694 2709 3737; x_wconf 88' lang='lat' dir='ltr'><strong>esse</strong></span> <span class='ocrx_word' id='word_1_695' title='bbox 2761 3681 3043 3753; x_wconf 81' lang='lat' dir='ltr'><strong>epistolam</strong></span> <span class='ocrx_word' id='word_1_696' title='bbox 3090 3693 3211 3754; x_wconf 89' lang='lat' dir='ltr'><strong>post</strong></span> <span class='ocrx_word' id='word_1_697' title='bbox 3264 3683 3495 3740; x_wconf 88' lang='lat' dir='ltr'><strong>reditum</strong></span> <span class='ocrx_word' id='word_1_698' title='bbox 3540 3682 3909 3739; x_wconf 85' lang='lat' dir='ltr'><strong>confessorum</strong></span> 
     </span>
    </p>
   </div>
   <div class='ocr_carea' id='block_1_98' title="bbox 2307 3772 3909 3847">
    <p class='ocr_par' dir='ltr' id='par_1_98' title="bbox 2307 3772 3909 3847">
     <span class='ocr_line' id='line_1_98' title="bbox 2307 3772 3909 3847; baseline 0.001 -21"><span class='ocrx_word' id='word_1_699' title='bbox 2307 3786 2442 3843; x_wconf 90' lang='lat' dir='ltr'><strong>quos</strong></span> <span class='ocrx_word' id='word_1_700' title='bbox 2497 3774 2548 3829; x_wconf 92' lang='lat' dir='ltr'><strong>in</strong></span> <span class='ocrx_word' id='word_1_701' title='bbox 2603 3772 2844 3830; x_wconf 88' lang='lat' dir='ltr'><strong>Ecclesia</strong></span> <span class='ocrx_word' id='word_1_702' title='bbox 2880 3789 2999 3830; x_wconf 91' lang='lat' dir='ltr'><strong>cum</strong></span> <span class='ocrx_word' id='word_1_703' title='bbox 3030 3773 3280 3832; x_wconf 88' lang='lat' dir='ltr'><strong>Cornelio</strong></span> <span class='ocrx_word' id='word_1_704' title='bbox 3315 3775 3530 3847; x_wconf 90' lang='lat' dir='ltr'><strong>junctos</strong></span> <span class='ocrx_word' id='word_1_705' title='bbox 3580 3792 3706 3832; x_wconf 91' lang='lat' dir='ltr'><strong>esse</strong></span> <span class='ocrx_word' id='word_1_706' title='bbox 3756 3775 3909 3843; x_wconf 87' lang='lat' dir='ltr'><strong>dicit,</strong></span> 
     </span>
    </p>
   </div>
   <div class='ocr_carea' id='block_1_99' title="bbox 2308 3865 3910 3940">
    <p class='ocr_par' dir='ltr' id='par_1_99' title="bbox 2308 3865 3910 3940">
     <span class='ocr_line' id='line_1_99' title="bbox 2308 3865 3910 3940; baseline 0.002 -21"><span class='ocrx_word' id='word_1_707' title='bbox 2308 3876 2427 3934; x_wconf 91' lang='lat' dir='ltr'><strong>post</strong></span> <span class='ocrx_word' id='word_1_708' title='bbox 2471 3874 2698 3921; x_wconf 90' lang='lat' dir='ltr'><strong>mortem</strong></span> <span class='ocrx_word' id='word_1_709' title='bbox 2746 3865 2911 3933; x_wconf 91' lang='lat' dir='ltr'><strong>Decii,</strong></span> <span class='ocrx_word' id='word_1_710' title='bbox 2967 3882 3123 3938; x_wconf 89' lang='lat' dir='ltr'><strong>quem</strong></span> <span class='ocrx_word' id='word_1_711' title='bbox 3172 3877 3447 3940; x_wconf 77' lang='lat' dir='ltr'><strong>tyrannum</strong></span> <span class='ocrx_word' id='word_1_712' title='bbox 3498 3867 3767 3939; x_wconf 87' lang='lat' dir='ltr'><strong>appellat,</strong></span> <span class='ocrx_word' id='word_1_713' title='bbox 3812 3867 3910 3923; x_wconf 86' lang='lat' dir='ltr'><strong>sed</strong></span> 
     </span>
    </p>
   </div>
   <div class='ocr_carea' id='block_1_100' title="bbox 2312 3957 3907 4029">
    <p class='ocr_par' dir='ltr' id='par_1_100' title="bbox 2312 3957 3907 4029">
     <span class='ocr_line' id='line_1_100' title="bbox 2312 3957 3907 4029; baseline 0.002 -18"><span class='ocrx_word' id='word_1_714' title='bbox 2312 3966 2488 4012; x_wconf 90' lang='lat' dir='ltr'><strong>tamen</strong></span> <span class='ocrx_word' id='word_1_715' title='bbox 2514 3966 2637 4013; x_wconf 89' lang='lat' dir='ltr'><strong>ante</strong></span> <span class='ocrx_word' id='word_1_716' title='bbox 2667 3972 2975 4013; x_wconf 80' lang='lat' dir='ltr'><strong>concessam</strong></span> <span class='ocrx_word' id='word_1_717' title='bbox 3003 3957 3167 4029; x_wconf 91' lang='lat' dir='ltr'><strong>lapsis</strong></span> <span class='ocrx_word' id='word_1_718' title='bbox 3197 3959 3297 4014; x_wconf 93' lang='lat' dir='ltr'><strong>hoc</strong></span> <span class='ocrx_word' id='word_1_719' title='bbox 3324 3974 3465 4015; x_wconf 88' lang='lat' dir='ltr'><strong>anno</strong></span> <span class='ocrx_word' id='word_1_720' title='bbox 3486 3958 3596 4013; x_wconf 72' lang='lat'><strong>252</strong></span> <span class='ocrx_word' id='word_1_721' title='bbox 3627 3958 3907 4029; x_wconf 85' lang='lat' dir='ltr'><strong>indulgen-</strong></span> 
     </span>
    </p>
   </div>
   <div class='ocr_carea' id='block_1_101' title="bbox 2311 4047 3911 4122">
    <p class='ocr_par' dir='ltr' id='par_1_101' title="bbox 2311 4047 3911 4122">
     <span class='ocr_line' id='line_1_101' title="bbox 2311 4047 3911 4122; baseline 0.001 -19"><span class='ocrx_word' id='word_1_722' title='bbox 2311 4048 2436 4105; x_wconf 92' lang='lat' dir='ltr'><strong>tiam</strong></span> <span class='ocrx_word' id='word_1_723' title='bbox 2459 4091 2475 4117; x_wconf 92' lang='lat'><strong>,</strong></span> <span class='ocrx_word' id='word_1_724' title='bbox 2502 4049 2766 4121; x_wconf 87' lang='lat' dir='ltr'><strong>siquidem</strong></span> <span class='ocrx_word' id='word_1_725' title='bbox 2800 4047 3054 4122; x_wconf 87' lang='lat' dir='ltr'><strong>Cypriani</strong></span> <span class='ocrx_word' id='word_1_726' title='bbox 3080 4049 3323 4107; x_wconf 89' lang='lat' dir='ltr'><strong>defensio</strong></span> <span class='ocrx_word' id='word_1_727' title='bbox 3363 4052 3414 4107; x_wconf 88' lang='lat' dir='ltr'><strong>itt</strong></span> <span class='ocrx_word' id='word_1_728' title='bbox 3446 4053 3509 4107; x_wconf 89' lang='lat' dir='ltr'><strong>iis</strong></span> <span class='ocrx_word' id='word_1_729' title='bbox 3537 4061 3741 4107; x_wconf 91' lang='lat' dir='ltr'><strong>tantum</strong></span> <span class='ocrx_word' id='word_1_730' title='bbox 3784 4068 3911 4121; x_wconf 75' lang='lat' dir='ltr'><strong>ver-</strong></span> 
     </span>
    </p>
   </div>
   <div class='ocr_carea' id='block_1_102' title="bbox 2307 4143 3913 4217">
    <p class='ocr_par' dir='ltr' id='par_1_102' title="bbox 2307 4143 3913 4217">
     <span class='ocr_line' id='line_1_102' title="bbox 2307 4143 3913 4217; baseline 0 -18"><span class='ocrx_word' id='word_1_731' title='bbox 2307 4153 2457 4200; x_wconf 90' lang='lat' dir='ltr'><strong>satur</strong></span> <span class='ocrx_word' id='word_1_732' title='bbox 2497 4160 2616 4215; x_wconf 71' lang='lat' dir='ltr'><strong>qua:</strong></span> <span class='ocrx_word' id='word_1_733' title='bbox 2662 4143 2987 4200; x_wconf 90' lang='lat' dir='ltr'><strong>Libellaticis</strong></span> <span class='ocrx_word' id='word_1_734' title='bbox 3015 4160 3160 4201; x_wconf 91' lang='lat' dir='ltr'><strong>anno</strong></span> <span class='ocrx_word' id='word_1_735' title='bbox 3184 4146 3461 4216; x_wconf 79' lang='lat' dir='ltr'><strong>superiore</strong></span> <span class='ocrx_word' id='word_1_736' title='bbox 3505 4154 3560 4217; x_wconf 87' lang='lat' dir='ltr'><strong>ct</strong></span> <span class='ocrx_word' id='word_1_737' title='bbox 3595 4145 3806 4201; x_wconf 72' lang='lat' dir='ltr'><strong>cmteris</strong></span> <span class='ocrx_word' id='word_1_738' title='bbox 3860 4147 3913 4200; x_wconf 90' lang='lat' dir='ltr'><strong>in</strong></span> 
     </span>
    </p>
   </div>
   <div class='ocr_carea' id='block_1_103' title="bbox 2313 4234 3916 4305">
    <p class='ocr_par' dir='ltr' id='par_1_103' title="bbox 2313 4234 3916 4305">
     <span class='ocr_line' id='line_1_103' title="bbox 2313 4234 3916 4305; baseline -0.001 -14"><span class='ocrx_word' id='word_1_739' title='bbox 2313 4234 2504 4293; x_wconf 90' lang='lat' dir='ltr'><strong>mortis</strong></span> <span class='ocrx_word' id='word_1_740' title='bbox 2527 4236 2770 4305; x_wconf 88' lang='lat' dir='ltr'><strong>periculo</strong></span> <span class='ocrx_word' id='word_1_741' title='bbox 2796 4236 3107 4293; x_wconf 82' lang='lat' dir='ltr'><strong>constitutis</strong></span> <span class='ocrx_word' id='word_1_742' title='bbox 3131 4252 3385 4295; x_wconf 89' lang='lat' dir='ltr'><strong>concessa</strong></span> <span class='ocrx_word' id='word_1_743' title='bbox 3414 4237 3639 4293; x_wconf 89' lang='lat' dir='ltr'><strong>fuerant.</strong></span> <span class='ocrx_word' id='word_1_744' title='bbox 3668 4236 3784 4292; x_wconf 86' lang='lat' dir='ltr'><strong>Non</strong></span> <span class='ocrx_word' id='word_1_745' title='bbox 3815 4237 3916 4291; x_wconf 87' lang='lat' dir='ltr'><strong>im-</strong></span> 
     </span>
    </p>
   </div>
   <div class='ocr_carea' id='block_1_104' title="bbox 2310 4329 3914 4402">
    <p class='ocr_par' dir='ltr' id='par_1_104' title="bbox 2310 4329 3914 4402">
     <span class='ocr_line' id='line_1_104' title="bbox 2310 4329 3914 4402; baseline -0.001 -16"><span class='ocrx_word' id='word_1_746' title='bbox 2310 4331 2503 4386; x_wconf 89' lang='lat' dir='ltr'><strong>merito</strong></span> <span class='ocrx_word' id='word_1_747' title='bbox 2530 4329 2865 4386; x_wconf 83' lang='lat' dir='ltr'><strong>Antonianns</strong></span> <span class='ocrx_word' id='word_1_748' title='bbox 2889 4329 2978 4386; x_wconf 92' lang='lat' dir='ltr'><strong>ille</strong></span> <span class='ocrx_word' id='word_1_749' title='bbox 3013 4329 3151 4386; x_wconf 91' lang='lat' dir='ltr'><strong>idem</strong></span> <span class='ocrx_word' id='word_1_750' title='bbox 3176 4329 3384 4386; x_wconf 77' lang='lat' dir='ltr'><strong>videtur</strong></span> <span class='ocrx_word' id='word_1_751' title='bbox 3407 4345 3527 4387; x_wconf 89' lang='lat' dir='ltr'><strong>esse</strong></span> <span class='ocrx_word' id='word_1_752' title='bbox 3558 4332 3644 4402; x_wconf 91' lang='lat' dir='ltr'><strong>qui</strong></span> <span class='ocrx_word' id='word_1_753' title='bbox 3676 4331 3728 4385; x_wconf 93' lang='lat' dir='ltr'><strong>in</strong></span> <span class='ocrx_word' id='word_1_754' title='bbox 3760 4330 3914 4385; x_wconf 91' lang='lat' dir='ltr'><strong>titulo</strong></span> 
     </span>
    </p>
   </div>
   <div class='ocr_carea' id='block_1_105' title="bbox 2310 4422 3910 4495">
    <p class='ocr_par' dir='ltr' id='par_1_105' title="bbox 2310 4422 3910 4495">
     <span class='ocr_line' id='line_1_105' title="bbox 2310 4422 3910 4495; baseline 0 -17"><span class='ocrx_word' id='word_1_755' title='bbox 2310 4422 2568 4495; x_wconf 83' lang='lat' dir='ltr'><strong>Epistolae</strong></span> <span class='ocrx_word' id='word_1_756' title='bbox 2598 4440 2735 4492; x_wconf 83' lang='lat' dir='ltr'><strong>Lxx,</strong></span> <span class='ocrx_word' id='word_1_757' title='bbox 2783 4424 2921 4479; x_wconf 91' lang='lat' dir='ltr'><strong>inter</strong></span> <span class='ocrx_word' id='word_1_758' title='bbox 2946 4422 3225 4493; x_wconf 65' lang='lat' dir='ltr'><strong>episcolios</strong></span> <span class='ocrx_word' id='word_1_759' title='bbox 3261 4423 3517 4480; x_wconf 88' lang='lat' dir='ltr'><strong>Numidas</strong></span> <span class='ocrx_word' id='word_1_760' title='bbox 3564 4432 3910 4491; x_wconf 87' lang='lat' dir='ltr'><strong>reccnsetur;</strong></span> 
     </span>
    </p>
   </div>
   <div class='ocr_carea' id='block_1_106' title="bbox 2309 4514 3907 4589">
    <p class='ocr_par' dir='ltr' id='par_1_106' title="bbox 2309 4514 3907 4589">
     <span class='ocr_line' id='line_1_106' title="bbox 2309 4514 3907 4589; baseline 0.002 -20"><span class='ocrx_word' id='word_1_761' title='bbox 2309 4515 2448 4588; x_wconf 91' lang='lat' dir='ltr'><strong>quod</strong></span> <span class='ocrx_word' id='word_1_762' title='bbox 2478 4515 2637 4572; x_wconf 90' lang='lat' dir='ltr'><strong>etiam</strong></span> <span class='ocrx_word' id='word_1_763' title='bbox 2670 4525 2983 4587; x_wconf 87' lang='lat' dir='ltr'><strong>argumento</strong></span> <span class='ocrx_word' id='word_1_764' title='bbox 3011 4524 3093 4572; x_wconf 89' lang='lat' dir='ltr'><strong>est</strong></span> <span class='ocrx_word' id='word_1_765' title='bbox 3112 4530 3236 4572; x_wconf 86' lang='lat' dir='ltr'><strong>eum</strong></span> <span class='ocrx_word' id='word_1_766' title='bbox 3279 4514 3531 4589; x_wconf 87' lang='lat' dir='ltr'><strong>Cypriani</strong></span> <span class='ocrx_word' id='word_1_767' title='bbox 3555 4515 3769 4571; x_wconf 86' lang='lat' dir='ltr'><strong>monitis</strong></span> <span class='ocrx_word' id='word_1_768' title='bbox 3798 4532 3907 4572; x_wconf 84' lang='lat' dir='ltr'><strong>non</strong></span> 
     </span>
    </p>
   </div>
   <div class='ocr_carea' id='block_1_107' title="bbox 2312 4610 2599 4668">
    <p class='ocr_par' dir='ltr' id='par_1_107' title="bbox 2312 4610 2599 4668">
     <span class='ocr_line' id='line_1_107' title="bbox 2312 4610 2599 4668; baseline -0.01 -1"><span class='ocrx_word' id='word_1_769' title='bbox 2312 4610 2599 4668; x_wconf 84' lang='lat' dir='ltr'><strong>restitisse.</strong></span> 
     </span>
    </p>
   </div>
   <div class='ocr_carea' id='block_1_108' title="bbox 2384 4704 3911 4779">
    <p class='ocr_par' dir='ltr' id='par_1_108' title="bbox 2384 4704 3911 4779">
     <span class='ocr_line' id='line_1_108' title="bbox 2384 4704 3911 4779; baseline 0.001 -18"><span class='ocrx_word' id='word_1_770' title='bbox 2384 4705 2657 4762; x_wconf 87' lang='lat' dir='ltr'><strong>Emissarii</strong></span> <span class='ocrx_word' id='word_1_771' title='bbox 2705 4704 2987 4762; x_wconf 89' lang='lat' dir='ltr'><strong>Novatiani</strong></span> <span class='ocrx_word' id='word_1_772' title='bbox 3033 4705 3174 4762; x_wconf 92' lang='lat' dir='ltr'><strong>circa</strong></span> <span class='ocrx_word' id='word_1_773' title='bbox 3222 4709 3323 4762; x_wconf 92' lang='lat' dir='ltr'><strong>hoc</strong></span> <span class='ocrx_word' id='word_1_774' title='bbox 3372 4715 3581 4779; x_wconf 90' lang='lat' dir='ltr'><strong>tempus</strong></span> <span class='ocrx_word' id='word_1_775' title='bbox 3621 4706 3911 4763; x_wconf 88' lang='lat' dir='ltr'><strong>Maximum</strong></span> 
     </span>
    </p>
   </div>
   <div class='ocr_carea' id='block_1_109' title="bbox 2313 4798 3914 4872">
    <p class='ocr_par' dir='ltr' id='par_1_109' title="bbox 2313 4798 3914 4872">
     <span class='ocr_line' id='line_1_109' title="bbox 2313 4798 3914 4872; baseline 0.001 -17"><span class='ocrx_word' id='word_1_776' title='bbox 2313 4799 2833 4872; x_wconf 82' lang='lat' dir='ltr'><strong>pscudocpiscOpum</strong></span> <span class='ocrx_word' id='word_1_777' title='bbox 2866 4798 3342 4872; x_wconf 83' lang='lat' dir='ltr'><strong>Carthaginenscm</strong></span> <span class='ocrx_word' id='word_1_778' title='bbox 3375 4800 3648 4859; x_wconf 88' lang='lat' dir='ltr'><strong>fecerunt:</strong></span> <span class='ocrx_word' id='word_1_779' title='bbox 3678 4801 3774 4857; x_wconf 88' lang='lat' dir='ltr'><strong>sed</strong></span> <span class='ocrx_word' id='word_1_780' title='bbox 3806 4800 3914 4857; x_wconf 82' lang='lat' dir='ltr'><strong>huc</strong></span> 
     </span>
    </p>
   </div>
   <div class='ocr_carea' id='block_1_110' title="bbox 2310 4890 3913 4971">
    <p class='ocr_par' dir='ltr' id='par_1_110' title="bbox 2310 4890 3913 4971">
     <span class='ocr_line' id='line_1_110' title="bbox 2310 4890 3913 4971; baseline 0.001 -25"><span class='ocrx_word' id='word_1_781' title='bbox 2310 4890 2516 4947; x_wconf 89' lang='lat' dir='ltr'><strong>facinus</strong></span> <span class='ocrx_word' id='word_1_782' title='bbox 2543 4901 2648 4946; x_wconf 90' lang='lat' dir='ltr'><strong>tam</strong></span> <span class='ocrx_word' id='word_1_783' title='bbox 2678 4891 2911 4964; x_wconf 87' lang='lat' dir='ltr'><strong>ignobile</strong></span> <span class='ocrx_word' id='word_1_784' title='bbox 2936 4900 2989 4947; x_wconf 91' lang='lat' dir='ltr'><strong>et</strong></span> <span class='ocrx_word' id='word_1_785' title='bbox 3031 4892 3319 4947; x_wconf 88' lang='lat' dir='ltr'><strong>obscurum</strong></span> <span class='ocrx_word' id='word_1_786' title='bbox 3353 4891 3473 4961; x_wconf 86' lang='lat' dir='ltr'><strong>fuit,</strong></span> <span class='ocrx_word' id='word_1_787' title='bbox 3521 4901 3585 4949; x_wconf 90' lang='lat' dir='ltr'><strong>ut</strong></span> <span class='ocrx_word' id='word_1_788' title='bbox 3608 4892 3913 4971; x_wconf 83' lang='lat' dir='ltr'><strong>Cyprianus</strong></span> 
     </span>
    </p>
   </div>
   <div class='ocr_carea' id='block_1_111' title="bbox 2313 4983 3910 5062">
    <p class='ocr_par' dir='ltr' id='par_1_111' title="bbox 2313 4983 3910 5062">
     <span class='ocr_line' id='line_1_111' title="bbox 2313 4983 3910 5062; baseline 0 -23"><span class='ocrx_word' id='word_1_789' title='bbox 2313 5000 2381 5040; x_wconf 91' lang='lat' dir='ltr'><strong>ne</strong></span> <span class='ocrx_word' id='word_1_790' title='bbox 2430 4984 2773 5062; x_wconf 72' lang='lat' dir='ltr'><strong>scribendum</strong></span> <span class='ocrx_word' id='word_1_791' title='bbox 2803 4983 3017 5054; x_wconf 89' lang='lat' dir='ltr'><strong>quidem</strong></span> <span class='ocrx_word' id='word_1_792' title='bbox 3063 5001 3126 5041; x_wconf 90' lang='lat' dir='ltr'><strong>ea</strong></span> <span class='ocrx_word' id='word_1_793' title='bbox 3154 4984 3220 5041; x_wconf 91' lang='lat' dir='ltr'><strong>de</strong></span> <span class='ocrx_word' id='word_1_794' title='bbox 3248 5001 3308 5041; x_wconf 91' lang='lat' dir='ltr'><strong>re</strong></span> <span class='ocrx_word' id='word_1_795' title='bbox 3353 4984 3581 5040; x_wconf 90' lang='lat' dir='ltr'><strong>Romam</strong></span> <span class='ocrx_word' id='word_1_796' title='bbox 3617 4984 3910 5054; x_wconf 91' lang='lat' dir='ltr'><strong>judicarct.</strong></span> 
     </span>
    </p>
   </div>
   <div class='ocr_carea' id='block_1_112' title="bbox 2316 5078 3912 5151">
    <p class='ocr_par' dir='ltr' id='par_1_112' title="bbox 2316 5078 3912 5151">
     <span class='ocr_line' id='line_1_112' title="bbox 2316 5078 3912 5151; baseline -0.001 -17"><span class='ocrx_word' id='word_1_797' title='bbox 2316 5078 2448 5134; x_wconf 82' lang='lat' dir='ltr'><strong>Nam</strong></span> <span class='ocrx_word' id='word_1_798' title='bbox 2481 5078 2638 5150; x_wconf 91' lang='lat' dir='ltr'><strong>paulo</strong></span> <span class='ocrx_word' id='word_1_799' title='bbox 2666 5086 2790 5135; x_wconf 88' lang='lat' dir='ltr'><strong>ante</strong></span> <span class='ocrx_word' id='word_1_800' title='bbox 2817 5078 2884 5135; x_wconf 93' lang='lat' dir='ltr'><strong>dc</strong></span> <span class='ocrx_word' id='word_1_801' title='bbox 2909 5078 3234 5151; x_wconf 84' lang='lat' dir='ltr'><strong>collegarum</strong></span> <span class='ocrx_word' id='word_1_802' title='bbox 3262 5079 3486 5135; x_wconf 91' lang='lat' dir='ltr'><strong>consilio</strong></span> <span class='ocrx_word' id='word_1_803' title='bbox 3516 5080 3736 5137; x_wconf 89' lang='lat' dir='ltr'><strong>miserat</strong></span> <span class='ocrx_word' id='word_1_804' title='bbox 3771 5080 3912 5133; x_wconf 87' lang='lat' dir='ltr'><strong>Cur-</strong></span> 
     </span>
    </p>
   </div>
   <div class='ocr_carea' id='block_1_113' title="bbox 2311 5172 3910 5246">
    <p class='ocr_par' dir='ltr' id='par_1_113' title="bbox 2311 5172 3910 5246">
     <span class='ocr_line' id='line_1_113' title="bbox 2311 5172 3910 5246; baseline -0.001 -18"><span class='ocrx_word' id='word_1_805' title='bbox 2311 5172 2456 5231; x_wconf 91' lang='lat' dir='ltr'><strong>nclio</strong></span> <span class='ocrx_word' id='word_1_806' title='bbox 2485 5173 2700 5230; x_wconf 91' lang='lat' dir='ltr'><strong>nomina</strong></span> <span class='ocrx_word' id='word_1_807' title='bbox 2746 5173 3073 5246; x_wconf 88' lang='lat' dir='ltr'><strong>integrorum</strong></span> <span class='ocrx_word' id='word_1_808' title='bbox 3122 5183 3176 5230; x_wconf 91' lang='lat' dir='ltr'><strong>et</strong></span> <span class='ocrx_word' id='word_1_809' title='bbox 3203 5173 3588 5231; x_wconf 89' lang='lat' dir='ltr'><strong>catholicorum</strong></span> <span class='ocrx_word' id='word_1_810' title='bbox 3631 5174 3684 5230; x_wconf 89' lang='lat' dir='ltr'><strong>in</strong></span> <span class='ocrx_word' id='word_1_811' title='bbox 3731 5172 3910 5228; x_wconf 85' lang='lat' dir='ltr'><strong>Africa</strong></span> 
     </span>
    </p>
   </div>
   <div class='ocr_carea' id='block_1_114' title="bbox 2311 5267 3912 5342">
    <p class='ocr_par' dir='ltr' id='par_1_114' title="bbox 2311 5267 3912 5342">
     <span class='ocr_line' id='line_1_114' title="bbox 2311 5267 3912 5342; baseline -0.001 -18"><span class='ocrx_word' id='word_1_812' title='bbox 2311 5267 2720 5339; x_wconf 89' lang='lat' dir='ltr'><strong>episcoporum,</strong></span> <span class='ocrx_word' id='word_1_813' title='bbox 2771 5277 2831 5324; x_wconf 91' lang='lat' dir='ltr'><strong>ut</strong></span> <span class='ocrx_word' id='word_1_814' title='bbox 2876 5270 3077 5327; x_wconf 87' lang='lat' dir='ltr'><strong>scirent</strong></span> <span class='ocrx_word' id='word_1_815' title='bbox 3114 5269 3396 5326; x_wconf 89' lang='lat' dir='ltr'><strong>Cornelius</strong></span> <span class='ocrx_word' id='word_1_816' title='bbox 3423 5270 3650 5342; x_wconf 89' lang='lat' dir='ltr'><strong>ejusque</strong></span> <span class='ocrx_word' id='word_1_817' title='bbox 3690 5269 3912 5340; x_wconf 77' lang='lat' dir='ltr'><strong>collega:</strong></span> 
     </span>
    </p>
   </div>
   <div class='ocr_carea' id='block_1_115' title="bbox 2310 5361 3915 5435">
    <p class='ocr_par' dir='ltr' id='par_1_115' title="bbox 2310 5361 3915 5435">
     <span class='ocr_line' id='line_1_115' title="bbox 2310 5361 3915 5435; baseline 0.003 -20"><span class='ocrx_word' id='word_1_818' title='bbox 2310 5362 2505 5433; x_wconf 91' lang='lat' dir='ltr'><strong>quibus</strong></span> <span class='ocrx_word' id='word_1_819' title='bbox 2532 5361 2770 5419; x_wconf 86' lang='lat' dir='ltr'><strong>scribere</strong></span> <span class='ocrx_word' id='word_1_820' title='bbox 2811 5372 2865 5419; x_wconf 91' lang='lat' dir='ltr'><strong>et</strong></span> <span class='ocrx_word' id='word_1_821' title='bbox 2891 5378 2921 5419; x_wconf 89' lang='lat' dir='ltr'><strong>a</strong></span> <span class='ocrx_word' id='word_1_822' title='bbox 2966 5364 3161 5435; x_wconf 91' lang='lat' dir='ltr'><strong>quibus</strong></span> <span class='ocrx_word' id='word_1_823' title='bbox 3203 5364 3409 5421; x_wconf 84' lang='lat' dir='ltr'><strong>litteras</strong></span> <span class='ocrx_word' id='word_1_824' title='bbox 3435 5373 3621 5420; x_wconf 89' lang='lat' dir='ltr'><strong>mutuo</strong></span> <span class='ocrx_word' id='word_1_825' title='bbox 3666 5365 3915 5433; x_wconf 83' lang='lat' dir='ltr'><strong>accipere</strong></span> 
     </span>
    </p>
   </div>
   <div class='ocr_carea' id='block_1_116' title="bbox 2312 5454 3915 5531">
    <p class='ocr_par' dir='ltr' id='par_1_116' title="bbox 2312 5454 3915 5531">
     <span class='ocr_line' id='line_1_116' title="bbox 2312 5454 3915 5531; baseline 0.001 -21"><span class='ocrx_word' id='word_1_826' title='bbox 2312 5463 2619 5525; x_wconf 83' lang='lat' dir='ltr'><strong>Oportcret;</strong></span> <span class='ocrx_word' id='word_1_827' title='bbox 2651 5455 2696 5510; x_wconf 91' lang='lat' dir='ltr'><strong>si</strong></span> <span class='ocrx_word' id='word_1_828' title='bbox 2726 5454 2845 5526; x_wconf 91' lang='lat' dir='ltr'><strong>quis</strong></span> <span class='ocrx_word' id='word_1_829' title='bbox 2872 5465 3049 5513; x_wconf 91' lang='lat' dir='ltr'><strong>autem</strong></span> <span class='ocrx_word' id='word_1_830' title='bbox 3094 5465 3289 5530; x_wconf 73' lang='lat' dir='ltr'><strong>prteter</strong></span> <span class='ocrx_word' id='word_1_831' title='bbox 3327 5472 3424 5516; x_wconf 91' lang='lat' dir='ltr'><strong>eos</strong></span> <span class='ocrx_word' id='word_1_832' title='bbox 3451 5473 3585 5530; x_wconf 91' lang='lat' dir='ltr'><strong>quos</strong></span> <span class='ocrx_word' id='word_1_833' title='bbox 3613 5458 3915 5531; x_wconf 79' lang='lat' dir='ltr'><strong>Cyprianus</strong></span> 
     </span>
    </p>
   </div>
   <div class='ocr_carea' id='block_1_117' title="bbox 2311 5548 3915 5631">
    <p class='ocr_par' dir='ltr' id='par_1_117' title="bbox 2311 5548 3915 5631">
     <span class='ocr_line' id='line_1_117' title="bbox 2311 5548 3915 5631; baseline 0.002 -26"><span class='ocrx_word' id='word_1_834' title='bbox 2311 5548 2539 5619; x_wconf 89' lang='lat' dir='ltr'><strong>epistola</strong></span> <span class='ocrx_word' id='word_1_835' title='bbox 2564 5564 2661 5631; x_wconf 84' lang='lat' dir='ltr'><strong>sua</strong></span> <span class='ocrx_word' id='word_1_836' title='bbox 2688 5549 3006 5621; x_wconf 88' lang='lat' dir='ltr'><strong>complexus</strong></span> <span class='ocrx_word' id='word_1_837' title='bbox 3043 5551 3236 5624; x_wconf 91' lang='lat' dir='ltr'><strong>fuerat,</strong></span> <span class='ocrx_word' id='word_1_838' title='bbox 3259 5553 3497 5611; x_wconf 90' lang='lat' dir='ltr'><strong>scribere</strong></span> <span class='ocrx_word' id='word_1_839' title='bbox 3521 5554 3766 5621; x_wconf 89' lang='lat' dir='ltr'><strong>auderet,</strong></span> <span class='ocrx_word' id='word_1_840' title='bbox 3805 5552 3915 5610; x_wconf 87' lang='lat' dir='ltr'><strong>sci-</strong></span> 
     </span>
    </p>
   </div>
   <div class='ocr_carea' id='block_1_118' title="bbox 2312 5645 3912 5716">
    <p class='ocr_par' dir='ltr' id='par_1_118' title="bbox 2312 5645 3912 5716">
     <span class='ocr_line' id='line_1_118' title="bbox 2312 5645 3912 5716; baseline 0.004 -17"><span class='ocrx_word' id='word_1_841' title='bbox 2312 5651 2431 5699; x_wconf 88' lang='lat' dir='ltr'><strong>rent</strong></span> <span class='ocrx_word' id='word_1_842' title='bbox 2472 5658 2596 5700; x_wconf 90' lang='lat' dir='ltr'><strong>eum</strong></span> <span class='ocrx_word' id='word_1_843' title='bbox 2634 5645 2721 5703; x_wconf 90' lang='lat' dir='ltr'><strong>vel</strong></span> <span class='ocrx_word' id='word_1_844' title='bbox 2767 5647 3035 5705; x_wconf 88' lang='lat' dir='ltr'><strong>sacrificio</strong></span> <span class='ocrx_word' id='word_1_845' title='bbox 3062 5648 3149 5706; x_wconf 85' lang='lat' dir='ltr'><strong>vel</strong></span> <span class='ocrx_word' id='word_1_846' title='bbox 3197 5648 3379 5706; x_wconf 90' lang='lat' dir='ltr'><strong>libello</strong></span> <span class='ocrx_word' id='word_1_847' title='bbox 3404 5664 3526 5706; x_wconf 86' lang='lat' dir='ltr'><strong>esse</strong></span> <span class='ocrx_word' id='word_1_848' title='bbox 3563 5648 3912 5716; x_wconf 89' lang='lat' dir='ltr'><strong>maculatum,</strong></span> 
     </span>
    </p>
   </div>
   <div class='ocr_carea' id='block_1_119' title="bbox 2310 5737 3912 5817">
    <p class='ocr_par' dir='ltr' id='par_1_119' title="bbox 2310 5737 3912 5817">
     <span class='ocr_line' id='line_1_119' title="bbox 2310 5737 3912 5817; baseline 0.004 -25"><span class='ocrx_word' id='word_1_849' title='bbox 2310 5737 2395 5793; x_wconf 82' lang='lat' dir='ltr'><strong>vel</strong></span> <span class='ocrx_word' id='word_1_850' title='bbox 2442 5753 2605 5796; x_wconf 91' lang='lat' dir='ltr'><strong>unttm</strong></span> <span class='ocrx_word' id='word_1_851' title='bbox 2634 5738 2702 5798; x_wconf 90' lang='lat' dir='ltr'><strong>de</strong></span> <span class='ocrx_word' id='word_1_852' title='bbox 2744 5740 3036 5811; x_wconf 69' lang='lat' dir='ltr'><strong>litereticis,</strong></span> <span class='ocrx_word' id='word_1_853' title='bbox 3069 5756 3381 5817; x_wconf 75' lang='lat' dir='ltr'><strong>perversum</strong></span> <span class='ocrx_word' id='word_1_854' title='bbox 3399 5741 3605 5800; x_wconf 84' lang='lat' dir='ltr'><strong>scilicet</strong></span> <span class='ocrx_word' id='word_1_855' title='bbox 3629 5751 3684 5800; x_wconf 86' lang='lat' dir='ltr'><strong>et</strong></span> <span class='ocrx_word' id='word_1_856' title='bbox 3730 5739 3912 5815; x_wconf 74' lang='lat' dir='ltr'><strong>profa~</strong></span> 
     </span>
    </p>
   </div>
   <div class='ocr_carea' id='block_1_120' title="bbox 2312 5847 2462 5889">
    <p class='ocr_par' dir='ltr' id='par_1_120' title="bbox 2312 5847 2462 5889">
     <span class='ocr_line' id='line_1_120' title="bbox 2312 5847 2462 5889; baseline 0.013 -2"><span class='ocrx_word' id='word_1_857' title='bbox 2312 5847 2462 5889; x_wconf 88' lang='lat' dir='ltr'><strong>nntn.</strong></span> 
     </span>
    </p>
   </div>
  </div>
