4172 6264
314 340 423 400 157

391 458 659 531 Scriptum
716 458 1050 516 existimatur
1089 460 1194 516 hoc
1239 474 1382 517 anno
1419 464 1917 534 praestantissimum

313 555 570 626 Cypriani
621 569 757 625 opus
805 554 867 608 de
899 553 1144 610 Oratione
1172 553 1462 610 Dominica.
1507 555 1837 614 Rccensetur
1887 572 1919 613 a

314 645 511 701 Pontio
541 656 657 716 post
690 647 885 702 librum
912 646 974 700 de
992 645 1037 702 U
1043 647 1199 701 nitate
1219 645 1494 714 Ecclesia’;
1527 657 1583 704 et
1607 664 1728 705 cum
1753 649 1920 705 multa

315 743 376 798 in
402 744 590 799 eodem
625 744 762 798 libro
792 743 1051 800 adversus
1079 743 1453 802 schismaticos
1482 744 1830 800 vehementer
1868 754 1921 800 et

318 837 549 904 c0piosc
575 835 838 901 dicantur,
872 851 976 892 non
1002 835 1140 892 male
1163 837 1500 892 concluditur
1527 837 1632 907 jam
1660 835 1922 906 prodiisse

317 929 646 986 Felicissimi
693 941 748 988 et
799 932 1080 988 Novatiani
1147 932 1438 990 schismata
1481 949 1602 992 cum
1643 933 1760 989 haec
1787 934 1922 988 scri-

316 1022 479 1079 beret
505 1026 830 1097 Cyprianus.

394 1116 546 1174 Circa
589 1118 808 1175 Pascha:
837 1120 1008 1192 prima
1053 1122 1315 1178 solemnia
1365 1122 1582 1194 scripsit
1625 1122 1924 1194 Cyprianus

313 1207 616 1281 Epistulam
648 1228 738 1267 Llll
768 1211 834 1267 ad
859 1213 1143 1286 episcopos
1186 1214 1564 1277 Fortunatum,
1595 1215 1922 1285 Ahymnum,

316 1303 600 1376 Optatum,
643 1305 1021 1376 Donatianum,
1054 1308 1404 1364 Fortunatum
1439 1317 1494 1363 et
1525 1306 1780 1373 Felicem,
1810 1307 1923 1376 qui,

311 1415 444 1454 cum
471 1409 650 1454 essent
673 1399 726 1454 in
753 1399 969 1457 civitate
993 1401 1251 1472 Capsensi
1283 1410 1504 1473 propter
1532 1401 1925 1458 ordinationem

311 1492 554 1562 episcopi
609 1489 627 1564 (
671 1491 922 1547 Donatuli
953 1534 970 1560 ,
1036 1503 1096 1548 ut
1153 1493 1421 1549 versimile
1465 1503 1590 1560 est,
1641 1493 1926 1565 Capsensis

311 1582 577 1653 episcopi,
614 1583 704 1652 qui
755 1583 874 1640 loco
916 1586 1248 1656 sexagesimo
1280 1600 1425 1641 nono
1452 1588 1769 1642 sententiam
1799 1585 1928 1642 dicit

315 1673 376 1728 in
420 1675 648 1730 concilio
668 1672 1075 1748 Carthaginensi
1107 1691 1248 1731 anno
1263 1677 1369 1730 257
1391 1676 1434 1746 ),
1466 1677 1692 1731 consulti
1720 1677 1928 1732 fuerant

312 1786 351 1825 ει
376 1771 603 1842 Superio
633 1786 699 1826 an
733 1769 800 1827 ad
823 1773 1252 1828 communionem
1269 1771 1379 1843 jam
1411 1771 1726 1827 admittendi
1748 1779 1928 1826 essent

316 1861 513 1930 Ninus,
548 1863 948 1920 Clementianus
993 1871 1048 1918 et
1075 1863 1286 1928 Florus,
1330 1861 1443 1934 qui,
1495 1862 1767 1918 Christum
1793 1879 1927 1919 con-

319 1952 658 2009 fessi'coram
686 1952 997 2025 magistratu
1019 1963 1074 2009 et
1095 1953 1272 2024 plebe,
1294 1962 1481 2023 postea
1501 1954 1643 2009 inter
1661 1962 1928 2010 tormenta

316 2061 506 2101 coram
555 2047 876 2116 proconsule
915 2045 1169 2118 superati,
1203 2045 1578 2115 paenitentiam
1605 2059 1765 2116 agere
1821 2060 1928 2101 non

315 2140 640 2197 destiterant
689 2156 783 2211 per
839 2140 939 2196 hoc
993 2140 1320 2208 triennium,
1380 2156 1486 2195 non
1533 2139 1664 2194 illud
1713 2139 1928 2211 quidem

317 2242 568 2288 exactum
597 2233 692 2288 sed
745 2232 1080 2288 inchoatum.
1109 2233 1240 2288 Rem
1268 2232 1518 2288 decidere
1547 2248 1655 2287 non
1689 2233 1830 2299 ausi,
1863 2231 1932 2287 ad

321 2323 649 2396 Cyprianum
677 2323 1003 2390 detulerant,
1063 2333 1117 2380 et
1158 2325 1484 2394 scripserant
1518 2344 1537 2378 ‹
1581 2333 1780 2384 meum
1811 2325 1930 2396 plu-

320 2418 475 2472 rihus
521 2417 740 2488 collegis
780 2416 848 2472 de
890 2416 990 2472 hoc
1040 2417 1156 2487 ipso
1202 2416 1516 2487 plenissime
1581 2435 1601 2470 ι
1658 2425 1930 2472 tractaret.

323 2510 639 2580 Respondet
663 2510 961 2581 Cyprianus
992 2509 1317 2566 reddendam
1341 2509 1600 2580 ejusmodi
1627 2509 1934 2566 hominibus

322 2603 782 2667 communionem,
799 2618 970 2673 seque
998 2619 1058 2657 ea
1081 2603 1148 2658 de
1170 2619 1227 2658 re
1253 2619 1372 2658 cum
1390 2603 1654 2674 episcopis
1673 2603 1936 2660 delibera-

326 2703 505 2750 turum
541 2695 801 2766 promittit
839 2713 856 2744 ι
879 2695 1092 2763 quando
1127 2695 1450 2774 solemnitati
1476 2694 1615 2765 apud
1634 2709 1762 2751 suos
1796 2696 1937 2751 cele-

328 2789 552 2844 brandae
569 2787 943 2852 satisfecerint,
981 2807 998 2840 ι
1029 2796 1082 2842 et
1129 2777 1503 2858 Carthaginem
1563 2807 1581 2841 ‹
1616 2788 1879 2845 venerint.
1911 2805 1932 2840 ›

410 2881 519 2935 Vix
549 2881 768 2935 dubium
798 2890 882 2936 est
910 2881 1034 2950 quin
1068 2880 1388 2950 promissum
1422 2881 1707 2950 perfecerit
1731 2882 1785 2936 in
1811 2896 1941 2936 cono

327 2975 456 3030 cilio
482 2973 626 3044 quod
681 2971 1001 3043 Carthagine
1027 2972 1264 3027 habitum
1290 2972 1392 3040 ltpc
1413 2988 1556 3028 anno
1591 2973 1766 3029 idibus
1788 2974 1936 3040 maii,

329 3075 390 3120 ut
423 3065 537 3136 ipse
567 3072 793 3120 testatur
822 3065 920 3134 Ep.
956 3078 1022 3118 LV
1059 3065 1133 3134 (p.
1164 3063 1280 3134 8’s).
1310 3064 1507 3119 Scribit
1536 3064 1736 3122 ibidem
1757 3082 1777 3116 ‹
1810 3065 1936 3119 Pri-

337 3167 520 3213 vatum
548 3199 564 3223 ,
611 3166 850 3213 veterem
904 3157 1213 3212 haereticnm
1242 3157 1294 3210 in
1326 3157 1703 3214 Lambesitana
1732 3159 1941 3214 colonia

339 3261 469 3307 ante
522 3249 722 3305 multos
777 3249 885 3305 fere
929 3264 1098 3304 annos
1141 3249 1211 3304 ob
1252 3249 1417 3304 multa
1463 3259 1516 3305 et
1541 3249 1719 3320 gravia
1749 3249 1939 3306 delicta

334 3343 625 3414 nonaginta
677 3351 731 3398 et
771 3343 1146 3413 episcoporum
1196 3342 1461 3397 sententia
1501 3342 1936 3410 condemnatum,

336 3444 394 3490 et
441 3434 663 3506 Fabiani
695 3452 712 3485 ι
765 3449 920 3504 papae
972 3447 1036 3509 ac
1094 3432 1285 3488 Donati
1315 3432 1770 3503 Carthaginiensis
1794 3433 1941 3504 epis-

334 3529 458 3600 copi
488 3546 505 3580 ι
541 3527 736 3584 litteris
765 3526 1106 3583 severissime
1146 3534 1407 3592 notatum,
1459 3540 1583 3581 cum
1638 3527 1939 3581 causamin

341 3622 446 3677 hoc
493 3620 722 3678 concilio
769 3635 928 3692 agere
968 3619 1109 3675 velle
1129 3634 1186 3674 se
1213 3619 1434 3686 diceret,
1467 3637 1484 3670 ι
1512 3619 1803 3675 admissum
1834 3633 1941 3675 non

337 3713 527 3770 fuisse.
563 3713 698 3768 Huic
747 3712 981 3790 concilio
1010 3710 1369 3766 interfuerunt
1393 3711 1629 3781 episcopi
1669 3711 1940 3781 sexaginta

337 3823 457 3874 scx,
496 3806 542 3862 si
575 3805 668 3874 ibi,
729 3815 789 3860 ut
816 3804 1241 3860 versimillimum
1270 3813 1371 3868 est,
1415 3803 1708 3873 propositis
1751 3818 1781 3857 a
1809 3801 1944 3858 Fido

338 3899 596 3970 episc0po
621 3895 1013 3969 qumstionibus
1045 3909 1362 3965 responsum
1391 3893 1508 3948 luit.
1537 3893 1586 3948 ls
1613 3908 1708 3964 per
1735 3893 1943 3949 litteras

352 4002 576 4063 questus
622 3989 796 4045 fuerat
837 3987 978 4060 quod
1023 3987 1322 4058 Therapius
1367 3987 1650 4057 episcopus
1696 3985 1862 4041 Bulla:
1891 3993 1946 4041 et

340 4083 646 4149 confessor,
677 4092 736 4138 ut
763 4081 982 4152 conjicit
1010 4080 1282 4136 Pamelius
1310 4094 1380 4134 ex
1413 4078 1609 4134 concil.
1635 4077 1822 4134 Carth.
1852 4093 1941 4132 an.

343 4177 478 4245 256,
509 4175 712 4232 Victori
755 4174 1026 4245 quondam
1053 4173 1391 4245 presbytero,
1439 4180 1726 4242 antequam
1775 4172 1947 4242 pinni-

345 4271 570 4330 tentiam
618 4272 832 4342 plenam
876 4269 1094 4340 egisset,
1141 4281 1327 4338 pacem
1371 4265 1660 4322 immaturo
1704 4273 1945 4336 tempore

346 4366 604 4424 dedisset.
651 4364 921 4420 Przcterea
969 4375 1168 4416 novam
1211 4359 1496 4432 quamdam
1544 4358 1613 4414 de
1658 4358 1946 4414 infantibus

348 4458 656 4528 opinionem
689 4455 853 4510 Fidus
877 4461 1256 4525 preposuerat,
1280 4455 1334 4507 in
1359 4452 1554 4522 quibus
1577 4467 1784 4507 morem
1810 4450 1948 4507 anti-

348 4565 470 4621 qua:
492 4548 918 4606 circumcisionis
947 4547 1236 4602 tenendum
1268 4545 1508 4617 putabat,
1542 4555 1600 4601 ut
1634 4545 1772 4600 infra
1801 4556 1948 4601 octa-

350 4657 477 4698 vum
524 4640 668 4697 diem
709 4654 818 4694 non
863 4635 1284 4709 baptizarentur.
1339 4637 1483 4692 Inter
1525 4637 1658 4692 alias
1714 4639 1948 4694 rationes

354 4737 494 4791 hanc
521 4733 812 4790 afferebat:
862 4751 880 4784 ‹
914 4734 1198 4803 vestigium
1227 4731 1443 4786 infantis
1465 4731 1518 4786 in
1549 4731 1736 4802 primis
1765 4740 1949 4804 partus

350 4829 432 4884 sui
487 4827 675 4883 diebus
723 4825 995 4882 constituti
1047 4824 1304 4879 mundum
1330 4837 1434 4878 non
1462 4823 1761 4895 esse,quod
1786 4840 1949 4881 unus.

351 4921 579 4993 quisque
646 4919 776 4974 illud
851 4919 1066 4974 horreat
1140 4917 1458 4973 exosculari.
1514 4935 1534 4970 ι
1603 4917 1954 4988 Respondent
2006 4909 2015 4916 ’

353 5014 630 5086 sexaginta
677 5027 771 5068 sex
820 5011 1058 5082 episcopi
1103 5025 1202 5080 per
1229 5010 1406 5081 Epist.
1453 5025 1562 5076 th,
1616 5010 1951 5082 objurgatum

353 5109 519 5165 fuisse
542 5106 892 5177 Therapium,
947 5118 1045 5160 nec
1077 5112 1253 5158 tamen
1295 5103 1525 5158 ablatam
1555 5102 1756 5160 Victori
1806 5119 1955 5160 com-

356 5202 688 5258 munionem.
733 5200 809 5255 De
847 5196 1144 5252 infantibus
1187 5207 1364 5253 autem
1405 5197 1734 5269 propositam
1784 5199 1851 5254 ab
1889 5213 1955 5254 eo

355 5296 662 5366 Opinionem
713 5307 821 5348 uno
850 5306 945 5348 ore
986 5291 1224 5348 universi
1270 5292 1538 5362 rejiciunt,
1594 5301 1650 5348 et
1695 5292 1956 5363 baptisma

356 5386 638 5443 infantium
672 5389 754 5441 «in
777 5385 952 5457 primo
980 5385 1160 5440 statim
1190 5385 1482 5441 nativitatis
1511 5401 1621 5442 sua:
1647 5393 1796 5440 ortu»
1823 5401 1956 5457 pra:-

357 5479 672 5534 clarissimis
712 5476 980 5532 rationum
1019 5476 1307 5532 momentis
1349 5476 1663 5532 defendunt.
1719 5475 1833 5531 Iloc
1861 5490 1960 5531 au-

359 5584 468 5629 tem
533 5570 818 5630 concilium
883 5570 1159 5640 sexaginta
1214 5586 1307 5626 sex
1383 5570 1756 5641 episcoporum
1820 5569 1962 5625 idem

358 5684 580 5740 prorsus
627 5682 748 5724 esse
796 5665 1119 5736 perspicitur
1169 5677 1232 5717 ac
1289 5662 1418 5717 illud
1466 5662 1608 5734 quod
1639 5662 1813 5718 idibus
1838 5661 1963 5718 maii

361 5763 604 5818 habitum
633 5761 736 5817 hoc
776 5774 920 5814 anno
948 5757 1076 5813 ΞΜ.
1118 5754 1272 5824 Quod
1299 5754 1442 5811 enim
1473 5769 1730 5812 concessa
1758 5754 1961 5810 Victori

357 5855 628 5930 quondam
671 5853 984 5928 presbytero
1022 5850 1158 5906 laica
1211 5851 1520 5906 communio
1582 5848 1962 5922 reprehensio-

807 5955 868 6016 S.
916 5953 1245 6016 Cyrnum.
1294 5949 1400 6011 IV.

1519 345 1681 404 Vl’l‘A
1717 345 1963 406 SANCTI
1999 343 2339 408 CYPRIANI.

3519 352 3624 410 1'58

2025 482 2147 522 nem
2170 483 2274 523 non
2297 466 2502 538 effugit,
2527 473 2843 539 argumento
2859 477 2943 524 est
2968 466 3098 524 nihil
3123 468 3296 526 adhuc
3315 469 3617 527 detractum

2023 571 2088 614 ac
2116 559 2357 615 limatum
2388 559 2550 615 fuisse
2566 559 2633 616 de
2654 561 2944 632 superioris
2964 561 3090 614 anni
3119 561 3354 624 decreto,
3374 578 3435 618 ac
3475 579 3616 618 non-

2023 649 2149 707 dum
2173 668 2354 722 pacem
2377 654 2757 723 pmuitentihus
2781 653 3044 709 redditam
3061 651 3226 710 fuisse
3250 672 3264 721 ;
3293 671 3412 726 quze
3441 665 3620 714 tamen

2026 745 2128 801 illis
2165 747 2490 818 indulgentia
2538 747 2820 819 perpaucis
2869 749 3142 806 mensibus
3181 759 3304 821 post
3331 752 3618 808 concilium

2031 838 2206 894 idibus
2227 841 2350 894 maii
2380 840 2616 897 habitum
2647 856 2903 898 concessa
2925 851 3028 898 est.

2097 931 2440 988 Lombertum
2466 935 2656 989 merito
2699 935 2926 1006 castigat
2955 935 3298 1005 Pearsonius,
3343 937 3486 1007 quod
3517 936 3621 994 hoc

2025 1024 2312 1080 concilium
2339 1026 2611 1096 sexaginta
2642 1041 2737 1082 sex
2763 1029 3141 1099 cpisc0pornm
3168 1044 3273 1084 non
3297 1029 3469 1083 multo
3499 1038 3628 1099 post

2027 1116 2308 1172 concilium
2335 1119 2458 1172 anni
2481 1118 2775 1188 superioris
2797 1119 3159 1176 collocaverit.
3186 1119 3302 1175 Non
3331 1119 3624 1178 verisimile

2027 1218 2109 1265 cst
2145 1220 2266 1280 post
2299 1211 2609 1277 concilium,
2651 1213 2792 1283 quod
2821 1212 3022 1268 tamdiu
3059 1213 3111 1267 in
3144 1213 3322 1268 causis
3347 1213 3621 1283 lapsorum

2027 1301 2382 1371 dijudicandis
2424 1313 2742 1374 occupatum
2773 1305 2891 1372 fuit,
2933 1304 3077 1359 aliud
3111 1304 3300 1360 eodem
3329 1319 3469 1360 anno
3512 1313 3623 1360 tam

2026 1391 2284 1465 frequens
2312 1405 2664 1452 convocatum
2696 1395 2858 1452 fuisse
2885 1439 2898 1463 ,
2930 1412 3053 1452 eum
3083 1398 3382 1469 przesertim
3413 1399 3621 1454 nullum

2029 1485 2186 1556 hujus
2215 1487 2294 1543 rei
2325 1489 2604 1559 vestigium
2645 1499 2819 1545 exstet
2849 1490 2902 1544 in
2948 1491 3142 1547 litteris
3167 1506 3307 1548 anno
3346 1492 3624 1562 superiore

2028 1578 2262 1648 scriptis.
2312 1580 2381 1634 At
2436 1580 2576 1636 idem
2607 1581 2930 1637 Pearsonius
2967 1582 3069 1638 hoc
3097 1584 3382 1639 concilium
3433 1585 3486 1639 in
3514 1599 3622 1655 quo

2029 1671 2424 1742 responderunt
2467 1674 2602 1729 Fido
2653 1676 2927 1746 sexaginta
2957 1691 3055 1732 sex
3085 1678 3345 1750 episcopi,
3395 1679 3448 1732 in
3493 1677 3622 1732 anni

2028 1762 2136 1818 255
2168 1779 2406 1821 mensem
2438 1766 2798 1837 septembrem
2848 1767 3042 1838 rejicit,
3089 1785 3213 1841 cum
3251 1770 3509 1840 episcopi,
3564 1781 3624 1825 ut

2031 1853 2145 1924 ipse
2171 1856 2460 1923 existimat,
2495 1858 2736 1914 restituta
2771 1875 2924 1930 pace,
2964 1861 3032 1916 de
3060 1861 3221 1917 rebus
3246 1861 3625 1918 ecclesiasticis

2030 1948 2462 2006 consiliarentur.
2493 1949 2609 2006 Non
2641 1953 2868 2023 quadrat
2893 1953 3009 2009 haec
3036 1955 3217 2024 opinio
3243 1969 3366 2010 cum
3396 1955 3478 2011 his
3505 1957 3624 2026 epi-

2033 2053 2320 2110 scoparum
2375 2041 2554 2097 verbis
2598 2058 2612 2094 :
2668 2043 2837 2111 «Qum
2886 2058 2993 2109 res,
3037 2045 3300 2115 inquiunt,
3351 2046 3481 2102 satis
3529 2061 3628 2103 nos

2031 2135 2199 2190 movit
2247 2151 2520 2193 recessum
2577 2151 2698 2194 esse
2741 2153 2772 2192 a
2816 2138 3018 2194 decreti
3067 2140 3235 2194 nostri
3284 2141 3624 2208 auctoritate,

2033 2236 2090 2284 ut
2125 2237 2250 2286 ante
2292 2229 2584 2301 legitimum
2608 2240 2816 2303 tempus
2837 2243 2891 2288 et
2913 2233 3126 2303 plenum
3152 2232 3548 2300 satisfactionis,
3577 2243 3633 2289 et

2035 2321 2154 2378 sine
2196 2323 2363 2392 petitu
2391 2333 2445 2378 et
2491 2325 2820 2380 conscientia
2859 2326 3030 2396 plebis
3058 2367 3073 2393 ,
3118 2326 3263 2382 nulla
3318 2325 3630 2382 infirmitate

2035 2423 2257 2484 urgente
2270 2429 2332 2469 ac
2345 2416 2668 2472 necessitate
2689 2425 2912 2487 cogente
2924 2459 2938 2482 ,
2973 2432 3072 2488 pax
3088 2418 3136 2473 ei
3161 2417 3571 2474 concederetur.
3602 2436 3624 2470 ›

2034 2506 2161 2563 llaec
2183 2509 2383 2579 optime
2404 2519 2707 2580 congruunt
2733 2510 2906 2565 idibus
2928 2511 3054 2566 maii
3080 2513 3202 2566 anni
3223 2510 3350 2567 252.
3372 2511 3488 2566 Jam
3518 2527 3635 2581 poe-

2036 2600 2275 2655 nitentiac
2305 2611 2508 2672 partem
2535 2617 2642 2658 non
2663 2602 2990 2658 mediocrem
3013 2603 3398 2674 adimpleverat
3421 2602 3627 2671 Victor,

2038 2707 2200 2748 unum
2224 2693 2635 2764 reprehenditur
2653 2694 2795 2766 quod
2818 2696 3032 2766 plenum
3055 2704 3266 2768 tempus
3289 2712 3397 2753 non
3425 2697 3636 2768 exegis-

2039 2794 2155 2850 set;
2179 2786 2469 2856 quinetiam
2498 2786 2628 2841 nihil
2650 2786 3154 2858 reprehenderetur,
3179 2789 3223 2843 si
3250 2789 3421 2859 plebis
3447 2799 3639 2860 rogatu

2040 2889 2294 2931 concessa
2320 2891 2420 2947 pax
2460 2875 2668 2934 fuisset.
2701 2880 2771 2932 At
2818 2879 3057 2949 profecto
3080 2895 3369 2950 numquam
3399 2879 3640 2949 episcopi

2045 2974 2154 3020 tam
2186 2967 2377 3023 leniter
2397 2969 2632 3039 egissent
2655 2985 2796 3024 anno
2815 2969 2924 3024 253
2948 2970 3091 3026 inter
3112 2971 3282 3040 prima
3303 2973 3445 3038 pacis
3467 2973 3640 3027 initia.

2046 3057 2180 3112 Nam
2205 3059 2316 3129 qui,
2349 3060 2521 3130 sopita
2561 3060 2708 3116 Decii
2737 3061 3129 3131 persecutione,
3179 3071 3376 3117 tantam
3433 3078 3542 3132 prae
3581 3079 3643 3119 se

2046 3151 2386 3208 severitatem
2420 3153 2674 3220 tulerant,
2730 3163 2790 3208 ut
2817 3154 3425 3211 excommunicationem
3465 3157 3640 3212 mina-

2043 3254 2229 3301 rentur
2269 3245 2313 3300 si
2363 3246 2482 3316 quis
2513 3247 2690 3316 lapsos
2717 3245 2785 3300 ad
2828 3247 3262 3304 communionem
3293 3249 3641 3316 admitteret,

2045 3337 2104 3405 ii,
2130 3337 2277 3393 finita
2304 3337 2444 3394 Galli
2485 3349 2539 3395 et
2583 3337 2856 3395 Volusiani
2887 3341 3285 3411 persecutione,
3314 3359 3438 3399 cum
3467 3344 3644 3400 adhuc

2042 3446 2235 3487 manus
2253 3432 2522 3502 lapsorum
2539 3433 2815 3489 sacrificiis
2840 3433 3087 3492 nefandis
3100 3434 3388 3504 fumarent,
3415 3455 3482 3495 an
3505 3439 3644 3497 adeo

2043 3525 2256 3580 remissi
2313 3524 2463 3582 fuere
2492 3535 2550 3581 ut
2579 3540 2768 3597 pacem
2795 3541 3107 3585 concessam
3141 3546 3248 3586 non
3279 3533 3643 3602 reprehensu-

2043 3633 2134 3674 ros
2184 3634 2244 3675 se
2271 3619 2514 3676 dicerent
2537 3619 2582 3675 si
2609 3638 2628 3671 ι
2660 3620 2778 3676 sine
2809 3621 2978 3692 petitu
2997 3631 3050 3678 et
3077 3624 3403 3680 conscientia
3426 3627 3594 3696 plebis
3619 3645 3641 3680 ι

2046 3727 2302 3768 concessa
2352 3727 2459 3768 non
2502 3711 2734 3767 fuisset?
2791 3712 3056 3770 Praeterea
3111 3729 3218 3769 non
3249 3715 3496 3771 videntur
3526 3725 3650 3786 post

2046 3803 2658 3875 persecutionemCalli
2709 3811 2766 3860 et
2802 3803 3076 3860 Volusiani
3126 3807 3430 3863 necessaria
3480 3807 3649 3864 fuisse

2047 3901 2293 3968 concilia,
2324 3901 2445 3970 quia
2460 3913 2526 3955 ex
2554 3898 2639 3954 his
2663 3913 2784 3970 qua:
2811 3899 2863 3953 in
2895 3899 3074 3968 priore
3100 3899 3328 3956 concilio
3345 3909 3542 3958 statuta
3578 3903 3648 3960 de

2049 3995 2213 4066 lapsis
2241 3993 2475 4057 fuerant,
2508 3991 2679 4047 facilis
2709 3991 2810 4048 fuit
2850 3993 3014 4048 totius
3043 3994 3123 4050 rei
3151 3994 3504 4066 deliberatio;
3558 3999 3648 4056 vel

2049 4088 2226 4158 potius
2253 4087 2375 4158 quia
2403 4093 2499 4141 aut
2526 4085 2657 4141 nulli
2686 4086 2739 4140 in
2769 4086 2870 4142 hac
2897 4089 3290 4156 persecutione,
3321 4100 3415 4146 aut
3451 4092 3646 4149 saltem

2049 4181 2358 4252 paucissimi
2387 4180 2639 4236 videntur
2664 4179 2946 4237 cecidisse.
2985 4181 3236 4239 Testatur
3265 4184 3563 4257 Cyprianus
3593 4188 3651 4244 in

2055 4275 2296 4346 Epistola
2351 4289 2459 4330 Lvn
2506 4287 2603 4329 eos
2628 4273 2718 4344 qui
2747 4271 2935 4329 Romae
2985 4275 3086 4330 sub
3115 4275 3277 4333 Decio
3322 4279 3648 4347 ceciderant,

2050 4365 2403 4424 confessionis
2451 4365 2663 4422 laudem
2704 4365 2757 4420 in
2790 4365 2894 4422 hoc
2928 4368 3167 4424 secundo
3210 4369 3393 4439 prmlio
3423 4370 3651 4441 adeptos

2051 4463 2236 4519 fuisse.
2259 4460 2402 4516 Idem
2427 4459 2794 4516 testimonium
2823 4459 3014 4515 saltem
3037 4461 3228 4516 Africa:
3252 4460 3435 4516 tribuit
3455 4472 3644 4520 auctor

2053 4554 2176 4609 libri
2205 4553 2272 4606 ad
2295 4550 2485 4607 Novat.
2507 4550 2585 4624 (p.
2614 4551 2730 4624 11).
2766 4547 3283 4623 HincCyprianusin
3326 4552 3425 4623 Ep.
3480 4570 3651 4610 LXXX!

2052 4649 2121 4703 ad
2153 4647 2429 4720 Martyres,
2464 4661 2570 4701 non
2617 4643 2822 4715 plangit
2861 4643 3042 4699 clades
3068 4652 3124 4699 et
3170 4643 3354 4700 funera
3405 4661 3649 4716 suorum,

2055 4724 2197 4797 utin
2224 4739 2324 4812 Ep.
2361 4755 2413 4794 ix
2464 4738 2564 4793 sub
2596 4736 2758 4791 Decio
2789 4733 3008 4789 fecerat.
3047 4733 3156 4790 Nec
3181 4736 3377 4791 mirum
3401 4738 3446 4792 si
3477 4739 3652 4796 victo-

2055 4833 2217 4892 resin
2247 4833 2347 4887 hac
2393 4843 2570 4900 pugna
2598 4826 2770 4892 fuere,
2800 4838 2940 4897 quos
2986 4833 3134 4880 tanto
3171 4828 3335 4882 animi
3365 4829 3558 4886 ardore
3583 4831 3652 4886 ad

2057 4924 2396 4998 pugnandum
2426 4928 2641 4992 paratos
2668 4916 2830 4972 fuisse
2854 4916 3210 4987 perspicimus
3230 4934 3296 4975 ex
3329 4919 3501 4991 Epist.
3545 4938 3649 4976 Liv.

2129 5017 2340 5089 Scripta
2366 5023 2450 5070 est
2482 5012 2624 5069 circa
2656 5009 2796 5067 idem
2825 5019 3060 5082 tempus,
3115 5020 3172 5066 ut
3210 5013 3460 5070 observat
3487 5016 3654 5071 Tillc-

2059 5111 2315 5176 montius,
2346 5105 2585 5179 Epistola
2616 5119 2741 5160 utv
2781 5105 2850 5158 ad
2877 5103 3171 5174 Epictetum
3190 5116 3237 5160 et
3266 5108 3461 5178 plebem
3486 5109 3652 5164 Assu-

2061 5205 2285 5258 ritanam
2311 5200 2568 5256 adversus
2590 5195 3057 5263 Fortunatianum,
3085 5196 3356 5266 quondam
3390 5197 3547 5270 hujus
3573 5201 3653 5255 ci-

2065 5294 2248 5350 vitatis
2287 5293 2621 5364 episcopum,
2675 5289 2765 5360 qui
2791 5286 3092 5344 saeerdotio
3137 5287 3209 5342 ob
3247 5287 3659 5348 simulacrorum

2065 5385 2265 5442 cultum
2293 5383 2536 5454 dejectus
2563 5395 2690 5451 «pro
2711 5381 2919 5450 integro
2945 5392 3108 5449 agere
3127 5369 3359 5448 volebat,
3385 5402 3405 5436 ι
3442 5393 3494 5440 et
3514 5386 3660 5456 epis~

2068 5485 2318 5548 copatum
2345 5475 2446 5530 sibi
2484 5479 2724 5544 coeperat
2766 5470 3060 5525 vindicare.
3111 5469 3334 5528 Videtur
3361 5474 3664 5544 Epictetus,

2070 5583 2230 5642 quem
2270 5565 2567 5639 Cyprianus
2602 5563 2822 5618 fratrem
2851 5561 3106 5632 appellat,
3147 5563 3517 5623 Fortunatiani
3546 5570 3667 5626 loco

2072 5662 2396 5720 constitutus
2426 5658 2609 5713 fuisse.
2639 5655 2759 5712 Non
2788 5657 2936 5712 solus
2959 5655 3375 5715 Fortunatianus
3401 5676 3466 5716 ex
3495 5663 3661 5734 lapsis

2073 5752 2339 5828 episcopis
2363 5748 2627 5823 ejusmodi
2649 5748 2853 5806 facinus
2883 5747 3139 5816 tentabat,
3169 5751 3263 5806 sed
3285 5753 3533 5812 observat
3558 5757 3669 5829 Cy-

2079 5847 2298 5922 prianus
2346 5841 2631 5901 nonnullos
2682 5840 2817 5899 alios
2866 5841 3006 5899 idem
3059 5855 3304 5914 agressos
3347 5859 3490 5917 esse,
3539 5848 3667 5912 dum

3164 5934 3204 5999 5
