4172 6264
320 353 428 416 lii

326 467 913 528 XXV.—rsnsacurto
940 487 1263 529 acvunca
1289 485 1929 532 CYPRIANO.—IIORT.\TUR

304 626 311 631 η
403 579 786 621 THIBARITANOS
826 581 896 621 AD
924 581 1486 625 CERTAIIEN.—LAPSIS
1525 576 1931 627 νοεωτωτωυε

404 670 580 711 PACEI
616 672 896 713 RESTITUIT
937 675 988 715 IN
1020 674 1303 729 CONCILIO,
1342 675 1483 728 QUOD
1514 678 1580 718 ΑΒ
1618 678 1741 721 ALIO
1765 677 1933 718 IDIBUS

405 763 519 803 HM!
557 764 754 806 ΒΑΒΙΤΟ
791 767 1051 809 DISTINCUI
1090 769 1285 809 DEBET.

403 859 535 915 Cum
582 877 613 916 a
660 862 892 918 concilio
930 862 1375 936 Carthaginensi,
1400 865 1542 937 quod
1578 866 1753 922 idibus
1797 868 1925 922 maii

272 949 277 952 ’
332 952 580 1008 habitum
620 952 853 1011 diximus
876 998 890 1023 ,
922 958 1054 1013 satis
1097 959 1264 1012 multa
1296 975 1465 1030 usque
1493 960 1561 1014 ad
1606 962 1934 1031 persecutio-

331 1062 459 1103 nem
489 1048 926 1116 intercesserint,
957 1051 1294 1122 perspicuum
1319 1063 1399 1107 est
1426 1053 1781 1123 imperatores
1811 1055 1958 1110 Gal-'

332 1138 450 1192 lunt
493 1147 547 1192 et
591 1138 975 1206 Volusianum,
1026 1143 1116 1212 qui
1159 1157 1301 1198 anno
1345 1142 1445 1198 251
1486 1153 1717 1201 exeunte
1755 1147 1928 1217 impe-

333 1230 476 1286 rium
498 1230 677 1301 adepti
708 1229 944 1302 fuerant,
967 1249 1061 1304 per
1085 1243 1253 1290 totum
1276 1235 1405 1291 illud
1429 1246 1643 1307 tempus
1669 1237 1802 1292 nihil
1828 1239 1938 1293 ira-

335 1325 513 1380 cunde
552 1324 607 1380 in
647 1322 981 1383 Christianos
1009 1328 1184 1398 egisse
1205 1369 1221 1393 ,
1251 1343 1352 1385 nec
1372 1343 1529 1384 suum
1552 1330 1604 1385 in
1635 1331 1755 1385 illos
1784 1328 1933 1385 furo-

335 1432 455 1473 rem
497 1416 753 1474 incitasse
790 1427 915 1474 ante
959 1419 1191 1476 mediam
1223 1419 1381 1490 hujus
1409 1421 1534 1476 anni
1565 1430 1834 1478 aestatem.
1871 1425 1942 1477 At

337 1512 575 1568 violenta
632 1511 735 1567 fuit
782 1514 1116 1583 persecutio,
1166 1530 1267 1570 nec
1318 1516 1482 1570 alium
1540 1515 1700 1571 linem
1753 1514 1941 1571 habuit

338 1621 504 1677 quam
542 1606 655 1678 ipsa
696 1605 1077 1679 imperatorum
1114 1608 1243 1663 vita.
1276 1607 1394 1664 Jam
1427 1610 1701 1665 nonnulla:
1726 1610 1943 1665 scintil-

342 1702 409 1755 lae
438 1701 767 1757 emicuerant
811 1715 931 1758 cum
952 1700 1253 1773 Cyprianus
1286 1704 1350 1758 ad
1401 1703 1711 1759 Cernelium
1739 1703 1945 1759 scribe-

341 1804 430 1851 ret
454 1794 748 1867 Epistulam
772 1795 970 1871 Lv.Ait
993 1797 1134 1853 enim
1165 1816 1184 1848 ι
1221 1796 1306 1853 his
1329 1797 1456 1868 ipsis
1474 1796 1664 1853 diebus
1694 1817 1713 1849 ι
1748 1797 1945 1869 quibus

342 1887 646 1953 scribebat,
681 1906 701 1939 ι
737 1887 806 1944 ob
855 1888 1116 1943 sacrificia
1143 1903 1262 1958 qua:
1284 1887 1463 1943 edicto
1504 1889 1782 1960 proposito
1803 1889 1945 1944 cclcc

341 1981 512 2037 brare
553 1981 787 2052 populus
824 1980 1113 2052 jubebatur
1143 2024 1158 2051 ,
1214 1980 1452 2037 clamore
1492 1981 1829 2052 popularium
1877 1981 1945 2037 ad

342 2073 555 2129 leonem
612 2073 790 2129 denuo
834 2073 1159 2144 postulatum
1196 2091 1216 2125 ι
1261 2088 1321 2129 se
1350 2091 1368 2125 ι
1404 2073 1457 2128 in
1492 2073 1636 2129 circo
1668 2091 1688 2126 ›
1754 2071 1943 2130 fuisse.

340 2166 564 2223 Videtur
594 2166 1002 2223 indicendorum
1033 2165 1420 2223 sacriﬁciorum
1448 2179 1666 2222 causam
1700 2165 1946 2222 attulisse

340 2261 508 2331 pestis
541 2261 627 2316 illa
657 2276 775 2332 quae
792 2262 891 2316 sub
921 2260 1074 2317 Callo
1086 2259 1441 2315 etVolusiano
1463 2274 1527 2315 ac
1550 2259 1762 2315 caeteris
1787 2258 1943 2314 dein-

337 2370 469 2425 ceps
523 2354 846 2425 principibus
887 2354 1211 2410 horrendum
1248 2354 1299 2407 in
1330 2353 1545 2409 modum
1573 2352 1764 2408 saeviit.
1816 2352 1932 2407 Non

345 2448 516 2503 multo
544 2456 664 2519 post
690 2448 971 2504 subsecuta
1001 2449 1383 2518 imperatorum
1421 2447 1559 2503 Galli
1589 2455 1645 2503 et
1666 2445 1941 2502 Volusiani

338 2542 601 2598 adversus
629 2541 964 2597 Christianos
989 2540 1183 2608 edicta,
1216 2555 1440 2611 quorum
1464 2537 1944 2610 praecognitionem

347 2649 473 2691 cum
517 2635 813 2706 accepisset
836 2633 1164 2706 Cyprianus,
1196 2632 1380 2687 multis
1412 2632 1709 2686 visionibus
1734 2630 1939 2685 divini-

342 2737 431 2784 tus
450 2728 646 2784 oblatis
665 2769 681 2797 ,
742 2726 958 2797 scripsit
993 2726 1286 2796 Epistulam
1329 2739 1413 2779 Lvt
1445 2724 1513 2777 ad
1542 2722 1906 2778 Thibaritanos
1930 2764 1945 2789 ,

336 2835 480 2893 quos
519 2835 642 2875 cum
680 2826 837 2874 antea
884 2816 1114 2873 invisere
1156 2816 1467 2879 statuisset,
1497 2816 1781 2870 consilium
1809 2824 1939 2892 tunc

343 2914 614 2986 perﬁcere
645 2926 751 2966 non
773 2911 964 2982 potuit,
988 2908 1083 2965 sed
1106 2909 1330 2964 vicarias
1347 2924 1444 2978 pro
1458 2922 1515 2963 se
1539 2908 1744 2963 litteras
1770 2908 1938 2974 misit,

346 3009 402 3063 in
432 3005 635 3076 quibus
658 3019 751 3060 eos
773 3003 1027 3059 admonet
1045 3017 1103 3057 se
1137 3020 1155 3054 ‹
1191 3000 1401 3057 Domini
1421 3000 1735 3055 instruentis
1762 2999 1950 3069 digna-

348 3100 500 3153 tione
538 3116 557 3149 ι
625 3095 969 3167 cognovisse,
1034 3094 1193 3165 idque
1259 3091 1537 3149 sciendum
1581 3105 1703 3147 esse
1755 3105 1818 3145 ac
1852 3106 1950 3161 pro
2038 3142 2039 3145 η

349 3203 504 3248 certo
535 3189 863 3246 credendum
887 3198 944 3246 et
965 3188 1253 3246 tenendum
1292 3189 1591 3260 graviorem
1623 3201 1769 3243 nunc
1788 3201 1946 3257 quam

350 3295 512 3342 antea
566 3292 620 3339 et
646 3282 963 3340 ferociorem
992 3298 1227 3355 pugnam
1259 3282 1567 3347 imminere;
1600 3280 1793 3337 deinde
1822 3293 1951 3335 vero

350 3395 424 3436 ex
451 3375 741 3447 Scripturis
767 3375 969 3430 sanctis
997 3384 1051 3430 et
1073 3391 1136 3430 ex
1181 3373 1487 3430 christiana:
1508 3373 1786 3444 religionis
1813 3372 1952 3441 prin-

352 3470 513 3541 cipiis
539 3467 744 3539 colligit
793 3465 1049 3538 quidquid
1080 3465 1145 3520 ad
1174 3463 1600 3536 persecutionem
1642 3470 1951 3520 constanter

345 3560 719 3619 sustinendam
742 3559 964 3615 incitare
995 3565 1222 3630 poterat.

424 3653 651 3709 Videtur
689 3649 1012 3724 Cyprianum
1053 3649 1347 3705 detinuisse
1382 3648 1669 3719 quominus
1695 3645 1947 3701 Thibari-

348 3758 598 3803 tanorum
621 3746 760 3801 votis
788 3744 1164 3808 satisfaceret,
1189 3741 1439 3809 imposita
1464 3739 1759 3797 necessitas
1787 3737 1953 3793 rebus

347 3839 596 3896 ecclesia:
632 3852 776 3903 suae,
807 3836 1125 3892 imminente
1166 3833 1570 3905 persecutione,
1605 3829 1946 3903 providendi.

348 3930 493 3988 Nihil
529 3939 706 3987 autem
738 3930 884 4000 prius
912 3928 1014 3985 sibi
1050 3926 1356 3983 faciendum
1384 3925 1679 3980 arbitratus
1708 3922 1811 3978 hoc
1839 3937 1953 3977 mo—

350 4025 645 4082 lestissimo
692 4033 932 4094 tempore
954 4064 969 4091 ,
1003 4037 1162 4093 quam
1193 4029 1251 4075 ut
1285 4032 1475 4075 omnes
1508 4017 1729 4089 omnino
1756 4015 1955 4071 milites

350 4117 557 4174 Christi
604 4116 695 4186 qui
744 4129 893 4170 arma
950 4113 1328 4170 desiderabant
1377 4119 1432 4167 et
1474 4109 1713 4181 prtelium
1754 4108 1961 4178 flagita-

355 4209 514 4277 bant,
538 4209 674 4264 intra
703 4216 878 4263 castra
903 4206 1115 4262 Domini
1137 4204 1418 4275 colligeret
1449 4219 1463 4267 ;
1491 4201 1736 4257 decrevit
1754 4199 1807 4255 in
1833 4214 1961 4254 con-

354 4302 484 4359 cilio
529 4317 650 4357 cum
698 4300 964 4371 episcopis
994 4314 1088 4354 xu
1117 4339 1132 4367 ,
1164 4307 1258 4365 ut,
1284 4295 1605 4352 examinatis
1629 4291 1959 4362 singulorum

359 4394 567 4461 causis,
595 4409 698 4464 pax
743 4392 908 4463 lapsis
945 4391 1164 4447 daretur
1208 4389 1301 4461 qui
1343 4386 1719 4459 paenitentiam
1748 4399 1906 4455 agere
1930 4398 1962 4438 a

363 4490 535 4561 primo
566 4488 748 4558 lapsus
773 4485 863 4541 die
890 4499 995 4540 non
1022 4484 1360 4541 destiterant.
1390 4477 1645 4551 EpiscOpi
1673 4475 1960 4534 certiorem

361 4598 427 4639 ea
455 4581 524 4637 de
562 4595 620 4635 rc
647 4579 850 4636 faciunt
874 4577 1183 4635 Cornelium
1210 4591 1307 4648 per
1329 4573 1629 4646 Epistulam
1658 4585 1768 4636 uv,
1799 4581 1965 4639 seque

363 4674 435 4730 ita
466 4692 484 4725 ι
510 4682 698 4728 sancto
718 4671 920 4743 Spiritu
947 4678 1269 4742 suggerente
1303 4688 1322 4721 ι
1359 4666 1613 4723 statuisse
1652 4663 1873 4725 dicunt,
1904 4675 1969 4716 ae

366 4767 684 4837 sanguinem
713 4763 913 4820 Christi
940 4765 1004 4819 iis
1031 4779 1137 4819 non
1163 4759 1536 4833 denegandum
1593 4757 1968 4813 demonstrant

365 4859 458 4930 qui
490 4873 643 4914 suum
676 4873 775 4928 pro
800 4855 1014 4912 Christo
1041 4854 1252 4911 fusuros
1280 4868 1343 4909 se
1379 4861 1435 4908 et
1478 4851 1673 4908 acriter
1697 4856 1961 4920 pugnatu-

376 4964 470 5006 rus
512 4948 919 5020 promittebant.
957 4947 1175 5004 Addunt
1215 4960 1338 5003 sese
1366 4944 1509 4999 idem
1537 4940 1789 4998 Cornelio
1824 4958 1843 4992 ι
1877 4954 1969 5010 pa-

386 5053 555 5099 terna:
582 5040 967 5097 misericordia:
991 5039 1442 5110 contemplatione
1472 5035 1822 5106 placiturum:
1842 5047 1971 5102 spc—

378 5152 525 5192 rarc.
564 5134 731 5191 Miror
756 5135 858 5190 boc
884 5133 1169 5189 concilium
1198 5147 1229 5187 a
1253 5127 1547 5186 Pearsonio
1568 5124 1821 5182 confundi
1852 5139 1971 5179 cum

372 5244 441 5287 eo
479 5229 623 5301 quod
652 5228 827 5286 idibus
847 5228 971 5283 maii
1002 5226 1242 5283 habitum
1289 5232 1392 5282 est.
1442 5222 1577 5278 Nam
1631 5222 1685 5275 1⁰
1717 5220 1785 5275 de
1813 5219 1975 5274 rebus

373 5322 555 5378 idibus
604 5323 730 5377 maii
778 5320 1095 5378 deliberatis
1130 5319 1291 5374 nullae
1332 5315 1401 5372 ad
1446 5314 1753 5373 Cornelium
1784 5309 1977 5384 synodi

374 5414 595 5471 nomine
620 5405 836 5485 scriptaé
856 5421 982 5469 sunt
1013 5411 1205 5467 litterae
1229 5426 1244 5476 ;
1273 5408 1490 5480 quippe,
1515 5421 1636 5462 cum
1649 5404 1716 5461 de
1736 5403 1975 5470 Privato,

376 5523 536 5579 quem
557 5506 795 5580 synodus
818 5521 925 5562 non
940 5503 1019 5560 ad
1029 5504 1268 5569 miserat,
1306 5511 1415 5557 tum
1435 5499 1658 5555 demum
1678 5495 1979 5568 Cyprianus

378 5600 448 5656 ad
491 5599 801 5657 Cornelium
846 5612 946 5654 suo
991 5597 1208 5653 nomine
1250 5591 1564 5663 scripserit,
1597 5605 1719 5646 cum
1757 5586 1983 5643 facultas

381 5693 560 5749 oblata
605 5702 691 5750 est
725 5691 984 5749 Feliciani
1032 5686 1291 5759 acolytbi.
1318 5685 1376 5739 2°
1403 5685 1458 5740 ln
1492 5682 1747 5754 'Epistola
1781 5695 1877 5747 LV,
1915 5695 1985 5735 ex

382 5800 491 5857 qua
528 5785 816 5842 concilium
858 5783 1039 5840 idibus
1080 5779 1206 5835 maii
1253 5777 1495 5832 habitum
1526 5775 1692 5830 fuisse
1719 5772 1984 5838 dicimus,

402 5877 611 5938 nullum
644 5884 822 5936 exstat
847 5876 1126 5949 vestigium
1161 5885 1435 5931 cnncessze
1457 5867 1619 5941 lapsis
1645 5864 1987 5938 indulgentia:

1558 358 1721 416 VITA
1759 360 2006 418 SANCTI
2041 363 2379 425 CYI’RIANI.

3529 379 3636 435 ΜΞ).

2034 502 2128 557 sed
2163 506 2532 560 tantummodo
2565 509 2859 566 necessitas
2884 512 3213 582 poenitentite
3239 516 3494 575 adversus
3521 520 3628 577 Fe-

2035 593 2352 651 licissimum
2402 598 2625 671 ejusque
2651 604 2915 658 satellites
2943 604 3264 665 defenditur.
3300 612 3472 682 Atque
3502 612 3628 670 hinc

2036 694 2187 757 patet
2214 686 2353 744 hanc
2382 690 2661 759 epistolam
2684 693 2732 747 in
2756 694 2991 752 editione
3041 697 3337 755 Oxoniensi
3366 701 3633 763 immerito

2040 780 2279 849 pra‘poni
2311 782 2769 854 quinquagesimae
2796 796 3019 858 quartm,
3040 805 3136 860 per
3162 808 3322 861 quam
3355 793 3634 855 Cornelius

2039 871 2107 927 de
2155 888 2411 931 concessa
2455 876 2619 948 lapsis
2669 883 3047 939 communione
3093 889 3293 942 certior
3328 887 3497 945 factus
3526 902 3632 949 est.

2038 967 2096 1022 5"
2123 966 2419 1025 Concilium
2471 974 2845 1044 episcoporum
2890 993 3013 1045 xu,
3049 980 3098 1033 in
3147 996 3250 1051 quo
3291 982 3454 1053 lapsis
3506 985 3630 1043 data

2046 1062 2363 1117 communio
2412 1074 2524 1133 est,
2555 1065 2787 1123 instante
2837 1073 3205 1139 persecutione
3249 1074 3483 1131 habitum
3511 1078 3635 1145 fuit,

2043 1160 2098 1206 et
2130 1152 2287 1209 hoste
2314 1166 2591 1213 certamen
2636 1159 2936 1229 indicente,
2969 1152 3087 1219 cum
3122 1165 3285 1236 lapsis
3311 1184 3459 1224 arma
3492 1169 3640 1226 desi-

2041 1243 2295 1300 derarcnt
2342 1257 2397 1303 et
2444 1247 2744 1321 flagitarent
2770 1281 2795 1319 ,-
2816 1263 2873 1308 ut
2897 1263 2979 1310 est
3016 1255 3068 1311 in
3101 1256 3273 1329 Epist.
3323 1277 3443 1330 Ltv,
3471 1278 3639 1334 seque

2047 1355 2068 1389 ‹
2105 1338 2170 1393 ad
2203 1354 2435 1411 pugnam
2466 1355 2680 1412 paratos
2708 1360 2831 1403 esse
2860 1356 2914 1403 et
2938 1363 3035 1418 pro
3064 1350 3274 1406 Domini
3311 1353 3392 1410 sui
3419 1360 3638 1414 nomine

2042 1444 2104 1486 ac
2158 1447 2254 1502 pro
2290 1448 2383 1489 sua
2416 1436 2590 1492 salute
2632 1447 2776 1495 stare
2825 1440 3030 1497 fortiter
3055 1453 3108 1500 et
3141 1462 3378 1517 pugnare
3417 1469 3435 1502 ι
3470 1452 3634 1520 proli-

2046 1532 2303 1580 terentur.
2330 1525 2694 1594 Quamobrem
2724 1531 2826 1587 hoc
2854 1536 3137 1593 consilium
3170 1540 3349 1595 statim
3377 1541 3633 1615 subsequi

2045 1616 2470 1676 debuitCornelii
2487 1623 2774 1694 confessio,
2802 1628 2891 1697 qui
2923 1630 3127 1700 primus
3147 1632 3331 1691 Roma:
3360 1635 3640 1696 confessus
3717 1629 3721 1633 ’

2044 1720 2147 1765 est.
2167 1711 2275 1768 Sed
2305 1728 2334 1767 a
2356 1715 2584 1771 concilio
2625 1717 2798 1773 idibus
2828 1722 2951 1776 maii
2980 1722 3161 1778 habito
3189 1726 3358 1782 multa
3382 1729 3644 1787 interces-

2046 1814 2228 1860 serunt
2256 1820 2422 1878 usque
2443 1807 2508 1862 ad
2536 1812 2961 1880 persecutionem
2993 1824 3047 1870 et
3073 1816 3307 1875 Cornelii
3345 1823 3639 1879 confessio-

2045 1915 2167 1956 nem
2191 1919 2204 1956 :
2234 1901 2508 1960 Fortunati
2531 1906 2817 1974 ordinatio,
2838 1907 2999 1962 missa
3014 1908 3080 1964 ab
3096 1924 3161 1965 eo
3184 1910 3405 1968 Romam
3423 1916 3640 1987 legatio,

2045 1990 2278 2050 Cornelii
2305 1996 2369 2051 ad
2389 1995 2712 2069 Cyprianum
2728 2001 2917 2057 littera:
2941 2015 3003 2058 ac
3032 2002 3282 2077 Cypriani
3306 2011 3606 2080 responsio.

2048 2148 2363 2210 XXVl.--s.
2386 2170 2649 2214 CORNELIO
2672 2175 3025 2217 ORATULA’I'UR
3044 2177 3412 2222 conressroms
3426 2183 3647 2225 unum

2115 2261 2164 2302 8.
2180 2262 2927 2313 CYPRHNUS.-—CONFESSORES
2954 2273 3419 2317 CAR'I‘HAGINENSES
3441 2277 3647 2319 οοηοιι-

2119 2354 2295 2396 τιτυιι
2353 2357 2457 2398 PER
2513 2360 2684 2401 EPIST.
2736 2364 3099 2415 LXXXI,QU.AI
3142 2365 3194 2407 IN
3239 2367 3342 2409 BAC
3384 2337 3650 2413 PERSECU‘

2121 2446 2280 2488 nona
2307 2447 2567 2492 summm
2597 2454 2779 2497 misse
2806 2455 3141 2500 osrt-znnrrun
3166 2460 3306 2501 anno
3331 2446 3461 2504 252.

2118 2588 2267 2647 Vana
2294 2607 2400 2647 non
2431 2592 2530 2649 fuit
2565 2596 2815 2669 Cypriani
2847 2601 3123 2671 prtedicti'o
3162 2605 3355 2661 futura}
3386 2622 3646 2677 persecu-

2050 2680 2240 2746 tionis.
2276 2700 2374 2741 nec
2406 2686 2658 2744 adhibita:
2703 2691 2770 2749 ab
2812 2708 2877 2748 eo
2908 2696 3189 2752 cautiones
3213 2698 3278 2752 ad
3310 2699 3644 2758 Christianos

2048 2776 2478 2837 corr'oboraudos
2516 2792 2702 2854 optato
2745 2787 2889 2845 exitu
2917 2800 3225 2847 caruerunt.
3259 2793 3443 2851 Roma:
3472 2796 3644 2866 prosi—

2048 2866 2147 2922 luit
2174 2869 2514 2929 adversarius
2560 2885 2772 2933 terrore
2815 2880 3060 2936 violento
3101 2882 3298 2940 Christi
3324 2896 3499 2942 castra
3542 2898 3653 2941 tur-

2050 2959 2219 3015 bare:
2252 2962 2347 3017 sed
2395 2966 2564 3024 virtus
2600 2968 2710 3024 illic
2762 2971 3114 3040 praecedentis
3152 2975 3388 3045 episcopi
3435 2977 3654 3047 publice

2050 3056 2398 3125 comprobata
2429 3068 2540 3126 est,
2569 3074 2634 3115 ac
2654 3061 3052 3131 quodammodo
3082 3064 3307 3122 ecclesia
3336 3069 3513 3123 omnis
3543 3068 3655 3122 Ro-

2051 3162 2208 3203 mana
2251 3149 2499 3205 confessa
2539 3162 2619 3207 cst
2649 3152 2751 3207 :ad
2776 3169 3003 3225 pugnam
3035 3171 3142 3211 non
3180 3157 3372 3231 singuli
3405 3160 3603 3218 milites
3626 3204 3645 3231 ,

2051 3239 2144 3295 sed
2191 3249 2303 3296 tota
2353 3253 2529 3299 castra
2570 3243 3176 3315 prodieruntfaccurrit
3197 3264 3550 3322 properanter
3597 3266 3655 3312 et

2051 3334 2197 3390 venit
2239 3336 2479 3408 quisquis
2512 3340 2733 3397 audivit.
2783 3342 3004 3402 Plurimi
3032 3360 3097 3400 ex
3124 3344 3208 3400 bis
3235 3349 3324 3417 qui
3351 3350 3453 3405 sub
3487 3350 3650 3407 Decio

2052 3428 2188 3498 lapsi
2219 3427 2448 3495 fuerant,
2474 3431 2703 3501 gloriosa
2730 3434 3071 3492 confessione
3101 3438 3334 3495 restituti
3360 3453 3506 3510 sunt,
3534 3444 3653 3513 ipso

2002 3576 2005 3577 ν
2051 3522 2239 3580 dolore
2278 3525 2609 3596 poenitentia:
2654 3526 2776 3585 facti
2813 3529 2878 3585 ad
2909 3531 3150 3599 prmlium
3183 3533 3451 3601 fortiores,
3484 3537 3556 3592 ita
3588 3549 3650 3592 ut

2052 3629 2340 3689 appareret
2375 3634 2470 3674 eos
2511 3620 2563 3674 in
2593 3621 2762 3689 prima
2800 3624 3174 3692 persecutione
3204 3640 3355 3681 novae
3381 3637 3540 3698 atque
3566 3631 3656 3685 in-

2053 3722 2226 3769 suctte
2252 3712 2330 3769 rei
2364 3728 2562 3784 paVore
2595 3714 2909 3785 trepidasse.
2934 3715 3059 3771 llaec
3086 3716 3436 3773 diseimuscx
3477 3720 3652 3790 Epist.

2057 3821 2163 3861 Lvu
2195 3803 2469 3878 Cypriani,
2522 3806 2576 3861 in
2607 3821 2710 3877 qua
2738 3805 2987 3862 Cornelio
3012 3806 3396 3866 Centumcellis
3416 3812 3655 3871 exulanti

2055 3899 2282 3970 gloriam
2322 3898 2675 3954 confessionis
2706 3899 3038 3969 gratulatur,
3070 3909 3126 3956 et
3165 3915 3286 3957 cum
3317 3918 3383 3958 eo
3411 3918 3656 3961 commu-

2059 3992 2202 4047 nicat
2239 3990 2382 4061 quod
2427 3991 2761 4062 providentia
2790 3991 3001 4048 Domini
3044 3996 3315 4072 monentis
3356 3996 3652 4055 instructus

2060 4083 2884 4155 cognoverat,tapprOpinquare
2900 4083 3016 4155 jam
3045 4087 3356 4144 certaminis
3382 4098 3440 4146 et
3464 4093 3653 4162 agonis

2064 4176 2235 4232 nostri
2260 4177 2464 4247 diem,»
2484 4178 2674 4249 inquit.
2703 4178 2876 4249 Rogat
2894 4178 3127 4251 denique
3152 4192 3208 4238 ut
3229 4192 3349 4240 uter
3371 4184 3437 4241 ad
3467 4186 3657 4245 Domi-

2063 4285 2189 4325 num
2220 4270 2367 4341 prior
2396 4271 2923 4342 migraverit..Deum
2958 4289 3053 4343 pro
3073 4275 3242 4330 altero
3272 4288 3326 4333 et
3350 4293 3452 4347 pro
3473 4278 3657 4335 fratri-

2064 4362 2164 4419 bus
2192 4378 2257 4420 ac
2284 4365 2560 4422 sororibus
2593 4374 2860 4436 precetur.
2893 4366 3018 4423 limo
3041 4368 3319 4439 praedictio
3349 4387 3454 4426 non
3487 4374 3657 4430 multo

2067 4464 2183 4525 post
2214 4456 2266 4510 in
2291 4455 2546 4514 Cornelio
2583 4458 2782 4515 exitum
2810 4461 2999 4515 sortita
3029 4470 3113 4515 cst
3132 4503 3146 4528 ,
3179 4461 3265 4532 qui
3294 4470 3497 4533 martyr
3524 4464 3659 4520 obiit

2065 4546 2448 4619 Centumcellis
2488 4549 2575 4605 die
2616 4551 2684 4606 M
2726 4550 3049 4622 septembris
3086 4550 3242 4623 hujus
3272 4552 3399 4608 anni
3427 4552 3532 4614 25?.
3556 4597 3572 4623 ,
3604 4566 3663 4612 ut

2068 4640 2206 4695 inter
2232 4639 2574 4697 doctissimos
2601 4657 2841 4712 quosque
2869 4644 3137 4699 convenit.
3170 4643 3383 4703 Interim
3411 4646 3663 4705 Novatia-

2069 4749 2194 4802 nus,
2228 4743 2285 4789 ut
2313 4734 2611 4807 Cyprianus
2638 4736 2906 4799 observat,
2932 4744 2988 4791 ut
3022 4752 3120 4792 nec
3140 4738 3355 4794 unitatis
3382 4742 3657 4812 Ecclesia),

2070 4826 2149 4882 ita
2175 4842 2274 4883 nec
2299 4827 2415 4898 ejus
2445 4827 2839 4896 triumphorum
2870 4827 3155 4898 particeps,
3182 4831 3519 4901 quieSchat,
3538 4853 3657 4894 nec

2072 4933 2195 4974 eum
2234 4917 2454 4975 omnino
2499 4918 2670 4989 tetigit
2711 4918 3028 4987 persecutio.
3054 4919 3267 4988 Lucius,
3300 4926 3388 4995 qui
3410 4927 3663 4986 Cornelio

2074 5013 2361 5078 successit,
2408 5011 2598 5068 eodem
2650 5010 2763 5067 fere
2814 5023 3053 5084 tempore
3093 5016 3378 5073 sacerdotii
3422 5029 3476 5075 et
3510 5023 3661 5078 exilii

2074 5106 2300 5176 gloriam
2321 5104 2545 5176 adeptus
2573 5111 2689 5174 est;
2715 5104 2810 5161 sed
2839 5104 2996 5176 paulo
3025 5117 3143 5179 post
3174 5120 3456 5167 revocatus
3477 5152 3491 5176 ,
3520 5129 3668 5167 mar-

2077 5207 2164 5271 tyr
2187 5199 2320 5256 obiit
2345 5199 2433 5255 die
2455 5208 2645 5271 quanto
2670 5207 2763 5255 aut
2786 5200 2972 5271 quinto
2987 5202 3187 5259 mensis
3214 5206 3389 5259 martii
3411 5207 3673 5264 ann0253

2078 5309 2200 5353 cum
2238 5296 2473 5366 quinque
2501 5295 2779 5352 mensibus
2816 5311 2879 5352 ac
2910 5297 3094 5366 paucis
3129 5298 3321 5355 diebus
3350 5302 3675 5372 praefuisset.

2082 5391 2217 5446 lluic
2254 5389 2556 5461 Cyprianus
2586 5404 2708 5444 cum
2772 5389 3131 5445 sacerdotium
3185 5403 3239 5447 et
3271 5394 3675 5453 confessionem

2081 5482 2376 5555 gratulatus
2402 5480 2589 5537 fuisset
2603 5495 2697 5551 per
2717 5480 3069 5551 litteras,qnae
3084 5482 3151 5538 ad
3172 5498 3269 5540 nos
3283 5499 3387 5541 non
3410 5503 3675 5557 pervene-

2085 5582 2227 5639 runt,
2247 5572 2479 5627 reditum
2498 5572 2656 5627 etiam
2673 5570 2971 5641 gratulatus
2995 5581 3078 5628 est
3115 5590 3210 5645 per
3230 5575 3520 5646 Epistolam
3546 5594 3674 5636 Lvnt

2086 5681 2185 5722 suo
2213 5674 2269 5722 et
2285 5664 2608 5736 collegarum
2632 5662 2868 5719 nomine.
2894 5662 3023 5731 Sed,
3047 5666 3359 5739 praeterhac
3380 5669 3680 5728 litterarum

2088 5760 2344 5827 officium,
2378 5756 2570 5828 quibus
2597 5755 2664 5811 ad
2687 5771 2975 5813 commune
3003 5757 3254 5829 gaudium
3287 5759 3540 5817 Ecclesiae
3565 5763 3683 5821 lio-

2093 5871 2265 5918 mana:
2301 5867 2458 5908 suum
2505 5865 2717 5923 quoque
2766 5850 3022 5910 accedere
3074 5861 3331 5925 testatur,
3378 5853 3452 5911 ait
3479 5867 3539 5914 se
3568 5870 3680 5921 non
