4200 6262
551 358 657 418 145

557 488 773 532 cessare
805 492 824 524 ι
862 471 914 527 ῑη
942 468 1218 527 sacrificiis
1242 475 1402 539 atque
1431 465 1482 521 in
1509 461 1843 521 orationibus
1877 463 1986 518 Deo
2008 458 2151 515 Patri

556 563 611 627 et
642 568 855 624 Christo
880 565 1014 621 Filio
1043 564 1159 635 ejus
1178 562 1403 618 Domino
1440 568 1625 616 nostro
1671 558 1869 628 gratias
1915 572 2075 628 agere
2101 569 2155 615 et

556 676 718 719 orare
764 659 963 731 pariter
1008 665 1168 727 atque
1228 662 1502 727 petere~ut
1554 654 1644 725 qui
1669 651 1937 723 perfectus
1959 662 2040 708 est
2067 661 2150 708 at-

553 769 660 823 que
718 750 1003 822 perliciens
1049 748 1316 805 custodiat
1345 756 1396 804 et
1428 747 1668 819 perficiat
1701 743 1778 816 (in
1809 744 2002 816 Lucio)
2024 760 2155 799 eon-

551 846 801 903 fessionis
843 844 1127 917 gloriosam
1156 857 1434 909 coronam,
1474 859 1493 894 ι
1528 848 1669 905 ctc.;
1701 847 1756 893 et
1783 838 1933 909 quasi
1960 837 2154 908 praevi-

551 941 704 997 deret
724 938 773 994 id
787 940 929 1009 quod
950 947 1130 1009 postea
1146 937 1353 1003 evenit,
1381 934 1603 991 Lucium
1624 932 1825 988 idcirco
1843 942 2151 988 revocatum

551 1035 720 1090 fuisse
746 1033 814 1089 ab
861 1032 1024 1089 exilio
1048 1033 1370 1103 suspicatur,
1404 1037 1462 1084 ut
1487 1028 1539 1083 in
1569 1025 1741 1082 oculis
1767 1024 2011 1081 ecclesiae
2039 1038 2152 1079 sum

550 1129 717 1183 vitam
760 1141 858 1195 pro
897 1125 1112 1181 Christo
1159 1122 1531 1196 profunderet.
1558 1120 1784 1175 Decreta
1821 1118 2058 1175 Cornelii
2085 1117 2153 1173 de

552 1218 716 1287 lapsis
743 1216 966 1273 Lucium
996 1218 1346 1272 confirmasse
1372 1214 1631 1269 discimus
1656 1227 1724 1266 ex
1745 1210 2039 1283 Cypriano,
2060 1210 2151 1282 qui

554 1311 776 1367 Lucium
799 1318 853 1365 et
871 1309 1182 1365 Cornelium
1206 1307 1393 1363 beatos
1410 1312 1676 1375 martyres
1697 1304 1952 1374 appellat,
1985 1318 2152 1373 seque

554 1424 741 1465 eorum
770 1386 1084 1464 memoriam
1117 1406 1384 1461 honorare
1413 1402 1566 1470 dicit,
1599 1415 1662 1457 ac
1685 1401 1804 1456 illos
1833 1397 2024 1469 spiritu
2054 1397 2151 1453 Dei

552 1504 764 1572 plenos,
795 1508 850 1557 et
891 1500 941 1555 in
972 1498 1211 1570 glorioso
1254 1495 1514 1568 martyrio
1550 1494 1876 1549 constitutos
1917 1491 2149 1546 dandam

549 1613 671 1653 esse
699 1610 881 1667 pacem
912 1593 1078 1664 lapsis
1107 1592 1383 1648 censuisse
1404 1632 1418 1651 .
1447 1597 1502 1646 et
1527 1587 1841 1659 poenitentia
1862 1593 1976 1641 acta
2009 1584 2152 1639 fruc—

551 1700 662 1744 tum
704 1684 1208 1744 communicationis
1254 1692 1310 1739 et
1351 1682 1500 1753 pacis
1541 1679 1845 1751 negandum
1889 1693 1995 1732 non
2028 1692 2151 1733 esse

508 1822 529 1837 ι
548 1781 745 1838 litteris
768 1780 879 1835 suis
901 1779 1143 1849 signasse
1167 1784 1393 1831 testatur
1419 1775 1438 1847 (
1468 1773 1636 1843 Epist.
1667 1770 1861 1843 van).

619 1874 875 1944 Quamvis
897 1870 1301 1942 erumpentibus
1328 1867 1717 1940 persecutionis
1763 1865 2011 1921 scintillis
2051 1880 2148 1936 po-

549 1968 776 2023 smlatus
815 1964 979 2021 fuerit
1018 1962 1085 2020 ad
1114 1961 1325 2017 leonem
1353 1957 1679 2031 Cyprianus,
1717 1972 1821 2012 non
1849 1966 2028 2012 tamen
2059 1971 2143 2011 sc-

550 2060 737 2127 eessit,
775 2067 835 2113 ut
879 2059 932 2113 in
961 2054 1330 2128 persecutione
1358 2052 1458 2108 sub
1488 2051 1651 2107 Decio
1675 2092 1689 2118 ,
1721 2064 1823 2105 nec
1846 2050 2031 2120 pulsus
2055 2056 2148 2103 aut

548 2151 882 2224 proscriptus
932 2150 1047 2206 fuit.
1078 2149 1292 2205 Primus
1339 2143 1665 2216 Carthagine
1713 2143 1975 2213 impetum
2007 2141 2148 2198 fero-

547 2246 737 2301 cientis
761 2244 937 2315 populi
970 2242 1254 2310 sustinuit,
1274 2250 1331 2297 ttt
1357 2239 1539 2295 videre
1564 2246 1649 2293 est
1674 2238 1726 2292 in
1758 2238 1927 2308 Epist.
1953 2250 2142 2299 LXXXI,

546 2340 812 2414 gloriosus
839 2353 1009 2394 senex
1050 2335 1376 2408 Regillianus
1425 2334 1724 2405 presbyter,
1755 2331 1846 2403 qui
1878 2331 1929 2385 in
1958 2344 2141 2400 perse-

547 2433 762 2488 cutione
792 2430 939 2487 Decii
969 2431 1246 2486 confessus
1275 2427 1475 2493 fuerat,
1502 2434 1575 2493 et,
1611 2442 1641 2481 e
1671 2439 1890 2481 carcere
1911 2422 2140 2488 solutus,

547 2528 757 2582 duobus
796 2526 1062 2597 episcopis
1089 2533 1143 2580 et
1167 2521 1449 2578 Numidico
1478 2519 1796 2593 presbytero
1824 2519 1876 2574 in
1908 2516 2143 2588 regenda

546 2620 771 2679 ecclesia
790 2614 1200 2689 Carthaginensi
1221 2614 1499 2686 adjunctus
1527 2629 1556 2668 a
1584 2612 1851 2685 Cypriano
1876 2610 2069 2666 fuerat.
2098 2610 2144 2665 ls

545 2729 666 2770 eum
713 2713 916 2784 primus
964 2710 1017 2765 in
1060 2709 1161 2764 hac
1194 2706 1329 2762 Galli
1366 2716 1421 2762 et
1457 2705 1733 2761 Volusiani
1764 2703 2145 2772 persecutione

545 2808 817 2878 conjectus
840 2806 892 2861 in
922 2818 1196 2861 carcerem
1221 2802 1551 2858 fuissetcum
1583 2798 1950 2867 Felicissimo,
1983 2812 2142 2868 quem

545 2900 845 2973 Cyprianus
868 2897 1103 2967 quietum
1132 2908 1346 2965 semper
1367 2903 1423 2950 et
1447 2892 1684 2950 sobrium
1717 2890 1935 2947 fratrem
1962 2889 2148 2960 appel-

543 2991 646 3056 lat,
670 3004 790 3045 cum
831 2986 1021 3042 eodem
1061 2994 1351 3041 coronatus
1395 2992 1497 3039 est.
1525 2983 1761 3039 Creteros
1801 2980 2146 3037 eoufcssores

545 3084 599 3138 in
625 3077 1351 3138 carcereinelusosbortatur
1365 3076 1662 3149 Cyprianus
1690 3076 1710 3147 (
1737 3077 1787 3131 in
1831 3075 1929 3145 Ep.
1957 3073 2142 3144 Lxm)

550 3185 607 3230 ιιι
648 3172 1002 3244 ltogatianum
1048 3171 1359 3237 imitentur,
1388 3184 1554 3239 seque
1590 3167 1884 3224 Dominum
1927 3166 2145 3223 assidue

546 3264 756 3337 precari
807 3264 882 3317 ait
919 3271 979 3317 ut
1001 3261 1246 3317 eamdem
1277 3275 1340 3316 ac
1361 3260 1451 3316 ille
1477 3276 1731 3316 coronam
1762 3269 2141 3332 assequuntur.

544 3336 691 3413 luter
733 3356 832 3410 bos
869 3352 1207 3421 confessores
1236 3351 1512 3408 enitebant
1553 3336 1781 3423 pueriet
1820 3352 2057 3418 feminae,
2090 3351 2144 3407 id

543 3448 689 3520 quod
716 3448 877 3503 etiam
906 3446 957 3500 in
983 3446 1357 3516 persecutione
1402 3444 1547 3501 Decii
1573 3446 1861 3517 contigisse
1885 3448 2144 3518 perspici-

546 3557 666 3598 nms
710 3557 777 3597 ex
826 3540 964 3597 libro
990 3540 1053 3593 de
1080 3537 1264 3608 Lapsis
1292 3538 1368 3611 (p.
1401 3535 1550 3609 lSl),
1582 3546 1636 3594 et
1677 3538 1732 3593 in
1761 3540 2145 3610 persecutione

544 3633 814 3691 Valeriani
842 3648 908 3689 ex
937 3631 1107 3703 Epist.
1128 3646 1331 3686 Lxxvtt.
1359 3629 1617 3686 Eamdem
1642 3631 1996 3687 confessionis
2029 3631 2145 3687 lau—

545 3730 668 3784 dem
697 3725 913 3797 adepti,
975 3732 1035 3779 ut
1086 3723 1260 3793 capite
1316 3721 1389 3777 24
1446 3722 1997 3793 observavimus,qui
2040 3723 2144 3805 sub

547 3823 712 3880 Decio
757 3820 891 3892 lapsi
931 3819 1168 3876 fuerant.
1199 3817 1351 3886 Quod
1378 3816 1697 3890 quidemjde
1723 3818 1964 3888 plurimis
1992 3818 2144 3873 intel-

545 3915 638 3986 ligi
672 3913 851 3979 debet,
876 3927 984 3968 non
1015 3921 1194 3967 tamen
1233 3910 1301 3965 de
1325 3908 1607 3976 omnibus;
1636 3925 1759 3963 nam
1792 3922 1985 3966 auctor
2011 3911 2136 3967 libri

546 4009 616 4063 ad
646 4004 988 4062 Novatianum
1013 4047 1029 4073 ,
1052 4006 1185 4060 alios
1211 4019 1276 4060 ex
1301 4019 1486 4061 eorum
1512 4019 1736 4060 numero
1763 4006 1937 4062 adhuc
1968 4009 2145 4077 ι)ωηί-

547 4104 730 4158 tentia:
763 4100 1004 4157 addictos
1060 4107 1469 4155 commemorat.
1516 4098 1625 4155 Sed
1671 4100 1794 4170 quia
1848 4098 2142 4170 Epistolam

548 4213 715 4254 Lxxxt
753 4198 840 4252 alii
888 4195 1181 4263 Valeriani,
1233 4194 1323 4249 alii
1358 4195 1503 4251 Decii
1540 4194 1899 4266 perseeutioni
1942 4196 2147 4253 adscri—

547 4293 713 4357 bunt,
743 4288 1117 4361 exponendqu
1152 4288 1304 4343 nobis
1333 4297 1414 4341 est
1442 4301 1539 4342 cur
1564 4286 1630 4341 ad
1671 4288 1807 4343 hanc
1829 4288 2008 4358 potius
2044 4291 2145 4346 sub

548 4384 703 4442 Callo
723 4382 1082 4440 etVolusiano
1112 4379 1539 4453 persecutionem
1567 4378 1846 4433 referenda
1872 4366 2141 4435 videatur.

621 4479 770 4534 Hane
795 4477 1076 4549 epistolam
1107 4475 1373 4532 Pamelius
1399 4485 1451 4530 et
1477 4476 1737 4532 Duronius
1761 4476 1899 4532 inter
1936 4488 2145 4549 postre-

550 4589 667 4630 mas
694 4572 946 4645 Cypriani
978 4580 1281 4635 numerant,
1311 4579 1367 4626 et
1390 4571 1441 4625 in
1472 4573 1849 4641 persecutimt'c
1879 4573 2143 4641 Valeriani

551 4667 805 4738 scriptam
856 4672 1062 4737 putant.
1092 4663 1201 4720 llac
1242 4664 1578 4735 potissimum
1622 4665 1828 4721 ratione
1853 4667 2141 4734 ducuntur,

548 4760 692 4831 quod
733 4759 1060 4831 Regalianus
1089 4759 1371 4830 presbyter
1412 4768 1465 4815 et
1503 4759 1800 4827 confessor,
1837 4779 1996 4833 quem
2023 4771 2146 4835 post

548 4853 696 4909 Decii
733 4853 1159 4924 persecutionem
1204 4852 1535 4923 superfuisse
1564 4864 1796 4922 constat,
1824 4858 1993 4918 iubae
2023 4864 2145 4934 Epi-

550 4950 690 5005 stola
738 4965 898 5005 Lxxxr
942 4949 1101 5003 vitam
1133 4965 1229 5019 pro
1249 4949 1465 5006 Christo
1492 4967 1613 5007 cum
1638 4952 1977 5011 Felicissimo
2001 4958 2144 5016 dica-

552 5054 642 5099 tur
668 5042 993 5115 profudisse.
1031 5047 1201 5116 Atque
1225 5045 1275 5101 id
1304 5047 1521 5118 quidem
1548 5048 1740 5121 tabulis
1764 5050 2145 5108 ecclesiasticis

553 5145 975 5193 consentaneum
1019 5146 1136 5205 cst,
1168 5132 1219 5192 in
1249 5141 1441 5210 quibus
1463 5182 1477 5206 ,
1516 5142 1686 5213 inquit
1714 5144 2002 5213 Barouius,
2036 5147 2143 5203 Ro-

550 5230 747 5300 gatiani
788 5240 845 5285 et
886 5229 1203 5286 Felicissimi
1236 5249 1255 5283 ι
1290 5248 1391 5287 una
1413 5232 1500 5289 die
1533 5250 1813 5305 passorum
1842 5240 2031 5296 natalis
2055 5256 2145 5297 so-

547 5323 797 5378 lemnitas
825 5324 1134 5395 consignata
1181 5335 1262 5381 est
1303 5343 1373 5381 vtt
1408 5328 1508 5383 cal.
1534 5332 1858 5387 novembris.
1892 5350 1911 5385 ι
1944 5333 2142 5390 Contra

547 5418 874 5475 Pearsonius
921 5420 1058 5476 hane
1104 5420 1385 5493 epistolam
1430 5424 1530 5480 sub
1559 5425 1723 5483 Decio
1750 5430 2000 5500 scriptam
2023 5446 2144 5488 esse

548 5510 848 5580 contendit,
881 5528 1002 5567 cum
1050 5513 1241 5572 lateret
1287 5516 1604 5589 Cyprianus,
1640 5520 1799 5592 idque
1838 5523 2032 5595 probat
2077 5540 2145 5581 ex

543 5604 736 5673 primis
763 5603 1005 5676 epistola:
1047 5605 1295 5664 verbis”
1333 5609 1520 5667 Saluto
1559 5627 1687 5681 vos,
1723 5612 1916 5673 fratres
1941 5618 2145 5676 charis-

544 5699 700 5767 simi,
755 5709 946 5770 optans
998 5700 1114 5771 ipse
1156 5718 1367 5774 quoque
1397 5716 1689 5776 conspectu
1727 5719 1908 5767 vestro
1947 5713 2068 5781 frui,
2098 5713 2144 5770 si

543 5805 633 5847 me
674 5791 743 5846 ad
791 5808 884 5849 vos
938 5795 1218 5866 pervenire
1269 5797 1372 5851 loci
1428 5798 1665 5856 conditio
1726 5807 2083 5874 permitteret.
2119 5828 2139 5862 ι

665 5893 842 5940 autem
869 5885 1016 5957 loqui
1048 5887 1185 5943 solet
1215 5886 1509 5961 Cyprianus
1538 5907 1567 5947 e
1598 5909 1696 5952 suo
1732 5910 1972 5972 secessu,
2003 5910 2064 5959 ut
2089 5904 2143 5963 in

1823 344 1986 403 VlTA
2022 338 2259 401 SANCTI
2292 336 2629 396 CYPRlANi.

3756 325 3868 389 1H

2262 455 2433 527 Epist.
2463 471 2498 508 v
2535 473 2547 509 :
2574 473 2591 503 ι
2615 453 2682 508 Ει
2703 448 2957 522 quoniam
2982 447 3111 504 mihi
3136 446 3402 503 interesse
3430 456 3573 500 nunc
3598 455 3709 498 non
3737 456 3863 513 per-

2270 552 2435 608 mittit
2491 550 2591 606 loci
2651 547 2923 613 conditio;
2961 564 2980 598 ι
3013 553 3068 600 et
3097 543 3150 598 in
3178 542 3352 614 Epist.
3381 556 3570 595 xxxvii
3597 538 3663 594 ad
3702 553 3861 594 eum-

2258 641 2379 698 dem
2402 642 2602 697 elerum
2643 657 2656 694 :
2699 658 2718 692 ι
2751 637 2966 695 Utinam
3015 635 3119 692 loci
3166 641 3223 690 et
3266 632 3464 706 gradus
3497 630 3600 687 mei
3626 629 3863 685 conditio

2254 736 2599 808 permitteret
2650 742 2710 788 ut
2748 732 2864 803 ipse
2905 744 3049 786 nunc
3100 741 3338 800 prmsens
3378 739 3501 782 esse
3549 722 3794 794 possem!
3836 740 3854 773 ι

2258 827 2413 884 Unde
2441 825 2713 883 concludit
2755 822 3078 879 Pearsouius
3117 820 3203 875 his
3247 818 3429 875 verbis
3479 832 3584 873 non
3630 815 3860 872 exiliunt

2256 919 2511 991 Cypriani
2549 918 2633 973 sui
2660 914 2970 977 Valeriano,
3004 912 3098 969 sed
3137 912 3278 967 illius
3326 910 3427 967 sub
3472 908 3636 964 Decio
3679 921 3864 963 seces-

2257 1028 2376 1070 sum
2404 1012 2671 1069 denotari.
2704 1010 2902 1066 Locum
2930 1018 3107 1063 autem
3136 1022 3200 1062 ex
3232 1020 3341 1077 quo
3372 1012 3641 1059 mortuum
3680 1002 3861 1073 Roga-

2257 1106 2462 1163 tianum
2495 1105 2658 1161 fuisse
2680 1103 2969 1175 iudicatur,
3002 1101 3056 1155 iu
3085 1099 3243 1154 aliam
3270 1111 3489 1170 prorsus
3533 1095 3859 1157 sententiam

2257 1198 2632 1271 accipiendum
2668 1211 2791 1253 esse
2838 1193 3146 1256 existimat,
3174 1205 3238 1247 ac
3277 1203 3518 1245 errorem
3551 1186 3603 1241 in
3651 1185 3862 1242 tabulas

2255 1294 2652 1351 ecclesiasticas
2700 1289 3004 1360 irrepsisse,
3032 1287 3159 1342 dum
3202 1283 3400 1341 Bedam
3425 1325 3439 1349 ,
3469 1283 3559 1353 qui
3609 1282 3707 1338 bas
3750 1279 3858 1353 Cy-

2259 1390 2431 1459 priani
2461 1389 2671 1445 litteras
2694 1385 2898 1450 laudat,
2926 1392 2980 1439 et
3004 1398 3072 1439 ex
3103 1381 3212 1436 illis
3240 1380 3400 1436 docet
3425 1378 3780 1449 Rogatiannm
3804 1383 3864 1432 et

2256 1482 2658 1538 Felieissimum
2706 1476 2963 1557 martyrio
3010 1481 3299 1531 coronatos
3349 1463 3510 1543 esse,
3540 1467 3855 1539 Usuardus,

2256 1574 2376 1635 Αόο
2404 1583 2461 1630 et
2485 1572 2579 1628 alii
2607 1569 3000 1627 sineexamiue
3028 1575 3345 1636 sequuntur.

2326 1664 2602 1721 Pearsonii
2644 1661 2909 1719 sententia
2962 1658 3167 1713 arridet
3208 1654 3587 1718 Tillemontio;
3632 1653 3729 1710 sed
3773 1662 3859 1708 ta—

2255 1776 2376 1816 men
2402 1758 2584 1815 multis
2613 1756 2774 1813 rebus
2816 1752 3135 1825 perspicitur
3166 1750 3304 1804 hanc
3330 1748 3611 1818 epistolam
3644 1762 3751 1821 non
3803 1745 3859 1801 in

2254 1866 2481 1908 secessu
2534 1850 2787 1919 scriptam
2843 1860 2984 1911 esse,
3035 1842 3130 1900 sed
3177 1841 3518 1912 Carthagine,
3568 1856 3690 1894 cum
3746 1838 3859 1909 jam

2254 1943 2476 1999 obiisset
2501 1940 2862 2011 Rogatianus,
2897 1951 3006 2008 non
3056 1944 3233 1989 tamen
3276 1932 3376 1989 sub
3402 1930 3713 1995 Valeriano,
3759 1927 3857 1985 sed

2254 2033 2356 2089 sub
2380 2032 2533 2090 Gallo
2559 2038 2617 2087 ct
2645 2029 2957 2085 Volusiano.
2982 2024 3216 2081 Nintium
3242 2031 3461 2092 apertus
3489 2031 3573 2076 est
3603 2019 3857 2093 Cypriani

2253 2131 2559 2188 contextus,
2583 2135 2740 2193 quam
2763 2129 2822 2174 ut
2848 2117 3201 2189 ltogatianum
3228 2122 3282 2170 ct
3303 2112 3696 2169 Felieissimum
3719 2126 3855 2165 mar-

2260 2215 2401 2286 tyrio
2428 2220 2715 2270 coronatos
2771 2225 3026 2282 negemus
3080 2217 3366 2279 antequam
3402 2204 3539 2261 hanc
3567 2203 3857 2275 epistolam

2253 2306 2517 2363 scriberet
2570 2304 2889 2377 Cyprianus.
2941 2302 3143 2356 Locum
3203 2298 3570 2370 iuSpieiamus.
3634 2315 3652 2348 ι
3685 2295 3857 2364 Quam

2257 2399 2414 2457 fidem
2446 2442 2461 2463 ,
2518 2399 2731 2470 inquit,
2789 2411 2882 2452 vos
2952 2410 3166 2467 quoque
3221 2394 3514 2449 retinentes
3567 2401 3621 2447 et
3658 2392 3748 2449 die
3794 2406 3859 2447 ac

2258 2501 2415 2547 nocte
2464 2490 2816 2556 meditantes,
2858 2496 2970 2543 toto
3004 2487 3169 2542 corde
3240 2485 3306 2541 ad
3354 2486 3517 2540 Deum
3586 2483 3856 2554 prompti,

2252 2593 2561 2655 contemptu
2596 2582 2934 2655 prmsentium
2978 2580 3149 2635 futura
3188 2577 3557 2634 tantummodo
3586 2575 3853 2648 cogitatis,

2257 2689 2316 2734 ιιι
2362 2678 2430 2733 ad
2482 2680 2713 2733 frttetum
2780 2676 2928 2748 regni
2966 2675 3153 2729 :cterui
3199 2683 3254 2730 et
3295 2673 3362 2729 ad
3421 2673 3758 2743 complexum
3800 2678 3858 2726 et

2254 2771 2498 2827 osculum
2553 2770 2767 2826 Domini
2805 2781 2859 2825 et
2913 2777 3260 2842 conspectum
3304 2764 3483 2820 venire
3517 2763 3756 2836 possitis,
3796 2771 3861 2817 ut

2255 2862 2558 2934 sequamini
2626 2863 2679 2917 in
2756 2862 3006 2917 onmibus
3073 2858 3428 2931 Rogatiauum
3482 2856 3858 2927 presbyterum

2257 2956 2550 3028 gloriosum
2599 2971 2821 3023 senem,
2865 2955 3003 3010 viam
3052 2954 3205 3009 vobis
3240 2952 3306 3009 ad
3346 2951 3570 3024 gloriam
3598 2950 3859 3020 temporis

2253 3050 2424 3105 nostri
2465 3049 2717 3121 religiosa
2768 3049 2965 3104 virtute
3016 3057 3069 3104 et
3121 3047 3300 3103 divina
3322 3046 3632 3119 dignatione
3659 3043 3861 3101 faciens

2254 3150 2410 3206 tem,
2467 3141 2558 3212 qui
2632 3155 2755 3196 cum
2809 3140 3146 3197 Felicissimo
3221 3138 3386 3212 fratre
3434 3146 3621 3193 nostro
3675 3134 3858 3207 quieto

2254 3248 2470 3304 semper
2512 3242 2567 3289 et
2616 3233 2829 3300 sobrio,
2860 3233 3132 3304 excipiens
3178 3231 3486 3288 ferocientis
3534 3229 3715 3302 populi
3757 3229 3860 3283 im-

2253 3337 2433 3399 petum
2462 3370 2477 3395 ,
2512 3327 2740 3399 primum
2796 3326 3086 3397 hospitium
3127 3327 3278 3383 vobis
3326 3327 3375 3381 in
3409 3340 3624 3382 carcere
3653 3338 3859 3396 praepa-

2252 3423 2389 3474 ravit
2418 3460 2433 3487 ,
2458 3431 2514 3475 et
2545 3428 2776 3476 metator
2817 3412 3054 3491 quodam
3075 3418 3235 3475 modo
3259 3427 3461 3486 vester,
3488 3432 3627 3473 nunc
3644 3432 3859 3489 quoque

2255 3525 2356 3566 vos
2398 3510 2685 3567 antecedit.
2740 3511 2895 3580 Quod
2927 3520 2984 3567 ιιι
3029 3520 3430 3568 consummetur
3460 3511 3511 3565 in
3537 3508 3689 3566 vobis
3717 3499 3857 3565 assi-

2252 3601 2373 3658 duis
2423 3603 2755 3659 oraticnibus
2819 3603 3102 3659 Dominum
3140 3603 3527 3675 deprecamur,
3584 3612 3641 3658 ut
3693 3601 3859 3659 initiis

2251 3693 2320 3749 ad
2370 3710 2579 3750 summa
2632 3696 2978 3767 pergentibus
3032 3711 3168 3768 quos
3215 3696 3458 3753 confiteri
3503 3695 3662 3762 facit,
3700 3694 3860 3751 faciat

2252 3795 2307 3842 et
2352 3788 2618 3843 coronari.
2652 3808 2670 3840 ι
2705 3781 2865 3843 Nulla
2891 3788 3003 3845 fere
3031 3806 3130 3844 vox
3163 3789 3268 3845 hoe
3318 3790 3368 3844 in
3423 3789 3543 3845 loco
3596 3804 3717 3860 quze
3749 3804 3857 3844 non

2252 3878 2604 3949 Rogatianum
2647 3895 2743 3950 pro
2778 3880 2991 3937 Christo
3027 3895 3240 3952 passum
3274 3881 3494 3937 iudicet.
3532 3880 3700 3945 Vocat
3734 3895 3858 3936 eum

2251 3967 2553 4041 Cyprianus
2583 3971 2922 4043 «gloriosum
2955 3987 3160 4040 senem,
3180 3994 3198 4026 ι
3218 3974 3358 4043 quod
3388 3989 3512 4030 eum
3541 3983 3859 4046 argumento

2253 4072 2337 4119 est
2359 4063 2426 4119 ad
2463 4064 2687 4135 gloriam
2718 4066 3048 4136 pervenisse.
3100 4066 3451 4124 Confessores
3498 4066 3678 4123 laudat
3713 4066 3859 4139 quod

2253 4155 2428 4213 futura
2482 4167 2687 4219 tantum
2730 4160 2991 4230 cogitent,
3042 4167 3100 4214 ut
3149 4158 3215 4215 ad
3257 4160 3602 4231 complexum
3645 4159 3859 4216 Domini

2254 4248 2592 4319 perveniant,
2646 4259 2706 4305 ιιι
2748 4260 3041 4321 sequantur
3091 4249 3144 4305 in
3186 4253 3435 4309 omnibus
3465 4251 3855 4324 Rogatianum,

2253 4354 2411 4410 quem
2439 4340 2549 4409 jam
2591 4340 2643 4395 in
2681 4342 2865 4397 multis
2893 4342 3054 4397 rebus
3093 4343 3285 4398 imitati
3315 4342 3545 4398 fuerant.
3574 4341 3693 4397 Jam
3727 4356 3857 4413 ergo

2255 4442 2574 4503 pervenerat
2600 4434 2665 4489 ad
2693 4444 3042 4505 conspectum
3066 4434 3280 4491 Domini
3331 4435 3660 4507 Rogatianus
3694 4434 3860 4505 siqui-

2253 4524 2377 4581 dem
2418 4527 2700 4597 pervenire
2725 4526 2791 4582 ad
2818 4537 3169 4600 conspectum
3226 4530 3439 4586 Domini
3498 4529 3642 4587 idem
3684 4537 3769 4585 est
3794 4544 3860 4587 ac

2254 4621 2605 4694 Rogatianum
2640 4624 2690 4679 in
2722 4625 2974 4682 omnibus
3018 4627 3192 4697 sequi.
3223 4626 3516 4684 Paraverat
3542 4627 3649 4683 illis
3676 4627 3857 4699 Roga-

2254 4715 2430 4770 tianus
2470 4716 2704 4786 primum
2750 4716 3041 4789 hospitium
3072 4718 3125 4773 in
3157 4734 3396 4777 carcere.
3427 4720 3530 4777 Ubi
3559 4722 3856 4777 secundmn

2254 4806 2478 4877 parabat
2503 4848 2518 4875 ,
2556 4807 2660 4863 nisi
2684 4807 2736 4862 in
2765 4809 2929 4875 cmlo,
2958 4810 3287 4866 antecedens
3312 4826 3407 4867 eos
3434 4811 3597 4867 veluti
3626 4820 3858 4867 metator

2252 4897 2514 4970 quidam?
2551 4900 2789 4973 Denique
2818 4902 2986 4957 Deum
3041 4912 3293 4973 precatur
3331 4903 3633 4976 Cyprianus
3687 4914 3745 4959 ut
3797 4903 3852 4959 id

2255 4995 2308 5052 in
2335 5013 2442 5069 quo
2467 5000 2820 5056 antecedebat
2861 5016 2957 5057 eos
2991 5000 3344 5072 Rogatiauus,
3375 4999 3427 5053 in
3458 4998 3588 5071 ipsis
3610 5014 3859 5054 consum-

2255 5097 2431 5143 metur
2460 5098 2513 5145 et
2543 5089 2611 5145 ad
2655 5107 2912 5148 coronam
2940 5092 3276 5163 perveniant.
3314 5090 3457 5162 Ergo
3482 5092 3594 5161 jam
3621 5090 3687 5145 ad
3717 5091 3857 5147 banc

2255 5194 2507 5237 coronam
2534 5182 2863 5256 Rogatianus
2893 5193 3230 5256 pervenerat,
3263 5199 3423 5256 quam
3456 5200 3579 5241 cttm
3611 5184 3664 5240 in
3706 5184 3857 5240 Decii

2255 5273 2630 5341 persecutione
2678 5274 2905 5348 adeptus
2971 5291 3079 5333 non
3122 5279 3221 5345 sit,
3274 5276 3370 5334 sed
3417 5286 3543 5333 ante
3572 5292 3604 5332 e
3634 5290 3857 5333 carcere

2254 5377 2502 5434 egressus
2533 5364 2604 5421 sit
2645 5383 2804 5437 quam
2829 5368 3133 5441 Cyprianus
3163 5385 3193 5425 e
3218 5385 3316 5426 suo
3342 5384 3591 5435 secessu,
3634 5383 3857 5425 necesse

2254 5463 2339 5510 est
2367 5455 2505 5513 hanc
2534 5457 2815 5528 epistolam
2846 5460 2914 5515 ad
2958 5461 3105 5518 aliud
3148 5470 3359 5534 tempus
3402 5462 3613 5519 referri.
3660 5462 3858 5518 Nititur

2254 5547 2630 5607 Tillemontius
2664 5551 2750 5609 his
2783 5553 2982 5622 verbis,
3032 5556 3211 5614 «viam
3239 5556 3548 5625 facientem,
3583 5571 3675 5611 vos
3699 5564 3856 5611 ante-

2253 5637 2416 5708 cedit,
2448 5660 2468 5694 ι
2502 5651 2559 5697 ιιι
2588 5641 2944 5715 Rogatianum
2976 5647 3167 5718 probet
3191 5663 3297 5704 non
3328 5648 3531 5705 obiisse
3578 5662 3703 5703 cum
3741 5648 3856 5703 luce

2253 5732 2480 5803 epistola
2529 5735 2875 5794 scriberetur.
2932 5742 3002 5798 At
3048 5745 3166 5815 quis
3217 5746 3392 5802 nescit
3436 5746 3634 5818 lingua:
3672 5740 3856 5797 latina:

2254 5825 2598 5882 sterilitatem
2627 5844 2772 5902 stepe
2796 5846 2989 5904 cogere
3017 5844 3074 5890 ut
3097 5835 3359 5906 ejusmodi
3390 5852 3550 5897 voces
3572 5853 3837 5909 usurpen-

2260 5919 2392 5974 tur?
2426 5918 2688 6000 Martyres
2736 5924 2789 5984 in
2837 5926 2936 6003 Ep.
2991 5946 3195 5992 Lxxvut
3262 5934 3481 5996 laudant
3522 5940 3850 6015 Cyprianum
