4200 6262
320 308 451 366 145

318 422 508 495 quod,
542 435 665 479 cum
689 419 896 494 primus
922 416 1441 491 confltendisignnm
1470 415 1740 481 extulerit,
1769 416 1939 487 ipsius

321 518 518 574 anima
555 534 573 569 ι
594 529 704 571 non
735 521 941 571 tantum
971 521 1261 586 martyrum
1305 512 1372 567 de
1399 512 1599 567 saeculo
1622 510 1730 581 jam
1778 523 1940 565 exce-

321 610 585 666 dentium
636 608 784 663 socia
839 620 960 661 esse
995 604 1240 676 coeperit,
1265 604 1436 660 sedet
1464 618 1583 658 cum
1614 600 1809 656 futuris
1829 614 1940 655 coe-

320 702 530 760 lestem
570 699 864 756 amicitiam
904 718 923 751 )
972 697 1322 769 copulaverit.
1345 696 1515 753 Simili
1541 709 1759 766 prorsus
1778 690 1939 747 modo

316 794 682 852 confessores
710 791 954 847 hortatur
981 789 1277 861 Cyprianus
1295 789 1345 844 in
1378 789 1477 859 Ep.
1516 803 1596 851 tx,
1631 795 1690 842 ut
1727 784 1939 856 Mappa-

317 888 499 944 licum
516 898 812 958 martyrem
827 894 1141 955 sequantur.
1178 901 1197 935 ι
1219 882 1383 938 istum
1406 895 1549 938 nunc
1570 878 1936 936 beatissimum

327 990 637 1053 martyrem
662 1020 677 1045 ,
724 978 928 1049 inquit,
958 984 1012 1032 et
1032 976 1170 1033 alios
1235 976 1522 1046 participes
1544 974 1784 1045 ejusdem
1809 987 1937 1029 con«

323 1071 634 1144 gressiouis
680 1079 736 1126 ct
784 1069 1012 1126 comites
1050 1068 1103 1123 in
1153 1066 1257 1124 fide
1285 1068 1504 1124 stabiles
1533 1108 1548 1134 ,
1577 1068 1628 1122 in
1644 1066 1830 1121 dolore
1853 1079 1938 1136 pa-

327 1166 567 1230 tientes,
589 1166 640 1219 in
683 1161 983 1235 quaestione
1010 1159 1245 1216 victores
1264 1202 1278 1227 ,
1303 1170 1361 1215 ut
1385 1160 1563 1216 cretcri
1586 1173 1799 1231 quoque
1816 1174 1934 1215 sec-

329 1256 530 1311 temini
573 1264 779 1324 et-opto
806 1253 1008 1324 pariter
1027 1252 1381 1320 etexhortor,
1406 1260 1480 1320 ut,
1503 1266 1636 1322 quos
1662 1250 1933 1307 vinculum

323 1346 694 1404 confessionis
729 1355 782 1401 et
814 1345 1102 1417 hospitium
1120 1345 1356 1400 carceris
1370 1343 1935 1416 simuljunxihjungat

329 1442 500 1496 etiam
519 1439 911 1497 consummatio
933 1439 1142 1493 virtutis
1173 1446 1227 1494 et
1243 1453 1440 1493 corona
1458 1437 1712 1494 caalestis.
1752 1461 1770 1491 ι

397 1533 521 1590 Non
546 1533 688 1589 belle
726 1533 933 1602 accepit
960 1531 1284 1587 Pearsonius
1328 1532 1444 1588 hare
1493 1532 1675 1599 verba,
1728 1513 1811 1587 «si
1844 1546 1933 1588 me

324 1628 394 1683 ad
450 1642 552 1682 vos
612 1625 895 1697 pervenire
941 1626 1046 1682 loci
1099 1626 1339 1683 conditio
1381 1626 1788 1697 permitteret.»
1842 1627 1930 1682 Ait

323 1718 480 1775 enim
502 1717 830 1791 Cyprianum
862 1718 948 1773 his
971 1717 1154 1773 verbis
1179 1717 1461 1790 designare
1492 1739 1511 1771 ι
1534 1719 1709 1774 locum
1750 1720 1801 1774 in
1824 1734 1929 1789 quo

326 1826 566 1883 prmsens
617 1826 741 1868 esse
795 1821 853 1868 et
894 1820 1187 1883 conspectu
1214 1812 1585 1869 confessorum
1618 1812 1722 1869 frui
1755 1815 1927 1869 maxi-

320 1920 411 1961 me
462 1905 809 1976 concupivit,
861 1905 956 1962 sed
1010 1906 1111 1961 loci
1140 1948 1169 1979 ,η
1191 1905 1295 1967 hoc
1323 1916 1405 1962 est
1430 1906 1784 1979 Carthaginis,
1839 1908 1927 1964 ubi

319 1996 626 2068 persecutio
667 1996 779 2067 jam
829 1997 1105 2065 fervebat,
1154 1978 1521 2053 conditionem
1574 2013 1679 2052 non
1727 2000 1928 2069 permi-

317 2091 525 2146 sisse.»
588 2085 789 2155 Verum
845 2090 946 2145 hac
1011 2105 1143 2147 voce
1198 2105 1304 2146 non
1360 2089 1778 2161 Carthaginem,
1828 2092 1922 2148 sed

320 2182 679 2252 episcopalem
696 2183 1067 2238 auctoritatem
1092 2183 1358 2254 designari
1382 2185 1704 2254 perSpieitur
1721 2201 1784 2241 ex
1806 2185 1923 2256 pitt-

320 2273 468 2330 rihus
483 2275 738 2346 Cypriani
771 2276 1124 2341 testimoniis;
1150 2275 1407 2347 sicinEp.
1444 2293 1495 2332 ιιι
1524 2294 1536 2331 :
1567 2295 1585 2329 ι
1606 2277 1922 2333 Sollicitudo

319 2365 419 2421 loci
470 2369 640 2423 nostri
708 2377 761 2423 et
833 2369 992 2423 timor
1046 2368 1255 2423 Domini
1314 2369 1605 2443 compellit.
1649 2390 1667 2421 ι
1731 2389 1750 2421 ι
1786 2371 1917 2426 Cum

316 2460 395 2516 illi
450 2459 797 2533 (martyres)
852 2477 1119 2517 memores
1160 2461 1261 2516 loci
1300 2463 1468 2518 nostri
1497 2461 1563 2517 ad
1592 2478 1680 2518 me
1712 2462 1919 2519 litteras

319 2549 611 2607 direxerint
634 2570 653 2604 ι
678 2551 799 2624 (Ep.
820 2569 852 2607 ιι
874 2554 912 2624 ).
954 2572 972 2606 ι
1004 2552 1376 2625 Congruitipsi
1404 2555 1521 2608 loco
1550 2564 1599 2610 et
1629 2554 1807 2611 ofﬁcio
1832 2571 1919 2611 sa-

319 2643 540 2699 cerdotii
566 2646 734 2700 nostri
766 2665 783 2697 ι
823 2644 946 2717 (Ep.
977 2646 1149 2716 mn).
1179 2644 1300 2701 Vid.
1337 2646 1433 2718 Ep.
1469 2663 1590 2703 va.
1641 2648 1917 2714 Quamob-

328 2754 462 2805 rem,
487 2754 610 2794 cum
650 2740 719 2793 ait
748 2740 1046 2811 Cyprianus
1079 2741 1129 2794 in
1171 2739 1272 2796 hac
1312 2741 1410 2811 Ep.
1443 2757 1600 2796 LXXXI
1635 2760 1647 2795 :
1690 2760 1708 2793 ι
1733 2743 1918 2798 Saluto

325 2846 425 2888 vos
458 2874 472 2897 ,
519 2833 708 2890 fratres
736 2834 1056 2899 charissimi,
1089 2845 1283 2903 optans
1305 2834 1418 2905 ipse
1439 2850 1653 2905 quoque
1681 2849 1914 2903 conSpc-

330 2938 421 2981 etu
470 2935 646 2982 vestro
699 2925 813 2994 frui,
860 2928 1022 2983 sime
1050 2927 1116 2982 ad
1145 2943 1240 2983 vos
1269 2927 1550 2999 pervenire
1590 2927 1690 2982 loci
1722 2928 1915 2983 cOndi-

333 3019 409 3072 tio
447 3019 787 3089 permitteret.
846 3020 984 3089 Quid
1039 3020 1181 3076 enim
1220 3020 1352 3076 mihi
1392 3021 1622 3091 optatius
1661 3029 1716 3074 et
1741 3020 1915 3076 laetius

325 3123 498 3183 posset
545 3113 786 3170 accidere
819 3156 832 3179 ,
882 3129 1038 3185 quam
1095 3130 1235 3170 nunc
1293 3115 1445 3171 vobis
1498 3114 1758 3171 inhaerere
1792 3158 1805 3179 ,
1857 3125 1914 3171 ιιι

319 3205 742 3277 complectemini
786 3221 873 3261 me
910 3206 1157 3263 manibus
1211 3208 1315 3264 illis
1351 3223 1471 3278 qua:
1498 3222 1644 3278 purae
1670 3217 1724 3262 et
1751 3207 1908 3262 inno-

319 3309 494 3356 centes
558 3309 612 3355 et
665 3300 999 3355 Dontinicam
1054 3300 1211 3357 fidem
1272 3309 1594 3369 servantes,
1648 3301 1910 3372 sacrilega

317 3394 564 3466 obsequia
618 3395 987 3466 respuerant?
1037 3394 1173 3463 Quid
1204 3395 1493 3467 jucundius
1531 3405 1586 3450 et
1628 3395 1909 3450 sublimius

315 3503 467 3561 quam
518 3489 751 3546 osculari
806 3504 947 3545 nunc
981 3505 1075 3545 ora
1103 3501 1300 3556 vestra,
1323 3489 1558 3560 con8piei
1581 3488 1739 3545 etiam
1772 3503 1908 3559 prae-

316 3597 516 3642 sentem
560 3582 628 3638 ab
673 3583 847 3640 oculis
900 3582 1160 3639 vestris?»
1214 3597 1337 3639 cum
1369 3583 1506 3651 hare,
1563 3582 1802 3654 inquam,
1834 3582 1910 3637 ait

316 3678 628 3752 Cyprianus,
661 3677 862 3733 indicat
890 3692 949 3732 se
991 3677 1092 3734 hac
1116 3694 1223 3733 una
1276 3694 1335 3735 re
1364 3677 1590 3734 detineri
1621 3677 1907 3749 quominus

314 3773 509 3829 invisat
535 3780 824 3844 martyres,
873 3771 1015 3843 quod
1057 3781 1260 3829 metuat
1288 3789 1355 3829 ne
1400 3773 1657 3845 dignitate
1683 3773 1905 3844 conspi-

310 3879 439 3920 cuus
468 3864 654 3921 oculos
680 3862 955 3936 gentilium
980 3862 1214 3935 effugere
1236 3879 1340 3919 non
1370 3866 1555 3935 possit.
1583 3862 1692 3920 Nec
1719 3874 1919 3921 neces—‘

309 3969 366 4012 se
393 3965 479 4013 est
515 3972 640 4012 eum
668 3953 905 4010 abfuisse
930 3954 1251 4026 Carthagine
1277 3964 1335 4011 ιιι
1363 3956 1440 4011 sic
1466 3956 1759 4013 scriberet:
1809 3972 1904 4012 sua

308 4050 449 4103 enim
502 4049 651 4104 illum
697 4046 957 4119 dignitas,
999 4048 1206 4105 etiamsi
1255 4047 1514 4104 adfuisset
1559 4048 1902 4122 Carthagine,

306 4141 550 4197 detinere
570 4140 742 4212 potuit
765 4141 1054 4212 quominus
1097 4149 1311 4197 sanctos
1338 4151 1601 4212 martyres
1626 4140 1901 4196 inviseret.

304 4233 438 4290 Nam
466 4235 556 4306 qui
599 4234 909 4305 providebat
956 4244 1015 4290 ut
1056 4243 1320 4307 martyres
1375 4249 1519 4289 «non
1565 4232 1903 4304 glomeratim

302 4345 404 4384 nec
460 4344 557 4401 per
601 4329 998 4385 multitudinem
1048 4329 1206 4385 simul
1230 4329 1471 4400 junctam
1517 4328 1897 4398 inviserentur,

302 4423 397 4479 sed
452 4432 506 4477 ιιι
554 4423 851 4495 presbyteri
891 4439 1103 4495 quoque
1151 4424 1240 4494 qui
1288 4423 1398 4479 illic
1434 4422 1575 4494 apud
1619 4423 1902 4479 confesso-

301 4533 390 4573 res
428 4538 449 4570 ι
492 4516 812 4584 offerebant,
861 4517 1057 4588 singuli
1101 4531 1221 4572 cum
1270 4516 1493 4587 singulis
1539 4515 1781 4571 diaconis
1816 4517 1897 4571 al-

302 4619 579 4665 ternarent
608 4610 731 4682 (Ep.
772 4609 855 4680 v),
902 4609 1071 4665 multo
1116 4608 1293 4664 minus
1342 4609 1460 4679 ipse
1501 4608 1895 4674 commisisset,

300 4712 358 4758 ut
384 4703 439 4757 in
467 4703 652 4758 oculos
690 4703 965 4774 gentilium
998 4703 1276 4757 incurrens
1304 4715 1439 4755 nova
1469 4699 1714 4768 incendia
1744 4714 1896 4755 com-

298 4803 560 4852 moveret.
592 4794 896 4863 Quinetiam
924 4794 1040 4851 lucc
1068 4792 1401 4850 consuetudo
1425 4802 1551 4849 ante
1573 4791 1895 4867 Cyprianum

297 4904 350 4944 ιιι
384 4887 564 4944 Africa
612 4889 845 4959 vigebat,
898 4888 1261 4960 utepiscopus
1293 4886 1632 4944 confessores
1681 4902 1786 4942 non
1817 4888 1897 4942 itt-

297 4980 515 5036 viseret.
557 4980 806 5036 Testatur
841 4981 984 5036 enim
1033 4981 1331 5051 Cyprianus
1363 4980 1415 5034 in
1444 4981 1578 5051 Epp.
1608 4995 1639 5034 ιι
1681 4989 1735 5036 et
1772 4997 1894 5050 xxx,

298 5074 349 5129 id
375 5088 591 5145 semper
618 5073 669 5129 in
706 5074 1039 5144 prmtcritum
1068 5071 1165 5129 sub
1192 5072 1623 5129 antecessoribus
1648 5073 1760 5129 suis
1786 5075 1894 5129 fac-

298 5176 413 5223 tum
450 5183 601 5236 esse,
655 5176 711 5222 ut
736 5166 1031 5238 presbyteri
1079 5164 1369 5221 ctdiaconi
1415 5164 1725 5235 plenissime
1754 5166 1895 5221 circa

295 5260 578 5332 Evangelii
608 5261 779 5332 legem
822 5270 1088 5333 martyres
1112 5269 1165 5314 et
1190 5258 1525 5315 confessorcs
1548 5260 1894 5326 instruerent,

297 5363 352 5411 et
379 5353 589 5410 diac0ni
621 5354 690 5410 ad
714 5369 985 5411 carcerem
1015 5365 1384 5410 commeantes
1428 5365 1721 5427 martyrum
1751 5355 1896 5411 dest-

296 5445 445 5502 deria
481 5447 721 5504 consiliis
746 5449 856 5503 suis
880 5457 936 5503 ct
964 5447 1361 5520 Scripturarnm
1391 5447 1673 5518 praeceptis
1701 5448 1897 5519 guber-

297 5550 510 5596 narent.
562 5539 705 5596 Nihil
749 5557 878 5613 ergo
929 5550 1076 5598 vetat
1124 5541 1411 5613 quominus
1463 5541 1788 5613 Cyprianum
1841 5544 1893 5598 in

299 5633 412 5704 ipsa
438 5633 569 5690 urbe
596 5633 915 5692 necessariis
951 5633 1112 5690 rebus
1142 5642 1196 5689 et
1221 5641 1620 5688 antecessorum
1649 5625 1895 5704 exemplo

294 5740 325 5779 a
376 5724 745 5782 confessornm
798 5734 1085 5796 conspectu
1138 5724 1427 5781 distentum
1460 5723 1574 5779 haec
1617 5723 1896 5794 scripsisse

295 5818 691 5876 existimemus.
745 5817 927 5891 Neque
964 5818 1125 5875 etiam
1169 5817 1350 5875 dicere
1403 5816 1630 5875 verebor
1669 5832 1774 5873 non
1820 5817 1900 5877 sic

1604 299 1765 357 VITA
1804 297 2050 357 SANCTI
2098 297 2438 356 CYPRIANI.

3552 302 3657 361 146

2046 414 2349 470 locuturum
2408 412 2571 469 fuisse
2615 412 2658 469 si
2702 412 2961 470 abfuisset
3002 412 3343 487 Carthagine.
3372 415 3653 484 Quomodo

2048 510 2195 565 enim
2223 508 2502 565 absentem
2525 516 2580 563 et
2606 507 2669 563 in
2695 507 2878 563 abdito
2902 507 3021 563 loco
3047 508 3300 587 latentem
3329 511 3440 565 sola
3479 511 3655 583 digni-

2047 611 2128 657 tas
2149 616 2179 656 a
2216 601 2499 672 complexu
2528 609 2822 673 martyrum
2849 611 3077 668 arceret,
3110 618 3268 673 quem
3297 604 3348 658 in
3373 604 3485 674 ipsa
3517 607 3651 662 urbe

2046 693 2363 749 necessariae
2405 693 2682 749 cautiones
2721 691 2789 748 ab
2812 692 2916 748 hoc
2944 691 3139 764 gaudio
3163 702 3217 747 et
3241 702 3646 753 antecessorum

2042 789 2284 860 exempla
2308 787 2697 845 removissent?
2729 787 2862 843 Hinc
2886 787 3065 859 in'Ep.
3112 803 3186 853 rx,
3228 804 3384 860 quam
3415 790 3481 844 ad
3511 806 3649 846 mar-

2043 891 2188 955 tyres
2217 893 2270 939 et
2300 882 2644 938 confessores
2670 880 2723 937 in
2749 895 2968 937 secessu
2990 882 3241 953 scriptam
3269 898 3389 939 esse
3414 895 3647 951 constat,

2042 994 2146 1035 non
2169 979 2243 1033 ait
2268 993 2542 1036 secessum
2577 993 2739 1035 suum
2786 980 2838 1032 in
2867 976 2968 1034 hoc
3008 976 3109 1034 sibi
3149 978 3435 1035 molestum
3487 996 3607 1036 esse
3630 1024 3645 1046 .

2040 1066 2183 1142 quod
2214 1084 2309 1126 eos
2339 1085 2445 1126 non
2470 1071 2639 1140 possit
2680 1069 2931 1125 invisere.
2956 1068 3231 1140 Significat
3257 1070 3406 1125 urbis
3431 1070 3645 1127 deside-

2040 1162 2177 1216 rium
2225 1161 2277 1215 itt
2306 1161 2403 1231 Ep.
2440 1176 2620 1216 xxxvii
2650 1200 2666 1227 ,
2708 1168 2763 1214 at
2808 1174 3141 1231 nequaquam
3183 1168 3239 1215 ut
3267 1160 3318 1215 in
3348 1171 3640 1234 martyrum

2038 1257 2408 1328 complexibus
2441 1258 2662 1322 haereat,
2711 1255 2807 1312 sed
2836 1257 3011 1328 potius
3045 1277 3064 1309 ι
3090 1265 3148 1312 ιιι
3178 1267 3457 1328 promptus
3495 1269 3547 1315 et
3580 1260 3645 1313 li-

2038 1350 2170 1405 bens
2221 1349 2449 1405 solemni
2503 1348 2801 1404 ministerio
2863 1358 3054 1405 cuneta
3107 1350 3249 1406 circa
3320 1351 3640 1407 fortissimos

2037 1443 2230 1499 fratres
2264 1442 2564 1498 dilectionis
2592 1442 2845 1513 obsequia
2877 1443 3163 1512 compleat.
3194 1463 3213 1495 ι
3463 1449 3473 1457 ⁸

2106 1537 2217 1594 Nec
2258 1537 2503 1607 congruit
2531 1552 2657 1608 ergo
2685 1536 2801 1592 haec
2825 1536 3053 1608 epistola
3096 1538 3239 1593 Decii
3273 1540 3636 1610 temporibus.

2034 1645 2210 1702 neque
2246 1622 2406 1686 etiam
2453 1628 2720 1685 Valeriani
2769 1629 3149 1699 persccutioni,
3203 1631 3356 1701 cujus
3403 1632 3632 1702 primum

2033 1723 2294 1792 impetum
2321 1720 2573 1776 sustinuit
2602 1720 2932 1793 Cyprianus;
2984 1738 3084 1778 nec
3128 1723 3175 1778 ei
3221 1724 3542 1795 Rogatiantts
3575 1738 3636 1781 et

2035 1815 2416 1881 Felicissimus,
2449 1814 2543 1871 sed
2573 1815 2688 1885 ipse
2712 1815 2831 1870 aliis
2859 1817 3132 1885 omnibus,
3185 1826 3240 1872 ut
3266 1818 3399 1873 infra
3428 1819 3637 1874 videbi-

2029 1925 2173 1977 mus,
2227 1909 2394 1964 facem
2423 1908 2488 1964 ad
2520 1906 2884 1964 confitendum
2914 1909 3111 1966 Christi
3151 1927 3345 1967 nomen
3377 1914 3632 1983 prmtttlit.

2030 2004 2192 2060 Multo
2212 2002 2548 2060 commodius
2605 2003 2867 2059 referetur
2904 2003 3143 2071 Epistola
3172 2020 3338 2060 Lxm
3388 2006 3453 2060 ad
3504 2022 3633 2077 pcr—

2026 2096 2360 2151 secntionem
2388 2094 2525 2151 Galli
2548 2104 2609 2149 et
2639 2093 2935 2162 Volusiani,
2977 2095 3029 2149 in
3071 2110 3174 2165 qua
3200 2094 3502 2167 Cyprianus
3533 2112 3630 2152 nec

2026 2186 2349 2258 Carthagine
2394 2186 2650 2257 expulsus
2696 2195 2800 2250 est,
2835 2201 2934 2241 nec
2983 2195 3175 2256 sponte
3201 2188 3396 2253 cessit;
3430 2198 3484 2242 at
3524 2190 3628 2242 tui-

2027 2281 2172 2335 nitne
2214 2278 2439 2335 dubium
2488 2286 2571 2334 est
2608 2279 2738 2349 quin
2772 2292 2865 2347 pro
2896 2292 2957 2333 se
2985 2277 3053 2357 ad
3082 2291 3240 2333 aures
3268 2286 3323 2333 et
3348 2278 3413 2333 ad
3443 2279 3630 2335 oculos

2024 2375 2394 2429 confessorum
2422 2373 2648 2428 viearias
2684 2372 2890 2428 litteras
2933 2372 3159 2438 miserit,
3191 2387 3314 2428 cum
3346 2388 3440 2429 eos
3483 2374 3628 2431 invi—

2021 2478 2144 2522 sere
2197 2466 2441 2536 exposita
2471 2465 2711 2521 omnium
2751 2462 2925 2519 oculis
2975 2463 3206 2534 dignitas
3254 2479 3358 2518 non
3401 2465 3622 2524 sint-ret.

2020 2561 2202 2620 Mense
2226 2562 2433 2618 octobri
2471 2562 2598 2618 anni
2622 2561 2750 2628 252,
2780 2576 2887 2633 quo
2910 2561 3239 2633 Rogatianus
3276 2570 3329 2617 et
3354 2561 3623 2616 Felicissi—

2021 2671 2143 2712 mus
2172 2658 2313 2729 passi
2343 2656 2599 2712 dicuntur
2626 2657 2677 2711 in
2708 2655 2902 2712 tabulis
2926 2656 3334 2724 ecclesiasticis,
3369 2670 3623 2727 persecu-

2020 2751 2093 2805 tio
2116 2750 2398 2815 saeviebat;
2423 2750 2578 2819 cujus
2602 2750 2677 2805 rei
2706 2750 2857 2805 testis
2878 2759 2961 2805 est
2986 2749 3289 2816 Cornelius,
3318 2751 3407 2821 qui
3432 2765 3621 2806 mense

2017 2842 2310 2910 septemhri
2342 2842 2500 2931 hnjus
2538 2842 2661 2897 anni
2693 2852 2898 2914 martyr
2922 2841 3072 2897 obiit.
3101 2842 3425 2899 Pearsonius
3440 2858 3505 2898 ex
3534 2858 3624 2912 po-

2018 2934 2125 3005 puli
2149 2975 2155 2985 .
2178 2933 2485 2989 ferocientis
2516 2934 2747 3004 impetu,
2782 2949 2941 3003 quem
2982 2934 3308 3003 Rogatiauns
3337 2935 3618 3002 excepisse

2016 3027 2241 3095 dicitur,
2300 3027 2596 3097 Epistolam
2661 3041 2821 3081 uxxr
2881 3024 2948 3079 ad
2993 3027 3422 3095 persecutionem
3470 3027 3616 3081 Decii

2014 3120 2287 3191 pertinere
2316 3117 2606 3184 concludit,
2651 3117 2775 3187 quia
2818 3130 2964 3186 smpe
3011 3117 3063 3171 iu
3093 3116 3193 3172 hac
3242 3116 3618 3187 persecutione

2014 3213 2288 3284 popularis
2336 3211 2610 3267 temeritas
2638 3214 2691 3265 in
2717 3208 3044 3281 Cyprianum
3089 3211 3283 3281 erupit.
3314 3212 3383 3265 At
3414 3211 3466 3265 in
3497 3225 3611 3281 pcr-

2013 3308 2289 3364 secutione
2314 3306 2453 3363 Galli
2481 3305 2725 3361 eamdem
2763 3305 2944 3375 populi
2975 3307 3332 3362 temeritatem
3361 3315 3614 3377 expertus

2012 3410 2094 3456 est
2119 3398 2439 3473 Cyprianus,
2471 3407 2528 3453 ut
2556 3398 2670 3467 ipse
2702 3406 2882 3452 narrat
2920 3397 2972 3451 in
3006 3398 3240 3468 Epistola
3297 3413 3383 3453 ιν.
3412 3396 3611 3453 Deinde

2011 3509 2140 3550 vero
2172 3491 2438 3549 horrenda
2465 3490 2552 3545 illa
2577 3490 2743 3560 pestis
2791 3504 2911 3559 qua:
2932 3506 3052 3545 cum
3081 3489 3220 3545 Galli
3242 3490 3614 3561 persecutione

2011 3587 2293 3658 conjuncta
2316 3585 2440 3651 fuit,
2489 3582 2660 3638 tnulto
2705 3582 2880 3652 aptior
2908 3582 3120 3638 videtur
3168 3582 3334 3638 fuisse
3359 3582 3427 3637 ad
3455 3583 3607 3637 cien-

2010 3679 2109 3735 dos
2138 3680 2418 3751 populares
2446 3690 2642 3747 motus,
2669 3694 2789 3735 cum
2813 3674 3128 3732 calamitatis
3152 3688 3313 3730 causa
3355 3674 3406 3730 in
3446 3674 3606 3730 Chri-

2011 3774 2216 3829 stianos
2245 3774 2579 3844 rejiceretur.

2010 3912 2434 3968 XXVlI.—nma
2457 3924 2718 3967 CllMtl'l‘AS
2744 3925 2790 3964 s.
2821 3924 3067 3964 CYPltlANl
3092 3923 3144 3963 IN
3165 3920 3345 3963 assus
3375 3921 3604 3962 εΑιΑιιιρ

2080 4020 2244 4060 ΤΛΤΕ.
2265 4019 2672 4064 -ΒΕιΙϐΙΟΝΕΜ
2713 4011 2977 4059 DEFENDIT
3013 4015 3281 4057 ADVERSUS
3311 4017 3611 4056 υειιετιιιιο

2080 4115 2477 4157 ηιμ-Τοτιυε
2506 4114 2775 4155 εοοιεειιε
2802 4110 3261 4155 CARTHAGINESSIS
3302 4111 3528 4153 PROLIXA
3557 4112 3607 4155 ΙΝ

2079 4207 2397 4249 ιιιῐυιιιεκιιιε
2444 4206 2683 4248 CAPTIVIS
2712 4205 3072 4248 LIBERALITAS.

2079 4330 2162 4386 Ad
2192 4330 2616 4400 persecutionem
2658 4329 2948 4386 accedebat
2974 4330 3088 4384 lues
3133 4327 3400 4384 horrenda
3451 4343 3609 4397 qna‘,‘

2005 4422 2105 4478 sub
2144 4421 2276 4493 ipsis
2303 4421 2501 4486 Deciis,
2530 4431 2588 4476 ut
2618 4420 2909 4476 verisimile
2937 4428 3042 4484 est,
3063 4420 3314 4490 incoepta,
3344 4417 3603 4489 majorem

2005 4515 2060 4569 in
2089 4514 2307 4569 modum
2348 4513 2451 4569 sub
2497 4512 2649 4571 Gallo
2677 4522 2732 4568 et
2762 4512 3052 4568 Volusiano
3099 4522 3344 4582 grassata
3371 4518 3470 4566 est.
3510 4510 3605 4565 llic

2004 4608 2256 4681 Cypriani
2286 4605 2519 4662 Charitas
2546 4607 2598 4661 in
2626 4606 2756 4676 ipsis
2800 4604 3135 4660 ethnicorum
3179 4602 3350 4658 oculis
3386 4604 3605 4666 enituit,

2003 4714 2055 4758 et
2078 4703 2143 4757 ad
2175 4717 2440 4759 summam
2462 4700 2773 4770 reipublicae
2801 4697 3080 4753 utilitatem
3099 4695 3436 4753 redundavit.
3462 4696 3598 4751 Nam

2002 4811 2124 4851 eum
2173 4794 2373 4851 ethnici
2414 4806 2603 4848 omnes
2646 4791 2933 4846 horrerent
2974 4800 3028 4845 et
3073 4790 3315 4861 fugerent
3353 4789 3601 4859 contagia

2002 4906 2065 4946 ac
2094 4905 2221 4946 suos
2244 4887 2406 4958 impie
2434 4894 2786 4956 exponerent,
2807 4898 2892 4950 ac,
2913 4883 3216 4955 jacentibus
3246 4891 3355 4938 tota
3383 4882 3600 4937 civitate

2002 4981 2353 5041 cadaveribus
2385 5021 2401 5046 ,
2443 4993 2602 5034 nemo
2648 4976 2793 5032 aliud
2835 4977 3125 5048 quidquam
3168 4976 3460 5047 respiceret
3498 4975 3604 5029 nisi

2000 5062 2456 5140 lucra'crudclia,
2515 5081 2624 5128 tum
2664 5086 2797 5127 vero
2853 5070 3050 5125 Christi
3098 5078 3153 5124 et
3205 5068 3297 5123 Dei
3350 5067 3597 5122 Pontifex

2001 5167 2211 5239 plebem
2244 5181 2350 5221 uno
2382 5165 2433 5220 in
2465 5165 2585 5229 loco
2630 5173 3007 5235 congregatam
3048 5160 3229 5216 vivido
3257 5160 3467 5239 hortatu
3497 5160 3597 5213 atl-

1999 5236 2150 5317 duxit
2207 5269 2263 5314 ut
2321 5259 2537 5330 pietatis
2576 5257 2750 5314 ofﬁcia
2781 5272 2887 5312 nou
2938 5257 3110 5312 solum
3163 5254 3215 5309 in
3265 5236 3598 5309 domesticos

2000 5352 2142 5418 fidei,
2174 5351 2267 5408 sed
2291 5351 2343 5406 in
2379 5352 2524 5422 ipsos
2552 5351 2713 5408 etiam
2738 5349 2981 5405 ettmicos
3003 5345 3345 5411 conferrent;
3378 5359 3441 5399 ac
3469 5344 3600 5400 cha-

1998 5447 2156 5504 ritatc
2182 5444 2541 5501 inflammatus
2568 5459 2631 5501 ea
2662 5442 2796 5499 dixit
2823 5458 2962 5513 qum,
3009 5440 3053 5494 si
3103 5458 3121 5492 ι
3152 5438 3380 5511 gentiles
3408 5438 3599 5494 audire

2000 5540 2340 5610 potuissent,
2399 5536 2475 5591 ait
2523 5536 2765 5601 Pontius,
2791 5533 3012 5590 forsitan
3039 5531 3220 5587 statim
3241 5530 3542 5586 crederent.
3572 5550 3590 5581 ι

2001 5630 2288 5690 Distributa
2317 5636 2441 5688 iniit
2466 5645 2596 5700 ergo
2621 5628 2876 5685 continuo
2901 5641 2999 5698 pro
3024 5624 3279 5696 qualitate
3316 5621 3596 5679 hominum

2001 5734 2160 5797 atque
2184 5722 2429 5781 ordinum
2466 5722 2786 5780 ministeria.
2814 5722 2964 5780 Multi
2990 5725 3078 5795 qui
3096 5722 3341 5796 angustia
3363 5729 3598 5793 pauper-

2000 5821 2127 5879 tatis
2157 5820 2415 5879 beneficia
2443 5829 2691 5892 sumptus
2717 5832 2974 5880 exercere
3012 5830 3129 5875 non‘
3159 5822 3450 5889 poterant,
3490 5812 3610 5885 plus
