4200 6262
497 281 602 340 M7

500 394 806 469 sumptibus
841 389 1197 458 exhibebant;
1225 393 1637 460 conipensantes
1663 387 1884 459 proprio
1913 386 2096 442 labore

505 491 814 548 mercedem
842 486 1038 542 divitiis
1064 483 1318 539 omnibus
1345 478 1669 539 eharidrem.
1700 480 1886 537 Fiebat
1923 481 2104 551 itaque

509 580 920 638 exuberantium
971 592 1193 648 operum
1230 575 1476 647 largitate
1518 574 1664 646 quod
1692 573 1892 629 bonum
1913 583 1995 630 est
2036 571 2104 628 ad

508 691 722 741 omnes,
770 688 875 727 non
905 671 971 726 ad
1001 671 1146 727 solos
1172 670 1495 727 domesticos
1530 668 1676 725 ﬁdei.

586 768 732 822 Inter
758 764 852 818 has
874 762 1262 833 persecutionis
1288 770 1341 817 et
1367 760 1534 832 pestis
1558 758 1912 826 calamitates,
1939 755 2109 826 scrip-

516 861 589 916 sit
637 856 932 930 Cyprianus
987 854 1180 910 librum
1226 854 1478 908 adversus
1508 850 1919 914 Demetrianum,
1948 862 2110 919 quem

517 951 746 1008 Pontius
764 948 845 1002 his
871 947 1052 1003 verbis
1076 947 1349 1017 designat:
1383 965 1402 997 ‹
1423 945 1526 1000 Per
1552 959 1712 1015 quem
1738 941 1989 1014 gentiles,
2023 955 2113 995 re-

519 1042 794 1117 percussis
848 1042 901 1097 in
950 1055 1010 1096 se
1050 1041 1114 1095 iis
1156 1053 1276 1110 qua:
1323 1038 1478 1093 nobis
1506 1037 1778 1107 ingerunt,
1831 1034 2115 1088 vinceren-

522 1149 611 1193 tur
641 1138 708 1190 ζ’»
764 1133 1071 1189 Vcntitabat
1110 1132 1175 1187 ad
1201 1131 1523 1204 Cyprianum
1552 1128 1945 1193 Demetrianus,
1978 1142 2121 1182 eutno

527 1245 632 1300 que
687 1226 1004 1299 Cyprianus,
1052 1245 1070 1277 ι
1121 1223 1478 1279 oblatrantem
1533 1221 1794 1276 adversus
1854 1220 2020 1275 Deum
2070 1227 2125 1273 et

524 1320 706 1376 verbis
751 1318 927 1389 impiis
979 1318 1378 1387 obstrepentem
1406 1356 1420 1380 ,
1450 1332 1470 1365 ι
1518 1312 2010 1368 minimcidonemn
2041 1310 2129 1380 ju-

466 1442 469 1445 ι
531 1411 746 1467 dicabat
797 1423 1028 1478 quocum
1086 1405 1523 1477 congrederetur,
1578 1408 1741 1458 t'cum
1790 1416 1889 1457 nec
1934 1401 2130 1457 docere

533 1502 825 1559 indocilem
870 1514 1027 1571 posse
1073 1498 1174 1553 sibi
1204 1496 1497 1561 videretur,
1521 1495 1856 1566 necimpium
1876 1493 2133 1565 religione

533 1594 891 1665 comprimere
922 1634 935 1657 ,
983 1606 1083 1647 nec
1113 1591 1377 1646 furentem
1407 1589 1625 1645 lenitate
1644 1588 1915 1645 cohibere.
1953 1606 1971 1640 ›
2003 1586 2131 1654 Sed,

535 1688 817 1745 cumidem
843 1687 1214 1741 Demetriauus
1235 1684 1505 1739 dictitaret
1530 1701 1549 1736 ι
1575 1683 1717 1754 quod
1739 1683 1880 1739 bella
1897 1682 2138 1738 crebrius

540 1788 794 1852 surgant,
844 1778 986 1849 quod
1040 1778 1189 1843 lues,
1249 1777 1390 1847 quod
1416 1775 1582 1833 fames
1612 1775 1859 1840 smviant,
1891 1774 2140 1847 quodque

541 1872 744 1927 imbres
799 1879 851 1924 et
906 1869 1114 1940 pluvias
1151 1882 1341 1924 serena
1371 1868 1526 1939 longa
1547 1865 1900 1938 suspendant,
1943 1886 1963 1920 ι
1995 1866 2143 1922 Citri-

543 1964 737 2022 stianis
767 1963 1038 2033 imputari,
1073 1970 1251 2016 tacere
1276 1961 1415 2016 ultra
1435 1961 1604 2017 noluit
1623 1961 1945 2034 Cyprianus;
1966 1973 2045 2028 ae,
2077 1974 2145 2015 ne

545 2055 816 2109 silentium
869 2053 1183 2108 difﬁdentiae
1237 2067 1342 2107 non
1399 2052 1739 2115 verecundia:
1787 2053 2145 2117 tribueretur,

546 2148 676 2203 huic
726 2146 927 2200 homini
974 2144 1405 2217 respondendum
1454 2159 1576 2200 esse
1603 2142 1775 2212 duxit,
1809 2162 1828 2197 ι
1858 2143 2057 2215 pariter
2096 2151 2150 2199 et

550 2240 764 2295 cmteris
815 2252 950 2309 quos
998 2238 1115 2309 ipse
1168 2238 1387 2293 forsitan
1430 2236 1823 2305 concitaverat,
1866 2247 1922 2292 et
1962 2237 2152 2293 adver-

480 2382 486 2387 .
553 2348 675 2391 smn
732 2332 1067 2387 Christianos
1107 2331 1228 2387 odia
1270 2330 1572 2387 maledictis
1594 2331 1816 2387 vocibus
1836 2333 2154 2390 seminando

555 2426 781 2481 comites
805 2426 905 2481 sibi
935 2427 1114 2496 plures
1140 2425 1335 2482 radicis
1372 2435 1532 2497 atque
1552 2425 1774 2497 originis
1801 2446 1820 2479 ι
1851 2442 1961 2483 sure
1993 2445 2012 2478 ‹
2035 2427 2153 2498 pul-

554 2520 858 2576 lulationci
916 2518 1137 2576 fecerat.
1198 2520 1542 2576 Demonstrat
1610 2521 1771 2592 igitur
1822 2522 2160 2578 calamitates

557 2629 669 2670 non
693 2613 816 2668 inde
841 2614 969 2667 oriri
1000 2612 1144 2683 quod
1175 2613 1339 2668 Deum
1361 2613 1647 2669 Christiani
1670 2615 1866 2681 colant,
1899 2614 1994 2670 sed
2017 2615 2159 2685 quod

563 2718 690 2759 eum
728 2703 949 2775 gentiles
980 2720 1084 2757 non
1111 2703 1318 2770 colant,
1350 2704 1573 2775 ejusque
1600 2705 1836 2760 cultores
1858 2706 2004 2761 omni
2035 2721 2163 2761 cru-

563 2794 737 2850 ciatus
775 2809 971 2865 genere
1022 2803 1335 2864 torqueant:
1377 2796 1618 2865 quamvis
1662 2805 1839 2852 autem
1884 2796 1965 2853 ba:
2024 2797 2168 2853 cala-

567 2888 784 2943 mitates
808 2889 956 2958 ipsos
980 2890 1141 2944 etiam
1169 2888 1507 2945 Christianos
1535 2891 1838 2963 attingant,
1867 2906 1959 2947 cas
1991 2901 2168 2947 tamen

568 2982 701 3037 solis
722 2984 1010 3054 gentilibus
1033 3001 1254 3054 nocere,
1278 3001 1390 3041 non
1415 2986 1731 3042 Christianis
1753 3000 1887 3057 quos
1914 2986 1981 3041 ad
2012 2995 2172 3042 aeter-

568 3089 638 3129 na
676 3075 867 3147 gaudia
912 3077 1228 3147 perducunt.
1279 3077 1589 3133 Lactantius
1616 3079 1690 3151 (ι.
1716 3094 1770 3145 v,
1810 3093 1859 3133 c.
1889 3079 1944 3151 4)
1993 3081 2173 3136 minus

573 3179 857 3234 commode
881 3178 1077 3234 factum
1105 3197 1134 3235 a
1162 3178 1810 3250 Cyprianoexistimavit,
1853 3188 1910 3232 ut
1931 3178 1999 3233 ad
2030 3177 2175 3232 fran-

574 3270 807 3343 gendum
861 3282 916 3326 ct
958 3272 1385 3327 convincendum
1441 3270 1839 3326 Demetrianum
1887 3270 2177 3341 Scriptura:

576 3374 758 3444 potius
786 3388 943 3443 quam
978 3380 1255 3443 poetarum
1286 3378 1340 3424 et
1388 3365 1830 3438 philosophorum
1872 3367 2176 3423 testimonia

583 3467 794 3521 citaret.
811 3463 939 3530 Sed,
961 3471 1317 3535 praeterquam
1339 3461 1480 3533 quod
1499 3460 1815 3516 adhibendae
1832 3470 1984 3516 erant
2005 3459 2180 3531 Sci-ip-

580 3568 736 3623 turre,
799 3566 854 3611 ιιι
892 3557 1016 3626 quid
1061 3553 1348 3610 Christiani
1374 3554 1665 3618 sentirent,
1706 3553 1832 3624 quid
1863 3562 2177 3624 sperarent,

581 3652 639 3706 in
676 3659 925 3720 promptu
952 3656 1129 3712 esset,
1162 3647 1299 3701 inest
1328 3644 1567 3715 profecto
1614 3645 1783 3700 sancti
1814 3645 2043 3716 Spiritus
2070 3652 2179 3699 tes-

585 3742 824 3797 timouiis
871 3749 1012 3795 tanta
1061 3740 1141 3793 vis
1181 3754 1244 3793 ac
1283 3747 1427 3792 tanta
1456 3737 1735 3807 majestas,
1781 3745 1837 3792 ut
1866 3738 1946 3792 vel
1971 3752 2065 3794 eos
2092 3737 2183 3809 qui

582 3837 821 3890 maxime
848 3833 1237 3900 obduruerunt,
1276 3845 1591 3902 permovere
1618 3830 1844 3901 possint.
1872 3828 1892 3902 (
1916 3829 2036 3886 Vid.
2065 3839 2181 3886 not.

582 3929 761 3984 Baluz.
788 3927 807 3998 )

671 4022 822 4076 llunc
869 4020 1059 4074 librum
1111 4018 1162 4073 in
1211 4018 1582 4087 persecutione
1623 4016 1762 4074 Galli
1811 4025 1867 4072 et
1913 4017 2184 4075 Volusiani

511 4181 514 4185 ι
589 4114 847 4182 scriptum
883 4126 1002 4167 esse
1033 4119 1177 4181 patet
1204 4125 1270 4167 ex
1295 4110 1596 4166 testimonio
1616 4109 1814 4176 Punlii,
1838 4112 1927 4180 qui
1952 4126 2072 4166 eum
2100 4127 2186 4167 re-

590 4214 779 4260 censet
825 4206 965 4259 inter
1015 4204 1180 4261 libros
1216 4204 1278 4258 de
1311 4203 1489 4269 ansis
1531 4212 1585 4259 et
1615 4204 1677 4282 de
1710 4200 1917 4259 Unitate
1948 4203 2188 4259 Ecclesia:

588 4309 709 4370 post
741 4300 882 4355 Decii
927 4300 1354 4370 persecutionem
1393 4298 1643 4369 scriptos,
1670 4308 1724 4355 et
1753 4298 1947 4354 librum
1987 4299 2049 4354 de
2080 4298 2187 4353 Ρα-

595 4392 791 4460 tientia,
823 4392 912 4462 qui
942 4391 1369 4461 persecutionem
1396 4389 1659 4446 Valeriani
1689 4393 1997 4448 antecessit.
2040 4391 2187 4448 Idem

593 4484 756 4540 etiam
794 4484 937 4540 efﬁci
962 4493 1141 4554 potest
1164 4498 1231 4540 ex
1280 4483 1368 4540 his
1394 4484 1570 4540 verbis
1608 4484 1863 4557 Cypriani
1894 4484 1971 4558 (p.
2016 4483 2186 4556 22f):

598 4595 618 4628 ι
654 4576 725 4634 Ut
767 4577 1056 4633 memorias
1105 4586 1378 4634 taceamus
1422 4575 1689 4647 antiquas,
1743 4588 1795 4633 et
1836 4577 2065 4633 ultiones
2094 4593 2192 4648 pro

592 4668 892 4725 cultoribus
945 4667 1037 4724 Dei
1083 4682 1229 4739 sarpe
1267 4668 1525 4740 repetitas
1567 4668 1715 4725 nullo
1778 4669 1923 4725 vocis
1986 4686 2191 4741 praceu-

591 4763 688 4823 nio
736 4760 1075 4816 revolvamus
1096 4801 1111 4825 ,
1153 4760 1533 4816 documentum
1568 4760 1797 4817 recentis
1827 4762 1901 4817 rei
1927 4762 2057 4817 satis
2087 4771 2188 4830 est,

596 4853 739 4924 quod
791 4853 870 4909 sic
933 4850 1186 4909 celeriter
1233 4853 1483 4925 quodque
1527 4855 1580 4908 in
1635 4863 1779 4908 tanta
1810 4853 2086 4910 celeritate
2115 4855 2193 4912 sic

597 4945 877 5017 granditer
916 4958 1088 5015 nuper
1138 4954 1320 5001 secuta
1366 4945 1607 5002 defensio
1644 4955 1743 5013 est,
1789 4946 1956 5002 ruinis
1986 4964 2190 5018 rerum,

595 5039 821 5110 iacturis
862 5052 1062 5109 opum,
1110 5036 1392 5108 dispendio
1419 5039 1668 5106 militum,
1699 5039 2052 5096 diminutione
2079 5056 2195 5097 eas-

596 5140 875 5187 trorum.»
953 5128 1254 5200 Legebatur
1325 5130 1382 5186 in
1432 5131 1801 5201 superioribus
1829 5130 2192 5204 editionibus,

601 5241 623 5274 ι
659 5221 827 5277 ruinis
864 5235 1050 5292 regum
1080 5259 1097 5290 ,
1141 5240 1161 5275 ι
1217 5222 1411 5294 quibus
1464 5223 1641 5279 verbis
1691 5225 1883 5280 Decios
1929 5225 2194 5296 designari

602 5312 978 5368 existimarunt
1005 5311 1221 5369 eruditi.
1252 5314 1381 5383 Sed,
1408 5314 1652 5386 quamvis
1680 5316 1928 5372 Baluzius
1954 5332 2019 5372 ex
2046 5326 2194 5373 vete-

599 5419 722 5461 rum
753 5402 999 5460 codicum
1028 5406 1346 5464 auctoritate
1399 5408 1636 5479 posuerit
1688 5426 1707 5461 ι
1729 5409 1899 5465 ruinis
1942 5425 2143 5477 rerum,
2171 5430 2192 5463 ι

597 5512 705 5554 non
730 5497 907 5553 minus
934 5498 1214 5556 manifesta
1237 5499 1529 5573 descriptio
1550 5512 1841 5559 esteorum
1870 5519 1989 5575 quae
2027 5504 2198 5560 Deciis

599 5592 671 5649 ob
701 5599 924 5647 vexatos
952 5588 1289 5649 Christianos
1321 5606 1637 5664 evenerunt,
1677 5613 1776 5654 nec
1812 5596 1995 5653 referri
2027 5606 2200 5669 potest

606 5683 674 5739 ad
701 5682 1004 5740 Gordiauos
1051 5693 1143 5741 aut
1189 5686 1507 5761 Philippos,
1559 5689 1650 5762 qui
1702 5690 2039 5764 Christianos
2091 5706 2197 5750 non

591 5781 721 5837 sunt
746 5776 1034 5847 persecuti.
1594 5778 1597 5781 ’

1749 268 1913 329 VWA
1948 266 2192 329 SANCTl
2235 263 2576 324 CYPRIANL

3703 260 3810 319 MS

2287 383 2684 440 Demetrianum
2724 393 2886 453 quem
2934 376 3234 453 Cyprianus
3282 374 3508 449 refellit,
3538 377 3630 435 alii
3680 393 3812 451 pro-
3911 435 3915 439 .

2210 479 2488 535 consulem
2546 477 2776 545 Africae,
2828 476 2919 532 alii
2970 491 3136 533 unum
3198 490 3266 532 ex
3318 475 3589 547 iudicibus
3650 475 3817 532 fuisse

2210 571 2413 642 opinati
2456 579 2602 626 sunt.
2654 568 2991 625 Crediderim
3041 567 3220 639 potius
3264 583 3430 625 unum
3475 569 3709 640 aliquem
3749 583 3817 624 ex

2216 662 2471 735 snphistis
2494 662 2690 728 fuisse;
2740 660 2901 732 idque
2928 659 3060 716 satis
3089 659 3421 731 persuadent
3461 660 3666 716 crebra:
3693 674 3818 716 eum

2213 755 2484 828 Cypriane
2528 750 2944 825 disputationes,
2994 753 3280 810 calumnia:
3312 754 3365 810 in
3395 752 3737 811 Christianos
3766 763 3823 809 et

2219 848 2622 905 criminationes
2665 861 2799 919 quas
2828 847 2878 902 ei
2907 846 3199 916 exprobrat
3242 845 3568 918 Cyprianus,
3623 859 3824 917 nequa-

2228 959 2385 1015 quam
2418 943 2658 998 indieans
2686 951 3004 1013 potestatem
3025 957 3151 998 eum
3178 943 3318 999 mala
3344 944 3446 1000 hac
3490 952 3670 1002 mente
3691 958 3824 999 cou-

2226 1038 2466 1108 juuctam
2498 1035 2682 1091 fuisse.
2722 1036 3011 1107 Decepisse
3041 1035 3283 1091 erudit-os
3309 1036 3561 1093 homines
3578 1022 3828 1092 videntur

2233 1130 2346 1183 ltmc
2373 1127 2532 1183 verba
2572 1127 2648 1202 (p.
2671 1126 2833 1199 9.19):
2873 1146 2892 1179 ι
2915 1126 3015 1195 Qui
3047 1128 3181 1182 alios
3202 1127 3432 1198 judieas,
3463 1127 3749 1199 aliqdaudo
3770 1137 3826 1184 et

2230 1228 2285 1274 tu
2322 1224 2440 1275 esto
2490 1219 2564 1274 tui
2605 1218 2789 1289 judex.
2816 1237 2838 1271 ι
2885 1217 2995 1274 Sed
3052 1219 3169 1274 hrcc
3206 1219 3273 1274 ad
3309 1218 3570 1290 judicium
3613 1219 3829 1276 forense

2230 1328 2336 1368 non
2397 1311 2685 1382 pertinent,
2737 1324 2840 1366 nec
2890 1310 3301 1367 Demctrianum»
3334 1311 3650 1367 nominatim
3705 1311 3837 1382 petit

2232 1403 2559 1477 Cyprianus,
2590 1403 2681 1459 sed
2702 1404 2997 1474 generatim
3026 1404 3276 1474 gentiles,
3306 1404 3520 1475 quibus,
3554 1414 3611 1461 ut
3637 1404 3836 1461 ibidem

2236 1491 2605 1569 ait,‘vaeabat
2639 1500 2818 1554 «inter
2864 1499 2978 1569 ipsa
3033 1499 3259 1554 adversa
3287 1499 3457 1554 malos
3503 1514 3646 1567 esse,
3686 1507 3745 1555 et
3783 1500 3838 1555 in

2238 1591 2491 1662 periculis
2532 1590 2694 1647 tantis
2768 1605 2877 1647 non
2922 1591 2992 1648 de
3032 1606 3091 1647 se
3140 1592 3310 1664 magis
3334 1592 3429 1648 sed
3458 1592 3527 1648 de
3570 1594 3843 1664 alteroju-

2240 1685 2444 1741 dicare.
2493 1703 2515 1739 ι
2569 1683 2753 1755 Neque
2827 1683 2988 1739 etiam
3054 1684 3123 1739 ad
3178 1684 3577 1741 Demetrianum
3629 1685 3850 1757 proprie

2242 1783 2488 1846 spectant
2514 1775 2631 1831 huic
2658 1775 2820 1831 verba
2848 1777 2929 1847 (p.
2952 1774 3121 1849 230):
3150 1795 3170 1829 ‹
3201 1775 3485 1845 lnnoxios,
3511 1778 3709 1848 justus,
3740 1777 3852 1833 Deo

2245 1869 2442 1925 charos
2471 1869 2634 1925 domo
2676 1868 2875 1940 privas,
2914 1870 3237 1957 patrimonio
3261 1870 3483 1941 spolias,
3504 1873 3711 1928 catenis
3732 1886 3854 1943 pre-

2250 1962 2387 2030 mis,
2429 1977 2644 2019 carcere
2701 1962 2933 2019 includis
2960 2003 2977 2030 ,
3014 1962 3224 2032 gladio,
3280 1963 3491 2032 bestiis,
3524 1965 3733 2035 ignibus
3755 1980 3853 2035 ptr-

2253 2055 2340 2110 nis
2363 2097 2378 2122 ,
2407 2063 2540 2123 etc.,
2574 2076 2594 2109 ι
2636 2056 2733 2112 sed
2759 2057 3058 2128 generatim
3098 2056 3164 2112 ad
3191 2071 3381 2113 omnes
3400 2058 3676 2124 ethnicos,
3699 2072 3858 2130 quos,
3905 2108 3908 2115 ,

2255 2158 2312 2204 ιιι
2342 2148 2459 2205 ﬁeri
2486 2148 2625 2205 solet
2671 2149 2724 2204 in
2769 2150 3035 2219 ejusmodi
3076 2149 3444 2218 orationibus,
3486 2165 3629 2206 nunc
3672 2150 3858 2222 singu-

2257 2242 2359 2298 lari
2418 2257 2678 2311 numero,
2734 2257 2877 2298 nunc
2918 2243 3111 2314 plurali
3163 2244 3473 2315 alloquitur.
3520 2244 3687 2300 Paulo
3740 2255 3868 2301 ante
3944 2232 3949 2239 ’

2259 2337 2508 2406 dicebat:
2559 2356 2578 2389 ‹
2603 2336 2795 2393 Adhuc
2824 2338 3046 2409 insuper
3075 2339 3167 2393 Dei
3195 2353 3384 2394 servos
3409 2347 3463 2394 et
3492 2339 3758 2408 maiestati
3806 2353 3870 2393 ac

2261 2430 2465 2485 nomini
2494 2431 2609 2500 ejus
2643 2430 2848 2487 dicatos
2877 2431 3089 2502 injustis
3116 2431 3577 2501 persceutionibus
3605 2430 3864 2502 fatigatis.

2265 2522 2407 2577 Satis
2461 2538 2565 2578 non
2595 2516 2691 2578 est'
2720 2522 2864 2594 quod
2912 2524 3026 2593 ipse
3058 2532 3113 2577 tu
3146 2524 3310 2580 Deum
3341 2538 3446 2579 non
3492 2524 3658 2590 colis,
3692 2522 3871 2579 adhuc

2267 2616 2486 2685 insuper
2510 2629 2603 2672 eos
2630 2615 2720 2686 qui
2749 2615 2934 2672 colunt
2969 2614 3228 2687 sacrilega
3285 2615 3623 2672 infestatione
3673 2629 3867 2686 perse-

2268 2709 2472 2779 queris.
2498 2728 2519 2761 ι
2962 2696 2972 2704 ’
3572 2716 3581 2725 ·

2342 2800 2597 2871 Cypriani
2623 2800 2935 2858 hortatibus
2961 2816 3190 2857 accensa
3241 2802 3396 2874 plebs
3437 2802 3878 2873 Carthaginiensis

2274 2892 2504 2947 libenter
2528 2892 2849 2964 arripiebat,
2895 2894 2941 2949 si
2970 2908 3074 2965 qua
3097 2910 3157 2951 se
3182 2894 3334 2950 daret
3355 2896 3566 2951 occasio
3587 2894 3875 2951 charitatis

2274 2988 2613 3045 exercendae.
2667 2989 2821 3058 Quod
2862 2998 2975 3044 tum
3013 2990 3247 3046 maxime
3274 2990 3565 3047 declaravit
3602 3005 3725 3047 cum
3779 3006 3880 3046 oc-

2280 3091 2333 3137 to
2356 3081 2618 3137 Numidite
2661 3081 2897 3153 episcopi
2927 3082 3247 3153 gravissimo
3271 3097 3399 3139 casu
3441 3084 3680 3161 perculsi
3730 3080 3877 3152 quod

2279 3177 2463 3248 plures
2482 3176 2818 3233 Christianos
2843 3191 2874 3231 e
2904 3175 3149 3232 Numidia
3172 3218 3187 3244 ,
3218 3177 3269 3231 in
3300 3176 3386 3232 his
3415 3177 3642 3247 virgines
3662 3176 3885 3231 Christo

2284 3270 2524 3337 dicatas,
2563 3270 2777 3326 barbari
2809 3269 3187 3337 abduxiSsent,
3228 3285 3385 3341 opem
3415 3269 3662 3342 Cypriani
3693 3269 3884 3338 implo-

2282 3371 2491 3420 rarunt.
2539 3364 2675 3418 Tum
2716 3377 2849 3417 vero
2872 3363 3174 3418 communis
3203 3363 3445 3417 ecclesia:
3476 3361 3883 3431 Carthaginiensi

2285 3456 2516 3527 injectus
2550 3475 2571 3509 ι
2593 3469 2794 3512 maeror
2822 3463 2983 3526 atque
3019 3455 3285 3509 cruciatus
3334 3452 3401 3509 de
3447 3452 3684 3523 periculo
3717 3451 3886 3520 virgi-

2288 3564 2447 3616 num,
2508 3563 2606 3619 pro
2645 3548 2838 3619 quibus
2892 3561 2998 3603 non
3052 3554 3256 3601 tantum
3293 3545 3555 3601 libertatis
3580 3546 3675 3599 sed
3705 3554 3758 3599 et
3790 3560 3888 3613 pu-

2286 3640 2434 3696 doris
2483 3640 2691 3710 jactura
2739 3637 2987 3695 deﬁenda
3029 3658 3049 3691 ι
3128 3637 3465 3693 videbantur.
3546 3636 3889 3707 Quapropter

2294 3752 2313 3786 ι
2355 3741 2598 3804 prompte
2616 3746 2802 3787 omnes
2828 3743 2882 3788 et
2905 3732 3132 3787 libenter
3146 3747 3210 3786 ac
3227 3731 3445 3802 largiter
3467 3731 3703 3786 subsidia
3723 3748 3850 3786 num
3871 3761 3886 3771 ο

2289 3827 2456 3881 maria
2514 3822 2770 3880 fratribus
2822 3825 3161 3903 contulerunt
3200 3865 3214 3889 ,
3264 3834 3480 3895 semper
3528 3824 3743 3894 quidem
3797 3840 3889 3877 se-

2290 3917 2522 3974 cundum
2567 3916 2691 3971 ﬁdei
2749 3932 2860 3972 sure
2916 3916 3220 3971 firmitatem
3271 3915 3337 3971 ad
3376 3926 3513 3988 opus
3555 3917 3650 3971 Dei
3698 3919 3889 3989 proni,

2291 4023 2433 4065 nunc
2474 4017 2683 4072 tamen}
2742 4008 2817 4062 ait
2852 4008 3179 4080 Cyprianus;
3219 4008 3388 4078 magis
3438 4009 3502 4063 ad
3552 4023 3713 4079 opera
3749 4009 3891 4063 silu-

2294 4103 2425 4158 taria
2465 4102 2918 4172 contemplatione
2970 4087 3098 4156 tanti
3144 4101 3345 4157 doloris
3394 4104 3625 4156 accensi.
3650 4121 3671 4156 ι
3710 4102 3895 4172 Scrip—

2292 4199 2362 4253 sit
2415 4199 2597 4268 itaque
2662 4196 2961 4268 Cyprianus
3030 4195 3324 4265 Epistulam
3392 4208 3457 4250 ιχ
3510 4196 3576 4248 ad
3628 4196 3893 4266 episcost

2296 4292 2592 4359 Numidica,
2623 4306 2686 4345 ac
2710 4292 2856 4345 misit
2886 4309 2905 4343 ι
2927 4289 3180 4346 sestercia
3211 4297 3423 4345 centum
3455 4289 3615 4345 millia
3655 4305 3897 4344 nummo.

2294 4404 2412 4443 rum
2445 4429 2461 4455 ,
2505 4387 2634 4442 cleri
2666 4393 2721 4440 et
2750 4383 2918 4454 plebis
2946 4383 3231 4455 collatione
3259 4382 3502 4439 collecta.
3525 4399 3545 4433 ›
3594 4379 3765 4452 Rogat
3795 4397 3891 4436 eos

2296 4489 2511 4540 sanctus
2538 4481 2669 4537 Mart
2676 4494 2739 4553 yr
2763 4488 2820 4535 ut
2838 4522 2853 4547 ,
2876 4480 2919 4534 si
2951 4480 3074 4550 quid
3107 4478 3215 4534 tale
3238 4477 3491 4548 deinceps
3518 4478 3810 4544 acciderit,
3838 4478 3890 4533 id

2298 4581 2416 4636 sine
2446 4592 2594 4634 mora
2622 4591 2719 4649 per
2744 4576 2947 4630 litteras
2985 4574 3251 4640 nuntient,
3291 4591 3311 4626 ι
3330 4587 3428 4645 pro
3454 4581 3604 4629 certo
3628 4572 3894 4628 habentes

2298 4672 2581 4730 ecclesiam
2639 4670 2656 4743 (
2697 4667 3206 4740 Carthaginensem)
3263 4676 3320 4723 et
3362 4666 3744 4723 fraternitatem
3775 4667 3898 4721 tini-

2300 4781 2510 4822 versam
2566 4778 2636 4820 ne
2676 4762 2792 4817 ha‘c
2840 4762 2974 4817 ultra
3027 4761 3151 4815 ﬁant
3185 4759 3436 4830 precibus
3475 4758 3660 4823 orare;
3691 4758 3735 4812 si
3759 4756 3896 4813 facta

2298 4858 2533 4924 fuerint,
2578 4854 2809 4911 libenter
2876 4862 2930 4908 et
2980 4852 3199 4922 largiter
3273 4850 3508 4907 subsidia
3565 4859 3837 4920 prscstarc.
3873 4868 3892 4902 ι

2302 4951 2551 5008 Subdidit
2577 4950 2739 5005 etiam
2781 4947 3080 5020 Cyprianus
3132 4947 3350 5002 nomina
3414 4945 3746 5018 singulorum
3799 4945 3896 5015 qui

2302 5048 2370 5103 ad
2417 5046 2521 5103 hoc
2544 5061 2680 5118 opus
2724 5053 2831 5100 tam
2864 5042 3227 5099 necessarium
3265 5047 3515 5113 prompte
3556 5054 3620 5095 ac
3671 5038 3902 5094 libenter

2302 5139 2512 5211 operati
2542 5136 2786 5203 fuerant,
2829 5146 2887 5190 ut
2936 5134 3016 5189 eis
3046 5133 3285 5204 episcopi
3336 5133 3508 5188 vicem
3555 5130 3680 5187 boni
3717 5131 3896 5201 operis

2304 5230 2357 5286 in
2413 5214 2693 5287 sacriﬁciis
2746 5238 2802 5284 et
2851 5226 3105 5297 precibus
3156 5231 3641 5296 repraesentarent;
3695 5222 3790 5279 sed
3846 5231 3900 5278 et

2302 5323 2630 5394 collegarum
2657 5332 2711 5376 et
2749 5317 3196 5374 consacerdotum
3216 5360 3231 5384 ,
3272 5316 3358 5389 qui
3379 5326 3434 5373 et
3454 5316 3553 5387 ipsi
3574 5358 3589 5385 ,
3618 5330 3738 5371 cum
3764 5330 3901 5387 pra:-

2304 5428 2487 5475 seutes
2534 5422 2751 5481 essent,
2804 5422 2858 5468 et
2901 5426 3002 5468 suo
3045 5420 3100 5468 et
3129 5411 3300 5483 plebis
3345 5425 3456 5465 sua:
3496 5409 3714 5464 nomine
3759 5423 3903 5480 qua»

2307 5516 2431 5571 dam
2501 5526 2597 5583 pro
2662 5508 2867 5565 viribus
2937 5506 3306 5572 contulerant,
3374 5503 3593 5560 nomina
3660 5501 3897 5564 addidit,

2306 5619 2604 5677 eorumque
2680 5598 2977 5658 summulas
3033 5597 3355 5672 signiﬁcavit
3418 5606 3472 5653 et
3541 5595 3708 5651 misit.
3783 5593 3903 5650 llmc

2308 5698 2630 5761 Pearsonius
2654 5695 2945 5767 contigisse
2962 5702 3115 5767 putat
3133 5693 3286 5750 initio
3313 5694 3437 5749 anni
3465 5692 3595 5759 253,
3618 5703 3742 5748 cum
3770 5685 3902 5744 Galli

2313 5791 2633 5869 negligentia
2664 5788 2907 5849 bat-naris
2935 5788 3241 5848 nationibus
3276 5787 3329 5845 in
3376 5787 3742 5844 humanorum
3772 5779 3902 5838 ﬁnes
