4172 6264
355 281 467 359 549

354 407 537 473 Mittis
583 414 811 480 pateret,
862 407 1001 474 Illud
1051 408 1243 470 saltem
1285 409 1492 467 videtur
1539 412 1704 468 statui
1765 428 1954 481 posse,

357 499 498 563 banc
532 500 816 572 epistulam
873 510 993 571 post
1040 501 1466 572 persecutionem
1510 503 1655 559 Decii
1699 505 1953 574 scriptam

357 593 546 659 fuisse.
580 593 637 657 Si
661 591 787 665 quis
808 593 953 655 enim
998 593 1193 655 librum
1223 596 1289 651 de
1312 594 1499 666 Lapsis
1532 611 1657 653 cum
1695 597 1795 652 bac
1810 598 1955 668 epis-

360 686 473 751 tola
511 685 788 755 conferat.
836 684 999 751 facile
1038 686 1297 759 intelliget
1325 687 1773 760 Carthagiueuses
1802 689 1881 746 sic
1904 697 1960 745 et

356 778 741 854 persecutione
784 788 1134 851 expurgatus,
1174 789 1229 843 et
1254 780 1399 839 curis
1441 795 1506 837 ac
1540 780 1815 838 laboribus
1855 781 1958 853 Cy-

357 862 538 947 priani
567 873 877 939 immutatos
916 870 1085 931 fuisse
1104 914 1123 940 ,
1148 881 1207 930 ut
1243 872 1464 931 eosdem
1490 888 1613 930 esse
1638 874 1727 930 vix
1769 889 1962 945 agnus‘

355 965 655 1034 estNam.
688 980 813 1027 cum
853 974 1011 1025 antea
1050 966 1313 1037 plurimos
1349 965 1403 1023 in
1446 965 1545 1022 hac
1579 965 1805 1023 ecclesia
1844 966 1961 1024 dis-

360 1061 595 1123 turuitas
659 1059 809 1132 pacis
876 1059 1240 1130 corrupisset,
1319 1067 1374 1117 et
1412 1060 1747 1131 ,patrimouii
1811 1076 1962 1119 amor

358 1149 669 1213 sacriﬁcare
696 1149 1001 1211 simulacris
1030 1149 1320 1223 adegisset,
1336 1167 1479 1209 nttnc
1504 1168 1715 1220 omnes,
1739 1163 1962 1225 accepto

359 1245 447 1307 rei
479 1246 532 1307 in
573 1243 827 1307 Numidia
876 1255 1043 1317 gestae
1073 1246 1280 1315 nuntio,
1323 1247 1695 1318 captivitatem
1735 1246 1962 1307 fratrum

360 1352 515 1399 suam
557 1346 905 1410 computant,
933 1352 1126 1395 omnes
1156 1339 1395 1410 periculo
1438 1338 1707 1410 virginum
1734 1350 1964 1397 moerent

360 1440 419 1489 et
470 1430 879 1499 excruciantur,
930 1445 1122 1489 clunes
1164 1432 1230 1487 ad
1284 1431 1597 1488 redimenda
1644 1433 1739 1488 Dei
1767 1433 1963 1504 templa

359 1526 609 1587 certatim
639 1540 773 1598 epes
810 1540 937 1583 suas
982 1526 1298 1593 effundunt,
1341 1542 1531 1587 omnes
1563 1537 1852 1607 precantur
1894 1544 1964 1586 ne

362 1618 483 1679 haec
510 1619 643 1677 ultra
668 1620 827 1689 iisut;
862 1619 980 1691 sed,
1002 1620 1049 1677 si
1082 1618 1222 1683 facta
1248 1619 1472 1690 fuerint,
1503 1620 1732 1678 libenter
1768 1628 1824 1677 et
1853 1621 1961 1676 lar-

359 1713 501 1785 giter
541 1712 779 1773 subsidia
834 1713 1174 1785 promittunt.

356 1873 594 1935 XXVIII.
620 1891 779 1939 —-_-nu
817 1890 982 1935 ustus
1021 1889 1092 1930 ur
1134 1873 1406 1937 srtsroLis
1433 1887 1562 1933 rosr
1599 1888 1962 1937 psusucu'rto-

429 1983 545 2025 NEI
579 1983 817 2031 SCRIP'I'IS
860 1983 955 2026 SUB
992 1983 1297 2033 γΑιειιιΑμο
1346 1984 1522 2039 ATQUE
1565 1986 1616 2035 l8
1656 1984 1958 2035 PRIMOBDIIS

429 2076 694 2125 srsrusm
731 2078 908 2131 ram,
934 2077 1073 2129 sane
1096 2062 1206 2127 255
1236 2077 1305 2125 ετ
1331 2062 1459 2123 254.

426 2205 547 2262 Neu
575 2204 749 2261 multo
773 2215 895 2277 post
921 2203 1069 2261 Lucil
1095 2205 1433 2279 martyrium,
1452 2202 1597 2276 quod
1625 2205 1851 2279 contigit
1875 2207 1963 2266 dic

353 2299 547 2371 quinte
569 2297 749 2354 martii
777 2297 936 2369 hujus
956 2298 1083 2354 anni
1102 2298 1234 2367 255,
1264 2300 1466 2355 electus
1502 2307 1584 2356 est
1619 2299 1958 2372 Stephanus,

353 2392 498 2448 forte
533 2392 658 2464 quia
696 2392 808 2464 jam
856 2400 967 2449 tum
1011 2392 1346 2450 Christianos
1405 2396 1674 2466 respirare
1710 2396 1961 2453 sinebant

352 2495 535 2540 motus
575 2485 625 2540 in
659 2484 883 2556 imperio
908 2484 1145 2541 excitati.
1177 2484 1309 2541 Nam
1340 2502 1527 2542 mense
1549 2488 1720 2556 maio,
1753 2497 1808 2544 ut
1827 2488 1988 2545 doc-.

353 2576 578 2634 tissimis
600 2578 805 2634 criticis
829 2576 1073 2646 videtur,
1120 2577 1253 2634 ultio
1294 2579 1574 2650 sanguinis
1621 2580 1958 2637 Christiano-

349 2695 473 2736 rum
503 2679 557 2734 In
580 2677 739 2735 Gallo
763 2680 977 2748 enituit,
1003 2694 1165 2751 quem
1192 2679 1275 2734 sui
1304 2681 1520 2746 milites,
1543 2697 1664 2737 cum
1692 2682 1962 2754 repellen-

350 2772 427 2827 do
456 2771 786 2837 Emiliauo,
820 2771 911 2842 qui
946 2771 1056 2840 jam
1100 2771 1307 2827 Italiam
1358 2783 1745 2843 occupaverat,
1793 2776 1961 2847 impa-

346 2879 466 2920 rem
497 2862 765 2929 videreut,
797 2862 1025 2932 Imperio
1052 2852 1106 2918 et
1132 2865 1243 2919 vita
1270 2865 1590 2935 spoliarunt.
1615 2868 1747 2922 Cum
1778 2876 1960 2923 autem

346 2954 685 3012 Emilianns
705 2953 822 3029 ipse
849 2955 992 3009 circa
1020 2966 1304 3026 augustum
1339 2971 1579 3012 mensem
1613 2973 1645 3013 a
1677 2958 1959 3027 militibus,

346 3049 442 3121 qui
492 3046 778 3118 imperium
821 3045 1126 3103 detulerant
1190 3048 1402 3104 occisus
1460 3047 1686 3117 inisset,
1737 3052 1962 3122 imperio

348 3142 553 3213 potitus
595 3149 682 3197 est
724 3141 942 3197 nemine
987 3141 1371 3213 interpellante
1411 3143 1760 3213 Valerianus,
1809 3146 1960 3217 cujus

348 3231 603 3303 aequitate
649 3242 704 3289 et
743 3233 942 3288 eximio
980 3232 1159 3289 favore
1188 3250 1397 3290 summa
1437 3250 1538 3306 pax
1572 3236 1828 3294 Ecclesia:
1872 3238 1958 3293 af-

352 3326 519 3382 fulsit.
544 3325 672 3394 Sed,
689 3326 869 3382 sedata
883 3326 1276 3397 persecutimtis
1299 3329 1554 3398 procella,
1587 3332 1752 3401 pestis
1780 3331 1958 3403 ingra-

351 3418 629 3475 vescebat.
675 3419 1038 3486 Quamobrem
1069 3417 1398 3495 Cyprianus,
1446 3436 1567 3475 eum
1618 3422 1958 3479 animadver-

351 3525 490 3571 teret
525 3533 543 3567 ι
581 3516 632 3571 in
659 3516 815 3587 plebe
838 3514 1213 3586 quosdamvel
1246 3513 1609 3572 imbecillitate
1651 3517 1838 3583 animi,
1868 3518 1957 3574 vel

354 3610 480 3665 ιιιΙεὶ
521 3611 807 3680 parvitate,
866 3610 950 3666 vel
1005 3609 1288 3665 dulcedine
1343 3609 1616 3665 smcularis
1662 3610 1818 3676 vitro,
1872 3611 1955 3667 vel

350 3717 516 3759 sexus
543 3700 782 3767 mollitie,
810 3701 915 3767 vel,
944 3700 1086 3779 quod
1111 3701 1283 3771 majus
1328 3709 1430 3766 est,
1457 3701 1696 3757 veritatis
1717 3717 1905 3759 errore
1936 3746 1950 3768 ,

356 3795 537 3873 minus
587 3803 732 3850 stare
787 3793 1014 3860 fortiter,
1045 3807 1143 3848 nec
1165 3792 1395 3864 pectoris
1423 3793 1502 3847 sui
1525 3793 1769 3848 divinum
1796 3802 1958 3865 atque

354 3888 614 3943 invictum
642 3887 808 3942 robur
856 3900 1106 3954 exerere,
1138 3904 1157 3938 ι
1204 3901 1310 3941 non
1343 3886 1683 3956 praetermisit
1712 3888 1957 3942 occasio-

354 3996 479 4037 nem
510 3979 767 4036 decenda:
793 3978 1055 4047 veritatis,
1084 3993 1148 4034 ac
1173 3979 1673 4050 przestautissimum
1715 3981 1778 4034 de
1809 3978 1956 4034 Mor-

354 4075 551 4130 talilate
573 4073 770 4128 librum
802 4072 1048 4142 scripsit,
1098 4072 1150 4127 in
1183 4086 1288 4141 quo
1314 4071 1650 4127 demonstrat
1687 4073 1804 4143 ejus
1838 4088 1958 4129 esse

356 4176 589 4221 mortem
617 4164 808 4220 timere
850 4164 938 4234 qui
984 4163 1050 4218 ad
1074 4163 1344 4225 Christum
1397 4164 1475 4219 ire
1523 4165 1678 4229 nolit,
1720 4179 1813 4219 eos
1861 4178 1959 4218 au-

340 4252 464 4313 tem
493 4257 585 4328 qui
613 4272 743 4312 vere
770 4257 820 4311 in
844 4254 1116 4312 Christum
1142 4255 1390 4322 credunt,
1416 4256 1585 4313 lactari
1611 4257 1809 4314 debere
1835 4272 1957 4314 cum

354 4353 422 4407 uti
447 4349 717 4404 Christum
743 4357 1021 4413 vocantur.
1076 4348 1268 4404 Narrat
1296 4351 1608 4420 episcopum
1643 4349 1954 4421 quemdam,

355 4441 445 4511 qui
476 4440 692 4511 petebat
713 4448 770 4495 ut
797 4455 828 4495 e
855 4438 1043 4494 morbo
1074 4439 1358 4505 evaderet,
1391 4440 1706 4510 increpitum
1738 4456 1859 4496 esse
1905 4443 1956 4496 in

356 4534 595 4588 visione:
619 4531 813 4589 «Nobis
840 4548 1054 4603 quoque
1076 4533 1222 4602 ipsis,
1247 4533 1417 4604 inquit
1443 4532 1521 4605 (p.
1549 4533 1702 4606 2M),
1722 4534 1959 4592 minimis

355 4636 407 4681 ct
463 4625 722 4680 extremis
769 4625 982 4696 quoties
1017 4624 1316 4681 rchlatum
1343 4635 1626 4697 est,'quam
1651 4628 1959 4697 frequenter

356 4727 411 4772 et
443 4703 747 4773 'manifeste
802 4718 871 4773 de
922 4716 1013 4773 Del
1058 4716 1367 4788 dignatione
1424 4728 1745 4789 praeceptum
1777 4727 1860 4775 est
1901 4730 1960 4777 ut

356 4816 689 4867 contestarer
726 4808 943 4864 assidue
979 4816 1035 4866 et
1088 4808 1298 4878 publice
1353 4809 1697 4880 prtedicarem
1766 4810 1959 4869 fratres

358 4913 576 4959 nostros
623 4919 730 4959 non
775 4917 895 4960 esse
960 4903 1221 4973 lugendus
1290 4905 1640 4961 accersitione
1680 4905 1957 4963 Dominica

358 4996 427 5055 dc
476 4998 677 5052 smculo
728 4997 1026 5061 liberatos!
1066 5017 1084 5062 ρ
1139 4997 1289 5059 Ilunc
1351 4998 1542 5059 librum
1592 5002 1669 5056 sic
1718 5001 1961 5079 designat

362 5088 585 5145 Pontius
635 5099 755 5163 post
783 5104 920 5171 opus
942 5089 1188 5149 udt’ersus
1218 5089 1441 5151 Gentiles
1470 5103 1521 5151 et
1549 5101 1672 5151 ante
1700 5094 1869 5150 libros
1898 5094 1961 5149 de

346 5181 532 5251 IOpcre
552 5193 598 5236 et
624 5181 966 5255 Elcemasyna
1004 5190 1068 5238 ac
1100 5183 1163 5248 de
1190 5181 1481 5253 Patientia:
1518 5204 1536 5244 t
1571 5186 1617 5247 Α
1655 5202 1760 5261 quo
1799 5183 1958 5243 Citri-

358 5275 516 5329 stiani
562 5275 824 5331 mollioris
870 5273 1092 5331 affectus
1144 5275 1286 5332 circa
1346 5278 1692 5333 amissionem
1738 5294 1959 5334 suorum

358 5379 451 5427 aut
480 5411 496 5436 ,
548 5369 689 5440 quod
718 5369 889 5440 magis
925 5379 1041 5436 est,
1095 5369 1216 5427 ﬁdei
1248 5371 1510 5442 parvioris
1556 5371 1962 5428 consolarentur

359 5477 459 5532 spe
514 5460 836 5519 futurorum.
872 5482 894 5515 ι
945 5463 1190 5534 Scriptus
1234 5464 1447 5521 videtur
1479 5466 1533 5521 in
1567 5480 1700 5536 pace
1727 5469 1828 5520 sub
1862 5465 1961 5520 Va-

364 5554 611 5612 leriane:
653 5554 796 5610 nulla
839 5555 983 5611 enim
1033 5557 1173 5612 inest
1217 5557 1535 5627 significatio
1577 5559 1963 5628 persecutionis

365 5661 487 5707 cum
518 5658 665 5718 poste
692 5648 1018 5719 conjunctm;
1049 5648 1343 5720 quinetiam
1371 5650 1664 5722 Cyprianus
1695 5649 1795 5705 hac
1818 5652 1962 5706 cala-

366 5740 552 5797 unitate
591 5740 928 5799 Christianos
976 5740 1173 5798 armari
1199 5751 1254 5796 et
1283 5744 1573 5812 praeparari
1613 5742 1878 5808 declarat,
1910 5754 1964 5800 ut

367 5833 576 5893 fortiter
602 5851 662 5894 se
704 5846 901 5908 gerant
956 5850 1079 5894 cum
1136 5834 1436 5907 persecutio
1474 5836 1699 5897 venerit.
1739 5855 1757 5893 ς
1793 5837 1962 5895 Exec-

1601 294 1757 353 \’I'IA
1796 294 2041 353 SANC’H
2078 294 2165 355 εἴ
2175 296 2425 357 PRlANI.

3557 306 3661 363 1ὄο

2067 412 2202 469 dunt
2226 428 2355 471 ecce
2401 414 2457 470 in
2514 430 2645 486 pace
2670 456 2685 481 ,
2716 415 2903 487 inruit,
2939 425 3063 473 Inito
3099 432 3221 475 cum
3245 417 3413 491 gloria
3442 434 3536 477 sua
3556 423 3664 478 vir-

2065 512 2356 581 gines.....,
2406 512 2773 570 accenduntur
2839 515 3037 584 tepidi,
3089 518 3529 589 constringuntur
3577 535 3662 575 re—

2065 601 2249 669 missi,
2309 605 2611 663 excitantur
2660 605 2873 677 ignavi,
2922 606 3230 665 desertores
3264 610 3657 681 compelluntur

2068 705 2122 751 ut
2167 695 2427 766 redeant,
2474 698 2708 770 gentiles
2776 708 3043 770 coguntur
3099 709 3156 755 ut
3198 700 3454 767 credant,
3504 712 3656 759 vetus

2067 789 2303 847 Iideiium
2356 792 2585 863 populus
2632 792 2700 849 ad
2733 793 2971 864 quietem
2991 803 3243 862 vocatur,
3274 793 3341 849 ad
3368 794 3538 850 aciem
3570 811 3661 850 re-

2065 897 2194 939 cens
2222 894 2276 939 et
2332 886 2585 956 copiosus
2634 885 2908 941 exercitus
2950 884 3147 941 robore
3184 883 3407 942 fortiore
3452 885 3662 958 colligi—

2066 983 2183 1041 tur,
2225 988 2559 1049 pngnaturus
2637 978 2755 1035 sine
2809 986 2953 1033 metu
3023 979 3212 1035 mortis
3255 994 3377 1035 cum
3423 964 3664 1051 praelium

2066 1072 2306 1137 venerit,
2354 1074 2444 1143 qui
2474 1073 2543 1128 ad
2574 1073 2819 1132 militiam
2876 1083 3116 1144 tempore
3171 1074 3508 1129 mortalitatis
3577 1089 3664 1129 ae-

2064 1162 2225 1218 cedlt.
2274 1182 2294 1217 ›
2336 1164 2471 1220 illnc
2493 1166 2653 1220 etiam
2703 1165 2949 1222 nonnulli
2997 1177 3199 1221 metum
3243 1180 3397 1221 suum
3443 1166 3544 1221 hoc
3573 1181 3665 1222 no-

2067 1254 2212 1310 mine
2276 1255 2675 1325 praetexebat“,
2740 1255 2884 1326 quod
2935 1256 3037 1311 sibi
3102 1256 3268 1326 pestis
3329 1257 3665 1314 occasionem

2067 1352 2307 1423 martyrii
2352 1354 2706 1424 praeriperet;
2753 1370 2855 1425 qua
2895 1354 3243 1410 excusatione
3289 1352 3363 1408 uti
3416 1366 3519 1408 non
3574 1369 3667 1422 po-

2069 1443 2315 1511 tuissent,
2338 1446 2381 1500 si
2405 1461 2505 1517 qua
2531 1453 2657 1502 tunc
2686 1446 2989 1517 persecutio
3013 1444 3218 1502 aditum
3248 1444 3315 1499 ad
3345 1444 3662 1515 martyrium

2065 1538 2384 1609 aperuisset.

2139 1630 2292 1688 Hunc
2325 1642 2504 1689 tamen
2530 1632 2725 1689 librum
2765 1633 2864 1690 sub
2891 1632 3045 1691 Gallo
3082 1633 3340 1703 scriptum
3386 1633 3662 1716 existimat

2067 1724 2423 1793 Pearsonius,
2491 1742 2633 1783 anno
2680 1728 2820 1796 252,
2860 1747 2879 1780 t
2913 1733 3034 1799 quia
3076 1736 3451 1799 argumentum
3481 1728 3548 1783 ab
3587 1730 3667 1783 in-

2064 1825 2242 1874 stante
2293 1820 2666 1889 persceutlone
2721 1828 2775 1875 et
2825 1820 3142 1876 anticlu-isto
3170 1820 3665 1887 venienteductum

2064 1911 2169 1967 late
2195 1914 2535 1985 persequitur
2571 1932 2589 1964 ι
2636 1912 2953 1987 Cyprianus.
3003 1912 3107 1968 Sed
3138 1954 3153 1981 ,
3200 1927 3326 1968 cum
3369 1912 3424 1969 S.
3461 1916 3666 1983 martyr

2061 2003 2374 2074 jamdudum
2399 2005 2645 2061 crederet
2668 2005 2850 2061 mundi
2875 2004 3035 2061 llucni
3058 2015 3112 2061 ct
3137 2004 3434 2061 antichristi
3465 2006 3670 2060 adven-

2067 2105 2179 2152 tum
2206 2098 2406 2154 instarc
2428 2140 2444 2165 ,
2484 2099 2625 2155 hanc
2667 2099 2974 2170 opinionem
3026 2100 3079 2153 in
3107 2099 3218 2169 ipsa
3243 2098 3403 2154 aiam
3430 2112 3563 2170 pace
3584 2114 3668 2153 rc-
3705 2144 3709 2149 .

2067 2192 2235 2248 linere
2260 2192 2477 2261 debuit,
2508 2207 2629 2248 cum
2682 2193 2979 2264 praesertim
3023 2192 3139 2250 lues
3177 2190 3295 2264 qua:
3321 2201 3432 2248 tum
3459 2208 3670 2264 grassa—

2065 2285 2258 2354 batur,
2320 2302 2423 2342 una
2467 2302 2588 2344 esse
2627 2287 2899 2344 videretur
2947 2301 3013 2343 es
3062 2285 3225 2343 rebus
3270 2285 3455 2342 mundi
3506 2286 3667 2342 linem

2063 2379 2453 2436 autecessuris.
2483 2378 2619 2435 illuc
2646 2379 2850 2436 eadem
2897 2379 3083 2435 mundi
3114 2380 3388 2450 peremnia
3426 2388 3481 2436 et
3524 2379 3665 2433 antl.

2064 2474 2249 2529 citristi
2281 2475 2758 2547 appropinquantis
2784 2475 3117 2546 suspiciones
3166 2477 3217 2531 in
3268 2476 3420 2531 libris
3457 2485 3512 2531 et
3548 2475 3660 2543 cpi-

2063 2565 2217 2621 stolis
2242 2576 2361 2637 post
2382 2566 2812 2637 persecutionem
2829 2568 3072 2639 scriptis,
3102 2578 3157 2622 ut
3182 2568 3236 2623 in
3268 2567 3406 2623 libro
3424 2567 3487 2621 de
3517 2566 3664 2622 Unit.

2066 2658 2263 2714 Eccles.
2290 2659 2401 2731 (pp.
2456 2660 2559 2716 I99
2586 2658 2827 2732 θιξοο),
2869 2668 2923 2716 et
2966 2661 3016 2715 in
3069 2661 3305 2732 Epistula
3371 2677 3554 2728 vam,
3604 2662 3669 2715 de

2062 2752 2291 2808 Busilide
2320 2763 2369 2809 et
2396 2754 2728 2828 Martiale(p.
2762 2753 2887 2828 120)
2913 2798 2926 2809 .
2957 2755 3294 2811 Prohabllius
3314 2771 3442 2827 ergo
3470 2764 3553 2811 est
3600 2756 3666 2810 li-

2064 2846 2217 2901 brum
2269 2847 2331 2901 de
2381 2847 2698 2903 Mortalitatc
2745 2848 2845 2907 sub
2903 2848 3191 2905 Valeriano
3242 2849 3497 2919 scriptum
3545 2863 3668 2904 esse

2063 2958 2205 2999 anno
2225 2944 2334 3001 253
2380 2954 2477 3000 aut
2495 2943 2622 3002 ΞΜ.

2136 3035 2300 3092 Liber
2320 3037 2384 3091 de
2412 3036 2580 3107 Opere
2605 3047 2648 3092 et
2677 3036 3022 3107 Eleemesyna
3050 3044 3172 3107 post
3198 3036 3392 3092 librum
3425 3035 3488 3090 de
3524 3033 3669 3089 Mor-

2064 3131 2259 3184 talitate
2283 3145 2313 3184 a
2344 3130 2535 3186 Pontio
2581 3131 2826 3205 proxime
2854 3138 3185 3195 recensetur,
3206 3143 3269 3183 ac
3296 3127 3518 3199 proinde
3564 3129 3665 3181 sub

2063 3223 2352 3279 Valeriano
2398 3224 2630 3294 scriptus
2681 3233 2783 3280 est.
2845 3223 2995 3279 Pacis
3026 3232 3235 3291 tempus
3261 3220 3507 3293 designat
3550 3221 3665 3274 tunc

2061 3318 2183 3374 libri
2215 3318 2523 3374 conclusio:
2557 3340 2576 3371 ‹
2616 3318 2672 3374 Si
2697 3318 2999 3387 expeditos,
3031 3318 3078 3373 si
3104 3317 3329 3380 celeres,
3358 3315 3528 3385 inquit
3556 3314 3662 3386 Cy-

2060 3412 2301 3484 prianus,
2351 3413 2396 3468 si
2435 3412 2490 3467 in
2542 3411 2644 3469 hoc
2694 3412 2875 3483 operis
2914 3426 3085 3483 agone
3114 3418 3395 3468 currentes
3424 3411 3539 3466 dies
3565 3424 3662 3463 nos

2061 3509 2148 3563 vel
2192 3506 2508 3563 redditionis
2561 3507 2642 3562 vel
2674 3505 3063 3578 persecutionis
3083 3503 3367 3571 invenerit,
3393 3517 3654 3573 nusquam

2060 3600 2320 3656 Dominus
2366 3599 2572 3656 meritis
2647 3600 2846 3655 nostris
2913 3600 2981 3654 ad
3024 3599 3302 3669 praemium
3352 3597 3547 3654 deerit.
3601 3597 3656 3651 in

2059 3708 2192 3766 pace
2242 3692 2585 3749 vincentibus
2636 3705 2895 3748 coronam
2944 3690 3224 3746 candidam
3265 3703 3364 3763 pro
3401 3688 3658 3759 cperibus

2061 3787 2247 3855 dabit,
2306 3788 2360 3841 in
2410 3786 2793 3857 persecutione
2823 3798 3143 3857 purpuream
3174 3797 3270 3854 pro
3298 3783 3653 3854 passionege-

2060 3880 2306 3936 minabit.
2348 3899 2367 3931 ι

2134 3973 2214 4028 Ad
2243 3963 2451 4026 initium
2473 3972 2597 4026 anni
2646 3969 2752 4027 234
2782 3971 3011 4026 reiertur
3048 3968 3286 4040 Epistula
3336 3985 3657 4043 Lstx,quam

2064 4066 2133 4121 ad
2163 4065 2478 4122 Florentino:
2500 4065 2799 4138 Pupianum
2828 4067 3044 4140 scripsit
3071 4067 3392 4141 Cyprianus,
3410 4067 3654 4137 cumjzun

2062 4172 2158 4214 sex
2189 4158 2344 4213 annis
2365 4159 2646 4214 ecclesiam
2673 4159 3145 4232 Carthagincnsem
3175 4163 3519 4234 gubernaret.
3553 4164 3656 4217 i’n-

2066 4250 2253 4322 pianus
2288 4251 2378 4306 ille
2402 4260 2529 4306 ante
2556 4236 2984 4324 persecutionem
3028 4253 3079 4309 in
3107 4253 3348 4309 Ecclesia
3390 4254 3562 4309 fuerat
3602 4263 3655 4307 ct

2062 4343 2689 4400 communicaveratcum
2716 4344 3002 4417 Cypriane;
3033 4345 3126 4401 sed
3156 4358 3363 4417 postea,
3394 4345 3653 4400 schisma-

2064 4434 2183 4491 ticis
2208 4451 2269 4491 se
2293 4435 2612 4508 adjungeus,
2641 4456 2659 4489 ‹
2690 4437 2926 4504 infanda,
2958 4439 3152 4508 turpia,
3181 4439 3341 4494 etiam
3369 4437 3657 4508 gentilibus

2062 4528 2393 4585 exsecranda
2424 4569 2438 4595 ,
2487 4547 2506 4581 ι
2539 4529 2607 4585 de
2650 4529 2918 4601 Cypriane
2944 4539 3144 4584 temere
3167 4527 3488 4584 crediderat.
3516 4527 3654 4594 Quin

2062 4622 2230 4678 etiam
2265 4621 2471 4677 litteras
2514 4621 2582 4676 ad
2619 4636 2741 4676 cum
2767 4619 3004 4676 scribere
3030 4633 3194 4674 ausus
3221 4626 3338 4687 est,
3380 4617 3433 4673 in
3464 4619 3657 4690 quibus

2060 4716 2293 4787 judicent
2316 4731 2376 4772 sc
2411 4716 2648 4787 episcopi
2672 4715 2755 4769 sui
2780 4714 3132 4778 constituens,
3160 4712 3372 4768 diccbat
3398 4713 3651 4768 sacerdo-

2064 4818 2143 4864 tes
2183 4807 2414 4864 bumiles
2443 4823 2561 4863 esse
2599 4806 2827 4873 debere,
2855 4804 3163 4875 scrupulum
3189 4804 3289 4860 sibi
3312 4820 3430 4861 esse
3458 4806 3653 4860 tollen-

2068 4903 2192 4960 dmn
2226 4903 2294 4958 de
2323 4904 2503 4958 animo
2528 4904 2580 4957 in
2602 4916 2761 4970 quem
2790 4899 3083 4981 inciderat,
3114 4900 3407 4957 Ecclesium
3436 4911 3656 4971 propter

2061 4997 2385 5070 Cyprianum
2416 4995 2715 5065 portionem
2738 4994 2819 5049 sui
2851 4995 2900 5048 in
2933 4994 3177 5067 disperso
3206 4995 3403 5051 habere
3424 5038 3439 5063 ,
3469 5009 3657 5049 euntes

2063 5090 2296 5161 quicum
2324 5103 2390 5144 eo
2433 5087 2928 5158 communicabaut,
2960 5090 3163 5160 polluto
3190 5090 3332 5145 illius
3369 5103 3464 5145 ore
3490 5090 3660 5160 pollu-

2036 5196 2147 5242 tos
2198 5199 2349 5252 esse,
2406 5193 2462 5241 et
2514 5200 2664 5257 spem
2719 5187 2842 5240 vita).
2894 5194 3110 5242 (eterna:
3159 5187 3658 5245 communicationis

2064 5279 2208 5335 illius
2253 5281 2572 5351 contagione
2604 5281 2920 5351 perdidisse.
2951 5281 3247 5353 Cyprianus
3295 5283 3653 5338 innocentiam

2065 5386 2216 5427 suam
2264 5387 2325 5426 ea
2369 5388 2489 5443 qua:
2513 5373 2825 5443 episcopum
2865 5371 3087 5427 decebat
3131 5372 3391 5441 gravitate
3432 5382 3487 5429 et
3529 5388 3657 5427 cou-

2067 5465 2264 5521 stantia
2288 5465 2562 5533 defendit,
2594 5474 2648 5520 et
2674 5465 2969 5535 impudenti
2995 5463 3338 5521 obtrectatori
3363 5508 3377 5533 ,
3421 5463 3464 5521 si
3492 5476 3657 5520 teme-

2068 5556 2243 5614 ritatis
2268 5567 2322 5612 et
2347 5556 2613 5626 superbiae
2638 5565 2801 5627 atque
2821 5556 3116 5612 insolentia:
3135 5558 3215 5612 vel
3242 5571 3364 5612 sero
3400 5559 3662 5628 pocttitru-

2072 5652 2202 5706 tiam
2232 5665 2392 5721 agerc
2418 5650 2664 5719 cmperit,
2690 5648 2899 5704 veniam
2925 5631 3100 5718 oll‘ert;
3136 5668 3155 5701 ι
3192 5650 3438 5705 Mancnte
3459 5657 3661 5715 tanien,

2067 5741 2275 5813 lnquit,
2324 5741 2467 5812 apud
2524 5755 2622 5797 nos
2644 5740 2839 5795 divina:
2857 5755 3102 5796 censura:
3132 5749 3380 5811 respectu
3416 5748 3470 5795 et
3495 5749 3662 5804 metu,

2069 5843 2128 5892 ut
2185 5838 2330 5907 prius
2368 5834 2649 5893 Dominum
2668 5848 2858 5892 meum
2900 5833 3174 5892 consulam
3221 5848 3289 5890 an
3325 5831 3418 5891 tibi
3450 5846 3580 5904 pace
3612 5849 3663 5888 tu
