4200 6262
518 261 633 319 «151

528 377 646 435 dari
688 386 745 437 et
797 384 852 435 te
893 376 963 434 ad
1017 370 1575 443 communicationem:
1597 371 1858 431 Ecclesiae
1880 386 1994 429 suae
2033 372 2132 428 ad-

526 472 675 529 mitti
718 487 816 529 sua
859 471 1166 529 ostensione
1212 478 1269 527 et
1336 464 1705 525 admonitione
1765 468 2047 539 permittit.
2108 486 2128 521 ι

528 567 610 625 Ex
635 566 721 623 his
742 574 889 636 patet
920 564 1065 620 hunc
1088 563 1364 619 hominem
1420 577 1528 619 non
1556 562 1868 635 epiSCOpum
1930 561 2130 633 fuisse,

529 669 592 716 ut
616 657 857 715 nonnulli
884 656 987 713 sibi
1022 657 1313 723 finxerunt,
1346 655 1444 713 sed
1462 654 1662 713 laicum
1687 653 1942 727 Cypriani
1960 656 2131 727 juris-

530 748 754 810 dictioni
777 747 1113 820 subjectum;
1141 748 1226 805 cui
1255 758 1434 805 tamen
1475 762 1596 804 sese
1617 747 1825 804 nefario
1844 747 2135 804 schismate

529 846 892 902 subtraxerat.
921 843 1032 901 Nec
1060 842 1405 900 verisimilior
1427 857 1633 915 eorum,
1657 842 1843 913 opinio
1889 841 1979 913 qui
2022 841 2133 898 Pn-

528 935 751 1007 pianum
780 933 982 1006 aliquid
1024 936 1077 990 in
1108 934 1485 1006 persecutione
1512 949 1728 1006 passum
1758 948 1880 991 esse
1914 942 2137 990 conten-

530 1032 686 1099 dunt,
705 1029 830 1101 quia
858 1028 988 1086 dicit
1007 1029 1056 1085 ci
1075 1026 1376 1101 Cyprianus
1403 1028 1481 1102 (p.
1506 1027 1667 1100 421):
1702 1047 1722 1079 ι
1751 1027 1829 1084 Ne
1859 1027 2002 1085 forte
2020 1029 2135 1085 cla-

528 1123 707 1180 ritatis
734 1131 790 1179 et
816 1123 1059 1195 martyrii
1087 1123 1163 1179 tui
1183 1122 1417 1194 dignitas
1440 1131 1624 1177 nostra
1652 1121 2137 1179 communicatione

531 1213 850 1270 maculetur.
888 1232 906 1264 ι
968 1214 1036 1269 Et
1086 1230 1138 1285 p.
1184 1213 1317 1269 122:
1356 1231 1375 1265 ι
1413 1212 1723 1269 Persecutio
1747 1212 1892 1269 enim
1914 1214 2136 1270 veniens

536 1316 595 1362 te
639 1304 707 1361 ad
739 1319 1004 1361 summam
1046 1304 1286 1377 martyrii
1309 1303 1690 1361 sublimitatem
1706 1304 1995 1375 provexit,
2051 1320 2138 1360 me

537 1409 721 1456 autem
788 1399 1196 1470 proscriptionis
1251 1413 1420 1455 onere
1488 1397 1755 1469 depressit
1799 1412 1922 1454 cum
1963 1396 2138 1468 publi-

537 1508 602 1549 ce
648 1493 919 1563 legeretur
964 1508 978 1547 :
1032 1492 1086 1548 Si
1117 1492 1239 1562 quis
1294 1499 1439 1548 tenet
1466 1490 1551 1546 vel
1600 1489 1842 1561 possidet
1880 1489 1950 1546 de
1983 1488 2139 1545 bonis

535 1584 741 1642 Ctecilii
776 1583 1028 1656 Cypriani
1092 1583 1330 1656 episcopi
1394 1581 1846 1640 Christianorum.
1897 1601 1917 1635 ι
1949 1580 2058 1638 Sed
2084 1581 2139 1638 in

532 1675 623 1732 his
660 1675 839 1732 verbis
874 1673 1157 1731 manifesta
1195 1683 1278 1730 est
1308 1674 1514 1743 ironia;
1558 1687 1659 1729 nec
1706 1672 1934 1729 absimili
1978 1673 2139 1730 modo

533 1769 824 1841 Dionysius
870 1766 1267 1824 Alexandrinus
1293 1767 1547 1823 Germani
1572 1766 1869 1823 calumnias
1902 1765 2136 1823 refellit:

544 1883 565 1916 ι
598 1862 703 1920 Sed
730 1864 960 1919 fortasse
988 1856 1308 1928 Germanus,
1350 1881 1369 1915 ι
1401 1860 1575 1932 inquit
1614 1860 1758 1932 apud
1783 1860 1983 1917 Euseb.
2016 1859 2136 1933 (lib.

537 1973 634 2024 vn,
674 1972 723 2013 c.
764 1955 879 2026 11),
913 1975 933 2007 ‹
968 1955 1150 2011 multis
1194 1954 1319 2012 fidei
1361 1953 1789 2011 confessionibus
1840 1953 2136 2025 gloriatur,

537 2051 710 2108 multa
754 2049 1048 2122 praedicare
1084 2057 1260 2120 potest
1295 2047 1554 2105 adversus
1608 2062 1667 2103 se
1695 2055 1868 2119 gesta.
1908 2065 1929 2100 ι
1964 2046 2137 2115 Quin-

541 2147 706 2205 etiam
746 2144 947 2201 indicat
991 2142 1290 2216 Cyprianus
1334 2157 1447 2201 non
1488 2139 1793 2197 defuturam
1845 2140 2139 2211 reprehen-

539 2239 681 2296 sioni
709 2237 1011 2305 materiam,
1040 2238 1085 2292 si
1111 2236 1180 2293 de
1197 2235 1360 2292 rebus
1380 2250 1409 2290 a
1430 2234 1672 2305 Pupiano
1690 2234 1743 2289 in
1766 2232 2139 2305 persecutione

542 2345 600 2391 et
640 2334 695 2390 in
721 2347 852 2406 pace
891 2331 1058 2404 gestis
1086 2331 1409 2402 inquiratur.
1448 2347 1467 2382 ι
1502 2327 1579 2384 De
1618 2328 1685 2383 iis
1724 2335 1941 2393 autem,
1965 2325 2142 2397 inquit

545 2427 568 2500 (
596 2443 650 2498 p.
682 2426 849 2497 124),
906 2440 1027 2496 qua:
1056 2432 1113 2480 tu
1136 2422 1293 2495 egisti
1329 2420 1418 2478 vel
1450 2420 1504 2476 in
1535 2418 1910 2492 persecutione
1952 2417 2039 2473 vel
2085 2418 2138 2473 in

542 2535 676 2593 pace
705 2562 722 2589 ,
776 2519 995 2577 stultum
1020 2530 1104 2575 est
1142 2527 1203 2574 ut
1230 2517 1391 2574 velim
1423 2528 1476 2573 te
1495 2514 1777 2587 judicare,
1822 2512 2036 2584 quando
2084 2521 2140 2569 tu

542 2613 964 2687 magisjudicem
993 2621 1043 2669 te
1069 2612 1238 2668 nostri
1258 2610 1626 2667 constitueris.
1667 2628 1686 2661 )
1787 2670 1791 2674 _

617 2707 735 2764 Non
755 2707 975 2764 dubium
1003 2714 1086 2762 est
1110 2705 1238 2778 quin
1267 2704 1321 2760 in
1351 2702 1610 2775 Stephani
1624 2716 1784 2774 papre
1806 2698 2137 2773 primordiis,

545 2816 611 2857 ac
641 2816 771 2872 pace
804 2800 906 2857 sub
942 2799 1227 2859 Valeriano
1276 2797 1490 2870 vigente
1538 2796 1836 2869 Cyprianus
1886 2793 2175 2866 epistolas’

542 2908 685 2948 Lat-1r
735 2900 791 2948 et
831 2908 996 2947 vant
1058 2889 1734 2961 scripserit..Sexagesimzc
1755 2887 2001 2959 septimm
2023 2885 2143 2941 haec

539 2984 644 3041 fuit
671 2983 883 3040 occasio
916 3002 927 3039 :
961 2983 1286 3053 Marcianus,
1309 2982 1641 3041 Arelatensis
1669 2980 1989 3053 episcopus,
2015 2995 2141 3035 cum

540 3090 606 3132 se
624 3076 919 3133 Novatiano
939 3075 1275 3148 adjunxisset
1299 3086 1461 3147 atque
1488 3076 1556 3132 ab
1576 3075 1837 3132 Ecclesiae
1859 3074 2142 3131 catholica:

542 3169 749 3224 unitate
776 3168 1132 3234 discessisset,
1152 3169 1323 3224 servis
1343 3167 1437 3223 Dei
1461 3167 1841 3238 ptenitentibus
1868 3176 1924 3224 et
1949 3167 2140 3224 dolen-

541 3263 686 3319 tibus
713 3270 767 3316 et
789 3261 1084 3317 Ecelesiam
1127 3260 1379 3333 lacrymis
1408 3271 1460 3316 et
1486 3261 1686 3332 gemitu
1714 3270 1772 3317 et
1792 3261 1994 3327 ,dolore
2025 3262 2145 3332 pul-

541 3352 786 3410 santibus
824 3351 1021 3407 divina:
1060 3352 1275 3422 pietatis
1304 3352 1541 3408 subsidia
1574 3351 1893 3419 claudebat;
1938 3361 2141 3410 etcum

542 3444 614 3499 ab
657 3443 925 3515 episcopis
967 3441 1202 3499 nondum
1240 3443 1518 3502 abstentus
1560 3443 1868 3514 videretur,
1908 3447 2145 3516 jactabat

544 3552 608 3594 se
629 3546 683 3592 et
711 3536 1216 3610 prmdicabatquod,
1230 3536 1527 3595 Novatiano
1556 3539 1778 3597 studens
1798 3550 1851 3597 et
1872 3541 1992 3612 ejus
2014 3556 2140 3613 per-

543 3628 802 3685 vicaciam
823 3645 1076 3702 sequens,
1096 3634 1519 3690 acommunione
1550 3649 1612 3690 se
1650 3635 2025 3707 episcoporum
2052 3649 2136 3690 se-

546 3731 843 3793 gregasset.
886 3722 1117 3795 Scripsit
1157 3739 1219 3781 ea
1253 3723 1323 3782 de
1350 3740 1410 3782 re
1435 3726 1605 3783 semel
1632 3735 1688 3782 et
1718 3727 1910 3783 iterum
1937 3726 2006 3783 ad
2045 3726 2145 3800 Cy-

542 3818 790 3887 prianum
808 3816 1094 3874 Faustinus
1109 3816 1640 3891 Lugdunensis.Ejus
1666 3819 1859 3877 litteris
1879 3821 2134 3890 acceptis,

543 3909 844 3981 Cyprianus
891 3911 1077 3968 scribit
1137 3912 1205 3968 ad
1248 3910 1578 3984 Stephanum
1627 3928 1859 3985 papam,
1912 3928 2144 3985 eumque

546 4003 709 4058 etiam
734 4012 895 4074 atque
917 4004 1077 4060 etiam
1109 4003 1354 4061 hortatur
1392 4015 1449 4060 ut
1476 4006 1817 4076 plenissimas
1843 4006 2049 4064 litteras
2089 4008 2141 4063 in

544 4094 878 4164 provinciam
907 4105 961 4151 ct
998 4096 1064 4150 ad
1094 4096 1308 4166 plebem
1334 4097 1553 4155 Arelate
1590 4098 1977 4173 consistentem
2006 4098 2142 4154 diri-

546 4195 668 4258 gat,
699 4186 893 4256 quibus
925 4186 1175 4243 abstento
1224 4186 1493 4245 Marciano
1530 4190 1668 4245 alius
1734 4190 1789 4246 in
1818 4191 1938 4261 ejus
1966 4190 2142 4246 locum

542 4278 931 4347 substituatur;
977 4290 1031 4335 et
1068 4295 1189 4336 cum
1216 4281 1369 4336 multi
1393 4298 1461 4338 ex
1486 4282 1738 4338 fratribus
1780 4284 1937 4340 annis
1979 4297 2141 4353 supe-

542 4371 778 4428 rioribus
806 4373 922 4427 sine
960 4388 1091 4443 pace
1128 4375 1495 4441 excesserint,
1544 4375 1629 4430 vel
1681 4375 1893 4432 caeteris
1941 4374 2141 4432 subve-

541 4463 724 4519 niatur
777 4464 864 4535 qui
913 4474 1234 4536 supersunt,
1277 4465 1368 4536 qui
1420 4474 1475 4520 et
1528 4464 1719 4522 diebus
1777 4480 1839 4522 ac
1895 4466 2141 4525 noctibus

542 4558 918 4629 ingemiscunt.
958 4558 1134 4631 Rogat
1170 4561 1332 4615 etiam
1372 4567 1432 4615 ut
1467 4559 1568 4617 sibi
1614 4560 1880 4632 signiticet
1920 4560 2040 4631 quis
2086 4561 2139 4617 in

540 4653 720 4708 locum
751 4652 1004 4709 Marciani
1024 4652 1238 4709 Arelate
1266 4654 1426 4717 fuerit
1441 4655 1794 4724 substitutus,
1826 4665 1883 4711 ut
1911 4656 2043 4712 sciat
2073 4656 2138 4712 ad

544 4761 703 4819 quem
730 4745 921 4803 fratres
961 4746 1192 4818 dirigere
1228 4758 1285 4804 et
1327 4749 1412 4804 cui
1443 4750 1682 4806 scribere
1728 4748 1940 4807 debeat.
1993 4748 2141 4808 llanc

541 4839 826 4911 epistolam
868 4840 1138 4912 Cypriane
1177 4840 1448 4899 Launoius
1475 4841 1837 4914 abjudieavit,
1892 4842 1984 4899 sed
2025 4845 2140 4915 ejus

541 4934 728 5005 Opinio
762 4934 841 4989 sic
866 4934 1006 4990 inter
1033 4936 1272 4993 eruditos
1299 4936 1521 5007 explosa
1550 4946 1630 4993 est
1650 4978 1666 5006 ,
1698 4946 1755 4992 ut
1801 4946 1977 4994 actum
2019 4947 2141 5011 agat

537 5028 628 5098 qui
657 5043 778 5083 eam
807 5028 1053 5087 refellere
1081 5029 1229 5087 velit.
1274 5054 1295 5074 ο

604 5118 757 5178 Circa
796 5123 937 5179 idem
970 5132 1179 5197 tempus
1216 5126 1319 5181 alia
1339 5141 1426 5184 res
1456 5128 1508 5184 in
1537 5126 1807 5200 Hispaniis
1832 5139 1983 5204 gesta
2006 5131 2135 5189 cha-

536 5216 748 5273 ritatem
788 5217 1074 5290 Cypriani,
1098 5236 1218 5291 qua:
1257 5220 1455 5278 Africae
1484 5222 1694 5293 ﬁnibus
1738 5241 1844 5282 non
1885 5228 2135 5284 contine-

536 5309 724 5376 batur,
758 5311 825 5378 ad
855 5313 1279 5377 succurrendum
1306 5318 1506 5373 exteris
1546 5320 1790 5376 ecclesiis
1818 5323 2130 5377 commovit.

535 5402 653 5457 Duo
678 5403 956 5476 episcopi,
1004 5407 1265 5464 Basilides
1309 5419 1363 5465 et
1391 5409 1680 5481 Martialis,
1712 5413 1782 5469 ob
1813 5414 2135 5486 gravissima

535 5493 729 5551 delicta
751 5494 983 5566 depositi
1006 5500 1507 5572 sacerdotiumjure
1546 5503 1781 5560 ablatum
1822 5506 1922 5564 sibi
1962 5508 2134 5564 vindi-

532 5601 656 5642 care
689 5586 973 5645 audebant.
1019 5591 1257 5664 Uterque
1307 5594 1538 5651 nefando
1588 5596 1908 5654 idololatriae
1953 5599 2134 5656 libello

530 5680 957 5749 contaminatus;
989 5683 1249 5742 Basilides
1279 5685 1453 5743 adhuc
1490 5688 1726 5759 insuper,
1751 5700 1947 5760 preter
1969 5691 2134 5748 libelli

527 5780 825 5849 maculam,
855 5796 978 5838 cum
1025 5783 1080 5839 in
1120 5782 1448 5861 inﬁrmitate,
1472 5785 1906 5847 dccumberctin
1956 5788 2132 5846 Deum

1753 252 1918 313 Vl’l’A
1960 250 2207 315 SANCTI
2245 252 2588 315 CYPRIANI.

3706 254 3843 325 .m

2246 371 2735 444 blasphemaverat,
2758 382 2813 430 et
2838 387 2896 430 se
2921 372 3328 447 blasphemasse
3344 374 3624 435 confessus
3645 378 3839 450 fuerat,

2242 475 2298 522 ct
2325 466 2693 537 episcopatum
2744 481 2841 538 pro
2866 468 3210 525 conscientiae
3236 483 3349 525 suae
3388 470 3609 529 vulnere
3650 485 3844 545 sponte

2242 558 2542 630 deponens,
2564 558 2632 616 ad
2654 559 2914 631 agendam
2942 561 3317 632 paenitentiam
3335 578 3627 623 conversus
3642 566 3839 639 fuerat,

2243 653 2412 711 Deum
2434 654 2733 726 deprecans
2752 696 2768 722 ,
2815 666 2866 711 et
2898 656 3047 711 satis
3070 655 3349 727 gratulans
3377 658 3424 714 si
3450 660 3552 715 sibi
3595 661 3680 717 vel
3710 662 3845 720 laico

2242 748 2644 822 communicare
2690 747 3046 819 contingeret.
3071 748 3327 805 Martialis
3367 765 3603 822 quoque,
3651 763 3847 822 prmtcr

2242 820 2518 911 gentilium
2552 839 2722 910 turpia
2758 848 2814 896 et
2850 839 3110 895 lutulenta
3141 820 3401 897 convivia.
3420 843 3473 898 in
3503 820 3730 916 collegio
3753 846 3849 902 diu

2243 929 2614 1002 frequentata,
2665 940 2722 987 et
2769 932 2909 988 filios
2959 933 3013 988 in
3059 932 3253 989 eodem
3284 934 3512 1005 collegio
3539 944 3845 994 exterarum

2243 1024 2483 1094 gentium
2523 1037 2675 1079 more
2719 1024 2859 1094 apud
2910 1022 3133 1096 profana
3162 1024 3450 1096 sepulchra
3476 1026 3754 1098 depositus
3791 1038 3848 1086 et

2244 1115 2561 1187 alienigenis
2586 1116 2964 1187 conscpultos,
3018 1116 3157 1173 actis
3182 1117 3346 1173 etiam
3399 1118 3609 1189 publice
3653 1120 3847 1178 habilis

2244 1206 2388 1279 apud
2411 1216 2819 1278 procuratorem
2846 1206 3195 1266 ducenarium
3218 1209 3618 1282 obtemperasse
3644 1227 3705 1268 se
3725 1212 3845 1268 ido-

2247 1300 2474 1357 lolatria:
2498 1310 2553 1357 et
2577 1299 2852 1359 Christum
2876 1316 3105 1373 negasse
3124 1311 3457 1359 contestatus
3482 1302 3680 1358 fuerat.
3713 1305 3847 1360 Cum

2246 1399 2477 1459 uterque
2503 1391 2573 1449 ob
2600 1391 2717 1447 hzec
2738 1400 2794 1449 et
2813 1391 2977 1448 multa
2997 1393 3104 1448 alia
3127 1391 3321 1449 delicta
3338 1394 3614 1465 depositus
3633 1394 3848 1470 fuisset,

2246 1484 2542 1555 Basilides,
2586 1486 2742 1556 cujus
2784 1486 2837 1542 in
2882 1485 3061 1542 locum
3091 1486 3325 1544 Sabinus
3346 1487 3416 1544 de
3442 1490 3705 1547 universa:
3738 1492 3843 1547 fra-

2248 1578 2518 1635 ternitatis
2543 1577 2799 1650 suffragio
2826 1588 2882 1635 et
2906 1579 2975 1635 de
3001 1579 3378 1652 episcoporum
3415 1582 3615 1654 judicio
3641 1584 3848 1640 substi-

2248 1677 2390 1726 tutus
2411 1670 2617 1737 fuerat,
2647 1669 2874 1727 Romam
2915 1687 3168 1744 pergens,
3190 1672 3523 1744 Stephanum
3566 1675 3724 1747 longe
3752 1692 3849 1747 po-

2245 1764 2406 1821 situm
2452 1773 2506 1821 et
2532 1774 2697 1837 gesta:
2733 1765 2814 1822 rei
2838 1780 2902 1822 ac
2931 1766 3171 1823 veritatis
3218 1768 3474 1839 ignarum
3519 1769 3740 1838 fefellit,
3791 1780 3849 1826 ut

2245 1857 2544 1915 exambiret
2573 1860 2760 1930 reponi
2787 1873 2848 1915 se
2872 1858 3068 1930 injuste
3107 1859 3162 1915 in
3205 1862 3581 1933 episcopatum
3630 1862 3699 1919 de
3743 1880 3849 1934 quo

2246 1951 2418 2006 fuerat
2438 1951 2563 2021 jure
2590 1951 2888 2022 depositus.
2911 1950 3239 2009 Nominatim
3259 1968 3364 2008 non
3395 1953 3525 2010 dicit
3549 1946 3848 2026 Cyprianus

2246 2028 2539 2100 Martialem
2562 2061 2773 2117 quoque
2795 2046 3022 2102 Romam
3050 2047 3395 2104 contendisse
3417 2089 3433 2115 ,
3481 2048 3575 2104 sed
3619 2048 3671 2103 id
3716 2049 3846 2104 satis

2247 2138 2450 2195 indicat
2478 2154 2601 2196 cum
2627 2140 2736 2196 ait:
2775 2160 2795 2194 ι
2833 2140 2942 2198 Sed
2967 2156 3067 2198 nec
3094 2141 3318 2199 Martiali
3362 2151 3542 2214 potest
3583 2143 3848 2215 profuisse

2245 2230 2490 2302 fallacia,
2561 2235 2846 2305 quominus
2920 2237 3036 2308 ipse
3098 2251 3311 2308 quoque
3353 2237 3568 2295 delictis
3593 2238 3847 2310 gravibus

2252 2324 2530 2382 involutus
2550 2327 2916 2399 episcopatum
2948 2338 3131 2386 tenere
3151 2344 3259 2387 non
3285 2331 3472 2402 possit.
3509 2350 3529 2384 ι

2323 2417 2583 2475 Videntur
2628 2420 2867 2492 episcopi
2896 2422 3140 2478 nonnulli
3180 2422 3235 2478 in
3282 2422 3537 2495 lliSpania
3582 2424 3846 2496 depositis

2245 2511 2352 2568 illis
2374 2512 2644 2583 episc0pis
2670 2512 2896 2580 favisse,
2927 2514 3025 2572 sed
3052 2514 3310 2572 Ecclesia:
3328 2514 3578 2589 Legionis
3610 2527 3665 2574 et
3683 2521 3844 2574 Astu-

2247 2608 2375 2663 ricze
2415 2616 2470 2663 et
2495 2608 2750 2665 Emerita:
2795 2610 3131 2681 scripserunt
3166 2625 3228 2666 ea
3254 2610 3323 2667 de
3347 2627 3407 2668 re
3450 2612 3517 2667 ad
3560 2612 3843 2684 episc0jios

2247 2698 2533 2757 Africanos
2549 2741 2566 2766 ,
2591 2714 2657 2756 ac
2685 2700 2889 2773 legatos
2910 2701 3172 2758 miserunt
3194 2702 3445 2759 Sabinum
3470 2712 3527 2760 et
3568 2703 3803 2761 Felicem
3824 2747 3840 2770 ,

2246 2807 2384 2865 quos
2408 2794 2686 2864 probabile
2703 2805 2786 2852 est
2810 2795 2864 2851 in
2880 2795 3131 2852 Basilidis
3157 2805 3211 2853 et
3235 2796 3489 2854 Martialis
3513 2798 3691 2855 locum
3715 2800 3845 2857 sub-

2246 2886 2465 2943 stitutos
2503 2886 2689 2944 fuisse.
2713 2889 2866 2944 Alius
2890 2888 3046 2946 Felix
3090 2889 3159 2946 de
3196 2888 3633 2964 Ctesaraugusta,
3685 2908 3843 2963 quem

2245 2979 2547 3053 Cyprianus
2572 2980 2691 3037 lidei
2718 2981 2982 3045 cultorem
3023 2997 3088 3039 ac
3112 2983 3351 3040 veritatis
3377 2982 3717 3042 defensorem
3747 3000 3844 3041 vo-

2246 3083 2364 3141 cat,
2394 3074 2586 3130 litteris
2616 3075 2732 3132 suis
2758 3076 3100 3131 contirmavit
3144 3076 3404 3149 quidquid
3449 3078 3692 3135 ecclesiae
3739 3079 3844 3135 ill-.c

2248 3166 2578 3238 scripserant
2623 3183 2688 3224 ac
2736 3169 2927 3241 legatis
2958 3169 3365 3227 mandaverant.
3398 3169 3573 3227 Lectae
3599 3180 3723 3227 sunt
3757 3172 3845 3228 lit-

2251 3269 2379 3315 tera:
2404 3269 2458 3315 ct
2477 3259 2644 3316 auditi
2671 3261 2833 3332 legati
2876 3260 2930 3317 in
2970 3263 3199 3318 concilio
3228 3279 3410 3319 xxxvii
3444 3264 3838 3336 episcoporum.

2248 3353 2545 3427 Cyprianus
2574 3355 2664 3425 qui
2708 3365 2939 3426 praeerat
2962 3365 3020 3412 et
3053 3355 3145 3426 alii
3173 3356 3412 3429 episc0pi
3451 3358 3846 3428 responderunt

2248 3462 2344 3518 per
2371 3447 2653 3527 epistolam
2701 3464 2888 3515 vant,
2920 3448 3169 3504 Basilidis
3208 3464 3315 3504 non
3349 3459 3454 3505 tam
3496 3450 3694 3507 abolita
3718 3466 3841 3508 esse

2248 3554 2407 3611 quam
2446 3539 2715 3596 cumulata
2743 3540 2968 3608 delicta,
3015 3555 3119 3597 nec
3148 3541 3380 3598 rescindi
3424 3556 3586 3614 posse
3631 3543 3846 3600 ordina-

2250 3633 2449 3690 tionem
2477 3634 2599 3704 jure
2627 3634 2957 3705 perfectam;
2999 3650 3174 3706 neque
3217 3635 3379 3691 etiam
3424 3635 3647 3692 Martiali
3688 3637 3844 3692 falla-

2248 3732 2385 3787 ciam
2414 3730 2670 3802 prodesse
2701 3747 2891 3804 posse;
2928 3732 3126 3789 frustra
3159 3733 3294 3790 tales
3333 3734 3699 3806 episcopatum
3742 3734 3844 3790 sibi

2248 3840 2510 3897 usurpare
2538 3825 2755 3892 conari,
2805 3841 2927 3883 cum
2973 3825 3309 3883 manifestum
3356 3827 3427 3883 sit
3454 3827 3716 3898 ejusmodi
3747 3827 3844 3884 hos

2247 3918 2423 3973 mines
2466 3932 2567 3974 nec
2592 3916 2851 3975 Ecclesiae
2875 3916 3078 3976 Christi
3102 3933 3338 3989 praeesse
3364 3934 3523 3992 posse
3541 3962 3569 3988 ,,
3588 3935 3690 3977 nec
3733 3921 3844 3977 Deo

2247 4012 2509 4068 sacrificia
2538 4010 2735 4069 offerre
2760 3995 2982 4069 debere.
3014 4012 3439 4085 Indignatiouem
3478 4030 3628 4071 suam
3673 4015 3842 4087 signi-

2247 4108 2414 4165 ﬁcant
2441 4105 2701 4163 adversus
2729 4108 3017 4179 episcopos
3053 4107 3146 4179 qui
3172 4108 3429 4179 depositis
3455 4109 3676 4181 collegis
3700 4110 3845 4166 fave-

2246 4202 2408 4269 bant,
2458 4218 2522 4259 ac
2569 4202 2714 4275 plebi
2756 4203 2857 4273 ipsi
2895 4201 3210 4258 denuntiant
3233 4218 3354 4258 cum
3385 4203 3576 4261 talibus
3603 4220 3843 4261 commn-

2248 4298 2535 4354 nicandum
2562 4314 2666 4353 non
2694 4311 2837 4365 esse,
2864 4310 3160 4368 eorumque
3183 4297 3517 4354 contactibus
3541 4298 3708 4368 pollui
3749 4301 3841 4370 qui

2246 4404 2369 4447 cum
2413 4389 2520 4445 illis
2569 4388 2754 4444 illicita
2804 4388 3296 4444 communicatione
3344 4387 3657 4444 miscentur.
3710 4389 3842 4457 Qum

2245 4481 2462 4559 quidem
2504 4481 2771 4538 sententia
2814 4496 2922 4536 non
2962 4480 3123 4537 modo
3175 4479 3409 4536 habenas
3440 4496 3545 4537 non
3588 4481 3732 4536 laxat
3778 4482 3841 4536 li—

2246 4577 2437 4633 centia:
2457 4575 2717 4647 populari,
2747 4574 2844 4632 sed
2863 4574 3024 4631 etiam
3049 4589 3167 4631 eam
3194 4575 3447 4642 refrenat,
3486 4590 3556 4630 ne
3580 4574 3841 4631 arbitratu

2246 4686 2346 4727 suo
2366 4669 2627 4742 judicium
2657 4667 2726 4724 de
2747 4667 3001 4740 episcopo
3030 4683 3129 4725 suo
3150 4656 3317 4736 lerat,
3357 4678 3448 4723 aut
3473 4668 3709 4739 legitime
3751 4685 3841 4725 or-

2245 4766 2487 4825 dinatum
2532 4762 2601 4817 ab
2650 4761 2770 4818 aliis
2822 4761 3095 4835 episcopis
3130 4760 3415 4832 rejiciens,
3465 4772 3557 4818 aut
3604 4763 3841 4835 legitimo

2244 4857 2546 4929 depositum
2573 4855 2834 4913 retinens.

2244 4995 2893 5054 XXIX.—DISSENSIONES
2920 5012 2989 5053 ne
3020 5009 3277 5054 sanusne
3308 5012 3539 5055 monre
3568 5013 3707 5055 anno
3731 4998 3840 5056 255

2316 5103 2595 5145 EXEUNTE:
2620 5105 2686 5145 AC
2714 5103 2760 5144 S.
2790 5103 3097 5147 STEPHANUS
3124 5105 3263 5146 ANTE
3306 5104 3414 5147 CUI
3456 5106 3840 5150 ORIENTALIBL'S

2314 5196 2457 5246 QUAM
2478 5196 2586 5238 (Ξοκ
2607 5196 2759 5238 Αιηιιε
2784 5196 3073 5238 CBRTAVIT.

2315 5318 2558 5377 Tandem
2601 5321 2919 5380 disserendo
2944 5324 3291 5396 pervenimus
3331 5325 3398 5381 ad
3426 5326 3838 5386 celeberrimam

2242 5415 2390 5472 illam
2432 5414 2501 5472 de
2547 5415 2923 5474 luereticorum
2970 5419 3239 5490 baptismo
3283 5422 3750 5492 controversiam,
3781 5424 3836 5480 in

2240 5523 2343 5579 qua
2365 5525 2473 5564 non
2501 5525 2663 5581 parva
2694 5510 3067 5569 haereticorum
3108 5523 3202 5569 aut
3223 5513 3689 5572 schismaticorum
3717 5531 3835 5571 ma-

2241 5618 2343 5659 nus
2370 5604 2635 5660 universa:
2659 5604 2914 5662 Ecclesia:
2950 5606 3152 5663 bellum
3186 5607 3410 5674 indixit,
3460 5607 3558 5664 sed
3599 5609 3837 5682 insignes

2241 5695 2504 5764 ecclesiar,
2537 5697 2737 5765 Africa,
2767 5696 3124 5768 Cappadocia,
3154 5699 3335 5755 Cilicia
3374 5708 3428 5755 et
3447 5700 3687 5759 ﬁnitima:
3717 5717 3841 5771 pro-

2245 5788 2437 5847 vincite
2483 5790 2551 5848 de
2596 5807 2654 5848 re
2685 5792 2839 5863 longe
2888 5789 3200 5863 gravis:iﬁia
3255 5806 3378 5847 cum
3427 5791 3545 5846 aliis
3590 5793 3837 5849 ecclesiis
