4172 6264
307 298 417 359 153

298 413 675 476 decertarunt.
698 412 813 471 Etsi
839 421 1019 472 autem
1054 413 1110 471 in
1131 414 1249 487 ipso
1275 414 1627 473 dissensionis
1658 417 1905 474 incendio

301 510 553 567 luctuosa
580 523 760 565 rerum
785 508 953 566 facies
991 510 1223 574 exstitit,
1288 520 1467 567 tamen
1494 525 1564 567 ex
1604 511 1907 568 commodis

298 620 431 677 qua:
472 605 524 659 in
574 602 875 659 Eeelesiam
918 617 983 659 ex
1030 602 1133 660 bac
1181 605 1548 660 controversia
1597 602 1906 674 fluxerunt,

298 698 467 755 facile
498 695 817 769 perspicitur
857 711 974 752 eam
1002 694 1222 753 Christo
1251 696 1566 769 providente
1609 707 1661 754 et
1691 697 1909 770 dispen-

297 802 462 849 sante
483 797 660 845 natam
689 787 887 857 fuisse,
916 804 1022 845 non
1065 789 1240 845 solum
1273 801 1441 846 utres
1488 789 1621 845 tanti
1650 788 1910 846 momenti

300 885 542 942 contlato
576 892 629 940 et
664 883 997 954 conspiranti
1029 884 1269 940 omnium
1322 898 1593 941 consensu
1623 885 1909 958 aliquando

301 980 648 1044 firmaretur,
693 976 788 1032 sed
835 977 999 1033 etiam
1029 987 1087 1034 ut
1125 977 1390 1034 haberent
1433 979 1634 1049 posteri
1682 978 1810 1050 quid
1854 979 1907 1035 in

301 1071 573 1144 ejusmodi
601 1069 1027 1127 dissensionibus
1073 1070 1428 1127 imitarentur.
1479 1070 1612 1125 Nam
1658 1071 1908 1143 baptismi

302 1165 689 1222 hrcretieorum
726 1162 1043 1220 defensores
1103 1162 1361 1219 fraternae
1405 1162 1681 1219 ebaritatis
1734 1163 1909 1220 foedus

301 1275 420 1317 non
444 1258 943 1328 ruperuntcumiis,
963 1274 991 1312 a
1014 1258 1207 1330 quibus
1238 1257 1524 1313 maximam
1558 1258 1910 1316 sacramentis

300 1351 563 1420 iujuriam
590 1348 708 1406 ﬁeri
756 1349 1010 1406 videbant
1041 1350 1127 1406 isti
1157 1359 1334 1405 autem
1361 1359 1560 1406 etcum
1591 1351 1656 1406 iis
1676 1365 1812 1423 quos
1841 1366 1910 1408 ne

304 1444 587 1515 Baptismo
614 1442 831 1513 quidem
861 1442 1097 1498 initiatos
1123 1441 1401 1513 putabant,
1455 1452 1512 1499 et
1549 1457 1672 1499 cum
1709 1443 1774 1499 iis
1819 1444 1910 1514 qui

304 1535 644 1606 Baptismnm
671 1533 1029 1590 morientibus
1054 1533 1344 1590 infantibus
1383 1532 1668 1605 denegare,
1724 1544 1780 1590 et
1804 1535 1911 1591 Eu-

303 1628 621 1684 charistiam
649 1640 758 1682 non
779 1625 1063 1696 baptizatis
1089 1626 1366 1699 porrigere
1392 1625 1729 1693 videbantur,
1762 1642 1911 1683 eom-

302 1719 585 1776 municare
650 1732 756 1773 non
812 1716 1149 1773 dubitarunt.
1203 1716 1419 1772 Initium
1478 1716 1685 1774 dissidii
1745 1718 1913 1775 refert

305 1809 685 1868 Tillemontius
704 1808 774 1865 ad
800 1824 1000 1865 annum
1027 1808 1170 1875 256,
1204 1808 1451 1880 quamvis
1495 1824 1602 1864 non
1647 1809 1913 1881 improbet

304 1905 682 1976 Pearsonium,
701 1907 789 1977 qui
811 1906 1039 1977 primum
1068 1905 1493 1977 Carthaginense
1517 1906 1802 1964 concilium
1818 1922 1913 1962 au-

308 2013 498 2059 tumno
543 2002 667 2057 anni
716 2000 827 2058 255
855 2000 1094 2057 habitum
1150 2009 1320 2072 putat.
1367 1998 1600 2073 Uterque
1653 2001 1802 2072 prius
1856 2001 1909 2056 in

306 2096 492 2152 Africa
515 2110 677 2167 quam
722 2095 775 2149 in
798 2094 1021 2172 Oriente
1047 2102 1339 2166 pugnatum
1364 2094 1632 2165 opinatur.
1661 2094 1764 2164 Qui
1790 2093 1912 2150 Ste-

309 2190 545 2261 phanum
567 2202 710 2244 anno
748 2186 859 2244 255
902 2188 1102 2244 abiisse
1145 2187 1367 2255 volunt,
1419 2187 1700 2246 dissidium
1754 2188 1912 2245 citius

309 2283 580 2341 exarsisse
629 2280 982 2338 contendunt.
1035 2280 1292 2350 Quamvis
1315 2287 1493 2337 autem
1539 2280 1792 2352 gravibus
1844 2281 1912 2338 de

308 2378 491 2433 causis
528 2376 860 2447 Stephanum
889 2375 1264 2432 Tilletnontius
1309 2383 1366 2431 et
1402 2374 1725 2432 Pearsonius
1768 2390 1911 2432 anno

308 2470 417 2526 257
438 2469 637 2526 obiisse
675 2468 1017 2536 existiment,
1063 2468 1312 2525 videntur
1340 2480 1518 2525 tamen
1559 2468 1910 2526 dissensionis

310 2562 602 2635 primordia
633 2563 858 2619 nimium
882 2577 1007 2619 sero
1039 2562 1322 2619 collocare.
1356 2562 1594 2619 Probare
1631 2563 1912 2634 aggrediar

308 2656 734 2712 controversiam
760 2670 903 2710 anno
929 2654 1039 2711 255
1065 2664 1300 2711 exeunte
1328 2656 1559 2725 coepisse
1583 2657 1804 2726 agitari,
1833 2657 1912 2712 ci-

310 2750 526 2820 tiusque
548 2747 881 2820 Stephanum
907 2762 1029 2803 cum
1055 2747 1416 2804 Orientalibus
1441 2763 1599 2820 quam
1625 2764 1745 2806 eum
1768 2749 1911 2807 Afris

307 2844 641 2901 decertasse.

284 2925 295 2931 ’
379 2938 438 2993 1ο
459 2937 590 2996 .Cur
627 2936 694 2992 de
729 2936 992 3007 baptismo
1017 2933 1275 3006 disputari
1303 2943 1538 3007 coeptum
1566 2949 1688 2992 esse
1729 2945 1910 3007 putem

304 3044 450 3085 anno
478 3028 620 3096 255,
666 3040 855 3085 auctor
895 3037 978 3085 est
1019 3027 1281 3085 Eusebius
1318 3028 1407 3099 qui
1434 3028 1911 3098 conceptisverbis

306 3122 547 3180 declarat
574 3122 689 3193 (lib.
718 3138 791 3178 vit
811 3165 825 3191 ,
854 3138 904 3177 c.
934 3121 998 3193 4)
1032 3121 1344 3194 Dionysium
1397 3121 1451 3177 in
1479 3122 1673 3178 litteris
1699 3123 1765 3179 ad
1792 3121 1909 3179 Ste-

305 3218 546 3288 phanum
576 3215 643 3271 de
671 3215 944 3287 Baptismo
979 3214 1195 3285 scriptis
1229 3213 1496 3286 indicasse
1530 3234 1549 3266 ι
1582 3230 1769 3271 omnes
1795 3215 1911 3272 ubi-

305 3327 417 3384 que
460 3310 717 3368 ecclesias
746 3353 761 3377 ,
815 3310 1026 3366 mollito
1084 3309 1194 3381 jam
1242 3312 1633 3381 persecutionis
1683 3310 1904 3381 furore,

307 3406 499 3460 Novati
558 3404 919 3459 turbulentam
983 3403 1273 3467 novitatem
1319 3403 1648 3460 detestantes
1690 3405 1830 3461 inter
1849 3419 1908 3461 se

308 3515 496 3572 pacem
541 3499 746 3554 iniisse.
794 3519 813 3550 ι
865 3497 967 3554 Vix
1003 3512 1132 3569 ergo
1160 3498 1390 3555 desierat
1443 3499 1748 3568 persecutio
1781 3513 1905 3555 cum

303 3602 550 3647 exortam
576 3591 645 3648 de
663 3591 736 3645 Ba
744 3590 938 3662 ptismo
958 3591 1378 3647 controversiam
1408 3588 1600 3647 sedare
1622 3590 1907 3663 Dionysius

302 3694 617 3741 conaretur.
653 3685 842 3753 Porro,
868 3699 988 3741 cum
1037 3684 1334 3754 persecutio
1375 3700 1516 3739 anno
1561 3683 1692 3755 255,
1723 3684 1903 3741 sedata

303 3780 472 3834 fuerit
502 3792 688 3835 mense
715 3778 877 3844 maio,
907 3778 1193 3850 Dionysius
1236 3777 1303 3833 de
1352 3776 1624 3848 Baptismo
1665 3777 1735 3833 ad
1778 3777 1903 3834 Ste-

303 3871 544 3942 phanum
572 3871 744 3927 serius
772 3868 874 3926 hoc
901 3883 1043 3924 anno
1068 3878 1296 3925 exeunte
1316 3868 1598 3939 scripsisse
1628 3884 1733 3926 non
1752 3870 1903 3926 vide-

304 3974 414 4019 tur.
459 3963 655 4021 Censet
698 3962 1056 4027 Pearsonius,
1090 3977 1195 4017 non
1245 3960 1580 4032 improbante
1616 3961 1904 4018 Tillemon—

304 4058 418 4122 tio,
451 4063 685 4113 erratum
716 4070 838 4113 esse
868 4055 1116 4124 Eusebii,
1146 4054 1236 4125 qui
1275 4054 1417 4125 quod
1445 4054 1655 4110 dixerat
1699 4053 1902 4128 Diony-

301 4150 418 4206 sius
444 4149 513 4207 de
543 4162 674 4221 pace
706 4159 823 4221 post
850 4149 1214 4206 dissensiones
1252 4164 1280 4203 a
1317 4147 1621 4205 Novatianis
1646 4150 1904 4207 excitatas

299 4244 626 4312 constituta,
670 4243 723 4298 id
765 4242 834 4298 de
886 4257 1018 4314 pace
1063 4240 1522 4312 persecutionibus
1564 4240 1902 4299 ethnicorum

299 4336 629 4394 succedente
672 4337 868 4393 dictum
909 4335 1217 4392 crediderit.
1262 4325 1477 4399 Sed,’ut
1506 4334 1768 4391 Eusebius
1797 4345 1901 4392 tam

300 4434 596 4488 oscitanter
625 4431 978 4487 hallucinatus
1010 4430 1238 4497 dicatur,
1270 4444 1488 4502 gravem
1517 4429 1751 4501 aliquam
1772 4443 1902 4486 cau-

299 4540 421 4579 sam
462 4524 683 4582 subesse
713 4532 949 4595 oportet.
980 4523 1268 4595 Distinguit
1298 4531 1548 4581 accurate
1575 4524 1901 4594 persecutio-

300 4621 389 4677 nis
420 4620 653 4676 furorem
696 4634 725 4674 a
769 4619 1068 4675 turbulenta
1109 4618 1377 4686 novitate,
1423 4625 1479 4675 et
1523 4621 1708 4689 pacem
1761 4617 1902 4677 inter

300 4714 558 4771 ecclesias
589 4714 772 4769 initam
800 4728 829 4768 a
869 4713 1073 4769 mollito
1108 4712 1498 4783 persecutionis
1540 4712 1739 4769 furore.
1769 4712 1900 4782 Quis

301 4822 436 4877 ergo
461 4808 646 4862 credat
677 4806 731 4861 in
758 4806 981 4877 epistola
1014 4802 1256 4876 Dionysii
1291 4801 1423 4859 nihil
1466 4803 1686 4859 omnino
1712 4801 1780 4860 de
1808 4818 1897 4861 se-

301 4900 427 4955 data
457 4898 830 4971 persecutione
858 4897 1058 4955 dictum
1109 4897 1304 4963 fuisse,
1336 4895 1581 4968 quamvis
1628 4894 1681 4951 id
1726 4895 1898 4953 Euse-

303 4994 424 5050 hius
451 4995 645 5065 legisse
687 5009 747 5050 se
776 4991 1039 5050 testetur?
1078 4991 1137 5046 2°
1179 4984 1470 5063 Dionysius
1510 4991 1562 5047 in
1602 4989 1789 5048 eadem
1830 4989 1899 5047 de

302 5085 577 5156 Baptismo
604 5084 832 5156 epistola
871 5082 1151 5138 nuntiabat
1198 5082 1494 5161 Stephano,
1543 5093 1600 5137 ut
1646 5090 1896 5139 eventum

302 5179 522 5233 onmino
549 5186 826 5234 recentem
849 5217 864 5241 ,
902 5174 1118 5232 sedatos
1157 5189 1279 5232 esse
1338 5183 1513 5231 motus
1563 5189 1699 5246 quos
1727 5174 1900 5231 Nova-

260 5323 271 5335 ,
305 5271 429 5326 tiani
457 5269 678 5325 haeresis
704 5269 758 5324 in
787 5267 1007 5325 Oriente
1035 5269 1381 5326 excitaverat.
1404 5266 1534 5334 Sed,
1569 5267 1613 5324 si
1642 5282 1765 5323 cum
1802 5266 1898 5323 hu-

296 5366 385 5436 jus
432 5365 785 5436 dissensionis
839 5363 949 5420 fine
1002 5363 1288 5435 conjuncta
1337 5370 1464 5419 sunt
1514 5361 1898 5418 controversize

298 5458 368 5515 de
400 5458 672 5529 Baptismo
699 5432 1029 5529 primordia,
1075 5458 1251 5513 serius
1291 5472 1435 5512 anno
1469 5455 1577 5512 255
1616 5456 1737 5526 poni
1790 5471 1895 5512 non

298 5550 516 5607 debent.
545 5550 634 5608 Sic
666 5551 809 5606 enim
837 5550 907 5606 de
931 5549 1113 5606 sedata
1139 5548 1474 5609 dissensione
1513 5548 1748 5618 loquitur
1768 5548 1895 5603 Dio-

299 5645 517 5716 nysius,
562 5654 621 5699 ut
648 5644 697 5698 id
741 5657 845 5699 non
890 5642 1059 5697 inulto
1105 5650 1224 5712 post
1262 5640 1688 5712 persecutionem
1718 5640 1896 5696 canti-

296 5738 439 5806 gisse
470 5736 736 5792 videatur.
761 5735 912 5803 Quod
958 5734 1101 5790 enim
1136 5735 1231 5803 ait,
1265 5752 1283 5787 ι
1312 5750 1498 5789 omnes
1527 5735 1724 5805 ubique
1753 5733 1893 5789 anti-

295 5828 451 5885 stites
497 5844 665 5886 unum
714 5828 963 5902 idemque
1004 5826 1240 5895 sentire,
1284 5834 1334 5883 ct
1377 5825 1445 5885 ob
1491 5841 1675 5897 pacem
1717 5827 1893 5897 iuspc-

1527 302 1689 362 VITA
1723 299 1970 365 SANCTI
2009 302 2354 368 CYPRIANI.
2376 302 2381 305 ’

2669 374 2673 380 .
3508 308 3611 372 158

2017 431 2136 480 rato
2200 423 2394 481 factam
2448 424 2834 485 incredibiliter
2879 426 3081 498 lmtari,
3134 446 3155 482 ι
3219 429 3350 490 satis
3413 429 3612 488 iudicat

2015 513 2213 570 malum
2238 523 2525 589 antequam
2559 518 2768 575 radices
2788 533 2971 593 ageret
2998 535 3368 593 compressum
3400 522 3565 579 fuisse
3588 564 3603 590 ,

2015 619 2071 669 et
2116 627 2301 685 pacem
2372 616 2632 672 sancitam
2682 630 2806 672 eum
2853 623 3184 671 metueretur
3233 630 3301 670 ne
3347 616 3614 672 dissensio

2017 702 2432 776 ingravesceret.
2474 708 2564 775 At,
2602 708 2650 764 si
2679 722 2851 780 usque
2892 707 2958 764 ad
2994 723 3192 764 annum
3224 707 3333 765 9.56
3367 708 3611 766 decerta-

2018 808 2127 856 tum
2158 800 2347 859 fuisset
2400 803 2452 859 in
2494 801 2716 860 Oriente
2742 802 2813 859 de
2846 802 3263 859 Novatianorum
3308 807 3574 860 sententia
3596 845 3612 873 ,

2018 911 2125 953 non
2174 896 2385 953 videtur
2429 895 2733 953 incendium
2784 896 2950 952 multa
2997 895 3086 952 die
3112 896 3487 952 confirmatum
3536 896 3615 953 sic

2017 990 2282 1060 exstingui
2321 991 2594 1061 potuisse,
2628 999 2685 1046 ut
2724 988 2861 1046 nihil
2890 990 3111 1047 omnino
3150 1006 3217 1046 ne
3242 988 3371 1045 fumi
3397 989 3613 1061 quidem

2017 1092 2344 1153 superesset.
2386 1083 2502 1139 Huc
2542 1082 2751 1140 accedit
2791 1083 3082 1139 auctoritas
3122 1082 3411 1157 Cypriani,
3440 1085 3528 1155 qui
3562 1085 3614 1140 in

2014 1175 2243 1247 epistola
2256 1175 2322 1231 ad
2340 1174 2692 1248 Stephanum,
2720 1178 2861 1233 circa
2889 1191 2978 1232 an.
3000 1177 3110 1234 254
3133 1177 3349 1248 scripta,
3382 1186 3611 1234 testatur

2018 1270 2374 1327 Novatianum
2428 1291 2446 1324 ι
2473 1286 2688 1350 semper
2725 1281 2965 1329 retusum
3012 1280 3067 1328 et
3105 1270 3392 1328 refutatum
3421 1281 3476 1330 et
3519 1286 3616 1342 per

2019 1370 2188 1419 totum
2233 1364 2420 1420 orbem
2492 1380 2522 1419 a
2581 1364 2953 1437 sacerdotibus
2999 1365 3091 1421 Dei
3145 1365 3471 1422 abstentum.
3503 1385 3523 1419 ι
3557 1366 3615 1422 Si

2017 1469 2148 1525 ergo
2179 1462 2322 1511 totus
2365 1454 2517 1511 orbis
2557 1456 2611 1511 in
2647 1456 2952 1512 damnando
2992 1456 3290 1514 Novatiano
3327 1454 3609 1528 jam'tum

2017 1557 2399 1616 consenserat,
2443 1549 2671 1621 epistola
2715 1550 2956 1623 Dionysii
2998 1566 3119 1622 qua:
3148 1550 3291 1606 hunc
3318 1550 3609 1623 episcopo-

2019 1658 2140 1698 rum
2194 1652 2351 1699 antea
2404 1642 2779 1699 dissidentium
2824 1658 3149 1701 consensum
3188 1644 3503 1710 nuntiabat,
3547 1645 3613 1700 ad

2019 1734 2353 1791 annunt256
2389 1734 2634 1791 revocari
2673 1749 2780 1793 non
2812 1744 3007 1807 potest.
3039 1735 3196 1792 Aliud
3240 1746 3612 1813 argumentum

2019 1827 2071 1882 in
2120 1826 2363 1884 eamdem
2411 1828 2734 1885 sententiam
2784 1827 3119 1899 suppeditat,
3173 1828 3314 1899 quod
3376 1828 3612 1885 secundo

2020 1921 2139 1977 loco
2165 1920 2497 1993 probandum
2527 1922 2859 1992 suscepimus
2878 1962 2894 1988 ,
2934 1921 3092 1977 citius
3117 1921 3168 1977 in
3210 1921 3431 1978 Oriente
3454 1936 3617 1993 quam

2019 2013 2070 2068 in
2100 2012 2277 2068 Africa
2303 2013 2659 2070 decertatum.
2706 2013 2891 2085 Neque
2920 2013 3062 2070 enim
3105 2014 3151 2071 si
3188 2012 3462 2070 dissensio
3489 2025 3615 2070 ante

2018 2105 2070 2160 in
2098 2104 2319 2162 Oriente
2342 2120 2502 2177 quam
2533 2104 2585 2161 in
2624 2104 2805 2162 Africa
2847 2115 3039 2162 exorta
3083 2115 3200 2175 est,
3239 2106 3415 2161 serius
3442 2105 3613 2162 collo-

2017 2198 2126 2253 cari
2151 2197 2350 2269 poterit
2378 2212 2523 2253 anno
2541 2196 2649 2254 254
2673 2206 2768 2253 aut
2791 2205 3024 2254 exeunte
3050 2196 3179 2255 253.

2088 2290 2225 2346 Illud
2254 2300 2432 2348 autem
2460 2291 2742 2348 dissidium
2776 2292 2923 2363 prius
2948 2292 3003 2347 in
3026 2289 3359 2363 Cappadocia
3381 2334 3396 2359 ,
3427 2292 3612 2349 Cilicia

2016 2392 2072 2439 et
2097 2382 2338 2439 finitimis
2362 2383 2650 2454 provinciis
2676 2398 2836 2455 quam
2879 2384 2931 2439 in
2961 2382 3144 2440 Africa
3173 2385 3441 2442 exarsisse
3466 2396 3614 2456 patet

2016 2491 2079 2532 ex
2111 2475 2195 2531 his
2223 2474 2519 2532 Firmiliani
2545 2476 2598 2531 in
2630 2475 2963 2546 Stephanum
2989 2476 3145 2531 dictis
3170 2493 3185 2530 :
3219 2494 3238 2529 ι
3267 2475 3403 2544 Quid
3433 2476 3613 2532 humi-

2014 2566 2118 2624 lius
2154 2577 2247 2623 aut
2294 2568 2466 2625 lenius
2497 2583 2657 2641 quam
2713 2583 2836 2625 cum
2880 2576 2958 2623 tot
2994 2568 3262 2639 episcopis
3302 2582 3396 2638 per
3444 2578 3610 2624 totum

2015 2659 2272 2717 mundum
2349 2660 2710 2727 dissensisse;
2784 2676 2969 2732 pacem
3023 2676 3145 2718 cum
3199 2660 3421 2733 singulis
3464 2661 3612 2716 vario

2015 2755 2299 2811 discordiae
2342 2771 2537 2826 genere
2589 2764 2956 2827 rumpentem,
3024 2755 3186 2812 modo
3218 2754 3611 2811 cumOrienta-

2017 2846 2187 2917 libus,
2238 2847 2380 2919 quod
2438 2863 2537 2904 nec
2582 2861 2678 2902 vos
2718 2848 2885 2904 latere
2920 2846 3268 2916 confidimus,
3313 2848 3475 2904 modo
3513 2863 3611 2904 vo-

2015 2941 2222 2997 biscum
2259 2941 2347 3012 qui
2411 2941 2463 2996 in
2503 2941 2729 2998 meridie
2770 2941 2939 2997 estis?
2990 2960 3010 2995 ι
3045 2941 3126 3011 (p.
3160 2940 3306 3011 150).
3350 2940 3612 2995 Praeclare

2016 3032 2268 3088 observat
2295 3031 2669 3088 Tillemontius
2689 3032 2970 3091 dissidium
2990 3031 3249 3103 Stephani
3271 3046 3393 3087 eum
3419 3030 3611 3089 Orien-

2018 3124 2211 3181 talilms
2230 3167 2247 3193 ,
2278 3125 2422 3196 quod
2450 3124 2795 3182 Firmilianus
2824 3135 3244 3195 commemorat,
3278 3139 3385 3181 non
3409 3125 3475 3181 de
3504 3125 3612 3181 No-

2013 3220 2213 3282 vatiani
2242 3219 2533 3278 schismate
2551 3262 2566 3289 ,
2595 3229 2655 3277 ut
2676 3221 3006 3277 existimavit
3028 3218 3354 3286 Lombertus
3373 3263 3388 3288 ,
3417 3220 3510 3276 sed
3539 3219 3609 3277 de

2015 3314 2290 3385 Baptismo
2332 3322 2515 3369 natum
2567 3312 2754 3370 fuisse.
2807 3312 2940 3369 Nam
2989 3328 3358 3385 compressum
3412 3312 3510 3368 fuit
3555 3314 3605 3368 in

2013 3406 2231 3463 Oriente
2258 3407 2359 3462 hoc
2379 3406 2612 3461 schisma
2634 3406 2786 3462 initio
2808 3406 3150 3479 pontificatus
3186 3406 3443 3477 Stephani
3466 3423 3481 3466 :
3509 3421 3607 3463 nec

2011 3497 2342 3567 Orientales,
2385 3498 2438 3555 in
2466 3498 2551 3555 his
2572 3499 2953 3567 Firmilianus,
3010 3500 3187 3556 minus
3227 3500 3391 3557 studii
3444 3516 3602 3572 quam

2012 3591 2127 3662 ipse
2155 3590 2463 3663 Stephanus
2486 3591 2782 3649 adhibuere
2812 3593 2865 3648 in
2898 3594 2999 3649 hoc
3021 3594 3408 3664 exstinguenda
3430 3593 3606 3650 schis-

2012 3692 2156 3740 mate
2177 3726 2191 3749 ,
2234 3684 2429 3740 nedum
2467 3700 2569 3756 pax
2599 3685 2738 3741 inter
2764 3698 2860 3741 eos
2892 3694 2948 3740 et
2970 3684 3301 3755 Stephanum
3329 3701 3607 3754 rumpere-

2013 3783 2116 3830 tur.
2145 3774 2404 3847 Perpauci
2432 3775 2559 3831 huic
2583 3775 2864 3831 schismati
2894 3774 3183 3845 favebant,
3229 3777 3388 3848 idque
3425 3776 3605 3831 Antio-

2009 3869 2177 3936 chiae,
2205 3878 2266 3927 ut
2310 3879 2457 3941 patet
2504 3885 2569 3926 ex
2627 3868 2861 3940 Epistula
2911 3868 3148 3941 Dionysii
3199 3870 3268 3925 ad
3313 3870 3602 3934 Cornelium

2009 3961 2149 4032 apud
2179 3962 2375 4018 Euseb.
2411 3960 2530 4033 (lib.
2559 3977 2632 4026 γι,
2663 3975 2784 4032 cap.
2809 3961 2918 4034 46).
2951 3960 3210 4033 Loquitur
3231 3977 3361 4034 ergo
3405 3963 3600 4019 Firmi-

2011 4055 2184 4110 lianus
2216 4053 2284 4110 de
2322 4055 2617 4126 Baptismo.
2655 4054 2788 4111 illud
2830 4064 3011 4111 autem
3039 4071 3102 4112 ex
3134 4056 3252 4125 ejus
3282 4056 3461 4112 verbis
3489 4056 3603 4111 col-

2010 4145 2191 4218 iigitur
2216 4160 2323 4202 non
2354 4145 2542 4203 eodem
2575 4157 2820 4218 tempore
2850 4148 3183 4220 Stephanum
3211 4164 3334 4203 cum
3356 4148 3603 4204 Orienta-

2009 4239 2148 4296 libus
2191 4247 2247 4297 et
2287 4239 2433 4297 Afris
2467 4239 2810 4308 decertasse,
2842 4240 2938 4298 sed
2984 4242 3142 4299 variis
3176 4243 3507 4314 temporibus
3549 4254 3599 4299 et

2009 4332 2219 4399 modis;
2250 4348 2314 4391 ac
2339 4346 2426 4389 res
2451 4332 2688 4391 Orientis
2728 4333 2899 4390 lenius
2928 4349 2987 4391 se
3045 4334 3295 4392 habuisse
3330 4344 3438 4388 tum
3480 4351 3599 4389 cum

2008 4428 2062 4483 in
2091 4426 2269 4486 Africa
2294 4427 2552 4498 majorem
2583 4429 2636 4483 in
2668 4429 2887 4486 modum
2911 4430 3275 4486 turbarentur.
3297 4428 3434 4483 llinc
3458 4428 3597 4482 idem

2007 4521 2293 4595 Dionysius
2341 4523 2393 4577 in
2435 4522 2662 4593 epistola
2714 4539 2896 4593 quam,
2930 4532 3142 4577 mortuo
3191 4521 3496 4592 Stephano,
3532 4520 3599 4574 ad

2005 4616 2374 4673 Philemonem
2401 4618 2771 4689 presbyterum
2803 4617 3104 4671 Romanum
3131 4615 3381 4687 scripsit,
3412 4614 3602 4685 depre-

2005 4720 2240 4768 catorem
2270 4727 2332 4768 se
2364 4726 2461 4783 pro
2484 4711 2627 4768 Afris
2661 4709 2791 4765 solis
2830 4710 3155 4780 interponit;
3190 4719 3370 4781 atque,
3391 4719 3449 4764 ut
3490 4708 3598 4762 Ro-

2005 4819 2193 4861 manos
2226 4803 2532 4875 demitiget,
2564 4804 2897 4859 demonstrat
2939 4801 3101 4875 (apud
3152 4802 3350 4859 Euseb.
3397 4800 3533 4857 Hist.
3561 4802 3597 4855 l.

2007 4914 2075 4954 vn
2093 4941 2108 4966 ,
2137 4912 2187 4954 c.
2215 4898 2249 4955 5
2277 4896 2297 4970 )
2331 4915 2351 4949 ι
2392 4912 2497 4952 non
2523 4895 2594 4952 ab
2624 4895 2768 4951 Afris
2788 4894 2918 4951 solis
2942 4895 3085 4953 hunc
3107 4910 3312 4953 morem
3341 4899 3467 4949 time
3488 4894 3599 4964 pri-

2004 5006 2149 5047 mum
2181 4990 2451 5046 invectum
2480 4988 2677 5050 fuisse,
2722 5006 2743 5040 ι
2774 4987 2869 5045 sed
2894 4986 3035 5044 idem
3080 4998 3234 5045 antea
3268 4988 3335 5043 ab
3361 4986 3599 5042 Orienta-

2012 5081 2152 5137 libus
2191 5081 2243 5135 in
2282 5078 2543 5136 conciliis-
2561 5088 2856 5148 statutum;
2884 5080 3027 5152 quod
3057 5081 3272 5153 quidem
3305 5080 3594 5150 perabsur-

2003 5173 2131 5230 dum
2160 5172 2432 5229 videretur
2468 5174 2514 5229 si
2568 5173 2685 5230 istis
2726 5174 2892 5230 lioma
2950 5172 3208 5246 placatior
3251 5190 3408 5246 quam
3455 5172 3601 5229 Afris

2005 5283 2111 5323 non
2140 5266 2346 5323 fuisset.
2378 5266 2437 5322 ln
2465 5266 2688 5338 epistola
2723 5267 2994 5323 autem‘ad
3026 5267 3251 5340 Xystum
3280 5266 3350 5323 de
3377 5265 3599 5336 Stepha-

2004 5375 2076 5415 no
2105 5359 2330 5431 ejusque
2353 5374 2477 5415 cum
2505 5359 2650 5416 Afris
2676 5359 3078 5416 concertatione
3125 5358 3401 5415 disserens
3423 5358 3602 5415 aiebat

2009 5470 2028 5505 ι
2059 5452 2206 5519 prius
2238 5451 2398 5508 iiium‘
2419 5452 2487 5508 ad
2516 5467 2576 5508 se
2601 5452 2884 5523 scripsisse
2904 5451 2972 5507 de
2997 5449 3203 5507 Heleno
3229 5460 3284 5508 et
3311 5452 3378 5506 de
3406 5450 3602 5506 Firmi-

2003 5547 2181 5614 liano,
2222 5561 2285 5603 ac
2327 5546 2395 5602 de
2447 5547 2696 5602 omnibus
2725 5545 2959 5616 denique
2985 5544 3352 5602 sacerdotibus
3391 5559 3486 5614 per
3512 5543 3601 5598 Ci-

2003 5638 2177 5695 liciam
2212 5680 2226 5705 ,
2275 5638 2669 5711 Cappadociam
2709 5648 3034 5710 cunctasque
3067 5636 3329 5693 ﬁnitimas
3381 5637 3601 5707 provin-

2004 5731 2114 5788 cias
2154 5731 2491 5797 constitutis;
2539 5745 2659 5786 sese
2693 5733 2762 5787 ob
2782 5730 3025 5788 eamdem
3053 5745 3270 5786 causam
3297 5728 3365 5784 ab
3390 5727 3602 5783 illorum

2005 5824 2394 5882 communione
2427 5823 2821 5896 disecswrum,
2869 5840 2934 5881 eo
2983 5821 3154 5897 quod,
3188 5821 3393 5892 aiebat,
3426 5819 3602 5878 luere-
