4200 6262
608 290 718 363 iss

611 415 745 475 licus
782 406 1205 485 rebaptizafent.
1258 427 1283 464 ι
1309 407 1447 471 illud
1478 409 1631 484 prius
1648 421 1971 484 argenteum
1990 421 2072 471 est
2090 411 2207 475 see-

610 509 846 585 phauunt
873 518 999 565 ante
1026 509 1095 573 de
1130 508 1325 569 eodem
1367 505 1742 569 haereticorum
1782 506 2055 577 baptismo
2084 520 2207 564 cum

610 601 794 659 Cilicia
816 610 871 657 ct
893 600 1137 663 ﬁnitimis
1164 599 1461 672 provinciis
1511 614 1679 671 quam
1717 614 1841 663 cum
1866 598 2046 657 Africa
2079 614 2208 669 pug-

608 709 803 760 nasse;
827 703 881 755 et
909 708 1035 755 cum
1067 693 1209 765 apud
1251 693 1565 767 Dionysium
1592 693 1657 750 de
1701 692 1908 755 Heleno
1930 702 1984 751 et
2014 692 2209 769 Fit-nii-

611 787 763 843 liano
805 786 1042 859 graviter
1082 798 1439 860 quereretur,
1480 786 1725 853 nondum
1779 786 2106 859 Cyprianum
2153 795 2209 843 et

609 878 895 941 Africanos
955 879 1240 952 episcopos
1307 879 1391 941 illi.
1444 880 1501 945 in
1565 879 1921 941 oﬁ‘cnsionem
1972 878 2206 936 venisse.

610 974 767 1044 Quod
815 984 1001 1031 autem
1045 974 1275 1035 addebat
1306 974 1635 1048 Diouysitts,
1680 992 1701 1029 ι
1738 972 1806 1031 de
1835 971 1917 1029 his
1958 971 2209 1029 omnibus

515 1093 522 1101 ι
609 1084 717 1141 ego
749 1068 816 1125 ad
864 1067 1027 1129 illum
1055 1069 1249 1140 scripsi
1296 1084 1459 1125 orans
1487 1077 1649 1139 atque
1693 1055 2007 1133 obtestans;
2039 1083 2061 1119 ι
2089 1065 2209 1137 quis

610 1177 682 1218 cx
728 1160 815 1221 bis
846 1161 1027 1223 verbis
1072 1176 1178 1219 non
1226 1161 1445 1232 colligat
1486 1159 1770 1235 epistolam
1818 1158 1965 1219 illam
2012 1172 2208 1230 quam,

613 1263 750 1313 teste
799 1253 1057 1322 Eusebio,
1103 1268 1264 1313 unam
1310 1253 1379 1310 ad
1408 1252 1743 1323 Stephanum
1797 1250 2049 1322 scripsit,
2103 1265 2249 1321 non,

611 1349 885 1416 Afrorum,
912 1355 969 1403 ut
990 1346 1192 1418 upinati
1220 1354 1352 1407 sunt
1375 1333 1752 1405 Tillemuntius
1781 1353 1836 1399 et
1861 1342 2204 1408 Pearsenius,

611 1444 707 1501 sed
733 1454 921 1501 eorum
953 1456 1115 1501 causa
1143 1441 1399 1512 scriptam
1437 1438 1608 1503 luisse
1646 1439 1715 1497 de
1766 1437 1961 1509 quibus
1986 1436 2212 1508 Stepha-

613 1552 714 1593 nus
769 1535 1093 1606 scripserat,
1139 1549 1343 1606 nentpe
1401 1532 1595 1599 Heleni
1637 1540 1693 1595 et
1740 1530 2067 1597 Firmiliaui,
2122 1530 2211 1602 qui

612 1628 841 1701 proinde
876 1627 1021 1691 illius
1041 1641 1207 1698 opera
1229 1635 1285 1685 et
1303 1624 1776 1691 commendatione
1800 1624 1952 1695 prius
1982 1623 2065 1679 usi
2089 1633 2214 1681 sunt

611 1738 796 1795 quatn-
824 1721 959 1785 Atri.
998 1720 1136 1779 lllud
1176 1722 1337 1783 etiam
1368 1721 1421 1781 in
1456 1735 1521 1783 ea
1547 1735 1711 1792 quam
1756 1718 2054 1783 reielh'tﬂus
2097 1718 2211 1790 opi-

612 1816 775 1871 nione
796 1816 1029 1871 occurrit
1058 1812 1421 1883 incommodi,
1448 1811 1590 1884 quod
1620 1810 1842 1875 uitulum
1873 1810 2024 1873 multi
2051 1826 2213 1868 even-

614 1914 701 1962 tus
726 1921 758 1965 a
793 1905 1141 1971 Tillementio
1168 1914 1223 1963 et
1262 1903 1561 1967 Pearsonio
1585 1903 1725 1959 intra
1753 1917 1953 1967 annum
1996 1902 2215 1959 conclu-

613 1998 859 2061 duntur;
895 2007 1005 2060 tres
1053 1996 1247 2070 synodi
1290 1997 1776 2069 Carthaginenses,
1831 2005 1910 2053 tot
1960 1994 2216 2069 Cypriani

612 2092 885 2163 cpistolm,
924 2092 1181 2163 Stephani
1221 2092 1412 2151 litterae
1439 2091 1507 2153 ad
1531 2091 1840 2164 Dionysium
1883 2100 1941 2150 et
1987 2090 2056 2147 ad
2107 2091 2214 2161 Cy-

613 2186 895 2257 prianum,
951 2187 1175 2258 ejusque
1232 2186 1394 2249 modo
1436 2200 1557 2242 eum
1605 2186 2001 2255 Orientalibus,
2054 2186 2217 2245 modo

612 2295 735 2336 cum
762 2279 907 2339 Afris
930 2280 1319 2343 dissensiones.
1346 2280 1535 2352 Longe
1557 2282 1725 2341 satius
1751 2290 1833 2339 est
1862 2282 2001 2343 hanc
2030 2297 2214 2340 rerum

612 2381 885 2442 gustarunt
911 2372 1237 2431 varietatem
1265 2371 1597 2443 temporibus
1620 2371 1975 2444 distinguere.

683 2464 789 2523 Sed
848 2463 991 2525 forte
1027 2464 1311 2534 obiicietur
1337 2464 1481 2535 quod
1528 2464 1602 2520 ait
1647 2463 1917 2522 Eusebius
1962 2464 2058 2521 lib.
2111 2481 2212 2535 vn,

612 2575 662 2615 c.
695 2560 752 2625 5,
782 2569 963 2632 πρῶτος
987 2568 1078 2617 τῶν
1105 2561 1211 2618 τότε
1241 2561 1534 2632 Κυτρκνὸς,
1571 2570 1677 2617 etc.
1723 2578 1743 2612 ‹
1780 2559 1994 2617 Primus
2029 2576 2217 2617 eorum

612 2653 703 2724 qui
742 2662 869 2709 tunc
902 2652 1193 2720 exstitere,
1223 2650 1526 2724 Cyprianus
1558 2693 1575 2718 ,
1621 2652 2056 2723 Carthaginensis
2099 2654 2215 2725 epi-

613 2761 831 2817 scopus,
876 2745 1160 2805 horreticos
1199 2746 1412 2802 nonnisi
1442 2762 1537 2817 per
1575 2746 1896 2817 baptismum
1936 2746 2005 2805 ab
2032 2750 2219 2804 errore

615 2838 763 2909 prius
806 2847 1059 2910 purgmos
1093 2837 1452 2897 admittendos
1512 2852 1634 2895 esse
1700 2840 1937 2902 censuit.
1963 2858 1984 2893 ι
2017 2839 2216 2899 Gerar-

614 2930 735 2997 dns,
767 2930 1004 2992 Joannes
1040 2929 1260 2989 Vossius
1298 2941 1352 2989 et
1384 2929 1629 2993 Valesius
1673 2930 1965 2991 Eusebium
2014 2932 2216 2989 erroris

613 3032 868 3082 accusant
890 3023 1021 3090 ;sed
1048 3023 1395 3090 Poorsunius,
1429 3024 1530 3079 etsi
1561 3032 1710 3081 recte
1732 3023 1985 3085 observat
2012 3025 2219 3083 adrer—

612 3131 706 3172 sus
743 3115 1006 3175 Volusium
1054 3118 1168 3177 haec
1211 3116 1426 3175 Eusebii
1473 3115 1633 3173 verba
1658 3133 1839 3189 πρῶτος
1863 3127 1954 3175 τῶν
1994 3122 2099 3174 τότε
2146 3120 2219 3178 ita

613 3207 886 3265 reddenda
914 3223 1056 3274 esse,
1082 3228 1112 3290 ι.
1130 3209 1331 3279 primus
1357 3224 1546 3271 eorum
1589 3209 1679 3282 qui
1735 3219 1863 3271 tunc
1888 3212 2165 3280 exstitere,
2193 3232 2212 3265 ι

616 3316 723 3359 non
749 3309 929 3357 autem
956 3311 1009 3355 ut
1038 3300 1319 3368 Valesius,
1363 3319 1383 3359 ς
1415 3302 1618 3371 primus
1646 3302 1920 3366 omnium,
1957 3322 1978 3357 ι
2026 3319 2217 3373 parum

617 3403 795 3451 tamen
820 3394 874 3449 in
902 3392 1135 3451 Eusebio
1164 3393 1440 3465 purgando
1464 3395 1747 3464 promovit.
1779 3394 2070 3463 Nam,cum
2102 3395 2219 3453 Fir-

616 3486 868 3547 milianus
923 3486 1176 3560 Cypriani
1251 3488 1473 3560 modulis
1541 3488 1917 3551 haereticorum
1960 3489 2218 3559 baptisma

617 3579 774 3651 longe
828 3590 955 3643 ante
1015 3578 1341 3653 Cyprianmn
1406 3579 1655 3651 reiecerit
1710 3583 1763 3639 in
1818 3584 2048 3641 concilio
2102 3583 2218 3639 lcu-

617 3674 788 3731 niensi
810 3715 825 3741 ,
853 3675 939 3737 oui
979 3690 1045 3733 se
1088 3674 1392 3735 interfuisse
1426 3686 1649 3737 testatur
1675 3676 1729 3733 in
1754 3678 1981 3749 cpistola
2007 3677 2074 3735 ad
2116 3679 2221 3751 Cy-

617 3766 861 3836 prianum
885 3807 901 3832 ,
931 3783 1087 3839 aeque
1111 3768 1375 3829 Eusebius
1404 3770 1609 3827 erroris
1637 3780 1915 3841 arguatur,
1957 3772 2073 3829 sive
2103 3789 2219 3829 om.

618 3860 799 3927 Itium,
829 3859 943 3935 sive
966 3861 1257 3932 aequalium
1286 3862 1518 3934 primum
1565 3862 1684 3921 haec
1718 3865 1975 3925 statuisse
2000 3863 2220 3938 Cypria.

616 3967 745 4005 num
785 3952 999 4015 dixerit.
1027 3953 1214 4027 Longe
1241 3969 1373 4026 ergo
1416 3955 1745 4026 probabilius
1790 3957 1991 4021 ideirco
2020 3960 2221 4031 primas

618 4043 891 4116 Cypriane
921 4044 1119 4103 deferri
1137 4088 1154 4115 ,
1184 4048 1310 4118 quia
1340 4048 1625 4119 plurimum
1662 4051 1913 4119 ponderis
1942 4051 2065 4111 huic
2090 4068 2219 4109 seno

622 4140 803 4195 trttzize
833 4139 1074 4208 addidit,
1101 4143 1258 4213 eique
1285 4144 1453 4201 multo
1500 4144 1768 4202 celebrior
1795 4147 2003 4204 exstitit
2048 4164 2211 4221 quam

616 4232 984 4291 Orientalibus
1019 4248 1141 4294 cum
1169 4235 1444 4308 Stephano
1466 4240 1855 4309 controversia.

621 4366 1030 4427 ΧΧΧμ-οιωο
1067 4388 1137 4427 ετ
1166 4388 1351 4429 sumus
1394 4390 1572 4430 BEBUH
1615 4391 1669 4439 1N
1713 4392 1906 4440 AFBtCA
1942 4394 2219 4439 casune!

693 4476 833 4517 anno
873 4461 983 4519 255
1018 4479 1088 4518 nr
1130 4464 1271 4533 256,
1315 4479 1484 4531 usque
1531 4483 1598 4524 au
1633 4467 1935 4534 'coxcrLten
1981 4485 2220 4533 mauolt

692 4568 1153 4613 CARTIIAGINENSE.

702 4691 778 4747 De
825 4693 991 4753 initiis
1033 4694 1190 4768 hujus
1220 4696 1573 4761 dissensirnis
1611 4699 1665 4757 in
1713 4699 1893 4761 Africa
1931 4718 2038 4759 non
2065 4703 2220 4765 valde

626 4782 1025 4856 laborandum;
1071 4804 1194 4847 nam
1256 4801 1364 4853 tota
1409 4807 1498 4852 res
1550 4793 1602 4857 in
1649 4793 1975 4865 coniecturis
2026 4797 2217 4867 posita.

624 4877 952 4941 Pcarsunins
1000 4882 1233 4953 primum
1277 4885 1564 4953 concilium
1607 4887 2031 4961 Carthagiuense
2063 4906 2218 4951 rever»

626 4983 711 5030 cat
740 4972 807 5028 ad
837 4982 1154 5039 autumnum
1195 4979 1321 5041 anni
1358 4978 1489 5039 255.
1532 4976 1939 5051 Tillemoutius,
1969 4983 2058 5054 qui
2099 4999 2219 5042 oms

638 5065 723 5121 nia
757 5064 892 5122 intra
924 5066 1156 5138 spatium
1185 5070 1309 5126 anni
1336 5069 1445 5127 9.56
1474 5072 1776 5141 concludit,
1815 5089 1919 5133 non
1953 5076 2220 5148 improbat

622 5158 1014 5229 Pcarsunium;
1062 5177 1163 5221 nec
1208 5161 1347 5221 forte
1377 5164 1708 5235 improbetur
1748 5168 1792 5222 si
1823 5168 1944 5239 quis
1987 5171 2056 5228 ab
2102 5171 2219 5243 ipso

622 5254 745 5309 anni
774 5253 883 5311 255
912 5254 1062 5313 initio
1106 5260 1525 5321 controversiam
1571 5261 1816 5321 deducat.
1857 5263 1970 5322 Hoc
2013 5274 2218 5325 tantum

622 5354 862 5405 statuere
900 5359 1186 5420 possumus
1236 5353 1383 5425 prius
1425 5354 1566 5413 inter
1614 5371 1675 5412 se
1717 5356 2024 5416 decertasse
2060 5359 2220 5417 Atros

622 5456 781 5510 quam
814 5456 934 5497 cum
971 5442 1270 5517 Stephano.
1316 5447 1376 5507 ln
1425 5446 1670 5520 Epistula
1720 5450 1789 5508 ad
1837 5448 2087 5508 Numidas
2133 5471 2219 5511 re-

624 5535 881 5594 felluntur
911 5558 930 5595 ι
956 5539 1047 5611 qui
1085 5540 1366 5600 haereticos
1390 5552 1661 5602 asserunt.
1711 5563 1732 5600 ι
1765 5545 1958 5618 Tangit
1998 5548 2214 5605 eosdem

621 5631 921 5706 Cyprianus
950 5634 1002 5691 in
1047 5634 1289 5707 Epistula
1314 5638 1383 5693 ad
1411 5636 1672 5706 Quintum.
1710 5659 1728 5693 ι
1756 5638 1947 5697 Nescio
1975 5642 2171 5697 ctenim
2197 5685 2212 5711 ,

622 5727 795 5799 inquit
820 5770 836 5796 ,
885 5743 987 5799 qua
1036 5728 1451 5801 praesumptione
1475 5729 1744 5791 ducuntur
1762 5732 1976 5804 quidam
2007 5733 2075 5790 dc
2102 5734 2184 5791 col
2202 5764 2216 5775 ο

624 5817 754 5888 legis
814 5819 1041 5891 nostris,
1088 5828 1145 5878 ut
1200 5828 1385 5897 putent
1449 5836 1545 5880 eos
1605 5822 1697 5894 qui
1752 5822 1894 5895 apud
1936 5824 2220 5886 haereticus

1831 295 2003 365 “TA
2032 292 2293 361 3AM}?!
2322 291 2666 357 CYﬂllANl.

3810 294 3920 359 158

2311 412 2458 469 tineti
2500 420 2653 479 sunt,
2695 410 2919 485 quando
2953 409 3021 470 ad
3058 423 3159 469 nos
3185 408 3471 478 venerint,
3513 410 3775 485 baptizari
3804 430 3921 476 non

2310 514 2580 576 oportere.
2641 525 2665 566 ι
2716 505 2827 561 Nec
2875 515 3055 563 tamen
3103 503 3207 561 bac
3250 504 3627 563 institutorum
3653 508 3916 568 varietate

2311 612 2414 671 pax
2440 608 2497 661 et
2517 598 2686 670 gratia
2724 596 3041 664 dissiluere,
3091 605 3149 657 ut
3182 612 3250 655 ex
3289 595 3531 668 Epistula
3570 599 3641 657 ad
3682 599 3912 672 Stepluu

2312 709 2437 755 nam
2465 692 2811 764 perspicitur.
2842 710 2863 746 ι
2891 691 3167 751 Craterum
3205 692 3443 757 scimus,
3480 693 3651 766 inquit
3688 694 3912 769 Cyprias

2313 800 2445 854 nus,
2497 784 2759 857 questum
2797 784 2944 856 quod
3010 784 3179 843 semel
3223 783 3533 842 imbiberint
3574 786 3719 843 nullo
3742 787 3914 860 depo:

2313 892 2474 944 nere,
2523 895 2545 935 ι
2602 891 2707 938 nec
2745 876 3076 948 propositum
3109 894 3133 937 ε
3157 890 3317 935 auum
3346 874 3502 935 facile
3533 888 3774 945 mutare,
3812 881 3912 941 sed

2312 968 2461 1032 salve
2508 968 2649 1027 inter
2694 967 2929 1038 collegas
2973 966 3186 1038 pacisci.
3208 967 3513 1029 concordiae
3530 968 3745 1037 vinculo
3763 986 3913 1042 quieo

2314 1061 2437 1121 dam
2482 1062 2737 1133 prepria.
2784 1077 2905 1132 quae
2948 1060 3090 1133 apud
3140 1075 3205 1118 se
3258 1063 3427 1123 semel
3466 1064 3576 1123 sint
3616 1075 3908 1136 usurpata,

2314 1156 2568 1215 retinere.
2617 1175 2636 1213 ι
2701 1155 2999 1215 Neonullos
3048 1170 3113 1213 ex
3176 1154 3357 1217 Africa
3400 1157 3684 1228 episcopos
3726 1169 3912 1230 petere

2313 1249 2566 1308 videntur
2592 1248 2708 1309 luce
2746 1248 2997 1321 Cypriani
3032 1248 3191 1309 verba
3234 1248 3291 1315 in
3330 1247 3432 1319 Ep.
3463 1248 3532 1309 ad
3557 1249 3911 1313 immatura:

2322 1361 2342 1399 ‹
2373 1342 2439 1401 Et
2480 1356 2624 1400 nune
2669 1342 2809 1413 ataui
2855 1340 3122 1412 quosdam
3168 1341 3239 1399 de
3283 1342 3482 1401 nostris
3532 1341 3913 1405 haereticorum

2314 1433 2579 1505 baptisma
2623 1444 2942 1505 occupatum
2980 1433 3260 1497 asseritur.
3320 1454 3342 1493 ι
3388 1435 3491 1492 Per
3538 1436 3787 1497 eutndent
3814 1437 3912 1497 luo

2317 1527 2568 1587 baianum
2599 1530 2742 1587 venit
2780 1529 2837 1585 in
2872 1528 3126 1601 Cypriani
3172 1544 3367 1587 manus
3400 1530 3629 1601 epistula
3671 1531 3915 1589 adversus

2316 1622 2683 1695 rebaptizatae:
2726 1623 2947 1694 scripta.
2991 1622 3101 1680 Sed
3128 1638 3195 1681 ea
3223 1637 3381 1683 neua
3425 1623 3703 1697 Stephano
3734 1641 3871 1697 papa
3894 1669 3911 1696 ,

2318 1730 2419 1772 nec
2457 1716 2525 1771 ab
2568 1716 2681 1772 ullo
2720 1731 2789 1771 ex
2840 1715 3215 1778 transmarinis
3258 1716 3527 1790 episcopis
3576 1718 3729 1789 (tunc
3771 1720 3919 1776 enim

2318 1820 2465 1868 recta
2503 1811 2585 1865 via
2634 1809 3015 1883 Carthaginem
3059 1809 3127 1866 ad
3150 1807 3477 1883 Cyprianum
3508 1811 3914 1885 pervenisset),

2319 1903 2415 1960 sed
2478 1903 2547 1959 ab
2611 1901 2865 1959 Afrorum
2925 1904 3107 1973 aliquo
3155 1902 3369 1960 videtur
3417 1905 3749 1962 elucubrata.
3804 1906 3921 1977 Ipse

2318 1998 2481 2055 etiam
2510 1996 2804 2061 Jubaianus
2824 2013 2935 2054 non
2959 1998 3181 2065 omnino
3206 1998 3602 2055 asscntielmtur
3626 2000 3700 2072 Cy
3709 2000 3919 2072 prianu,

2320 2091 2417 2149 sed
2472 2106 2725 2157 aversum
2788 2092 3191 2163 rebaptizatiuni
3240 2092 3481 2148 animum
3552 2093 3919 2162 signiﬁcabat,

2319 2185 2442 2256 quia
2472 2183 2915 2254 Nevatianenses,
2953 2186 2999 2241 si
3033 2200 3171 2256 quos
3219 2200 3287 2242 ex
3310 2183 3604 2242 Catholieis
3644 2188 3696 2242 in
3739 2196 3916 2258 partes

2319 2291 2446 2335 suas
2473 2266 3091 2344 allioereut,'lturrendo
3126 2291 3223 2343 eos
3259 2278 3464 2335 scelere
3501 2278 3922 2351 rebaptizabant.

2393 2370 2593 2428 Decem
2635 2380 2689 2426 et
2733 2378 2854 2428 ueto
2893 2372 3133 2444 eiuscupi
3162 2371 3410 2429 Numidas
3447 2373 3793 2431 occasionem
3818 2375 3922 2447 Cy~

2322 2465 2510 2536 priano
2534 2464 2694 2535 primi
2722 2464 2994 2521 dederunt
3019 2466 3302 2522 sententia:
3324 2480 3434 2521 sua:
3462 2467 3639 2537 palam
3665 2476 3719 2523 et
3743 2476 3929 2538 aperto

2322 2556 2698 2629 prmrlicandm.
2729 2556 2844 2614 Etsi
2870 2559 3011 2615 cnim
3059 2557 3327 2628 baptisma
3353 2558 3420 2614 ab
3455 2557 3723 2615 haereticis
3752 2559 3928 2616 admi-

2323 2650 2605 2711 nistratum
2632 2650 2865 2721 rejieere
2890 2651 3154 2718 solebant,
3190 2660 3367 2709 tamen
3386 2667 3508 2709 cum
3538 2653 3775 2725 synodus
3796 2654 3927 2710 Car-

2324 2743 2543 2815 thagine
2607 2743 2938 2812 haberetur,
3003 2743 3387 2801 consulendum
3435 2745 3578 2802 illaut
3635 2746 3912 2803 duxerunt

2329 2856 2347 2889 ‹
2372 2837 2438 2893 de
2464 2836 2529 2893 iis
2558 2839 2647 2909 qui
2678 2838 2817 2909 apud
2849 2838 3131 2894 ltmrelicos
3168 2850 3222 2895 et
3247 2839 3619 2896 schismalicos
3658 2841 3925 2911 baptizari
4024 2840 4031 2845 ’

2322 2928 2609 2995 videntur,
2659 2945 2729 2987 an
2766 2929 2836 2989 ad
2874 2930 3172 2993 Ecclesium
3228 2931 3587 2996 catholicam.
3634 2948 3755 3003 qua:
3805 2949 3912 2991 uua

2320 3030 2437 3086 est,
2499 3011 2780 3085 venientes
2826 3022 3083 3092 baptizari
3128 3022 3383 3080 debeant.
3433 3044 3453 3079 ο
3507 3025 3806 3097 Cyprianus
3868 3034 3923 3082 ct
4016 3052 4017 3055 η

2323 3114 2415 3179 alii
2440 3116 2714 3186 episcopi,
2745 3131 2970 3173 numero
3010 3132 3186 3184 uxr,
3221 3126 3277 3177 ut
3317 3126 3463 3188 patet
3488 3134 3554 3175 ex
3600 3120 3756 3176 titulo
3800 3120 3926 3192 Ειιὶο

2322 3208 2476 3267 stoleo
2504 3224 2640 3276 us,
2665 3209 2880 3267 laudant
2906 3209 3164 3268 Numidas
3196 3211 3339 3281 quod
3370 3231 3391 3267 ι
3433 3221 3489 3270 et
3517 3212 3618 3284 ipsi
3643 3213 3924 3275 veritatem

2323 3312 2378 3357 et
2428 3300 2734 3363 ﬁrmitatem
2774 3302 3058 3367 catholica)
3110 3303 3311 3374 regular
3341 3314 3593 3374 teneant,
3631 3320 3795 3378 seque
3826 3308 3931 3363 illis

2323 3393 2571 3453 assentiri
2622 3392 2942 3466 proﬁtentur
2983 3396 3254 3459 neminem
3309 3396 3439 3457 loris
3482 3397 3741 3469 baptizari
3775 3409 3927 3456 extra

2324 3488 2619 3553 Ecclesium
2665 3503 2847 3560 posse,
2894 3508 2915 3549 ο
2954 3489 3073 3547 Non
3115 3490 3285 3547 multo
3329 3500 3448 3560 post
3492 3492 3774 3549 consultus
3840 3510 3929 3549 cn-

2324 3581 2449 3645 dem
2495 3581 2566 3641 de
2614 3598 2673 3643 re
2717 3582 3017 3656 Cyprianus
3066 3600 3095 3641 a
3123 3584 3324 3654 Quinte
3372 3586 3427 3645 in
3466 3585 3783 3645 Mauritania
3827 3589 3936 3658 epi-

2325 3690 2495 3746 scopo
2522 3691 2618 3751 per
2648 3676 2940 3737 Lueianum
2986 3678 3355 3751 presbyterum
3377 3720 3395 3751 ,
3431 3680 3646 3751 scripsit
3683 3681 3751 3737 ad
3802 3698 3926 3737 cum

2324 3766 2621 3838 Epistulam
2650 3784 2777 3831 uxr
2804 3779 2967 3841 atque
2993 3783 3049 3827 ut
3091 3772 3251 3833 sciret
3286 3790 3307 3831 ε
3333 3772 3460 3843 quid
3487 3754 3659 3845 nuper
3705 3776 3758 3831 in
3806 3791 3936 3831 οιιη-

2324 3861 2449 3923 cilio
2494 3862 2796 3933 coepisoupi
2835 3879 2957 3920 cum
3002 3864 3457 3937 eumpreshyteris
3499 3867 3589 3939 qui
3618 3867 3874 3927 aderant.
3908 3886 3928 3919 ι

2324 3954 2697 4023 censuissent,
2721 3955 2964 4026 ejusdem
2991 3955 3231 4027 epismlm
3252 3957 3659 4029 exetnplumilli
3683 3960 3849 4019 misit.

2395 4045 2581 4120 Neque
2620 4050 2781 4109 etiam
2831 4048 3057 4113 multum
3101 4049 3306 4111 efﬂuxit
3340 4054 3601 4125 temporis
3623 4051 3765 4110 inter
3795 4053 3938 4115 hanc

2323 4142 2609 4214 epistolam
2633 4152 2688 4203 et
2715 4144 2999 4205 concilium
3030 4144 3325 4203 secundum
3350 4145 3795 4218 Carthaginense,
3830 4164 3848 4199 ι
3881 4147 3934 4202 in

2302 4247 2434 4308 'qne
2480 4237 2648 4295 multa
2713 4237 2927 4308 quidem
2972 4238 3178 4309 prolata
3222 4250 3383 4311 atque
3438 4248 3704 4299 transacta
3739 4248 3929 4307 sunt,»

2327 4328 2423 4407 sed
2452 4329 2582 4387 illud
2607 4331 2659 4386 in
2692 4329 2899 4400 primis,
2927 4330 3069 4402 quod
3118 4332 3393 4403 Stephano
3442 4347 3593 4403 papa:
3635 4331 3936 4406 Cyprianus

2332 4438 2439 4483 ιη
2493 4424 2869 4493 θῃίεοοιιοιίιηι
2929 4424 3017 4495 qui
3062 4438 3198 4483 cum
3250 4424 3368 4495 ipso
3422 4424 3676 4487 sederant
3715 4425 3934 4485 nontine

2325 4514 2613 4586 perscribit
2637 4529 2732 4573 eos
2784 4514 2875 4586 qui
2927 4514 3067 4587 apud
3106 4515 3392 4575 haereticos.
3430 4516 3513 4572 vel
3558 4516 3936 4573 schismaticos

2329 4608 2479 4673 tineti
2503 4615 2659 4676 sunt,
2682 4606 2973 4669 redeuntes
3000 4606 3392 4679 adﬁcelesiam
3423 4607 3681 4680 baptizari
3718 4618 3936 4679 oporte-

2329 4715 2411 4768 re.
2438 4699 2494 4759 ω
2534 4700 2840 4774 Cyprianus
2877 4709 3105 4761 tenetur
3141 4719 3160 4755 ι
3194 4699 3478 4772 diligenter
3509 4716 3681 4773 nuper
3716 4716 3938 4772 expres-

2352 4811 2473 4855 sum
2515 4813 2531 4845 ι
2565 4795 2751 4864 fuisse,
2809 4810 2931 4855 cum
2956 4794 3012 4857 in
3040 4794 3263 4866 epistola
3301 4795 3370 4850 ad
3412 4795 3674 4865 Quintum,
3725 4806 3835 4852 tum
3880 4795 3935 4851 in

2347 4890 2538 4949 litteris
2587 4890 2655 4946 ad
2702 4890 2967 4961 episcopos
3019 4888 3295 4949 Numidas.
3352 4887 3639 4960 Utriusque
3694 4888 3959 4960 epistola:-

2326 4982 2631 5055 exctnplunt
2662 4983 2824 5047 mittit
2847 4980 3123 5053 Stephano
3158 4997 3281 5047 cum
3313 4982 3550 5054 Epistula
3594 4998 3759 5043 usti.
3823 4980 3939 5041 Ad~

2324 5074 2408 5136 dit
2452 5075 2507 5135 in
2558 5074 2747 5133 cedent
2800 5073 3033 5137 Concilio
3077 5081 3337 5135 statutum
3386 5088 3509 5137 esse
3549 5088 3815 5130 consensu
3880 5083 3940 5129 ct

2328 5169 2652 5228 auctoritate
2705 5168 2975 5241 cutnmuni
3027 5186 3048 5222 ι
3099 5174 3158 5225 ut
3202 5167 3362 5225 etiam
3405 5166 3452 5222 si
3502 5167 3592 5239 qui
3631 5166 3935 5238 presbyteri

2330 5272 2423 5321 aut
2474 5262 2685 5321 diaconi
2708 5303 2724 5329 ,
2783 5261 2871 5333 qui
2902 5260 2988 5321 vel
3018 5260 3069 5319 in
3096 5259 3336 5321 Ecclesia
3367 5258 3628 5323 catholica
3669 5259 3816 5330 prius
3848 5274 3903 5319 Ol

2325 5357 2496 5415 dinati
2554 5357 2794 5424 fuerint,
2854 5365 2909 5417 et
2955 5355 3298 5428 postmodum
3354 5355 3545 5428 perﬁdi
3588 5371 3653 5413 ac
3702 5356 3937 5415 rebelles

2324 5460 2509 5508 contra
2566 5450 2861 5507 Ecclesiam
2925 5451 3218 5519 steterint,
3267 5449 3351 5506 vel
3391 5434 3532 5521 apud
3572 5450 3859 5507 haereticus
3901 5465 3935 5507 a

2323 5541 2800 5615 pseudoepiscopis
2851 5551 2905 5597 et
2947 5542 3280 5599 antichristis
3331 5553 3517 5598 contra
3576 5542 3778 5605 Christi
3837 5557 3934 5597 or-

2325 5638 2650 5695 dinationem
2702 5634 2924 5709 profana
2976 5635 3314 5692 ordinatione
3382 5634 3615 5701 promoti
3672 5635 3817 5699 sint,
3871 5641 3930 5693 et

2325 5739 2509 5787 contra
2562 5730 2734 5787 altare
2784 5745 2948 5791 unum
3011 5739 3172 5801 atque
3211 5727 3454 5789 divinum
3503 5727 3764 5787 sacriﬁcia
3804 5726 3937 5783 furis

2329 5825 2460 5884 falsa
2498 5839 2561 5887 ac
2617 5824 2875 5897 sacrilega
2938 5823 3133 5881 oll'erre
3197 5822 3375 5883 conati
3416 5822 3542 5895 sint,
3589 5836 3685 5883 eos
3720 5837 3938 5894 quoque
