4172 6264
313 457 425 519 hac
463 458 769 517 conditione
828 457 1028 530 suscipi
1064 472 1190 516 cum
1249 467 1625 525 revertuntur,
1673 469 1731 515 ιιι
1777 475 1926 516 com.-

311 553 600 610 mnnicent
651 550 806 618 laici,
858 560 914 606 et
937 550 1068 606 satis
1107 549 1340 606 habeant
1388 551 1528 621 quod
1570 551 1926 608 admittuntur

309 648 391 702 ad
445 660 626 716 pacem
681 645 770 715 qui
812 644 1002 700 hostes
1041 644 1188 715 pacis
1218 645 1554 711 exstiterint,
1599 660 1698 701 nec
1723 645 1924 703 debere

308 754 416 795 eos
479 745 812 793 revertentes
861 751 924 792 ea
981 737 1123 808 apud
1175 751 1274 791 nos
1321 737 1672 794 ordinationis
1717 748 1772 794 et
1825 739 1922 795 ho-

306 832 472 887 noris
523 846 672 886 arma
722 830 956 886 retinere
1025 828 1218 902 quibus
1287 839 1474 885 contra
1539 846 1637 886 nos
1726 847 1924 902 pugna-

305 922 515 977 verint.
555 941 574 973 ι

393 1014 473 1070 Ad
500 1013 600 1069 hoc
632 1021 843 1083 tempus
871 1012 1073 1068 referre
1102 1028 1264 1082 cogor
1289 1013 1609 1085 legationem
1641 1015 1924 1086 episcopo-

307 1125 439 1165 rum
470 1123 600 1180 quos
651 1106 937 1162 concilium
967 1105 1278 1161 Africanum
1309 1108 1373 1161 ad
1403 1108 1731 1178 Stephanum
1757 1111 1920 1170 misit.

308 1205 428 1260 llos
457 1205 656 1274 legatos
685 1203 997 1273 episcopos,
1031 1202 1106 1256 ait
1143 1200 1519 1269 Firmilianns,
1561 1203 1638 1257 sic
1688 1203 1925 1273 suscepit

309 1301 646 1370 Stephanus,
679 1320 697 1351 ‹
725 1309 780 1353 ιιι
806 1315 901 1355 eos
931 1313 1029 1352 nec
1059 1296 1126 1352 ad
1156 1311 1464 1352 sermonem
1521 1296 1708 1352 saltem
1751 1297 1921 1351 collo-

310 1399 428 1469 qnii
478 1394 778 1449 communis
829 1392 1166 1457 admitteret,
1208 1389 1385 1444 adhuc
1420 1393 1733 1460 insuper....
1777 1405 1918 1461 pra:-

308 1490 524 1559 ciperct
572 1485 886 1540 fraternitati
929 1484 1192 1538 universa:
1253 1498 1320 1537 ne
1350 1483 1470 1552 quis
1497 1497 1590 1536 eos
1616 1481 1668 1537 in
1699 1481 1920 1537 domum

308 1596 469 1636 suam
510 1579 793 1649 reciperet,
854 1587 911 1631 ut
957 1575 1292 1630 venientibus
1359 1591 1464 1628 non
1507 1575 1679 1628 solum
1718 1589 1819 1644 pax
1867 1581 1921 1628 et

308 1674 623 1730 eommnnio
647 1717 662 1741 ,
720 1671 814 1727 sed
868 1678 922 1726 ct
953 1678 1150 1725 tectum
1183 1677 1237 1724 et
1263 1670 1550 1740 hospitium
1583 1679 1868 1738 negaretur
1896 1687 1914 1720 ι

309 1771 393 1843 (p.
431 1770 575 1842 150).
609 1768 862 1839 Queritur
895 1767 1052 1822 etiam
1096 1765 1436 1820 Fit‘tlllliillllls
1495 1764 1635 1835 quod
1691 1761 1921 1836 Cypria-

309 1882 444 1920 num
472 1865 776 1934 Stephanus
810 1884 827 1916 (
855 1862 1316 1935 pseudoehristum
1339 1869 1393 1914 et
1414 1859 1917 1929 pseudoapostolum

308 1967 369 2014 et
427 1959 671 2011 dolosutn
727 1957 1027 2026 eperarintn
1071 1974 1088 2007 ›
1126 1953 1329 2007 diceret
1358 1951 1434 2024 (p.
1468 1949 1614 2024 liii).
1643 1949 1768 2004 Π(υο
1798 1966 1922 2020 pro—

309 2047 456 2104 fecto
487 2044 816 2105 incredibilia
846 2056 1026 2102 essent
1047 2090 1059 2109 ,
1093 2045 1192 2099 nisi
1228 2043 1527 2098 niterentur
1555 2043 1783 2097 duorum
1818 2042 1917 2096 ho-

308 2144 517 2198 minum
547 2142 886 2208 testimonio,
914 2141 1105 2212 quibus
1134 2139 1264 2192 ﬁdes
1294 2136 1538 2209 derogari
1573 2153 1678 2191 non
1710 2136 1914 2207 possit,

311 2233 685 2288 Firmilianum
715 2233 834 2287 dico
862 2241 916 2288 et
945 2233 1266 2304 Cyprianum
1289 2273 1303 2296 ,
1333 2229 1418 2300 qui
1471 2229 1764 2284 Firmiliani
1805 2228 1921 2298 epi-

311 2326 506 2380 stolam
557 2325 721 2380 latine
777 2324 1027 2390 reddidit,
1083 2334 1174 2379 ant
1220 2325 1408 2378 saltem
1459 2325 1778 2379 auctoritate
1823 2339 1917 2378 sua

312 2421 598 2491 evolgavit.
643 2421 746 2478 Sed
782 2420 1137 2479 examinanda
1160 2420 1314 2474 nobis
1339 2429 1464 2474 sunt
1491 2419 1700 2490 singula
1723 2417 1920 2474 Firmi-

311 2515 442 2572 liani
464 2518 644 2583 verba,
671 2526 781 2572 tum
805 2533 869 2572 ne
895 2517 1034 2572 illius
1060 2515 1316 2587 querelis,
1348 2531 1466 2585 qua:
1495 2531 1588 2571 sua
1611 2523 1802 2585 sponte
1833 2530 1919 2570 sa-

311 2605 381 2660 tis
412 2623 598 2676 graves
629 2619 773 2674 sunt,
804 2609 1002 2680 aliquid
1024 2609 1284 2674 addatur,
1319 2616 1427 2662 tum
1456 2618 1513 2662 ut
1539 2624 1642 2678 quo
1676 2617 1917 2677 tempore

308 2709 364 2754 et
389 2700 552 2754 modo
581 2701 694 2757 haec
722 2713 838 2758 acta
869 2704 973 2757 sint
1002 2702 1374 2772 dijudicemus.

383 2791 530 2850 Illud
581 2797 754 2866 primo
794 2796 1100 2864 perspicere
1155 2794 1283 2849 mihi
1322 2794 1528 2860 videor,
1559 2794 1659 2849 hos
1714 2795 1916 2866 legatos

312 2906 419 2945 non
467 2888 698 2942 maxima
753 2885 1030 2940 celeritate
1078 2885 1327 2950 venisse,
1367 2886 1459 2940 sed
1512 2884 1707 2939 famam
1728 2902 1913 2942 eorum

311 2985 577 3040 adventus
610 2980 960 3052 pra-nuntiam
1006 2979 1189 3034 fuisse.
1234 2978 1410 3032 Vetuit
1441 2978 1581 3033 enim
1612 2979 1917 3048 Stephanus

312 3094 382 3132 ne
409 3065 526 3147 quis
565 3089 661 3128 eos
688 3073 848 3127 domo
876 3073 1168 3142 exciperet,
1199 3091 1216 3124 ι
1245 3083 1299 3126 ut
1330 3071 1665 3126 venientibus
1704 3087 1809 3125 non
1838 3087 1919 3127 so-

312 3171 424 3224 lum
479 3183 577 3238 pax
626 3178 676 3221 et
731 3166 1071 3229 communio,
1121 3164 1289 3220 sedet
1316 3174 1512 3219 tectum
1549 3166 1916 3236 etImSpitinm

313 3273 617 3335 negaretur.
650 3283 670 3316 ι
724 3261 968 3317 Nondum
1036 3276 1164 3332 ergo
1207 3271 1463 3318 venerant
1507 3277 1628 3317 cum
1658 3263 1772 3320 haec
1797 3265 1916 3320 Ste-

312 3361 523 3430 phanus
552 3356 809 3420 ediceret,
840 3357 924 3430 cui
964 3355 1194 3424 spatium
1236 3353 1501 3409 dederunt
1543 3365 1649 3409 tum
1681 3355 1745 3412 dc
1773 3359 1915 3428 ipso-

312 3466 434 3506 rum
460 3449 711 3513 adventu,
745 3458 852 3502 tum
887 3447 952 3502 de
991 3447 1156 3502 rebus
1195 3447 1246 3501 in
1275 3448 1501 3501 concilio
1527 3449 1692 3519 gestis
1719 3464 1916 3520 cogno—

312 3541 523 3598 scendi.
555 3542 729 3612 Atque
757 3540 880 3595 inde
903 3538 1094 3611 colligo
1125 3541 1592 3610 hanclegatiouem
1625 3557 1728 3596 non
1757 3559 1914 3614 posse

311 3635 382 3690 ad
416 3635 630 3691 tertium
670 3634 955 3689 concilium
1001 3632 1420 3704 Carthagincnse
1463 3633 1682 3698 referri,
1728 3654 1913 3706 quom-

310 3729 397 3782 vis
426 3727 770 3782 Tillemontio
805 3741 960 3782 secus
997 3724 1259 3781 videatur.
1301 3727 1525 3781 Constat
1564 3728 1704 3782 enim
1734 3728 1911 3799 Rega-

313 3821 518 3874 tiannm
534 3835 562 3873 a
581 3819 845 3890 Cypriane
867 3819 918 3872 in
951 3819 1339 3890 Cappadociam
1358 3821 1580 3874 missum
1605 3837 1708 3875 non
1749 3822 1914 3879 fuisse

312 3915 418 3970 nisi
449 3926 727 3986 postquam
754 3913 909 3984 legati
939 3913 1175 3983 episcopi
1208 3912 1372 3967 Roma
1402 3915 1602 3968 reversi
1633 3923 1778 3969 sunt.
1809 3916 1914 3970 Sed

311 4025 435 4062 mum
466 4007 748 4061 concilium
792 4006 1004 4060 tertium
1039 4005 1457 4075 Carthaginense
1513 4007 1747 4061 calendis
1786 4024 1913 4080 sep-

317 4108 541 4162 tembris
565 4104 893 4160 celebratum
928 4103 1112 4168 fuerit,
1146 4119 1208 4157 ac
1240 4103 1564 4174 llogatianus
1585 4145 1599 4171 ,
1641 4113 1774 4159 teste
1800 4104 1915 4160 Fir-

314 4199 554 4264 miliano,
584 4199 762 4253 redire
798 4197 1144 4263 festiuaverit,
1198 4199 1320 4268 quia
1378 4197 1660 4252 hibernum
1705 4209 1913 4271 tempus

314 4291 583 4360 urgebat,
637 4290 912 4361 quomodo
965 4288 1074 4344 ﬁeri
1125 4290 1290 4359 putuit
1349 4297 1407 4342 ut
1461 4299 1578 4358 post
1629 4292 1911 4348 concilium

313 4387 551 4456 episcopi
603 4385 762 4456 legati
820 4385 1044 4438 Romam
1079 4385 1218 4438 irent
1271 4398 1332 4439 ac
1372 4382 1628 4449 redirent,
1680 4399 1743 4439 ac
1792 4394 1914 4456 post

312 4493 500 4532 eorum
548 4477 776 4532 reditum
813 4477 1138 4546 llogatianus
1169 4477 1220 4531 in
1256 4473 1652 4547 Cappadociam
1689 4479 1905 4548 missus,

313 4572 572 4629 redeundi
603 4580 728 4626 ante
758 4572 986 4627 hiemem
1013 4569 1240 4640 spatium
1271 4572 1532 4628 haberet?
1558 4572 1776 4631 Fatetur
1804 4571 1912 4627 Til-

315 4668 603 4722 lemontius
650 4666 766 4721 hate
809 4682 914 4720 non
969 4664 1127 4721 facile
1176 4665 1286 4721 ﬁeri
1313 4668 1577 4738 potuisse;
1610 4669 1704 4723 sed
1734 4678 1909 4727 tamen

314 4777 422 4815 non
468 4776 767 4832 repugnare
791 4762 1094 4828 contendit,
1129 4764 1302 4832 posito
1340 4763 1588 4820 videlicet
1633 4775 1911 4837 utramque

313 4854 634 4924 legationem
676 4855 806 4908 itum
837 4863 890 4910 et
932 4855 1160 4909 reditum
1190 4855 1541 4914 accelerasse.
1574 4860 1642 4913 At
1669 4859 1910 4918 videmus

311 4946 685 5016 episcoporum
737 4948 825 5017 qui
857 4946 1083 5001 Romam
1121 4949 1266 5004 missi
1295 4961 1439 5015 sunt,
1472 4951 1756 5008 adventum
1802 4972 1907 5013 non

312 5037 466 5092 valde
487 5037 718 5093 celerem
742 5038 838 5094 sed
869 5039 1046 5108 potius
1069 5040 1278 5096 tardum
1307 5043 1574 5110 extitisse;
1614 5047 1755 5117 quod
1793 5051 1911 5120 qni-

312 5130 435 5184 dem
475 5129 518 5184 si
571 5129 1037 5185 animzidvertisset
1088 5131 1500 5202 Tillemoutius,
1548 5137 1710 5193 credo
1751 5140 1908 5195 aliter

308 5220 667 5290 judicaturnm
699 5223 879 5278 fuisse.
912 5221 1201 5292 Prceterea,
1233 5240 1352 5279 eum
1385 5225 1754 5297 Stephanusin
1781 5232 1908 5304 Epi-

311 5318 445 5370 stola
472 5317 538 5371 ad
569 5316 915 5389 Cyprianum,
945 5336 1063 5390 qum
1083 5333 1207 5377 ante
1228 5322 1510 5378 concilium
1542 5327 1751 5382 tertium
1782 5332 1906 5386 mis-

311 5426 366 5465 sa
400 5421 501 5476 est,
526 5412 873 5470 abstinendos
901 5424 1046 5486 putet
1072 5416 1492 5486 rebaptizanles,
1527 5421 1682 5477 valde
1720 5422 1906 5479 dubito

314 5519 380 5557 an
410 5504 509 5560 hoc
534 5507 818 5562 concilium
851 5508 1055 5579 legatos
1076 5509 1355 5578 episcopos
1379 5510 1641 5579 ejusmodi
1669 5517 1905 5585 periculo

315 5605 666 5674 exposuisset,
699 5616 752 5660 ut
777 5608 852 5661 eis
883 5607 1069 5659 Retine
1099 5610 1404 5662 connnunio
1436 5618 1739 5679 negaretur.
1778 5612 1903 5666 l‘ro—

312 5692 537 5751 habilius
557 5712 684 5767 ergo
712 5706 794 5753 est
822 5698 1139 5769 legationem
1167 5709 1283 5769 post
1312 5700 1601 5755 secundum
1621 5703 1900 5758 concilium

308 5786 526 5842 missam
560 5787 740 5844 fuisse.
1044 5844 1048 5849 .

379 5877 516 5938 Illud
547 5881 705 5939 etiam
727 5897 791 5945 ex
820 5881 996 5941 verbis
1020 5881 1314 5940 Firmiliani
1343 5881 1533 5944 deduci
1559 5892 1754 5958 potest,
1785 5885 1902 5944 edi-

1544 343 1708 404 Ἦτή
1739 343 2003 410 ,S’ANCTI
2036 343 2382 406 CYPRIANI.

3529 337 3633 410 158

2033 470 2179 519 ctum
2207 463 2461 534 Stephani
2494 477 2600 520 non
2641 463 2880 540 omnino,
2915 463 2968 522 in
3007 479 3120 521 rem
3159 463 3409 522 collatum
3441 465 3632 526 fuisse.

2034 557 2088 613 l°
2117 557 2430 613 Incredibile
2457 568 2539 614 est
2566 559 2618 614 in
2642 569 2745 614 tam
2769 568 2950 614 sancta
2986 557 3224 616 Ecclesia
3256 562 3622 626 commissum,

2034 659 2088 704 ut
2111 651 2268 721 legati
2295 651 2528 722 episcopi
2561 661 2806 724 negatum
2837 667 2866 706 a
2891 651 3139 707 fratri-bus
3169 651 3454 722 hoSpititnn
3484 652 3624 723 apud

2031 743 2274 800 inﬁdeles
2311 754 2632 816 quaererent.
2676 745 2734 800 σέο
2776 744 3061 815 Distinguit
3123 743 3466 800 Firmilianus
3515 753 3626 799 tec-

2031 844 2140 891 tum
2172 845 2226 892 et
2264 837 2549 908 hospitium
2595 853 2624 892 a
2657 851 2786 908 pace
2809 847 2862 892 et
2885 836 3263 892 communione
3291 844 3343 891 et
3377 850 3627 891 sermone

2030 929 2278 1000 colloquii
2319 930 2650 985 communis:
2699 928 2936 985 declarat
2976 929 3251 999 conceptis
3294 928 3476 985 verbis
3515 930 3632 1000 epi-

2029 1035 2223 1092 sc0pos
2254 1039 2272 1073 ι
2295 1037 2392 1076 nec
2431 1022 2497 1077 ad
2541 1007 2846 1078 sermonem
2882 1020 3071 1076 saltem
3101 1021 3352 1092 colloquii
3389 1034 3630 1076 commn-

2030 1113 2112 1169 nis
2138 1135 2155 1166 ι
2205 1113 2470 1169 admissos
2497 1114 2662 1170 fuisse
2687 1134 2699 1169 :
2730 1113 2872 1185 quod
2902 1121 3078 1168 autem
3103 1121 3313 1184 spectat
3332 1112 3398 1166 ad
3429 1121 3626 1168 tectum

2029 1215 2083 1261 et
2112 1207 2423 1276 ltOSpitiutn,
2467 1209 2638 1262 minas
2679 1216 2882 1262 tantum
2913 1216 2969 1263 et
2994 1207 3142 1277 jussa
3166 1205 3490 1276 exprobrat,
3519 1221 3625 1260 non

2030 1315 2142 1353 rem
2161 1301 2350 1368 ipsam,
2374 1315 2530 1370 quam
2559 1309 2734 1354 tamen
2759 1314 2862 1354 non
2886 1299 3095 1355 videtur
3115 1299 3414 1353 emissurus
3465 1297 3628 1353 fuisse

2027 1390 2071 1444 si
2105 1389 2204 1444 hoc
2233 1391 2396 1445 etiam
2441 1390 2785 1445 humanitatis
2821 1390 2996 1446 ofﬁcio
3025 1391 3342 1445 caruissent.
3393 1389 3448 1444 5°
3479 1388 3627 1443 Veri-

2028 1485 2202 1538 simile
2220 1490 2300 1538 cst
2326 1485 2377 1538 in
2397 1483 2636 1539 Ecclesia
2665 1482 2923 1551 Romana,
2947 1499 3064 1554 qum
3083 1482 3282 1538 sanctis
3302 1480 3626 1553 prcsll‘yteris

2027 1578 2367 1644 abundabat,
2399 1579 2606 1648 aliquos
2633 1567 2783 1631 ἰιιηο
2830 1577 3102 1632 exstitisse
3149 1576 3236 1646 qui
3291 1590 3350 1630 se
3393 1572 3621 1646 Steplu--

2027 1689 2152 1726 num
2186 1673 2323 1726 inter
2353 1682 2405 1727 ct
2434 1671 2758 1742 Cyprianum
2791 1671 2996 1726 medios
3022 1672 3424 1741 interponerent
3449 1686 3462 1734 ;
3494 1683 3555 1722 ac
3582 1670 3625 1721 si

2027 1772 2202 1827 minus
2243 1773 2595 1842 in'ipetrarent
2622 1787 2651 1826 a
2694 1771 2969 1842 Stephano
3022 1781 3077 1825 ut
3121 1770 3322 1840 legatos
3368 1768 3432 1822 ad
3472 1781 3623 1822 com-

2028 1867 2334 1921 munionem
2396 1876 2448 1922 et
2496 1865 2818 1936 colloquium
2865 1865 3209 1927 admitteret,
3259 1862 3450 1916 saltem
3503 1875 3623 1914 eum

2025 1959 2362 2014 deterrerent
2425 1957 2710 2028 quominus
2759 1955 2989 2026 hospitio
3043 1969 3135 2010 eos
3179 1953 3348 2023 excipi
3397 1960 3626 2006 vetaret.

2025 2052 2205 2123 Neque
2233 2051 2372 2106 enim
2397 2044 2588 2122 aptiori
2618 2059 2860 2120 tempore
2888 2048 3152 2103 collocare
3167 2059 3452 2118 possumus
3480 2043 3619 2113 quod

2023 2142 2565 2215 aitDionysitts(apml
2591 2141 2783 2198 Euseb.
2818 2141 2977 2208 llist.,
3001 2140 3198 2207 lib.vn,
3232 2152 3280 2192 c.
3313 2137 3369 2209 5)
3388 2137 3438 2189 in
3459 2134 3616 2205 epist.

2023 2238 2090 2290 ad
2140 2235 2362 2307 Xyslum
2385 2250 2402 2289 .'
2428 2239 2509 2290 xxi
2537 2249 2634 2296 τοῖς
2665 2237 2934 2306 ἀγαπητοῖς
2972 2236 3021 2285 δὲ
3051 2240 3182 2299 ἡμῶν
3209 2232 3292 2285 καὶ
3323 2236 3622 2299 συμπρεσϐυ·

2021 2339 2173 2402 τέρυις
2202 2339 2422 2400 Διονυσίῳ
2447 2332 2525 2383 καὶ
2553 2336 2799 2395 Φιλτίμενι,
2824 2333 3086 2397 συμψγλροις
3135 2326 3356 2394 aphrst
3414 2325 3626 2389 Στεφάνῳ

2021 2434 2300 2495 γενομέναις,
2329 2429 2408 2480 καὶ
2438 2428 2544 2496 περῖ
2575 2443 2662 2481 τῶν
2685 2426 2836 2479 εὖτ-ῶν
2871 2446 2956 2492 μοι
2985 2427 3211 2493 γράφουσι
3235 2437 3249 2450 ⁹
3274 2421 3496 2490 πδεὸτςρον
3541 2424 3625 2484 μὲν

2019 2525 2177 2585 ὀλίγοι,
2205 2522 2285 2573 καὶ
2322 2525 2396 2573 νῦν
2425 2521 2470 2570 δὲ
2496 2521 2581 2570 διὰ
2605 2526 2824 2572 πλείονων
2855 2518 3120 2570 ἓπὲστειλσι.
3160 2530 3179 2563 ι
3209 2509 3313 2567 Sed
3341 2518 3394 2565 et
3411 2507 3620 2562 charis-

2021 2611 2171 2666 simis
2200 2610 2452 2665 fratribns
2479 2621 2533 2666 et
2561 2609 3014 2681 compresbyleris
3063 2604 3316 2676 Dionysio
3346 2617 3409 2658 ac
3439 2599 3619 2655 Phile-

2020 2707 2186 2771 moni,
2215 2706 2301 2776 qui
2334 2705 2478 2774 prius
2520 2703 2792 2773 Stephano
2827 2703 3028 2756 assensi
3058 2699 3282 2760 fuerant,
3315 2695 3489 2765 deque
3525 2692 3617 2746 iis-

2020 2799 2141 2854 dem
2171 2799 2333 2852 rebus
2366 2797 2432 2851 ad
2463 2812 2548 2851 me
2572 2796 2916 2866 scripserant,
2938 2802 3093 2847 antea
3127 2789 3343 2861 quidem
3360 2784 3615 2850 breviter,

2023 2904 2164 2944 nunc
2207 2904 2334 2943 vero
2380 2887 2622 2958 pluribus
2665 2887 2842 2942 verbis
2888 2883 3099 2954 scripsi.
3132 2902 3152 2933 ι
3207 2881 3398 2951 Liquet
3441 2893 3507 2932 ex
3537 2877 3620 2930 his

2023 2980 2199 3035 verbis
2231 2979 2536 3051 Dionysium
2564 2987 2618 3032 et
2645 2978 3033 3040 Philemonem,
3073 2989 3195 3028 cum
3224 2980 3377 3026 antea
3421 2971 3474 3024 in
3504 2985 3620 3024 om-

2022 3076 2178 3132 nibus
2195 3075 2467 3146 Stephano
2496 3076 2887 3129 assentirentur
2911 3113 2924 3136 ,
2953 3077 3136 3140 postea
3171 3067 3238 3121 ab
3263 3081 3329 3120 eo
3356 3064 3530 3136 aliqua
3564 3066 3615 3118 in

2020 3183 2080 3223 re
2099 3169 2435 3223 dissensisse.
2454 3167 2789 3223 Perabsurde
2811 3175 2986 3221 autem
3011 3163 3280 3219 Latmoius
3308 3162 3460 3231 (tom.
3497 3174 3614 3223 vnt,

2022 3278 2074 3333 p.
2098 3261 2226 3334 605)
2267 3277 2330 3317 ex
2367 3261 2448 3316 his
2487 3261 2759 3316 concludit
2790 3259 2886 3313 hos
2931 3258 3066 3312 duos
3089 3255 3465 3328 presbyteros,
3495 3267 3614 3306 cum

2020 3366 2174 3411 antea
2207 3356 2536 3427 Baptismum
2568 3355 2634 3409 ab
2660 3353 2934 3409 lucreticis
2960 3351 3140 3407 datum
3174 3363 3278 3403 non
3306 3347 3613 3418 rejieerent,

2021 3462 2206 3523 postea
2252 3453 2302 3506 in
2334 3449 2583 3522 Cypriani
2614 3449 2936 3506 sententiam
2973 3445 3327 3502 concessisse.
3377 3441 3614 3512 Perpau-

2018 3564 2111 3609 cos
2141 3549 2257 3605 fore
2297 3547 2529 3602 arbitror
2564 3545 2652 3615 qui
2703 3542 2924 3601 Launoii
2952 3539 3336 3611 conjecturam
3379 3551 3487 3591 non
3518 3551 3612 3588 ex-

2019 3644 2255 3716 plodant.
2289 3638 2404 3694 Non
2434 3639 2574 3693 enim
2599 3636 2685 3692 hic
2713 3645 2817 3690 tam
2847 3635 3022 3704 agitur
3052 3631 3118 3686 de
3164 3630 3415 3700 dogmate
3454 3641 3612 3697 quam

2019 3738 2086 3793 dc
2117 3734 2378 3806 dogmatis
2404 3730 2721 3786 defendendi
2772 3729 3010 3783 ratione:
3040 3740 3142 3780 nec
3187 3722 3441 3791 Stephani
3481 3720 3611 3772 dor-

2021 3831 2213 3884 trinatn
2262 3825 2528 3895 improbat
2567 3821 2880 3892 Dionysius,
2931 3818 3125 3888 quippe
3166 3829 3284 3868 cum
3328 3812 3470 3866 illam
3502 3811 3614 3879 ipse

2019 3929 2367 3988 sequeretur,
2397 3915 2490 3969 sed
2532 3915 2582 3968 in
2633 3929 2697 3968 eo
2729 3912 2998 3966 lenitatem
3024 3917 3077 3963 et
3103 3907 3262 3960 animi
3287 3903 3607 3959 moderatio-

2021 4027 2139 4066 nem
2172 4009 2410 4080 requirit.
2442 4006 2794 4075 Quapropter,
2817 4019 2935 4058 Clllll
2961 4001 3035 4055 ait
3059 3999 3365 4070 Dionysium
3396 4005 3446 4050 et
3473 3992 3612 4050 Ph?-

2019 4106 2285 4162 lemonem
2323 4100 2593 4171 Stephano
2635 4099 2778 4168 prius
2817 4094 3154 4157 assensisse,
3200 4092 3372 4161 deque
3420 4088 3608 4144 iisdem

2020 4197 2176 4254 rebus
2206 4193 2270 4248 ad
2301 4210 2359 4248 se
2387 4192 2704 4262 scripsisse;
2759 4187 2811 4243 id
2846 4187 3019 4258 accipi
3067 4185 3226 4241 debet
3275 4183 3342 4238 de
3375 4182 3472 4236 hac
3498 4182 3614 4234 Ste-

2020 4292 2181 4364 phani
2209 4291 2493 4359 sententia,
2523 4303 2628 4343 nou
2659 4279 3158 4342 communicandqu
3204 4291 3322 4332 esse
3347 4289 3465 4329 cum
3510 4273 3611 4326 lle~

2017 4388 2140 4442 leno
2167 4393 2220 4440 et
2252 4382 2587 4447 Firmiliano,
2612 4388 2664 4436 et
2689 4378 2810 4434 aliis
2840 4372 3312 4444 rebaptizantilms;
3338 4381 3456 4437 qua:
3477 4380 3612 4435 prae-

2017 4483 2170 4551 cipua
2199 4479 2298 4535 fuit
2325 4486 2376 4534 et
2404 4475 2791 4532 discordiarum
2823 4471 3000 4540 origo,
3026 4476 3078 4521 ct
3119 4475 3368 4519 curarum
3407 4473 3470 4551 ac
3503 4457 3610 4510 sol-

2021 4550 2357 4629 licitudinum
2385 4565 2622 4639 Dionysii
2646 4563 2887 4620 materia.
2920 4558 3070 4628 Quod
3094 4558 3137 4612 si
3164 4550 3421 4622 Stephani
3449 4564 3609 4620 agen-

2018 4669 2070 4725 di
2100 4668 2358 4722 rationetn
2383 4662 2670 4735 Dionysius
2698 4668 2751 4715 et
2772 4655 3046 4712 Philemon
3077 4649 3300 4721 probare
3321 4643 3608 4716 aliquando

2017 4759 2327 4820 desierunt,
2361 4766 2469 4810 tum
2493 4755 2724 4808 maxime
2751 4748 2996 4804 videntur
3027 4745 3076 4800 id
3107 4743 3293 4798 fecisse
3319 4753 3437 4794 cum
3485 4752 3606 4790 cum

2016 4856 2080 4906 ad
2115 4859 2380 4907 extremas
2415 4847 2529 4901 illas
2569 4841 2851 4911 discordia:
2878 4838 3293 4908 signiﬁcationes
3319 4832 3495 4890 efferri
3524 4829 3608 4884 vi-

2017 4946 2251 5008 derunt;
2297 4953 2394 4995 nec
2433 4936 2700 4993 immerito
2757 4947 2941 4988 eorum
3003 4929 3262 5001 sapientia
3309 4927 3605 4996 mitigatum

2014 5039 2383 5097 existimamus
2411 5032 2643 5086 edictum
2676 5028 2956 5099 Stephani,
2984 5025 3124 5098 quod
3150 5038 3216 5078 ne
3253 5021 3368 5092 ipse
3395 5015 3607 5090 quidem

2014 5135 2358 5191 Firn'tilianus
2385 5125 2451 5180 ad
2489 5127 2692 5183 exitum
2724 5123 3034 5195 perductum
3064 5119 3229 5180 fuisse
3267 5122 3416 5183 dicit,
3445 5128 3504 5174 ιιι
3532 5115 3607 5173 lc.

2012 5235 2148 5304 gatis
2177 5229 2442 5301 episcopis
2472 5237 2666 5284 tectum
2695 5237 2749 5283 et
2788 5224 3074 5297 hospitium
3114 5227 3413 5292 negaretur.

2083 5323 2201 5378 .lam
2244 5337 2369 5376 vero
2413 5321 2740 5376 Tillemontii
2782 5319 3081 5376 rationibus
3121 5334 3226 5374 non
3269 5314 3484 5374 difﬁcile
3523 5321 3606 5368 est

2012 5415 2358 5487 respondere.
2409 5415 2711 5472 Verisimile
2771 5407 2893 5470 esse
2936 5429 3040 5468 non
3089 5420 3240 5483 putat
3272 5409 3602 5482 Stephanum

2011 5512 2076 5567 ad
2139 5511 2368 5580 primum
2426 5509 2626 5565 decreti
2697 5507 2928 5564 Africani
2981 5509 3224 5564 nuntium
3274 5518 3378 5562 tam
3437 5504 3603 5559 vehe-

2011 5617 2220 5662 menter
2249 5606 2535 5661 exarsisse.
2561 5603 2666 5661 Sed
2695 5604 2808 5661 ha3c
2838 5603 3145 5669 difﬁcultas,
3165 5617 3282 5675 quae
3306 5599 3604 5655 Tillemon-

2012 5703 2126 5767 tio,
2176 5698 2562 5753 dissensionem
2612 5699 2662 5753 in
2693 5698 2870 5756 Africa
2929 5699 3213 5772 incoepisse
3252 5695 3598 5763 existimanti,

2011 5809 2200 5866 magna
2229 5792 2527 5862 videbatur,
2555 5807 2620 5848 ex
2654 5793 2734 5850 his
2763 5809 2880 5866 quzc
2901 5792 2969 5849 de
2983 5791 3201 5849 Oriente
3227 5791 3456 5848 diximus
3477 5807 3600 5847 eva-

2013 5888 2199 5946 nescit.
2229 5885 2337 5946 Nec
2357 5885 2470 5959 jam
2509 5885 2699 5944 mirum
2727 5887 2874 5948 estsi
2902 5884 3192 5957 Stephano,
3235 5883 3319 5942 his
3345 5898 3461 5955 qum
3493 5882 3595 5957 ipsi
