4200 6262
610 324 733 403 ‘159

612 477 747 519 eum
770 461 1018 518 Asiaticis
1046 462 1462 539 intercesserant
1486 475 1739 531 accenso,
1770 479 1937 521 novas
1966 465 2108 524 faces
2131 465 2221 523 do-

626 553 754 613 loris
777 555 1024 612 Africana
1045 555 1259 619 decreta
1290 555 1670 612 admoverunt.
1760 581 1767 589 ι

695 672 895 741 Quint-it
923 670 1083 726 etiam
1120 669 1492 727 Tillemoutius
1534 685 1632 728 cur
1672 671 1979 743 Stephanus
2023 674 2089 730 ad
2113 672 2220 747 Cy-

624 763 868 835 prianum
894 761 1188 832 scripserit,
1219 762 1262 817 si
1293 763 1512 834 legatos,
1543 777 1646 820 nec
1688 764 1753 819 ad
1788 767 2218 822 communionem

622 868 724 910 nec
762 851 830 908 ad
870 851 1193 924 colloquium
1218 852 1450 910 admisit.
1484 855 1566 910 ‘At.
1604 855 1824 911 minime
1859 866 2122 929 repugnat
2163 867 2221 913 ttt

622 946 729 1003 duo
756 944 830 1001 illi
868 960 1005 1017 quos
1047 945 1280 1002 diximus
1328 946 1630 1020 presbyteri
1665 964 1694 1002 a
1738 957 1924 1004 saneto
1963 949 2219 1007 Pontiﬁce

621 1038 1010 1109 impetrarent?
1051 1049 1109 1093 ut
1131 1039 1318 1095 saltem
1389 1040 1459 1096 ad
1516 1041 1840 1113 Cyprianum
1914 1043 2212 1110 scriberet;

621 1145 941 1202 quamquam
984 1129 1324 1200 Stephanus.
1376 1147 1497 1187 eum
1544 1132 1634 1186 ‘his
1663 1134 1715 1186 in
1759 1133 1950 1189 litteris
1983 1134 2219 1206 rebapti-

620 1228 806 1276 zantes
829 1220 1176 1277 abstinendus
1199 1228 1387 1293 putet,
1417 1238 1524 1278 non
1552 1224 1778 1280 nmltum
1823 1224 2035 1281 videtur
2064 1241 2095 1281 a
2122 1240 2215 1282 sua

620 1316 674 1372 in
699 1315 902 1388 legatos
928 1315 1119 1387 agendi
1148 1317 1357 1374 ratione
1390 1316 1685 1374 discedere.

691 1427 822 1485 Illud
858 1428 1021 1485 etiam
1068 1430 1367 1501 argumenti
1412 1429 1530 1485 loco
1586 1431 1751 1486 sumit
1806 1431 2212 1497 Tillemontins,

619 1521 760 1592 quod
780 1502 1079 1593 Cyprianus
1110 1512 1420 1579 in-coucilio
1449 1523 1604 1579 tertio
1644 1523 2048 1597 Carthaginensi
2084 1524 2217 1580 nihil

618 1613 687 1670 de
718 1615 800 1670 his
838 1615 893 1670 in
917 1614 1120 1686 legatos
1150 1616 1360 1687 injuriis
1379 1616 1612 1673 dixerit:
1658 1618 1800 1674 unde
1836 1620 2068 1691 scriptor
2090 1619 2217 1674 doc-

621 1710 857 1765 tissimus
887 1710 1160 1766 concludit
1188 1711 1506 1782 legationem
1540 1720 1660 1782 post
1683 1714 1968 1769 concilium
1998 1715 2214 1771 tertium

618 1802 984 1860 collocandam
1031 1798 1171 1860 esse.
1214 1804 1321 1861 Sed
1352 1804 1454 1861 hoc
1494 1805 1764 1862 silentium
1796 1807 2001 1864 lenitati
2034 1852 2050 1876 ,
2092 1824 2215 1879 qua:

618 1912 826 1954 summa
855 1896 958 1952 fuit
1008 1898 1061 1952 in
1090 1895 1381 1970 Cypriano,
1413 1898 1775 1955 tribuendum.
1808 1900 1866 1957 In
1893 1901 2089 1958 litteris
2114 1917 2212 1959 att-

620 2000 726 2047 tem
752 1990 819 2045 ad
851 1990 1196 2062 Pompeium,
1257 1995 1310 2050 in
1352 1993 1545 2062 quibus
1571 1991 1829 2064 Stephani
1870 1996 2100 2065 epistola
2129 2011 2217 2051 re-

620 2082 855 2150 fellitur,
902 2083 1158 2138 nonnulla
1189 2082 1246 2141 S.
1282 2083 1499 2156 Martyri
1548 2085 1732 2140 durius
1774 2085 1826 2140 in
1872 2085 2208 2156 Stephanum

615 2177 755 2233 dicta
795 2176 1151 2245 exciderunt,
1192 2192 1312 2250 quae
1353 2180 1404 2232 in
1440 2186 1583 2233 tanta
1629 2178 1793 2233 animi
1839 2179 2206 2236 moderatione

619 2279 938 2341 conceptum
965 2287 1027 2329 ex
1063 2271 1311 2326 maximis
1334 2270 1677 2326 contumeliis
1695 2270 1936 2327 dolorem
1955 2271 2211 2329 indicant.

616 2360 761 2417 Idem
794 2361 1018 2431 probant
1034 2361 1146 2417 haec
1165 2363 1327 2418 verba
1352 2377 1419 2418 ex
1445 2361 1615 2433 Epist.
1637 2363 1705 2417 ad
1728 2362 2064 2433 Jubat'anum,
2094 2381 2213 2436 qua:

615 2462 739 2509 ante
772 2453 1056 2509 concilium
1088 2446 1302 2510 te'rtitmi
1330 2470 1393 2510 ac
1431 2470 1536 2510 non
1566 2456 1733 2512 multo
1771 2467 1889 2527 post
1921 2457 2212 2514 secundum

613 2546 812 2619 scripta
840 2557 922 2604 est
949 2565 964 2604 :
1008 2566 1027 2600 ι
1063 2548 1172 2604 Cur
1194 2537 1633 2619 praevaricatores
1659 2549 1898 2609 veritatis
1928 2593 1943 2618 ,
1978 2572 1998 2605 ι
2043 2553 2215 2623 inquit

618 2640 696 2715 (p.
732 2644 883 2716 155),
923 2661 942 2694 ι
979 2658 1075 2699 cur
1102 2626 1402 2715 proditores
1428 2644 1643 2702 unitatis
1668 2646 2087 2704 existimamur?
2115 2667 2134 2701 ›

687 2756 1033 2828 Legationem
1065 2758 1305 2830 proxime
1330 2768 1510 2814 secuta
1541 2768 1624 2814 est
1645 2761 1872 2830 epistola
1902 2763 1971 2816 ad
1990 2761 2210 2818 Jubaia-

614 2867 737 2906 num
761 2852 1094 2923 episcopum.
1143 2854 1192 2908 is
1223 2852 1569 2909 consuluerat
1608 2853 1942 2926 Cyprianum
1983 2855 2049 2911 de
2086 2856 2213 2927 bap-

626 2943 787 3000 tismo
812 2943 881 2999 ab
907 2946 1177 3002 ha-reticis
1200 2945 1327 3002 dato
1350 2987 1366 3013 ,
1397 2944 1663 3017 simulque
1687 2947 1909 3003 miserat
1929 2949 2209 3019 epistolam

613 3052 719 3094 non
737 3052 767 3092 a
783 3019 857 3094 se
881 3039 975 3094 sed
1004 3040 1071 3094 ab
1087 3040 1193 3096 alio
1207 3042 1459 3111 scriptam
1482 3039 1743 3096 adversus
1758 3043 2085 3098 sententiam
2106 3043 2211 3116 Cy-

614 3129 805 3199 priani.
846 3130 1060 3186 Refellit
1097 3130 1234 3186 hanc
1263 3132 1543 3203 epistolam
1568 3131 1890 3205 Cyprianus,
1919 3144 1971 3189 et
2000 3150 2211 3191 summo

613 3221 791 3277 studio
839 3223 1041 3293 colligit
1069 3223 1328 3295 quidquid
1375 3225 1442 3280 ad
1483 3240 1661 3281 causae
1696 3241 1807 3281 sua:
1837 3225 2207 3283 defensionem

611 3314 791 3371 valere
818 3316 1197 3382 existimabat,
1247 3329 1456 3374 servata
1505 3334 1720 3389 semper
1749 3321 1922 3376 animi
1961 3322 2209 3377 modera-

613 3408 756 3462 tione
784 3418 840 3463 et
869 3407 1152 3475 eharitate,
1185 3424 1287 3479 qtta
1315 3409 1449 3465 nihil
1477 3412 1746 3481 antiquius
1774 3410 2023 3469 habebat.
2057 3413 2210 3469 Mittit

610 3502 771 3555 etiam
798 3500 1062 3557 Jubaiatto
1085 3502 1389 3571 exemplum
1423 3502 1665 3571 epistola:
1684 3506 1754 3558 ad
1780 3503 2036 3559 Numidas
2061 3516 2115 3561 et
2139 3507 2210 3560 ml

613 3592 856 3659 Quintum
885 3634 902 3661 ,
934 3609 998 3649 ac
1021 3595 1156 3649 forte
1184 3595 1343 3649 etiam
1372 3595 1628 3665 proxima:
1653 3597 1843 3670 synodi
1865 3597 2104 3664 decreta,
2137 3598 2206 3655 de

619 3703 723 3759 qua
754 3688 833 3744 sic
874 3688 1150 3760 loquitur:
1190 3707 1208 3740 ι
1239 3688 1493 3745 Et-nune
1534 3704 1749 3763 quoque
1784 3705 1907 3747 cum
1956 3693 2007 3747 in
2041 3708 2204 3748 unum

607 3780 1044 3837 convenissemus
1097 3789 1203 3837 tant
1243 3781 1530 3853 provinciae
1560 3781 2205 3854 AfrictequamNumidia:

606 3874 843 3945 episcopi
892 3890 1117 3931 numero
1171 3877 1505 3949 septuaginta
1541 3885 1594 3932 et
1624 3892 1781 3946 unus,
1806 3879 1909 3934 hoc
1939 3879 2077 3936 idem
2103 3881 2202 3937 de-

606 3981 715 4021 nuo
764 3970 1026 4024 sententia
1078 3979 1257 4025 nostra
1289 3970 1655 4027 ﬁrmavimus»
1690 3973 1785 4045 (p.
1815 3971 1963 4045 120).
1992 3973 2071 4028 Ex
2088 3977 2205 4046 qni-

608 4056 708 4113 bus
738 4068 883 4128 patet
912 4059 1050 4116 hanc
1077 4061 1363 4131 epistolam
1407 4079 1511 4117 non
1553 4064 1722 4118 multo
1766 4075 1885 4134 post
1910 4067 2200 4123 concilium

606 4151 859 4222 scriptam
887 4151 1056 4210 fuisse
1080 4194 1096 4221 ,
1122 4155 1216 4210 sed
1247 4165 1425 4211 tamen
1457 4167 1734 4228 postquam
1763 4175 1793 4214 a
1820 4159 2091 4231 Stephano
2115 4164 2200 4218 lit-

607 4249 734 4297 tera:
756 4243 1061 4300 venissent:
1087 4262 1209 4302 nam
1227 4248 1279 4303 in
1313 4248 1410 4318 Ep.
1430 4249 1498 4302 ad
1527 4249 1848 4321 Stephanum
1866 4262 2089 4308 testatur
2104 4254 2199 4327 Cy-

604 4336 820 4403 prianus
837 4337 1119 4392 nonnullos
1143 4354 1170 4392 a
1188 4354 1247 4395 se
1268 4340 1572 4407 dissentire,
1601 4359 1621 4393 ‹
1643 4341 1738 4397 sed
1759 4343 1909 4399 salvo
1932 4344 2072 4402 inter
2088 4349 2198 4403 col-

601 4424 748 4496 legas
789 4428 934 4498 pacis
967 4438 1018 4484 et
1048 4432 1348 4487 concordiae
1388 4432 1621 4488 vinculo.
1651 4451 1670 4484 ›
1692 4433 1888 4490 Contra
1920 4436 1973 4491 in
2000 4438 2098 4508 Ep.
2131 4441 2201 4495 ad

600 4517 914 4575 Jubnt’anum
934 4521 1006 4576 ait
1027 4522 1102 4595 (p.
1122 4523 1254 4596 129)
1281 4543 1294 4579 :
1320 4545 1337 4577 ι
1360 4526 1467 4581 Cttr
1491 4526 1925 4595 praevaricatores
1938 4520 2194 4599 veritatis,

601 4628 702 4669 cur
727 4616 1029 4686 proditores
1052 4620 1267 4675 unitatis
1288 4620 1663 4677 existimamur
1699 4641 1717 4674 ι
1741 4621 1885 4693 (pag.
1912 4624 2059 4697 152).
2078 4625 2195 4684 iam

601 4717 711 4789 tum
739 4726 867 4782 ergo
885 4711 1222 4769 desiderabat
1252 4714 1304 4769 in
1332 4714 1659 4775 adversariis
1688 4721 1798 4775 suis
1822 4723 1966 4789 pacis
1995 4734 2048 4778 et
2063 4738 2191 4779 eon-

597 4802 796 4860 cordia:
891 4805 1124 4863 studium
1204 4808 1347 4880 quod
1418 4811 1660 4869 scribens
1730 4815 1797 4872 ad
1866 4817 2194 4887 Stephanum

599 4895 925 4958 laudaverat.

667 5015 810 5073 Misit
834 5018 1096 5077 Jubaiano
1123 5022 1267 5079 aliud
1297 5040 1490 5083 munus
1518 5072 1532 5096 ,
1566 5029 1805 5087 libellum
1834 5032 1900 5087 de
1927 5032 2055 5089 bona
2079 5033 2190 5089 Pa-

596 5112 786 5167 tientia:
806 5154 822 5180 ,
866 5113 935 5169 de
962 5128 1068 5186 quo
1089 5117 1168 5172 sic
1199 5119 1435 5189 loquitur
1472 5123 1550 5194 (p.
1591 5125 1696 5180 157
1726 5124 1746 5197 )
1774 5141 1788 5179 :
1824 5146 1843 5179 ι
1870 5126 2125 5184 Servatur
2160 5144 2191 5185 a

596 5205 749 5262 nobis
766 5207 1031 5277 patienter
1046 5220 1100 5265 et
1119 5210 1310 5268 leniter
1334 5212 1564 5272 charitas
1579 5217 1977 5292 animi,collegii
1991 5219 2185 5290 honor,

593 5297 866 5356 vinculum
904 5301 1028 5360 ﬁdei
1057 5312 1111 5360 et
1149 5307 1435 5364 concordia
1467 5310 1771 5368 sacerdotii.
1815 5313 2041 5386 Propter
2086 5316 2189 5375 hoc

592 5392 755 5449 etiam
790 5394 1027 5454 libellqu
1057 5400 1121 5456 de
1152 5400 1279 5457 bono
1295 5401 1585 5474 Patiemur,
1604 5415 1859 5477 quantum
1876 5410 2041 5466 valuit
2062 5428 2188 5470 nos-

704 5486 1069 5556 medioeritas,
1118 5495 1462 5563 permittente
1491 5498 1718 5556 Domino
1774 5510 1830 5557 et
1864 5502 2181 5573 inspirante,

590 5582 1044 5656 conscripsimus,
1076 5603 1238 5659 quem
1304 5591 1371 5647 ad
1425 5602 1475 5650 te
1514 5609 1609 5665 pro
1661 5604 1845 5655 mutua
1889 5597 2182 5661 dilectione

590 5679 1005 5737 transmisimus.
1054 5700 1073 5734 ι
1129 5683 1395 5742 Praeclare
1437 5685 1788 5746 observarunt
1842 5691 2036 5748 eruditi
2084 5694 2182 5753 viri

591 5782 696 5825 tam
723 5781 1076 5843 attemperate
1108 5776 1366 5846 scriptum
1395 5794 1515 5835 esse
1544 5779 1684 5838 hunc
1714 5784 1928 5856 librum,
1962 5798 2018 5844 ut
2047 5804 2181 5845 con-

589 5864 911 5922 troversiam
954 5882 1073 5934 qua:
1122 5878 1245 5925 tunc
1277 5868 1538 5939 fervebat,
1572 5889 1677 5929 non
1727 5877 1895 5948 magis
1950 5882 2181 5953 attigerit

1802 344 1965 403 VITA
2002 343 2252 404 SANCTI
2286 345 2632 408 CYPRIANI.

3826 356 3934 428 i6b

2328 470 2668 543 Cyprianus,
2717 485 2876 543 quam
2921 472 2967 529 si
3008 472 3151 529 nulla
3201 489 3424 547 prorsus
3467 481 3783 542 exstitisset.
3812 474 3930 544 Non

2327 561 2495 617 multo
2549 572 2671 634 post
2710 563 2873 620 alium
2912 565 3110 622 librum
3153 568 3219 623 de
3254 567 3379 625 Zeto
3409 580 3457 626 et
3495 571 3678 630 Livore
3712 580 3931 651 scripsit

2325 658 2516 715 eodem
2545 660 2805 716 consilio.
2875 661 3107 734 Uterque
3146 675 3458 723 recensetur
3500 683 3531 724 a
3584 669 3773 730 Pontio
3804 683 3929 747 post

2326 749 2519 807 librum
2552 751 2615 807 de
2647 752 2813 825 Opere
2839 762 2885 808 et
2913 752 3272 828 Elecmosyua.

2395 862 2525 920 Cum
2555 866 2745 923 littera:
2770 867 3027 940 Stephani
3060 872 3112 926 in
3154 873 3391 933 Africam
3415 879 3638 949 perlata:
3658 876 3921 957 fuiSsent,

2325 955 2609 1028 Pompeius
2649 959 3001 1017 Sabratensis
3028 964 3351 1037 episcopus,
3413 970 3590 1040 idem,
3633 985 3691 1031 ut
3734 955 3925 1035 verisi-

2310 1046 2454 1106 mile
2496 1061 2599 1119 est,
2646 1053 2736 1124 qui
2763 1055 3172 1117 ordinationis.
3200 1061 3437 1120 Cornelii
3476 1066 3811 1139 interfuerat,
3843 1076 3922 1130 si-

2322 1143 2593 1215 gniﬁcavit
2611 1147 2875 1219 Cypriano
2894 1151 3144 1222 cupidum
3168 1169 3228 1211 se
3248 1170 3370 1213 esse
3396 1146 3643 1231 epistolae
3659 1164 3919 1236 Stephani

2325 1234 2592 1292 videndae.
2621 1238 2821 1295 Morem
2850 1242 2897 1297 ei
2925 1245 3062 1314 gerit
3084 1243 3422 1318 Cyprianus,
3453 1261 3613 1323 atque
3650 1234 3789 1312 hane
3804 1260 3922 1329 epi-

2324 1329 2515 1384 stolam
2542 1331 2734 1388 rcfellit
2756 1332 2911 1404 paulo
2933 1340 3270 1407 commotior,
3295 1344 3435 1413 quod
3458 1345 3761 1418 Stephanus
3794 1371 3813 1404 ι
3838 1367 3924 1408 sa-

2321 1421 2566 1480 cer‘dotes
2616 1426 2705 1489 Dei
2742 1429 3019 1486 veritatem
3059 1430 3255 1490 Christi
3296 1445 3349 1492 et
3384 1437 3921 1503 Ecclesitennitatem

2325 1521 2533 1572 tuentes
2576 1518 2922 1577 abstinendos
2975 1543 2994 1577 ι
3047 1535 3258 1594 putaret
3314 1529 3442 1602 (Ep.
3486 1550 3694 1609 LXXIV).
3750 1539 3922 1596 Simul

2324 1606 2578 1678 Pompeio
2601 1610 2997 1691 misitexempla
3022 1618 3243 1674 aliarum
3266 1623 3610 1691 epistolarum
3652 1606 3703 1683 in
3726 1631 3924 1702 quibus

2254 1722 2261 1727 ν
2322 1696 2389 1753 de
2414 1697 2746 1776 baptizandis
2763 1704 3030 1764 hmreticis
3059 1708 3405 1772 disseruerat.

2393 1810 2554 1897 Liber
2578 1815 2641 1869 de
2667 1815 2933 1887 Baptismo
2959 1822 3334 1897 hereticorum,
3357 1831 3512 1901 cujus
3559 1844 3748 1892 auctor
3775 1839 3919 1910 epis.

2325 1916 2637 1975 copuserat,
2657 1920 2713 1965 ut
2727 1912 2858 1968 alias
2886 1916 3252 1986 probabimus,
3274 1930 3380 1977 tam
3407 1922 3635 1996 indignis
3661 1932 3918 1986 conviciis

2325 1999 2647 2073 Cyprianum
2690 2008 2925 2077 appetit,
2976 2022 3034 2065 ut
3078 2014 3335 2085 scriptum
3372 2032 3492 2074 esse
3521 2035 3624 2075 non
3670 2022 3909 2081 dubitem

2321 2104 2442 2165 post
2470 2097 2595 2153 illud
2634 2108 2845 2172 tempus
2870 2118 2977 2175 quo
3002 2104 3302 2178 Cyprianus
3327 2110 3394 2165 ad
3420 2110 3747 2181 Stephanum
3776 2119 3914 2173 scri-

2319 2184 2453 2241 bens
2471 2231 2486 2254 ,
2533 2189 2598 2244 iis
2618 2206 2648 2246 a
2673 2193 2867 2264 quibus
2893 2195 3243 2256 dissentiebat
3262 2244 3277 2268 ,
3308 2213 3532 2281 servatae
3561 2206 3836 2266 cbaritatis
3864 2220 3917 2268 et

2324 2280 2627 2337 concordiae
2654 2286 3013 2344 testimonium
3045 2291 3329 2353 tribuebat.

2391 2395 2599 2468 Scripta
2628 2401 2788 2456 etiam
2833 2403 3068 2475 Epistola
3113 2423 3251 2465 Lxxv
3306 2411 3375 2465 (td
3425 2412 3707 2486 Magnum,
3774 2428 3921 2490 post--

2319 2503 2478 2560 quam
2506 2490 2883 2563 diSputationis
2925 2508 3088 2555 aestus
3121 2504 3406 2562 nonnullos
3444 2522 3509 2563 ex
3534 2506 3784 2581 Cypriani
3814 2513 3909 2569 ad-

2319 2585 2571 2640 versariis
2616 2586 2670 2642 in
2715 2589 2957 2645 convicia
2996 2602 3052 2646 et
3081 2593 3371 2651 maledicta
3403 2598 3728 2671 abripuerat.
3760 2584 3918 2672 Quod

2318 2681 2459 2735 enim
2488 2696 2583 2738 eos
2625 2702 2644 2734 ι
2680 2683 2979 2753 pertinaces
3002 2696 3057 2743 et
3083 2688 3387 2747 indociles.»
3423 2704 3612 2760 vocat;
3654 2700 3797 2768 quod
3840 2701 3916 2757 ait

2324 2790 2342 2823 ι
2375 2774 2815 2843 pratvaricatores
2843 2777 2964 2834 ﬁdei
2986 2791 3148 2851 atque
3169 2783 3420 2840 Ecclesia:
3444 2787 3746 2857 proditores
3767 2792 3915 2867 intra

2316 2870 2431 2942 ipsa
2482 2884 2632 2944 septa
2681 2874 2941 2932 Ecclesia:
2986 2887 3173 2934 contra
3214 2878 3505 2935 Ecclesiatn
3533 2890 3713 2949 stare,
3749 2904 3767 2934 ι
3817 2884 3916 2941 de-

2316 2962 2484 3018 clarat
2525 2964 2642 3020 hazc
2670 2968 2845 3023 oratio
2877 2968 3017 3026 illius
3043 2970 3320 3037 dolorem,
3364 2973 3505 3043 quod
3532 2973 3694 3029 animi
3731 2977 3918 3032 mode-

2312 3056 2576 3113 rationem
2606 3066 2662 3114 et
2703 3061 2920 3117 uanitatis
2949 3062 3206 3133 studium,
3235 3066 3322 3121 cui
3347 3067 3580 3123 maxime
3611 3070 3913 3126 consultum

2316 3148 2547 3219 volebat,
2580 3151 2631 3208 in
2662 3153 2910 3209 omnibus
2931 3155 3251 3215 adversariis
3288 3175 3395 3216 non
3439 3162 3720 3232 reperiret.
3765 3164 3914 3221 llanc

2317 3253 2493 3300 tamen
2515 3246 2794 3317 epistolam
2826 3249 3086 3306 Baronius
3113 3262 3167 3307 et
3190 3253 3511 3311 Pcarsonius
3539 3257 3763 3327 primam
3793 3274 3910 3314 oin-

2312 3334 2461 3391 ninm
2504 3335 2571 3392 de
2602 3337 2878 3410 Baptismo
2917 3343 3171 3413 scriptam
3213 3344 3398 3402 volunt
3424 3390 3438 3414 ,
3471 3350 3592 3419 quia
3623 3349 3674 3404 in
3718 3366 3777 3405 ea
3810 3350 3915 3423 Cy~

2315 3425 2537 3494 [rianus
2566 3429 2769 3498 priores
2799 3432 3056 3503 epiStolas
3108 3450 3214 3492 non
3258 3450 3666 3497 commemorat.
3710 3442 3814 3500 Sed
3843 3462 3911 3500 ne

2313 3514 2429 3573 inec
2454 3520 2665 3589 quidem
2692 3523 2913 3593 epistola
2942 3527 2994 3583 in
3025 3527 3217 3585 litteris
3243 3532 3311 3586 ad
3344 3531 3586 3598 Quintum
3615 3544 3669 3591 et
3694 3537 3912 3592 Jubaia-

2313 3626 2435 3664 num
2463 3619 2520 3667 et
2556 3612 2690 3670 alios
2718 3630 3065 3691 memoratur.
3107 3621 3375 3679 Praeterea
3401 3626 3613 3683 videtur
3650 3628 3872 3700 Magnus
3892 3672 3908 3698 ,

2313 3712 2372 3757 ut
2397 3701 2651 3763 observat
2691 3708 3083 3781 Tillcmontius,
3118 3717 3325 3787 priores
3364 3720 3619 3789 epistolas
3648 3722 3899 3794 Cypriani

2312 3809 2468 3857 notas
2507 3812 2558 3857 et
2587 3813 2897 3875 perspectas
2928 3806 3183 3865 habuisse
3208 3827 3223 3869 :
3261 3812 3659 3869 assentiebatur
3684 3814 3831 3871 enim
3861 3817 3909 3871 ei

2312 3893 2363 3947 in
2394 3894 2673 3959 omnibus,
2703 3912 2767 3953 ac
2798 3914 2935 3954 unus
2963 3910 3170 3958 tantum
3220 3902 3360 3958 illius
3397 3905 3581 3961 animo
3623 3909 3908 3979 serupulus

2311 3984 2595 4051 insidebat,
2627 4002 2694 4043 an
2725 3988 2866 4047 inter
2892 4001 3116 4048 caeteros
3156 3995 3437 4053 haereticos
3464 3999 3498 4055 ii
3529 3999 3622 4071 qui
3650 4016 3681 4055 a
3734 4000 3908 4058 Nova-

2312 4075 2454 4133 liano
2484 4079 2799 4148 veniebant,
2835 4082 3137 4156 baptizandi
3163 4099 3364 4147 essent.

2379 4195 2675 4263 Quiesierat
2698 4198 2859 4254 etiam
2890 4200 3108 4272 Magnus
3137 4205 3262 4274 quid
3291 4206 3559 4278 Cypriano
3583 4209 3653 4267 de
3683 4212 3787 4268 illis
3817 4214 3902 4268 vi-

2307 4286 2523 4346 deretur
2552 4312 2572 4346 ‹
2600 4294 2688 4364 qtti
2727 4294 2779 4348 itt
2812 4294 3119 4353 inﬁrntitate
3161 4307 3215 4353 et
3257 4302 3511 4372 languore
3557 4305 3784 4375 gratiam
3809 4308 3903 4363 Dei

2305 4398 2726 4455 consequuntur,
2748 4403 2812 4442 an
2834 4388 3061 4445 habendi
3099 4392 3205 4448 sint
3237 4394 3456 4465 legitimi
3478 4398 3775 4469 christiani,
3799 4421 3819 4454 ι
3839 4421 3904 4459 eo

2304 4480 2446 4550 quod
2462 4495 2596 4551 aqua
2610 4482 2825 4538 salutari
2852 4500 2956 4539 non
2976 4487 3066 4540 loti
3084 4486 3211 4554 sint,
3233 4490 3326 4545 sed
3350 4491 3570 4561 perfusi.
3593 4494 3903 4567 Respondet

2303 4571 2603 4644 Cyprianus
2628 4575 2890 4646 ejusmodi
2920 4577 3164 4635 homines
3195 4581 3459 4653 legitimos
3495 4601 3618 4642 esse
3655 4589 3904 4645 christia-

2305 4683 2507 4735 nos,ac
2526 4671 2673 4740 parvi
2701 4669 2901 4726 referre
2922 4671 3062 4742 quod
3096 4674 3292 4743 perfusi
3314 4687 3407 4731 aut
3428 4680 3633 4749 aspersi
3675 4680 3895 4741 fuerint.

2301 4759 2392 4817 Sic
2418 4772 2594 4819 autem
2626 4778 2720 4820 eos
2746 4766 2918 4835 carpit
2945 4765 3034 4835 qui
3082 4768 3341 4837 baptisma
3372 4768 3745 4829 haereticorum
3769 4791 3900 4845 pro~

2302 4854 2432 4911 bant
2452 4897 2466 4923 ,
2500 4866 2555 4913 et
2584 4857 2857 4929 Baptismo
2885 4858 3251 4916 ecclesiastico
3283 4863 3617 4933 maiestatem
3650 4881 3800 4923 suam
3843 4879 3899 4925 et

2300 4949 2635 5019 sanctitatem
2662 4950 3010 5022 derogabant,
3043 4961 3097 5006 ut
3128 4952 3426 5010 Romanam
3455 4956 3750 5013 Eeclesiam
3784 4977 3894 5016 non

2299 5041 2528 5099 obscure
2557 5043 2815 5115 designet,
2869 5043 2921 5100 in
2951 5060 3055 5115 qua
3096 5057 3278 5102 natum
3315 5058 3398 5106 est
3436 5048 3659 5107 clinicos
3688 5068 3717 5108 a
3747 5053 3897 5110 clero

2299 5134 2551 5192 exclusos
2577 5136 2760 5195 fuisse.

2297 5318 2649 5379 XXXL—oa
2673 5339 2915 5381 CONClLlO
2944 5342 3144 5384 murto
3171 5344 3593 5387 cauruactxsast
3652 5347 3889 5387 —utrrtr

2367 5428 2655 5471 CYPRIANUS
2696 5432 3039 5475 ROGATIANUI
3088 5437 3353 5478 DIACONUII
3393 5439 3461 5478 AD
3514 5438 3887 5479 FIBIILIANL’M.

2364 5524 2511 5564 -ιιε
2527 5524 2779 5567 EPISTOLA
2807 5528 3098 5571 ΗΜΙΙΜΑΝῙ
3124 5531 3191 5571 ΔΙ)
3210 5531 3528 5572 CYPRIANUN.

2363 5689 2719 5748 lmmoderata
2740 5692 3173 5752 adversariorum
3202 5696 3376 5753 studia
3394 5696 3751 5769 justissimam
3780 5714 3891 5756 me-

2294 5785 2473 5842 tuendi
2503 5803 2719 5853 causam
2748 5790 3037 5846 attulerant
3063 5791 3331 5863 Cypriano
3386 5807 3452 5847 ne
3481 5792 3607 5863 quid
3642 5793 3884 5849 vulneris

2295 5883 2484 5941 unitati
2504 5883 2760 5944 Ecclesia:
2785 5885 3111 5945 inureretur.
3140 5886 3337 5954 Quare,
3368 5896 3424 5942 ut
3453 5895 3598 5942 tanto
3628 5888 3769 5944 malo
3791 5904 3889 5945 oc-
