4172 6264
256 322 362 378 161

261 410 476 504 currat,
528 432 866 508 frequentius
909 446 1070 506 quam
1115 439 1271 490 antea
1292 431 1576 489 concilium
1604 432 1776 504 cogit,
1819 442 1874 488 et

265 550 398 589 cum
437 533 703 604 episcopis
744 529 1015 586 nonnullis
1034 539 1338 587 exterarum
1380 528 1617 601 gentium
1647 525 1870 583 consilia

262 627 518 684 fovenda:
547 626 693 698 paris
722 633 776 681 et
800 623 1016 681 unitatis
1044 624 1335 695 conjungit.

348 766 465 832 Quo
491 771 668 820 autem
691 777 833 818 anno
857 761 1036 818 habita
1062 761 1132 817 sit
1154 760 1269 817 haec
1288 758 1525 832 synodus
1550 771 1728 830 operm
1751 772 1871 828 pre-

258 856 403 913 tium
430 867 511 913 est
534 856 829 928 inquirere.
851 853 984 911 Tota
1002 869 1088 910 res
1110 853 1307 925 pendet
1330 868 1396 908 ex
1413 864 1586 907 morte
1613 847 1872 920 Stephani

257 964 446 1021 papm;
464 963 610 1016 nam,
626 962 746 1003 cum
762 962 920 1003 nemo
936 945 1143 1002 dubitet
1156 946 1283 1016 quin
1301 944 1387 999 die
1398 942 1631 999 secunda
1648 940 1871 1013 Augusti

259 1040 497 1107 obierit,
532 1054 756 1096 necesse
796 1046 882 1095 est
903 1047 958 1094 ut
987 1036 1283 1094 concilium
1304 1034 1728 1107 Carthaginense
1760 1041 1872 1088 ter-

270 1136 439 1203 tium,
494 1134 636 1206 quod
680 1149 747 1190 eo
794 1133 971 1189 adhuc
1014 1131 1230 1188 vivente
1269 1129 1508 1186 calendis
1553 1128 1873 1201 septembris

260 1231 509 1286 habitum
549 1238 651 1293 est,
684 1243 791 1284 uno
841 1236 967 1284 ante
1013 1227 1157 1283 illius
1203 1234 1431 1281 mortem
1461 1238 1603 1279 anno
1626 1222 1871 1305 habitum

259 1320 493 1377 dicatur.
519 1320 660 1377 Satis
684 1328 862 1376 autem
894 1319 1034 1376 inter
1057 1332 1244 1391 omnes
1269 1315 1520 1372 convenit
1540 1312 1872 1385 Stephanum

258 1414 575 1470 ordinatum
599 1412 765 1469 fuisse
792 1426 935 1467 anno
956 1410 1067 1467 955
1086 1451 1101 1477 ,
1134 1408 1230 1466 sed
1257 1409 1346 1464 alii
1373 1408 1508 1464 duos
1538 1417 1741 1463 tantum
1770 1421 1870 1461 an-

260 1522 367 1562 nos
394 1506 625 1573 sedisse,
658 1514 713 1561 et
739 1521 884 1561 anno
919 1503 1029 1559 255
1059 1510 1331 1558 mortuum
1368 1516 1488 1558 esse
1523 1500 1870 1558 existimant:

264 1600 359 1656 alii
389 1609 624 1671 quatuor
670 1599 719 1655 ei
769 1596 1113 1671 pontificatus
1142 1610 1312 1652 annos
1340 1595 1580 1651 tribuunt
1605 1634 1621 1658 ,
1648 1592 1876 1664 ejusque

262 1705 500 1751 mortem
528 1693 775 1750 referunt
797 1693 863 1747 ad
903 1707 1105 1748 annum
1130 1690 1259 1746 257.
1289 1689 1561 1747 Posterior
1580 1686 1871 1753 sententia,

260 1806 428 1862 quam
477 1789 858 1845 Tillemontius
909 1796 966 1844 et
992 1786 1316 1845 Pearsonius
1344 1786 1514 1841 secuti
1548 1793 1695 1850 sunt,
1725 1782 1871 1839 solu-

262 1885 373 1939 tior
397 1893 452 1939 et
472 1883 783 1955 explicatior
805 1881 1033 1938 videtur.
1065 1879 1223 1947 Nam,
1250 1879 1295 1933 si
1319 1892 1467 1934 mors
1492 1876 1750 1949 Stephani
1780 1890 1875 1932 re-

267 1975 479 2033 feratur
506 1976 571 2031 ad
595 1992 684 2032 an.
710 1976 820 2031 25-5
837 2017 853 2044 ,
882 1973 1171 2032 concilium
1205 1971 1423 2028 tertium
1448 1968 1877 2041 Carthaginense

264 2070 614 2127 referendum
638 2069 740 2126 erit
772 2069 839 2125 ad
863 2068 1115 2125 calendas
1154 2067 1613 2138 septembrisanni
1635 2065 1769 2132 εει,
1792 2065 1873 2122 si-

268 2164 492 2235 mulque
505 2171 828 2220 concurrent
841 2162 1098 2234 Stephani
1116 2176 1236 2216 cum
1256 2159 1402 2215 Afris
1417 2167 1609 2217 etcum
1626 2159 1877 2215 Orienta‘

264 2260 409 2315 libus
426 2258 874 2324 concertationes,
896 2271 1028 2329 quas
1053 2255 1382 2327 temporibus
1394 2254 1592 2311 divisas
1616 2269 1738 2312 esse
1750 2268 1875 2326 pre-

264 2350 656 2408 bavimus.lluc
675 2349 875 2407 accede
888 2358 941 2404 ut
964 2349 1230 2405 rationum
1252 2348 1745 2419 momenta,quibus
1761 2347 1875 2403 Til-

266 2443 565 2501 lemontius
583 2451 638 2499 et
666 2443 989 2499 Pcarsenius
1016 2441 1279 2508 nituntur;
1295 2439 1421 2494 illud
1441 2439 1708 2511 inprimis,
1732 2438 1873 2510 quod

265 2536 693 2594 Firmilianusiu
728 2537 963 2607 Epistola
1003 2535 1071 2591 ad
1098 2535 1420 2608 Cyprianum
1440 2542 1661 2590 testetur
1693 2552 1711 2585 ι
1752 2542 1876 2589 ante

264 2631 455 2701 viginti
504 2644 557 2687 et
604 2628 738 2686 duos
780 2632 890 2685 fere
933 2642 1104 2685 annos
1136 2628 1466 2700 temporibus
1496 2637 1614 2697 post
1641 2628 1875 2683 Alexan-

265 2723 430 2778 drum
469 2722 851 2793 imperatorem
894 2720 1089 2776 multas
1129 2719 1387 2776 accidisse
1420 2718 1750 2775 calamitates
1780 2734 1878 2791 per

265 2813 666 2885 Cappadociam
700 2822 753 2868 et
781 2827 875 2882 per
896 2811 1147 2870 Pontum.
1162 2819 1222 2865 ut
1237 2825 1302 2865 ex
1317 2810 1417 2864 hoc
1434 2811 1732 2878 persecutio
1746 2826 1879 2880 quo-

266 2921 368 2973 que
415 2904 598 2975 gravis
636 2901 920 2958 adversum
948 2917 1049 2957 nos
1067 2901 1355 2956 Christiani
1392 2901 1622 2956 nominis
1647 2901 1816 2957 fieret.
1853 2922 1872 2956 ι

266 2994 662 3063 Quamobrem,
697 3010 818 3049 cum
848 2991 1154 3050 Alexander
1181 3001 1424 3048 mortuus
1464 2993 1528 3047 sit
1567 2987 1877 3061 anne'235,

268 3105 446 3146 annus
482 3090 552 3144 ab
578 3089 694 3158 ejus
724 3096 897 3143 morte
937 3086 1227 3156 vigesimus
1252 3085 1521 3141 secundus
1557 3085 1694 3141 idem
1724 3101 1879 3157 pror-

268 3198 368 3239 sus
420 3195 487 3237 ac
537 3181 646 3237 256
670 3222 686 3247 ,
736 3196 799 3236 ac
822 3179 1046 3251 Proinde
1086 3177 1189 3234 hoc
1215 3180 1443 3235 maxime
1473 3194 1615 3236 anno
1643 3179 1883 3237 fervebat

268 3276 553 3333 d;ssidium
574 3276 925 3346 deBaptismo
949 3272 1289 3344 nondumque
1326 3272 1631 3343 Stephanus
1653 3275 1877 3331 obierat.

268 3368 331 3423 2"
390 3368 446 3424 Si
494 3378 738 3423 mortuus
792 3365 984 3423 fuisset
1021 3365 1324 3437 Stephanus
1364 3382 1505 3422 anno
1549 3367 1687 3447 25f},
1742 3384 1880 3439 quo-

271 3459 440 3516 nmdo
469 3460 786 3533 Cyprianus,
820 3461 907 3531 qui
934 3475 1076 3515 anno
1110 3461 1219 3516 258
1249 3460 1424 3517 idibus
1445 3464 1772 3533 septembris
1801 3464 1880 3519 vi-

273 3564 385 3609 tam
416 3570 512 3624 pro
550 3553 763 3609 Christo
804 3553 1058 3623 profudit,
1108 3553 1312 3609 tamdiu
1355 3555 1698 3611 conticuissct
1740 3555 1791 3611 in
1820 3571 1880 3612 re

275 3647 410 3701 tanti
457 3644 923 3701 momenti?Nihii
962 3646 1106 3701 enim
1149 3660 1243 3716 per
1274 3653 1442 3700 totum
1492 3644 1620 3700 illud
1668 3655 1880 3717 tempus

276 3740 541 3812 assignari
587 3749 767 3811 posset
796 3738 937 3811 quod
965 3739 1030 3795 ab
1050 3755 1116 3795 eo
1139 3748 1230 3794 aut
1257 3739 1325 3794 ad
1353 3754 1531 3795 cansm
1560 3756 1671 3795 sum
1692 3738 1880 3796 deleu—

273 3835 509 3899 sionem,
533 3842 624 3888 aut
649 3832 713 3887 ad
764 3848 941 3888 rerum
982 3834 1400 3904 pacificationem
1442 3833 1637 3891 factum
1671 3833 1879 3891 dicere-

276 3937 411 3982 tur.‘
434 3926 559 3992 Sed,
591 3927 636 3981 si
659 3926 1024 3983 controversia
1055 3926 1123 3982 de
1153 3926 1430 3997 Baptismo
1456 3926 1524 3983 ad
1550 3943 1751 3984 annum
1773 3927 1879 3985 256

274 4019 574 4085 referatur,
608 4034 716 4075 non
746 4018 903 4074 valde
945 4018 1140 4074 mirum
1169 4019 1436 4075 videbitur
1463 4020 1604 4090 quod
1654 4020 1878 4093 Cypria-

273 4126 382 4167 nus
410 4119 532 4181 post
560 4111 777 4166 tertium
812 4109 1235 4181 Carthagincnse
1256 4110 1568 4180 concilium,
1598 4121 1719 4182 post
1742 4113 1880 4169 scri-

276 4215 400 4276 ptas
427 4206 495 4259 ad
521 4203 888 4259 Firmiliannm
914 4205 1149 4267 litteras.
1175 4207 1515 4273 conticuerit,
1542 4209 1672 4279 quia
1702 4222 1882 4278 perse-

276 4298 448 4361 cutio,
472 4313 589 4368 qua:
612 4311 733 4353 cum
762 4311 905 4353 anno
932 4296 1041 4352 257
1064 4297 1307 4369 incecpit,
1330 4297 1413 4354 his
1437 4298 1598 4355 rebus
1618 4300 1882 4371 agitandis

275 4391 460 4447 locum
491 4406 598 4448 non
628 4392 981 4464 relinquebat.
1013 4393 1070 4450 5°
1121 4393 1374 4451 Pluribus
1398 4398 1731 4467 argumentis
1755 4413 1884 4470 pro-

274 4483 376 4540 bat
413 4483 786 4543 Tillemontius
828 4483 887 4542 S.
934 4484 1261 4556 Stephanum
1306 4497 1598 4562 martyrem
1646 4489 1879 4557 obiisse;
1964 4540 1969 4547 .

276 4589 480 4635 etcum
514 4579 816 4651 persecutio
841 4596 948 4636 non
990 4582 1254 4637 exarserit
1278 4583 1381 4638 nisi
1427 4598 1571 4639 anno
1598 4584 1728 4653 257,
1758 4584 1883 4645 inde

278 4671 556 4728 Concludit
580 4672 751 4728 sancti
783 4673 925 4729 illius
949 4688 1101 4746 papa:
1131 4685 1358 4732 mortem
1389 4676 1455 4732 ad
1500 4692 1741 4734 mensem
1779 4694 1880 4734 au-

275 4775 498 4837 gustum
541 4765 784 4835 ejusdem
826 4766 951 4822 anni
995 4767 1332 4824 referendam
1364 4784 1504 4838 esse,
1549 4786 1613 4827 ac
1658 4771 1883 4842 proinde

281 4858 568 4914 concilium
592 4857 1016 4930 Carthaginense
1040 4861 1286 4926 tertium,
1314 4863 1457 4934 quod
1500 4879 1568 4920 co
1594 4864 1771 4921 adhuc
1798 4871 1881 4922 vi-

281 4960 443 5009 vente
466 4952 797 5010 eelehratum
824 4962 932 5022 est,
974 4963 1029 5011 et
1064 4955 1272 5012 litteras
1300 4955 1553 5029 Cypriani
1590 4959 1660 5013 ad
1684 4958 1882 5015 Firmi-

282 5043 502 5111 (ianum,
530 5060 651 5115 qua:
682 5045 882 5115 pariter
905 5046 1005 5103 sub
1036 5045 1142 5105 hoc
1167 5047 1427 5106 Pontifice
1474 5051 1689 5123 scripta:
1734 5060 1880 5122 sunt,

282 5136 351 5192 ad
380 5152 581 5194 annum
607 5137 718 5194 256
747 5138 1039 5211 pertinere.

358 5278 648 5351 Prmcipuze
690 5279 1034 5339 difficultates
1077 5298 1194 5355 qua:
1264 5284 1403 5342 hanc
1455 5285 1780 5344 Tillemontii
1832 5264 1886 5346 et

286 5374 561 5432 Pcarsonii
591 5379 910 5434 sententiam
942 5379 1313 5449 obstruebant,
1347 5384 1482 5439 solvi
1511 5398 1669 5455 posse
1699 5383 1885 5441 viden-

286 5477 374 5523 tur
401 5484 467 5525 ex
498 5468 581 5525 bis
606 5485 724 5541 qua:
770 5471 929 5527 modo
978 5471 1387 5532 observavimus
1431 5476 1498 5533 de
1549 5475 1887 5534 dissensione

281 5559 461 5616 serius
486 5561 539 5615 in
559 5560 739 5618 Africa
773 5577 934 5633 quam
964 5562 1017 5617 in
1059 5561 1276 5620 Oriente
1323 5578 1529 5623 exorta.
1585 5567 1697 5624 Hac
1742 5568 1885 5625 enim

286 5661 468 5709 notata
488 5653 849 5725 distinctione,
873 5655 1005 5712 nihil
1023 5656 1132 5726 jam
1148 5656 1317 5713 officit
1335 5662 1629 5717 auctoritas
1649 5661 1884 5731 Eusebii,

281 5764 390 5805 nec
418 5764 640 5807 necesse
660 5759 743 5808 est
768 5760 1021 5807 accurato
1062 5749 1311 5822 scriptori
1339 5769 1547 5811 naevum
1592 5755 1882 5812 absurdum

276 5843 564 5920 effingere.
607 5844 831 5904 Fatetur
857 5845 1234 5905 Tillemontius
1260 5862 1366 5905 non
1417 5849 1571 5908 facile
1604 5851 1885 5926 explicari

1462 315 1625 375 VITA
1663 312 1909 374 SANCTI
1946 310 2296 374 CYPRIANI.

3478 309 3589 369 162

1981 446 2141 503 posse
2182 446 2280 488 cur
2328 428 2615 502 Dionysius
2666 426 3104 495 Alexandrinus,
3160 426 3208 483 si
3249 426 3453 500 Xystus
3508 444 3579 486 ne

1979 536 2094 583 toto
2112 526 2327 597 quidem
2356 538 2498 579 anno
2526 522 2757 594 praefuit,
2788 530 2896 577 tres
2918 530 3093 577 tamen
3116 520 3183 577 ad
3207 536 3329 576 cum
3355 521 3566 577 litteras

1979 619 2209 689 dederit,
2263 619 2425 691 idque
2475 617 2864 690 persecutionis
2918 627 2972 673 et
2996 616 3171 674 exsilii
3201 618 3461 674 molestiis
3484 617 3580 673 dc-

1982 721 2163 768 tentus
2190 754 2206 779 ,
2238 727 2359 768 cum
2405 711 2472 767 ad
2525 709 2856 781 Stephanum
2888 709 3030 765 illius
3073 709 3437 778 decessorem,
3478 711 3581 768 sub

1979 823 2086 878 quo
2113 807 2350 864 acriores
2375 815 2529 862 erant
2554 804 2858 873 discordiae,
2888 804 3060 862 semel
3091 813 3297 861 tantum
3326 804 3574 876 scripsis-

1980 910 2085 956 set.
2117 899 2242 956 ilmc
2267 898 2573 965 difflcultas,
2597 914 2718 970 qua:
2763 896 2933 969 prima
2991 897 3171 969 specie
3208 898 3278 954 de
3321 896 3580 970 Stephani

1980 991 2137 1049 anuis
2164 990 2367 1062 aliquid
2395 988 2721 1046 demendum
2751 999 2806 1046 et
2834 989 3008 1061 Xysto
3033 990 3338 1048 addendum
3366 990 3580 1059 suadet,

1981 1099 2091 1139 non
2120 1084 2308 1139 leviter
2333 1080 2669 1139 imminuitur
2716 1082 2762 1139 si
2791 1082 3081 1155 Dionysius
3104 1084 3173 1141 de
3199 1084 3360 1141 rebus
3387 1083 3581 1140 Orien-

1981 1174 2182 1236 talibus
2249 1176 2317 1231 ad
2362 1175 2695 1246 Stephanum
2742 1190 2806 1232 ac
2845 1185 3032 1248 postea
3085 1177 3155 1235 de
3203 1178 3467 1235 Africanis
3512 1179 3582 1236 ad

1981 1266 2214 1339 Xystum
2240 1269 2522 1340 scripsisse
2549 1268 2777 1324 dicatur.
2800 1269 2957 1338 Nam,
2989 1287 3111 1327 cum
3139 1272 3420 1330 dissidium
3463 1274 3584 1332 Ste-

1982 1361 2143 1432 phani
2173 1377 2294 1418 cum
2321 1360 2684 1418 Orientalibus
2710 1376 2817 1417 non
2843 1362 2971 1418 illud
2986 1364 3201 1435 quidem
3222 1368 3580 1439 compositum

1981 1451 2188 1521 fuisset,
2222 1453 2315 1509 sed
2344 1461 2521 1509 tamen
2550 1453 2945 1522 demitigatum,
2976 1471 3040 1511 ac
3082 1457 3200 1513 istis
3227 1462 3582 1518 consuetudi-

1982 1561 2103 1601 nem
2125 1560 2275 1601 suam
2308 1544 2530 1616 pacifice
2560 1544 2916 1602 retinentibus
2948 1545 3169 1619 bellum,
3199 1561 3258 1607 ut
3284 1552 3357 1608 ita
3379 1552 3579 1621 dicam,

1981 1636 2033 1692 in
2067 1638 2302 1694 Africam
2359 1645 2543 1709 postea
2594 1638 2909 1697 translatum
2955 1638 3181 1709 fuisset;
3214 1646 3435 1703 minime
3481 1649 3583 1704 mi-

1982 1746 2101 1786 rum
2127 1731 2171 1787 si
2202 1731 2489 1805 Dionysius
2519 1752 2626 1794 non
2649 1741 2879 1812 amplius
2899 1740 2965 1796 ad
2985 1739 3315 1811 Stephanum
3343 1742 3578 1814 scripsit,

1982 1841 2085 1883 nec
2114 1837 2238 1884 ante
2274 1830 2511 1887 studium
2554 1848 2710 1890 suum
2739 1835 2807 1892 ad
2838 1850 2926 1893 res
2954 1835 3315 1907 pacificandas
3343 1836 3583 1894 exsusci-

1985 1919 2119 1975 tavit
2144 1935 2306 1992 quam
2360 1922 2427 1979 de
2456 1923 2617 1980 rebus
2642 1925 2916 1997 Afrorum,
2962 1928 3052 1999 qui
3100 1928 3242 1985 illius
3271 1944 3430 2000 opem
3462 1928 3581 1985 for-

1984 2021 2127 2069 tasse
2148 2016 2323 2074 serius
2343 2016 2717 2089 implorarunt,
2746 2031 2895 2080 certe
2933 2022 3291 2093 cognovisset.

2054 2109 2278 2168 Exsmnt
2318 2121 2434 2169 acta
2477 2114 2637 2186 hujus
2676 2116 2819 2172 tertii
2861 2117 3073 2173 concilii
3114 2116 3578 2190 Carthaginensis,

1981 2204 2066 2259 eui
2097 2204 2387 2263 adfuerunt
2410 2221 2476 2263 ex
2507 2208 2783 2279 provincia
2812 2208 3017 2277 Africa,
3042 2208 3294 2267 Numidia
3332 2220 3388 2267 et
3429 2211 3580 2267 Mau-

1981 2295 2172 2352 ritania
2221 2299 2460 2370 episcopi
2489 2316 2684 2368 Lxxxv,
2742 2301 2824 2358 vel
2877 2301 3038 2358 etiam
3091 2318 3314 2358 Lxxxvn
3390 2302 3436 2359 si
3485 2321 3582 2360 nu-

1981 2398 2257 2446 merentur
2313 2391 2422 2447 duo
2471 2392 2762 2460 absentes,
2813 2393 3101 2466 Pompeius
3132 2395 3478 2453 Sabratensis
3527 2407 3584 2453 ct

1980 2481 2147 2554 Dioga
2171 2484 2667 2559 Leptimagnensis,
2712 2489 2803 2561 qui
2844 2491 2992 2547 vices
3017 2505 3144 2547 suas
3174 2491 3347 2547 Natali
3372 2493 3441 2548 ab
3471 2492 3580 2549 Oea

1981 2576 2384 2634 commiserant.
2408 2579 2540 2635 Cum
2564 2595 2693 2649 ergo
2723 2582 2779 2636 in
2808 2597 2971 2638 unum
3001 2585 3382 2641 convenissent
3403 2585 3583 2641 calen-

1983 2666 2066 2723 dis
2093 2670 2416 2740 septembris
2445 2686 2567 2727 cum
2595 2674 2927 2746 presbyteris
2953 2685 3008 2732 et
3028 2676 3290 2745 diaconis,
3317 2685 3582 2748 praesente

1983 2763 2142 2817 etiam
2177 2763 2350 2833 plebis
2377 2768 2609 2822 maxima
2651 2777 2839 2838 parte,
2885 2769 3038 2826 lecta:
3084 2782 3210 2827 sunt
3252 2770 3443 2828 littera:
3487 2771 3586 2829 Ju-

1983 2851 2160 2907 baiani
2187 2855 2254 2909 ad
2296 2855 2794 2929 Cyprianum,item
2824 2861 3075 2933 Cypriani
3106 2863 3172 2916 ad
3199 2862 3587 2922 Jubaianumct

1984 2960 2117 3015 quas
2160 2955 2280 3017 post
2307 2948 2525 3005 modum
2558 2950 2828 3023 Cypriane
2865 2952 3162 3009 Jubaianus
3209 2955 3579 3024 rescripserat.

1985 3037 2120 3093 Tum
2146 3039 2445 3112 Cyprianus
2469 3042 2712 3099 hortatus
2732 3052 2815 3099 est
2844 3052 2901 3100 ut
2942 3045 3264 3100 sententiam
3309 3044 3477 3102 libere
3519 3061 3586 3103 ac

1987 3130 2209 3201 pacifice
2256 3131 2522 3200 dicerent,
2559 3153 2582 3186 ο
2613 3135 2883 3192 neminem
2901 3134 3232 3205 judicantes,
3261 3145 3361 3215 aut
3394 3153 3425 3192 a
3463 3137 3584 3207 jure

1991 3225 2384 3282 communionis
2431 3227 2699 3299 aliquem.
2745 3229 2791 3284 si
2836 3229 3108 3285 diversum
3135 3230 3395 3296 senserit,
3435 3244 3585 3286 amo-

1994 3328 2198 3374 ventes.
2259 3317 2445 3389 Neque
2506 3319 2652 3375 enim
2725 3321 3005 3391 quisquam
3051 3330 3329 3387 nostrum,
3383 3321 3580 3389 aiebat,

1989 3415 2303 3483 episcopum
2342 3427 2402 3468 se
2454 3427 2578 3469 esse
2598 3413 2974 3485 episcoporum
3010 3410 3326 3484 constituit,
3378 3423 3470 3470 aut
3500 3423 3584 3485 ty-

1988 3510 2215 3562 rannieo
2255 3515 2459 3562 terrore
2502 3506 2570 3563 ad
2611 3506 2941 3577 obsequendi
2996 3507 3381 3564 necessitatem
3417 3507 3584 3564 colle-

1989 3610 2084 3667 gas
2113 3610 2242 3652 suos
2278 3596 2441 3667 adigit
2486 3614 2500 3653 :
2546 3615 2567 3650 ι
2618 3596 2813 3668 quibus
2838 3596 3019 3653 verbis
3045 3596 3376 3667 Stephanum
3407 3598 3609 3675 notari

1985 3689 2234 3745 observat
2260 3689 2543 3745 Baronius.
2574 3688 2721 3746 Idem
2750 3705 2941 3745 omnes
2979 3705 3088 3745 uno
3127 3705 3225 3746 ore
3272 3692 3583 3760 pronuntia-

1985 3790 2150 3848 runt,
2178 3797 2241 3838 ac
2264 3782 2482 3838 ultimus
2497 3782 2736 3837 onmium
2757 3781 3057 3853 Cyprianus
3083 3781 3403 3838 sententiam
3427 3797 3582 3839 suam

1986 3875 2039 3931 in
2097 3875 2337 3947 Epistola
2387 3876 2456 3930 ad
2507 3874 2820 3930 Jubaianum
2893 3873 3207 3945 plenissime
3269 3889 3582 3946 expressam

1986 3969 2152 4026 fuisse
2178 3969 2488 4026 declaravit.

1985 4102 1995 4145 3
2058 4083 2361 4140 Stabilitam
2390 4083 2494 4140 hoc
2518 4084 2747 4140 consilio
2776 4084 2917 4142 inter
2942 4084 3105 4142 Afros
3140 4085 3398 4158 unitatem
3426 4086 3581 4144 novis

1988 4175 2252 4246 prtesidiis
2278 4178 2614 4234 communire
2665 4179 2851 4233 statuit
2876 4176 3198 4251 Cyprianus.
3228 4178 3581 4252 Rogatianum

1985 4269 2269 4328 diaconum
2300 4272 2440 4329 misit
2471 4287 2592 4329 cum
2623 4273 2816 4331 litteris
2844 4273 2911 4329 ad
2940 4271 3305 4329 Firmiliannm
3327 4315 3341 4340 ,
3389 4274 3582 4345 quibus

1986 4377 2108 4418 eum
2131 4362 2197 4419 de
2222 4362 2558 4421 dissensione
2578 4379 2699 4421 cum
2720 4363 2998 4437 Stephano
3017 4367 3301 4421 certiorem
3330 4363 3576 4421 faciebat.

1991 4456 2212 4514 Videtur
2234 4459 2393 4515 etiam
2422 4458 2635 4517 misisse
2663 4475 2782 4532 qua:
2808 4459 2877 4515 de
2905 4458 3173 4529 baptismo
3206 4456 3581 4513 hmreticorum

1986 4548 2054 4605 ad
2100 4549 2235 4605 alios
2281 4550 2599 4622 scripserat;
2653 4566 2776 4606 nam
2826 4549 3169 4605 Firmilianus
3215 4547 3392 4602 laudat
3441 4547 3582 4606 illius

1986 4644 2246 4702 adversus
2283 4646 2614 4718 Stephanum
2663 4659 2959 4716 responsa,
3007 4658 3072 4699 ac
3117 4642 3371 4698 nonnulla
3417 4643 3584 4699 refert

1987 4752 2106 4808 qua:
2128 4737 2180 4791 in
2205 4738 2430 4809 epistola
2460 4738 2530 4792 ad
2554 4736 2867 4792 Jubaianum
2896 4736 3164 4805 leguntur.
3195 4734 3449 4805 Pcrgrata
3492 4750 3583 4792 ac-

1985 4829 2233 4887 ciderunt
2256 4830 2569 4887 Firmiliano
2598 4829 2797 4901 scripta
2826 4826 3100 4901 Cypriani,
3131 4844 3250 4900 qua:
3275 4828 3489 4901 quidem
3521 4845 3583 4887 se

1988 4923 2140 4994 quasi
2179 4938 2274 4978 sua
2311 4922 2527 4995 propria
2568 4920 2873 4992 suscepisse
2903 4930 3151 4991 testatur,
3191 4937 3291 4979 nec
3319 4923 3371 4977 in
3404 4932 3581 4979 transe

1988 5029 2147 5071 cursu
2178 5015 2397 5087 legisse,
2425 5013 2520 5070 sed
2540 5028 2686 5086 sape
2715 5014 2938 5086 repetita
2967 5014 3243 5071 memoria:
3274 5014 3578 5071 mandasse.

1984 5107 2076 5175 Sic
2105 5114 2281 5163 autem
2311 5105 2606 5179 respondet
2634 5106 2923 5181 Cypriane,
2975 5115 3034 5163 ut
3058 5122 3174 5179 quae
3201 5108 3268 5162 ab
3298 5108 3414 5178 ipso
3439 5106 3582 5163 dicta

1990 5201 2219 5268 fuerant,
2242 5208 2453 5256 retexet
2472 5199 2540 5255 ad
2566 5200 2989 5257 confirmandam
3012 5201 3292 5256 veritatem
3311 5240 3325 5267 ,
3355 5207 3411 5255 et
3437 5204 3584 5270 qua:-

1989 5292 2113 5349 dam
2140 5291 2302 5349 addat
2328 5292 2394 5349 ad
2429 5293 2806 5350 cumulandam
2833 5294 3223 5365 probationem.
3256 5291 3361 5349 Sed
3389 5292 3583 5363 raptim

1991 5386 2249 5443 scribenti
2278 5387 2444 5444 multa
2482 5388 2537 5444 in
2582 5387 2912 5459 Stephanum
2942 5385 3245 5443 iracundius
3272 5385 3414 5442 dicta
3440 5386 3585 5442 exci-

1992 5477 2205 5544 derunt,
2246 5494 2365 5550 quae
2405 5477 2632 5535 fortasse
2661 5493 2759 5550 pro
2791 5478 2990 5535 eximia
3020 5476 3183 5533 animi
3215 5477 3586 5534 moderatione

1992 5571 2333 5627 Firmilianus
2357 5570 2698 5628 emendasset
2720 5613 2751 5640 ,,
2780 5571 2881 5628 nisi
2909 5570 3139 5643 spatium
3169 5571 3468 5643 relegenda:
3486 5612 3501 5640 ,
3527 5579 3587 5627 ut

1994 5680 2090 5736 par
2116 5674 2268 5732 erat,
2306 5663 2544 5735 epistolae
2583 5664 2913 5736 Rogatiauus
2956 5680 3121 5722 morae
3166 5666 3449 5738 impatiens
3481 5664 3589 5721 eri-

1993 5756 2217 5828 puisset.
2252 5755 2377 5813 Hmc
2415 5765 2594 5812 autem
2634 5756 2928 5813 Firmiliani
2978 5757 3227 5830 epistola,
3258 5772 3381 5829 quae
3422 5756 3589 5816 latine

1996 5850 2202 5910 reddita
2230 5860 2419 5915 exstat
2444 5852 2585 5910 inter
2610 5852 2957 5929 Cypriauicas
3003 5869 3162 5927 Lxxv,
3208 5854 3287 5913 sic
3329 5851 3584 5931 Cypriani
