4200 6262
566 338 675 408 1'63

571 464 769 538 stylum
794 455 1038 523 redolet,
1066 459 1130 509 ut
1174 462 1281 507 non
1327 446 1492 504 alium
1536 444 1885 517 interpretem
1917 442 2168 499 habuisse

575 556 1107 710 Ἦᾶιξῶἳζξηιετρτθε
1132 649 1324 708 grtecze
1351 598 1546 707 lingua:
1588 630 1858 702 ingenium
1894 627 2174 685 nonnullis

577 742 632 797 in
682 734 826 793 iocis
876 729 1120 788 retinuit.
1179 726 1347 783 Paulo
1400 733 1520 796 post
1570 722 1778 778 initium
1820 720 1922 794 (p.
1972 718 2171 789 H3):

584 850 604 884 ι
628 827 1035 887 'Coutristautur
1064 819 1296 894 (Angeli)
1318 815 1538 890 quando
1569 815 1756 870 vident
1782 814 2022 870 diversas
2046 827 2178 883 quo-

581 920 826 979 rumdam
840 924 1057 974 mentes
1099 923 1154 971 et
1184 911 1382 968 scissas
1407 910 1731 972 voluntates,
1750 906 1902 977 quasi
1927 919 2031 959 non
2057 914 2176 957 tan-

589 1025 702 1071 tnm
741 1026 906 1068 unum
934 1017 989 1066 et
1012 1006 1264 1065 eumdem
1288 1005 1457 1061 Deum
1486 1002 1642 1059 simul
1676 1001 1945 1063 invocent,
1976 996 2069 1051 sed
2092 1010 2181 1051 sc-

582 1106 785 1183 paratis
823 1113 879 1163 et
921 1102 1109 1160 divisis
1150 1099 1221 1157 ab
1264 1098 1490 1155 invicem
1522 1110 1631 1151 nec
1664 1090 2029 1150 confabulatio
2069 1088 2180 1159 jam

585 1180 755 1276 possit
791 1211 912 1256 esse
960 1202 1053 1252 aut
1103 1205 1283 1249 sermo
1314 1187 1628 1248 communis
1653 1228 1669 1254 ,
1717 1204 1736 1238 ι
1762 1183 1826 1239 ‘id
1862 1191 1984 1250 est,
2029 1180 2183 1251 quasi

586 1311 692 1353 non
724 1301 930 1349 tantum
946 1303 1121 1345 unum
1145 1298 1201 1343 et
1218 1283 1477 1342 eumdem
1506 1281 1677 1338 Deum
1706 1277 1870 1335 simul
1900 1292 2005 1331 non
2037 1276 2185 1330 inro-

586 1397 744 1455 cent;
792 1397 912 1457 qua:
936 1390 1211 1454 pcatrema
1236 1376 1450 1448 negatio
1494 1385 1895 1443 nonnumquam
1924 1367 2188 1425 omittitur

586 1481 726 1551 apud
769 1476 989 1533 Latinos
1014 1473 1123 1530 sed
1148 1470 1346 1541 saepius
1376 1465 1518 1538 apud
1544 1464 1782 1522 Graecos.
1811 1462 1963 1535 (Pug.
1994 1459 2135 1551 145)
2171 1475 2184 1512 :

594 1550 633 1628 (ν
662 1573 771 1629 Nisi
796 1571 843 1626 si
860 1569 950 1625 his
978 1564 1243 1638 episcopis
1269 1560 1462 1634 quibus
1504 1573 1651 1615 nunc
1684 1556 1864 1613 minor
1906 1552 2009 1609 fuit
2048 1550 2191 1608 Pau-

591 1668 753 1735 lus;‘t
776 1662 1061 1736 legendum
1090 1658 1294 1732 putavit
1323 1653 1594 1712 Pamelius
1628 1651 1724 1706 (de
1747 1649 1939 1721 quibus
1966 1661 2140 1702 nunc:
2165 1664 2184 1699 ι
2240 1703 2247 1710 ,

591 1762 687 1820 sed
734 1757 1051 1817 manifestus
1114 1761 1198 1809 est
1259 1748 1645 1810 hellenismus,
1685 1749 1868 1807 τούτοις
1918 1743 2193 1800 ἐπισκόποις

596 1862 697 1918 τοῖς
723 1862 833 1918 νῦν,
871 1870 890 1904 (
925 1848 1015 1904 his
1063 1841 1335 1917 episcopis
1378 1853 1530 1896 nunc
1568 1835 1940 1894 existentibus.
1980 1850 2000 1884 ι
2035 1829 2194 1887 Faci-

596 1952 699 2006 lius
728 1946 1079 2004 hcilenismus
1095 1933 1515 2010 deprehenditur
1545 1932 1601 1987 in
1624 1931 1709 1985 his
1730 1928 1905 1985 verbis
1918 1924 2008 1999 -(p.
2027 1920 2153 1994 147)
2178 1939 2193 1976 :

602 2062 621 2097 ι
650 2040 797 2097 Idem
825 2049 976 2095 error
1005 2040 1107 2100 est,
1136 2030 1438 2087 daemonum
1467 2023 1674 2081 fallacia
1703 2022 1818 2093 ipsa
1846 2028 1952 2089 est,
1982 2035 2007 2070 -ι
2040 2016 2093 2072 id
2116 2023 2200 2072 est

601 2134 815 2193 eadem.

626 2264 640 2276 ι
670 2230 863 2286 Narrat
887 2217 1351 2292 Firmilianusbp.
1380 2211 1508 2287 HG)
1530 2252 1546 2282 ,
1564 2209 1854 2267 “historiam
1893 2204 2137 2262 mulieris
2168 2216 2201 2256 a

601 2325 848 2381 daemone
878 2317 1092 2382 afﬂatte,
1127 2327 1248 2385 quae
1292 2328 1315 2364 ι
1356 2308 1518 2365 etiam
1566 2306 1670 2361 hoc
1718 2303 2030 2375 frequenter
2074 2309 2204 2351 ausa

604 2426 718 2485 est,
759 2424 818 2472 ut
852 2423 906 2470 et
943 2407 1282 2467 invocatione
1319 2419 1424 2459 non
1450 2388 1840 2470 contemptibili
1869 2391 2206 2452 sanetificare

602 2523 666 2566 se
704 2520 897 2579 panem
940 2511 997 2560 et
1045 2496 1435 2557 Eucharistiam
1464 2492 1656 2549 facere
1678 2490 1981 2556 simularet,
2000 2494 2069 2543 et
2100 2499 2208 2579 “sa-

605 2577 865 2658 criﬁcium
932 2592 1163 2651 Domino
1226 2585 1417 2663 (non)
1488 2587 1606 2642 sine
1654 2589 1993 2639 sacramento
2032 2577 2209 2635 solita:

609 2687 1007 2765 praedicationis
1045 2682 1305 2747 oderret,
1340 2698 1359 2733 ι
1393 2687 1499 2736 etc.
1549 2677 1703 2748 Legit
1728 2673 2012 2745 Rigaltius,
2053 2668 2209 2739 cujus

608 2764 734 2841 nota
777 2782 832 2838 in
855 2780 986 2837 edit.
1010 2778 1186 2835 Oxon.
1215 2772 1525 2845 apponitur,
1556 2788 1576 2823 ‹
1611 2769 1782 2825 solita:
1801 2764 2128 2838 precationis
2162 2782 2207 2816 ι.

611 2879 681 2932 λι
724 2873 858 2930 [ιιι]ἰὶ
908 2864 1130 2943 prorsus
1152 2864 1508 2930 mutandum;
1542 2862 1658 2917 luce
1684 2860 1827 2916 enim
1858 2864 2107 2913 accurate
2145 2854 2213 2909 de

608 2967 801 3042 graecis
838 2977 1094 3036 expressa
1138 2968 1283 3016 sunt.
1304 2958 1507 3014 Preces
1529 2956 1582 3012 in
1609 2953 1871 3011 sacriﬁcio
1899 2950 2014 3006 ﬁeri
2043 2948 2214 3004 solitae

613 3068 875 3119 vocantur
926 3054 1065 3127 apud
1123 3051 1279 3109 Basii.
1339 3049 1559 3124 (Epist.
1600 3061 1765 3104 Iccxu
1796 3044 1814 3118 )
1844 3048 2215 3107 ὰκ).ησιαστικά

610 3159 922 3225 ιηρῦνμαίτα,
959 3168 979 3203 ε
1025 3145 1437 3220 praedicationes
1464 3138 1866 3199 ecclesiasuca‘.
1903 3157 1924 3191 ι

672 3245 816 3301 Cum
869 3240 1200 3296 existimaret
1236 3234 1591 3291 ‘Firmilianus
1628 3231 1975 3286 adversarios
2006 3240 2133 3283 suos
2162 3225 2215 3280 in

613 3336 880 3407 baptismo
920 3332 1060 3387 ‘t‘oris
1100 3328 1168 3384 ab
1206 3325 1405 3382 adultis
1440 3333 1704 3392 suscepto
1746 3320 1946 3377 Christi
1990 3319 2216 3392 gratiam

614 3438 943 3500 agnoscere,
987 3423 1067 3477 sic
1094 3432 1191 3476 eos
1218 3417 1414 3474 refellit
1440 3416 1518 3489 (p.
1550 3412 1682 3486 147)
1717 3431 1730 3467 :
1769 3432 1789 3465 ‹
1836 3412 1981 3467 Nam
2006 3411 2059 3466 si
2111 3424 2220 3465 non

616 3517 874 3576 mentitur
906 3511 1195 3585 Apostolus
1229 3509 1416 3566 dicens
1449 3507 1744 3577 :-Quotquot
1771 3505 1823 3558 in
1850 3503 2051 3557 Christo
2080 3501 2221 3555 tincti

616 3614 769 3676 estis,
811 3608 1070 3665 Christum
1118 3602 1392 3666 induratis,
1434 3600 1621 3669 utique
1663 3596 1752 3669 qui
1783 3595 1891 3652 illic
1924 3595 1976 3650 in
2004 3592 2223 3649 Christo

620 3704 919 3775 baptizatus
958 3709 1040 3756 est
1070 3738 1086 3767 ,
1144 3695 1318 3752 induit
1363 3692 1639 3749 Christum
1684 3708 1697 3745 :
1750 3689 1797 3744 si
1840 3698 2015 3760 autem
2054 3686 2225 3742 induit

617 3798 889 3855 Christum
915 3836 929 3862 ,
971 3793 1218 3863 accipere
1260 3788 1434 3860 potuit
1478 3796 1533 3842 et
1556 3784 1815 3857 Spiritum
1846 3790 2111 3848 sanetum,
2131 3778 2223 3850 qui

619 3908 650 3947 a
677 3890 895 3948 Christo
916 3887 1120 3944 missus
1156 3891 1276 3950 est,
1296 3891 1359 3938 et
1374 3880 1572 3936 frustra
1602 3877 1677 3933 illi
1706 3875 1940 3933 venienti
1977 3875 2045 3929 ad
2085 3872 2225 3927 acci-

626 3984 881 4056 piendum
922 3981 1180 4052 Spiritum
1202 3990 1391 4032 manus
1418 3973 1743 4045 imponitur,
1786 3966 2225 4026 nisisiaChristo

622 4077 881 4147 Spiritum
910 4072 1102 4139 induit,
1133 4078 1190 4125 ut
1214 4067 1357 4139 apud
1387 4066 1671 4123 haereticos
1708 4064 1777 4120 sit
1807 4061 2022 4133 quidem
2070 4058 2227 4115 Chri-

623 4179 770 4233 stus,
830 4180 944 4221 non
990 4164 1060 4221 sit
1087 4171 1265 4218 autem
1313 4158 1423 4215 illic
1477 4156 1711 4230 Spiritus
1756 4162 2055 4210 sanctus.»
2095 4149 2227 4206 Illud

629 4283 649 4315 ι
686 4260 788 4318 nisi
808 4275 840 4315 a
869 4257 1085 4315 Christo
1112 4254 1372 4326 Spiritum
1405 4252 1594 4317 induit,
1620 4270 1639 4302 ι
1672 4248 1814 4305 idem
1848 4247 1989 4304 valet
2012 4261 2077 4302 ac
2108 4251 2230 4316 post

624 4354 933 4417 Christum;
963 4364 1064 4407 nec
1108 4344 1401 4419 probabilis
1448 4354 1531 4400 est
1567 4341 1874 4413 conjectura
1907 4337 2132 4395 Cauebii
2173 4346 2231 4393 et

625 4447 846 4506 Pamelii
876 4445 967 4516 qui
1009 4441 1293 4516 legendum
1324 4446 1533 4511 putant,
1557 4455 1577 4489 ί
1603 4436 1705 4492 nisi
1733 4451 1763 4488 a
1792 4432 2009 4491 Christo
2055 4430 2227 4502 Spiri-

536 4612 539 4615 ,
624 4554 737 4601 tum
762 4556 871 4597 non
893 4537 1080 4595 induit.
1122 4555 1143 4591 ι

698 4636 876 4696 Alium
905 4635 1082 4691 locum
1098 4631 1257 4701 longe
1276 4626 1634 4685 difficiliorem
1656 4621 1947 4680 emendare
1970 4618 2227 4676 conabor.

629 4734 705 4790 De
749 4731 814 4787 iis
853 4729 944 4801 qui
983 4726 1123 4783 foris
1143 4723 1393 4796 baptizati
1422 4721 1539 4778 sine
1566 4733 1709 4775 novo
1753 4715 2019 4786 baptismo
2049 4712 2231 4768 in.Ec-

625 4826 792 4884 clesia
840 4822 1125 4886 obierunt,
1181 4818 1262 4874 sic
1306 4814 1494 4872 statuit
1536 4812 1885 4871 Firmilianus
1944 4806 2228 4879 (p.149):

542 4974 550 4981 ,
633 4938 654 4972 ι
699 4918 756 4975 Si
784 4915 851 4972 de
889 4912 1087 4971 smculo
1109 4914 1461 4968 excesserunt
1484 4944 1501 4972 ,
1534 4905 1600 4959 .in
1639 4917 1826 4959 eorum
1876 4912 2103 4957 numero
2143 4896 2232 4967 qui

628 5008 771 5082 apud
812 5020 912 5064 nos
948 4999 1258 5061 catechizati
1315 4996 1531 5069 quidem
1589 5001 1715 5050 sunt
1740 5035 1754 5060 ,
1788 4991 1883 5048 sed
1914 4989 2233 5082 priusquam

632 5080 1031 5174 baptizareutur
1090 5093 1342 5150 obierunt
1366 5130 1391 5158 ,,
1432 5087 1729 5144 habentur.
1773 5083 1893 5141 Non
1952 5082 2114 5138 modo
2155 5080 2236 5138 di-

629 5203 760 5253 cunt
796 5182 1222 5250 emolumentum
1272 5180 1511 5238 veritatis
1555 5187 1612 5236 et
1667 5175 1824 5242 ﬁdei,
1864 5174 2117 5246 adquam
2146 5187 2236 5229 re-

636 5291 765 5347 licto
820 5282 1007 5345 errore
1091 5281 1480 5353 pervenerant,
1537 5270 1655 5329 etsi
1717 5268 2235 5327 consummationem

632 5382 822 5455 gratiae
881 5373 1156 5457 consecuti
1196 5386 1306 5428 non
1335 5374 1462 5425 sunt
1495 5370 1685 5421 .morte
1714 5360 2008 5457 praeventi.
2048 5377 2068 5413 ι
2104 5357 2236 5415 Εχὶ-

632 5450 817 5530 stimat
846 5450 1106 5542 Riéaltius
1126 5463 1355 5522 verbum
1391 5477 1411 5512 ι
1440 5457 1638 5514 habent
1675 5474 1694 5508 ι
1725 5450 2094 5527 reponendum
2117 5458 2239 5542 post

630 5541 969 5631 thabentur,
985 5579 1005 5614 ι
1021 5567 1079 5617 et
1097 5558 1178 5616 sic
1197 5551 1450 5614 emendat
1460 5570 1486 5631 _:
1522 5568 1542 5602 ‹
1574 5547 1799 5615 Habent,
1818 5561 1924 5601 non
1942 5542 2102 5600 modo
2123 5541 2236 5600 dis-

568 5674 575 5679 ‘
633 5668 764 5720 eunt
805 5657 1223 5714 emolumentum
1265 5644 1507 5706 veritatis
1547 5651 1601 5699 et
1626 5640 1769 5709 fidei,
1793 5658 1812 5693 ι
1843 5639 1938 5695 sed
1958 5636 2125 5694 multo
2143 5652 2241 5708 ap-

626 5751 861 5824 atiuslegi
876 5758 1078 5823 posset,
1101 5763 1121 5798 (
1141 5741 1350 5801 Habent
1368 5754 1474 5797 non
1499 5736 1764 5795 modicum
1781 5734 2233 5791 emolumentum»

632 5864 742 5927 pro
772 5866 794 5904 (
824 5861 936 5904 non
964 5841 1180 5903 modico
1198 5836 1389 5895 dicunt
1426 5841 1517 5892 aut
1542 5826 1840 5890 nouanodo
1871 5826 2105 5885 discunt.
2140 5844 2159 5880 ο

1744 326 1905 385 VITA
1950 310 2199 384 sanari
2239 312 2582 383 CYPRlANl.
2614 313 2625 319 ’

3770 317 3895 380 161

2278 437 2872 497 ΧΧΧ11.-Νοι(ι‹υιιιε
2898 425 3624 495 ousenvartonssaauuuruu
3658 452 3709 495 tu
3736 452 3876 498 tunc
3948 414 3951 415 ν

2662 548 2732 589 η
2759 512 3018 590 ΒΑΡτιειῇο
3039 545 3497 589 CONTBOVERSIAI.

2353 695 2486 765 Quid
2511 696 2564 751 in
2580 693 2680 750 hac
2703 709 2861 752 causa
2892 693 3144 764 deinceps
3168 690 3472 763 Stephanus
3493 707 3555 748 ac
3579 691 3880 765 Cyprianus

2282 788 2510 858 egerint,
2543 785 2688 841 nullo
2720 800 2936 857 prorsus
2965 793 3137 840 exstat
3165 792 3537 840 monumento.
3567 782 3727 840 Forte
3753 801 3882 856 per-

2287 878 2513 946 secutio,
2582 895 2701 949 quae
2749 878 2934 949 paucis
2990 889 3171 948 postea
3227 877 3502 934 mensibus
3549 877 3881 949 supervenit,

2288 973 2496 1028 animos
2519 988 2547 1025 a
2576 971 2889 1028 domesticis
2915 971 3352 1027 contentionibus
3377 970 3443 1025 ad
3474 970 3755 1043 religionis
3790 970 3887 1027 de-

2289 1065 2584 1120 fensionem
2645 1064 2917 1129 avocavit;
2971 1062 3065 1119 sed
3124 1078 3233 1119 non
3278 1063 3382 1118 alia
3442 1077 3528 1118 res
3588 1062 3884 1139 periculum

2289 1154 2595 1212 schismatis
2623 1155 2690 1210 ab
2735 1154 2975 1210 Ecclesia
3000 1152 3224 1225 'repulit,
3275 1169 3439 1224 quam
3476 1154 3694 1210 unitatis
3735 1169 3887 1210 amor

2290 1266 2355 1305 ex
2394 1258 2617 1320 utraque
2652 1256 2805 1319 parte
2843 1249 3134 1317 impressus
3158 1246 3352 1303 animis
3372 1256 3426 1303 et
3449 1247 3760 1319 insculptas.
3800 1248 3891 1304 Vi-

2290 1342 2520 1399 debatur
2545 1341 2644 1398 sibi
2664 1350 2889 1412 utraque
2909 1356 3031 1419 pars
3050 1340 3266 1396 maximi
3288 1341 3542 1411 momenti
3566 1343 3888 1397 sententiam

2291 1436 2605 1494 defendere.
2647 1436 2762 1492 Non
2796 1436 3114 1507 ignorabant
3160 1435 3408 1507 Cypriani
3449 1436 3739 1492 adversarii
3769 1453 3893 1509 gra-

2292 1544 2413 1585 vem
2446 1529 2693 1599 injuriam
2724 1545 2754 1584 a
2784 1529 3239 1607 rebaptizantibus
3264 1528 3375 1584 ﬁeri
3403 1538 3453 1585 et
3488 1528 3686 1585 Christi
3707 1545 3891 1586 saera-

2297 1624 2494 1678 mentis
2520 1632 2574 1678 et
2602 1622 2914 1693 apostolica:
2943 1620 3213 1678 traditioni
3242 1630 3296 1676 et
3332 1630 3408 1676 tot
3440 1621 3684 1678 ecclesiis
3733 1638 3853 1692 qua:
3875 1661 3893 1690 ,

2297 1717 2341 1772 si
2374 1732 2497 1772 vera
2526 1715 2714 1773 fuisset
2740 1715 2989 1787 Cypriani
3012 1715 3216 1786 Opinio,
3255 1715 3684 1770 communionem
3715 1713 3896 1768 homi-

2299 1809 2458 1864 nibus
2484 1824 2591 1864 non
2613 1808 2893 1879 baptizatis
2922 1806 3216 1872 dedissent,
3247 1821 3311 1862 ac
3342 1821 3485 1876 smpe
3530 1806 3692 1861 etiam
3743 1820 3896 1860 com-

2301 1900 2566 1956 misissent
2601 1908 2657 1954 ut
2683 1899 2910 1955 infantes
2942 1899 3204 1970 baptismo
3217 1897 3514 1954 defraudati
3540 1907 3897 1954 morerentur.

2304 1994 2430 2049 llaec
2468 1991 2738 2065 Cypriane
2795 1991 2969 2048 fuisse.
2999 1991 3208 2063 objecta
3265 1991 3605 2062 perspicitur,
3667 1985 3786 2044 tum
3831 2004 3902 2046 ex

2305 2086 2474 2157 ipsius
2506 2084 2767 2155 epistolis,
2802 2094 2913 2140 tum
2943 2100 3009 2139 ex
3041 2084 3174 2140 libro
3205 2085 3267 2139 de
3293 2083 3689 2155 Rcbaptismate.
3742 2083 3904 2139 Parte

2304 2193 2371 2233 ex
2399 2177 2501 2232 alia
2529 2177 2873 2232 Firmilianns
2926 2185 2980 2233 et
3009 2177 3327 2249 Cyprianus,
3361 2192 3481 2233 cum
3525 2176 3639 2231 haec
3680 2177 3906 2247 qnznstio

2306 2268 2542 2324 nondum
2570 2269 2619 2322 in
2652 2268 2946 2324 clarissima
3005 2268 3121 2324 luce
3176 2271 3346 2339 posita
3403 2278 3458 2323 et
3496 2269 3766 2324 consxanti
3808 2268 3909 2322 Ec-

2315 2361 2494 2417 clesiae
2521 2360 2724 2431 judicio
2753 2361 2931 2417 decisa
2960 2354 3434 2432 esset,'pessima'm
3465 2361 3906 2417 consuetudinem

2316 2455 2623 2525 Obrepsisse
2652 2464 2707 2510 et
2728 2455 2962 2526 graviter
2985 2454 3053 2509 ab
3104 2454 3427 2511 adversariis
3469 2454 3704 2526 delinqui
3760 2463 3913 2526 puta-

2316 2547 2464 2602 bant.
2499 2565 2518 2599 ‹
2566 2546 2697 2614 Qum
2748 2549 2847 2603 ista
2892 2548 3178 2604 obstinatio
3227 2559 3329 2612 est,
3371 2568 3389 2601 ι
3424 2550 3499 2604 ait
3531 2549 3828 2622 Cyprianus
3860 2549 3915 2606 in

2312 2639 2411 2709 Ep.
2437 2638 2506 2693 ad
2534 2637 3007 2711 Pompeiunr(pag.
3034 2638 3161 2709 159)
3198 2658 3216 2689 ‹
3247 2655 3430 2709 qttzm'e
3452 2642 3795 2711 praesumptio
3822 2639 3918 2695 hu-

2319 2745 2533 2786 manam
2585 2730 2925 2786 traditionem
2969 2729 3163 2786 divina:
3196 2730 3530 2803 dispositioni
3562 2743 3917 2802 anteponere,

2324 2838 2424 2879 nec
2469 2822 2897 2879 animadvertere
2959 2823 3219 2896 indignari
3280 2833 3334 2879 et
3374 2823 3527 2879 irasci
3564 2824 3728 2879 Deum
3778 2840 3918 2895 quo-

2321 2920 2423 2974 ties
2498 2917 2678 2973 divina
2745 2928 3010 2987 prtecepta
3085 2917 3245 2973 solvit
3297 2925 3349 2973 et
3396 2917 3637 2988 praeterit
3688 2916 3922 2972 humana

2322 3012 2593 3070 traditio?
2622 3031 2641 3066 ›
2694 3003 2947 3081 Queritur
2985 3012 3036 3065 in
3082 3009 3267 3066 eadem
3297 3010 3521 3080 epistola
3548 3009 3922 3065 auctoritatem

2321 3106 2589 3162 haereticis
2615 3106 2860 3172 attribui,
2893 3103 3051 3159 ﬁdem
3081 3113 3134 3159 et
3166 3103 3444 3157 veritatem
3480 3101 3631 3173 prodi
3661 3102 3736 3172 (p.
3773 3099 3921 3173 141).

2318 3198 2615 3256 Veritatem
2672 3199 2776 3255 sibi
2824 3207 2879 3254 et
2915 3198 3033 3253 aliis
3064 3195 3208 3253 idem
3253 3196 3613 3251 sentientibus
3666 3194 3926 3265 singulari

2320 3293 2417 3350 Dei
2454 3292 2718 3350 beneficio
2746 3301 3005 3347 retectam
3052 3289 3215 3346 fuisse
3258 3288 3532 3354 credebat,
3565 3297 3625 3342 ut
3650 3302 3766 3342 eam
3806 3286 3930 3342 aliis

2323 3387 2570 3444 ecclesiis
2601 3395 2943 3458 proponeret.
2981 3405 3000 3437 (
3029 3382 3264 3440 Proinde
3297 3383 3491 3439 frustra
3515 3378 3752 3456 quidam,
3793 3400 3811 3433 ι
3844 3380 3931 3435 in-

2330 3483 2445 3553 quit
2466 3481 2519 3536 in
2544 3481 2642 3553 Ep.
2682 3480 2751 3535 ad
2782 3480 3096 3535 Jubaimmm
3140 3478 3214 3552 (p.
3241 3477 3386 3552 155),
3418 3485 3435 3530 i
3465 3479 3551 3550 qui
3584 3478 3787 3533 ratione
3812 3477 3932 3529 viu—

2328 3582 2525 3629 cuntur
2547 3572 2991 3628 consuetudinem
3018 3570 3173 3627 nobis
3198 3580 3493 3641 Opponunt,
3525 3569 3673 3639 quasi
3701 3581 3931 3624 consue-

2332 3666 2461 3722 tudo
2511 3665 2684 3735 major
2724 3665 2793 3720 sit
2840 3665 3081 3732 veritate,
3115 3672 3331 3719 autnon
3367 3662 3418 3718 id
3445 3662 3581 3718 sitin
3604 3659 3931 3731 spiritalibus

2330 3758 2662 3830 sequendum
2713 3757 2852 3829 quod
2903 3758 2954 3812 in
3002 3756 3194 3815 melius
3239 3755 3393 3812 fuerit
3424 3772 3452 3810 a
3498 3764 3684 3811 sancto
3728 3753 3932 3824 Spiritu

2335 3851 2647 3907 revelatum.
2687 3850 2894 3922 Ignosci
2946 3851 3087 3907 enim
3128 3857 3304 3922 potest
3348 3848 3663 3919 simpliciter
3703 3846 3932 3914 erranti,

2328 3942 2471 3997 sicut
2520 3942 2588 3998 de
2628 3942 2807 4013 seipso
2859 3941 2990 3997 dicit
3034 3941 3309 4013 apostolus
3339 3941 3538 3997 Paulus
3563 3959 3575 3996 :
3605 3939 3706 4008 Qui
3742 3941 3929 4011 primo,

2331 4034 2521 4105 inquit,
2585 4034 2662 4105 fui
2729 4034 3051 4105 blasphemus
3096 4044 3141 4089 et
3196 4043 3486 4105 persecutor
3536 4042 3580 4088 et
3628 4033 3931 4105 injurt'osus,

2328 4128 2432 4207 sed‘
2467 4128 2870 4183 misericordiam
2925 4129 3084 4183 merui
3112 4170 3126 4195 ,
3183 4128 3303 4198 quia
3353 4128 3594 4198 ignorans
3643 4126 3756 4197 feci.
3804 4125 3935 4181 Post

2333 4220 2738 4292 inspirationcm
2801 4235 2931 4276 vero
2992 4230 3048 4276 et
3109 4220 3491 4276 revelationem
3541 4217 3732 4273 iactam
3765 4260 3781 4284 ,
3838 4217 3935 4287 qui

2333 4314 2386 4370 in
2433 4329 2499 4371 eo
2541 4312 2683 4385 quod
2723 4322 3001 4370 erraverat
3045 4321 3353 4386 perseverat
3393 4312 3627 4384 prudens
3656 4321 3710 4367 et
3731 4311 3931 4381 sciens,

2334 4410 2451 4465 sine
2498 4408 2654 4464 venia
2694 4408 3006 4479 ignorantiae
3048 4419 3270 4479 peccat;
3320 4405 3739 4477 prwsumptione
3787 4405 3936 4461 enim

2340 4510 2502 4568 atque
2549 4500 2909 4556 obstinatione
2979 4499 3207 4571 quadam
3266 4498 3474 4565 nititur,
3530 4512 3651 4554 cum
3725 4497 3935 4552 ratione

2333 4601 2638 4664 superetur.
2695 4610 2714 4646 ›
2770 4592 2861 4649 Sic
2907 4592 3065 4648 etiam
3102 4590 3452 4659 'Firmilianus
3498 4604 3514 4645 :
3561 4607 3581 4643 ι
3615 4586 3782 4658 Quale
3836 4588 3938 4644 dc-

2336 4686 2520 4742 lictum
2550 4695 2650 4751 est,
2684 4684 2855 4756 inquit
2886 4685 2966 4757 (p.
3000 4681 3144 4755 M9),
3177 4683 3605 4754 vel‘illorumqui
3636 4681 3936 4737 admittun-

2336 4788 2425 4835 tur
2458 4822 2472 4846 ,
2523 4779 2613 4834 vel
2657 4794 2843 4835 eorum
2876 4778 2966 4849 qui
2997 4776 3312 4846 admittunt,
3344 4786 3403 4832 ut
3444 4791 3550 4832 non
3603 4775 3796 4832 ablutis
3839 4790 3938 4845 βρι-

2328 4873 2593 4930 Ecclesiae
2631 4873 2900 4929 lavacrum
2953 4869 3221 4938 sordibus,
3265 4886 3365 4927 nec
3393 4869 3626 4941 peccatis
3650 4866 3932 4939 expositis,

2336 4975 2587 5038 usurpata
2639 4975 2843 5022 temere
2880 4962 3366 5021 communicatione
3389 4964 3702 5035 contingant
3736 4974 3938 5031 corpus

2335 5069 2390 5117 et
2414 5058 2731 5133 sanguinem
2758 5059 3006 5115 Domini?
3039 5079 3059 5112 ι

2411 5172 2518 5229 Sed
2545 5189 2651 5244 quo
2675 5173 2891 5245 majoris
2918 5173 3175 5230 momenti
3207 5190 3358 5231 suam
3402 5183 3622 5245 utraque
3663 5187 3787 5245 pars
3806 5187 3938 5228 seu-

2341 5264 2560 5322 tentiam
2602 5280 2725 5323 esse
2761 5265 2931 5333 duxit,
2973 5281 3040 5322 eo
3067 5267 3237 5338 magis
3263 5267 3315 5323 in
3344 5266 3585 5339 utrisque
3625 5281 3780 5322 amor
3816 5264 3937 5320 clu-

2338 5359 2506 5416 cescit
2531 5359 2772 5415 unitatis.
2801 5357 2861 5414 In
2889 5358 3108 5416 Oriente
3136 5377 3250 5417 non
3293 5360 3502 5418 videtur
3538 5375 3731 5431 magna
3766 5358 3938 5415 fuisse

2338 5451 2641 5507 animorum
2685 5450 2979 5520 contentio,
3020 5454 3265 5524 quamvis
3306 5454 3486 5523 plures
3530 5452 3822 5525 provincia:
3868 5451 3941 5508 ab

2337 5544 2555 5615 antiqua
2595 5550 2648 5599 et
2685 5544 2957 5599 communi
2991 5546 3259 5601 sententia
3299 5544 3689 5618 discreparent.
3736 5546 3939 5616 Diony-

2339 5634 2452 5691 sius
2488 5632 2882 5691 Alexaudrinus
2924 5649 3047 5691 cum
3083 5637 3343 5693 scriberet
3372 5637 3441 5693 ad
3478 5636 3834 5709 Stephanum,
3878 5644 3942 5692 ut

2340 5741 2462 5783 cum
2512 5725 2761 5782 Asiaticis
2811 5727 3268 5799 rebaptizantibus
3333 5720 3590 5799 placeret,
3666 5744 3942 5790 summam

2347 5821 2721 5897 episcoporum
2772 5820 2828 5881 in
2868 5822 3100 5884 Oriente
3130 5822 3490 5885 recusantium
3530 5823 3803 5884 laudabat.
3858 5823 3945 5892 Ex
