4172 6264
225 367 349 431 163

227 504 347 560 qun
373 495 516 560 patet
543 485 776 543 Orientis
809 487 1088 558 episcopos
1115 484 1390 542 liberalius
1412 499 1568 556 quam
1598 483 1829 551 Stepha-

232 597 371 636 num
403 580 576 651 egisse
629 594 749 634 cum
794 579 1060 634 Asiaticis.
1107 580 1310 634 licvera
1353 578 1586 633 Helenus
1624 586 1679 631 et
1716 575 1835 629 Fir-

232 679 492 733 milianns
527 690 719 746 magno
740 690 953 746 semper
984 676 1035 729 itt
1077 673 1247 744 pretio
1269 672 1414 744 apud
1458 671 1693 742 collegas
1725 671 1839 724 fue-

233 778 388 825 runt.
417 765 621 823 Enituit
646 769 808 823 etiam
835 769 888 822 in
915 766 1206 823 Occidente
1235 766 1429 822 odium
1457 774 1512 821 et
1533 764 1650 834 iuga
1678 762 1840 818 schis-

233 864 421 919 ntatis.
449 865 652 919 Auctor
678 862 797 918 libri
827 861 889 915 de
936 860 1336 932 Rebaptismate,
1385 860 1484 914 etsi
1515 856 1839 928 Cyprianum

233 956 476 1029 indignis
500 956 804 1028 opprobriis
826 965 879 1012 et
903 956 1160 1011 conviciis
1197 954 1420 1019 lacerat,
1445 952 1638 1007 fatetur
1665 961 1840 1004 tamen

237 1062 410 1108 totam
438 1053 576 1108 hanc
605 1052 954 1124 quazsﬁonem
983 1052 1122 1108 inter
1149 1052 1341 1129 fratres
1367 1051 1617 1120 agitatam
1655 1047 1840 1104 fuisse.

241 1163 261 1197 ι
303 1145 749 1213 Animadverte,»
784 1145 955 1217 inquit
979 1144 1132 1200 initio
1165 1143 1307 1212 lib-ri,
1343 1142 1658 1214 «queesitum
1702 1139 1844 1211 apud

236 1239 442 1295 fratres
509 1237 634 1310 quid
683 1239 860 1309 potius
910 1237 1183 1293 observari
1238 1243 1483 1307 oporteat
1546 1234 1600 1289 in
1652 1247 1841 1304 perso-

238 1349 372 1388 nant
426 1348 612 1388 eorum
653 1331 743 1402 qui
789 1332 842 1386 in
898 1330 1090 1386 ltteresi
1130 1329 1348 1400 quidem
1381 1327 1474 1384 sed
1525 1327 1578 1381 in
1629 1325 1869 1386 nomine,

241 1426 345 1481 Dei
399 1425 569 1482 nostri
614 1424 740 1480 Iesu
778 1423 982 1479 Christi
1032 1423 1140 1478 sint
1179 1421 1360 1487 tineti,
1391 1430 1496 1477 etc.
1533 1439 1553 1472 ›
1607 1416 1843 1488 Stepha-

237 1532 349 1572 nns
369 1517 515 1587 justo
541 1515 912 1572 vehementior
941 1515 1067 1583 fuit;
1101 1530 1198 1571 nec
1229 1514 1427 1570 idcirco
1449 1523 1634 1568 tamen
1667 1511 1841 1566 Africa

236 1625 368 1664 cum
400 1609 519 1664 aliis
546 1609 788 1666 ecclesiis
819 1619 874 1665 et
914 1624 1032 1664 cum
1075 1609 1314 1663 Romana
1348 1607 1506 1663 etiam
1548 1607 1844 1662 communi-

189 1705 201 1714 '
240 1720 372 1760 care
402 1704 580 1760 desiit.
615 1703 768 1759 Nullo
799 1709 932 1760 sane
963 1714 1138 1761 exstat
1169 1711 1515 1758 monumento
1549 1702 1679 1755 alios
1733 1698 1844 1770 epi-

241 1815 444 1870 sc0pos
487 1817 636 1854 suam
685 1800 828 1857 Afris
874 1801 1314 1856 commuttionem
1366 1815 1613 1871 negasse,
1664 1809 1716 1853 ct
1760 1815 1844 1852 re-

243 1893 584 1963 baptizantcs
611 1893 957 1948 abstinendos
987 1902 1224 1963 putasse,
1245 1901 1312 1946 ‘ut
1345 1887 1653 1962 Stephanus
1691 1899 1847 1961 puta-

243 1995 419 2042 verat.
449 1986 776 2052 Quinetiam,
802 2001 921 2042 eum
956 1987 1005 2041 in
1045 1987 1157 2058 ipsa
1189 1987 1424 2042 Ecclesia
1477 1985 1715 2041 Romana
1745 1984 1851 2040 duo

247 2078 676 2147 praestantissimi
739 2077 1060 2150 presbyteri,
1096 2078 1375 2134 Philemon
1432 2088 1486 2133 et
1542 2077 1847 2148 Dionysius,

245 2183 308 2225 ut
347 2170 510 2226 modo
551 2171 801 2234 vidimus,
843 2181 1058 2227 mature
1087 2171 1568 2226 animadverterint
1607 2170 1734 2242 quid
1770 2171 1850 2224 ni-

246 2264 353 2317 mia
379 2263 637 2333 Stephani
677 2263 936 2320 severitas
968 2273 1211 2334 peccaret
1241 2305 1256 2330 ,
1287 2264 1479 2319 merito
1505 2261 1633 2318 inihi
1666 2261 1842 2317 existi-

246 2371 404 2413 mare
451 2358 636 2413 videor
679 2363 849 2413 totam
902 2357 1046 2412 illam
1086 2357 1477 2414 dissensionem
1524 2371 1592 2413 ne
1621 2356 1720 2411 sub
1749 2356 1850 2411 hoc

249 2449 470 2519 quidem
503 2449 764 2505 Pontilice
804 2463 897 2505 eos
939 2449 1189 2505 habuisse
1230 2449 1417 2504 'exitus
1467 2447 1555 2518 qui
1586 2461 1653 2504 ex
1677 2447 1852 2518 primo

247 2543 555 2596 animorum
585 2544 764 2597 calore
805 2543 1059 2613 consequi
1105 2550 1382 2611 'potcrant.
1435 2539 1545 2596 Sub
1573 2538 1632 2594 S.
1657 2539 1847 2610 Xysto,

247 2633 509 2704 Stephani
540 2649 875 2700 successore,
905 2635 1004 2689 etsi
1029 2634 1330 2705 persecutio
1357 2633 1678 2688 domesticas
1708 2633 1852 2687 rixas

247 2742 598 2799 compescere
670 2737 762 2782 aut
795 2725 982 2783 saltem
1044 2727 1283 2782 inducias
1329 2725 1521 2782 afferre
1569 2725 1847 2790 debuerat,

250 2837 354 2877 non
407 2830 588 2878 tamen
641 2821 851 2876 videtur
902 2821 970 2876 de
1011 2821 1293 2890 Baptismo
1341 2822 1524 2876 statim
1580 2819 1854 2875 contentio

249 2914 868 2985 reirixisse,_siquidem
923 2915 1210 2986 Dionysius
1255 2914 1672 2980 Alexandrinus,
1706 2913 1850 2968 inter

250 3007 430 3064 exsilii
466 3007 743 3062 molestias
795 3016 957 3077 atque
997 3007 1048 3060 in
1086 3007 1201 3077 ipso
1233 3008 1619 3077 persecutionis
1669 3007 1854 3062 incen-

248 3101 359 3166 dio,
384 3110 496 3155 tres
524 3100 729 3154 litteras
753 3097 817 3152 ad
859 3097 1086 3176 Xystum
1115 3099 1347 3168 scrip-it,
1375 3109 1431 3153 ιιι
1455 3114 1573 3154 eum
1610 3099 1674 3154 ad
1709 3098 1855 3153 'ieni-

250 3203 418 3247 tatem
446 3199 501 3246 et
531 3191 872 3246 concordiam
904 3198 1137 3245 vocaret.
1167 3188 1312 3246 Usus
1339 3199 1421 3245 est
1455 3190 1694 3246 consiliis
1726 3191 1851 3245 Dio-

259 3282 400 3356 nysii
450 3284 820 3340 sanctissimus
866 3283 1094 3356 Martyr;
1145 3294 1198 3339 et
1253 3283 1453 3340 ideirco
1503 3303 1523 3335 ‹
1565 3286 1736 3340 bonus
1802 3295 1856 3342 ct

255 3379 512 3449 paciﬁcus
560 3377 812 3434 sacerdos
843 3396 861 3428 ι
923 3393 952 3432 a
1017 3376 1208 3432 Pontio
1252 3387 1472 3432 vocatus
1516 3377 1771 3443 creditur,
1802 3385 1856 3432 et

254 3472 498 3529 ecclesia:
519 3472 781 3527 Africana:
799 3470 1067 3544 diptyehis
1085 3471 1224 3527 inter
1245 3481 1508 3542 martyres
1527 3471 1850 3541 adscriptus,

255 3565 399 3635 quod
447 3573 622 3619 natam
651 3564 750 3619 sub
801 3563 1074 3634 Stephano
1113 3565 1532 3620 controversiam
1581 3565 1850 3621 sedasset.

258 3657 408 3712 illum
439 3658 578 3712 inter
607 3665 662 3712 et
689 3656 1013 3728 Cyprianum
1069 3658 1504 3713 communionem
1552 3673 1656 3712 non
1689 3659 1855 3713 inter-

258 3761 468 3821 ruptam
494 3750 656 3806 fuisse
685 3749 850 3820 liquet
871 3766 934 3805 ex
983 3749 1155 3821 Epist.
1203 3765 1408 3816 Lxxxn,
1443 3749 1494 3804 in
1531 3763 1646 3820 =qua
1676 3759 1856 3806 narrat

259 3840 564 3912 Cyprianus
587 3856 646 3896 se
694 3841 918 3896 Romm
952 3841 1171 3896 misisse
1196 3842 1284 3913 qui
1311 3842 1379 3897 de
1412 3841 1570 3898 rebus
1599 3843 1851 3898 Ecclesia:

256 3945 404 3991 certa
435 3936 718 3991 referrent.
751 3936 832 3991 De
862 3936 1114 4007 Dionysio
1144 3945 1322 3992 autem
1341 3949 1460 3990 non
1505 3935 1724 3992 dubium
1772 3946 1856 3991 est

254 4031 389 4100 quin
417 4045 537 4086 cum
563 4031 701 4086 Afris
728 4030 1026 4086 liberaliter
1049 4031 1349 4101 egerit,'qui
1376 4029 1553 4085 adhuc
1578 4031 1856 4101 presbyter

257 4124 480 4179 nimiam
493 4123 747 4194 Stephani
770 4125 1109 4178 severitatem
1136 4124 1364 4192 probare
1383 4121 1629 4177 desierat.
1654 4122 1854 4178 Eadem

259 4219 565 4274 immanitas
591 4219 659 4274 ab
697 4219 816 4273 aliis
829 4216 1183 4288 pontificibus
1210 4226 1444 4284 servata,
1469 4233 1498 4267 -ι
1516 4215 1721 4283 donec,
1747 4223 1858 4270 aut

257 4317 337 4368 ait
366 4315 694 4386 Augustinus
724 4312 841 4385 (lib.
869 4329 884 4368 ι
917 4313 979 4367 de
1004 4310 1208 4384 Bapt.),
1239 4331 1258 4363 ‹
1296 4312 1536 4383 pienario
1567 4313 1727 4366 totius
1761 4325 1856 4366 or-

260 4409 346 4464 bis
381 4407 626 4463 -eoncilio
701 4405 844 4477 quod
895 4405 1256 4461 saluberrime
1311 4404 1648 4462 sentiebatur
1691 4405 1854 4461 etiam

260 4501 486 4557 remotis
511 4499 935 4556 dubitationibus
964 4499 1285 4554 ﬁrmaretur.
1322 4519 1340 4551 ι

334 4593 442 4650 Sed
465 4608 706 4649 amorem
732 4591 962 4647 unitatis
1006 4591 1275 4662 praecipue
1315 4590 1606 4647 declaravit
1631 4591 1858 4665 Cypria-

258 4703 386 4756 nus,
444 4688 531 4744 cui
569 4687 850 4743 veritatem
897 4705 916 4738 ι
957 4686 1206 4740 nimirum
1265 4694 1545 4755 propterea
1587 4686 1858 4744 'Domittus

258 4797 371 4838 non
395 4781 626 4852 aperuit,
665 4801 682 4833 ι
724 4779 895 4850 inquit
953 4779 1280 4849 Augustinus
1323 4777 1460 4849 (lib.
1501 4794 1532 4832 ι
1583 4778 1646 4832 de
1687 4776 1853 4844 ~Bapt.

258 4893 314 4930 e.
359 4873 473 4945 18),
497 4892 516 4926 ι
544 4871 935 4943 ut-ejus-pia-et
958 4870 1229 4926 humilitas
1259 4881 1312 4927 et
1334 4870 1566 4926 eharitas
1595 4870 1645 4925 in
1676 4879 1860 4926 custo-

259 4968 460 5023 dienda
509 4966 800 5023 salubriter
843 4965 1098 5021 Ecclesiae
1127 4979 1257 5035 pace
1307 4971 1624 5036 patesceret,
1660 4975 1712 5020 et
1751 4981 1857 5020 non

258 5062 442 5116 solum
490 5061 634 5115 illius
697 5058 956 5130 temporis
990 5057 1332 5125 Christianis,
1363 5057 1649 5126 sed-ctiam
1675 5070 1855 5128 poste-

260 5154 342 5208 ris
387 5152 456 5207 ad
489 5151 896 5216 =ntetlicinaiem,
928 5148 1082 5204 ut'ita
1106 5147 1303 5217 dicam,
1338 5149 1582 5205 notitiam
1609 5150 1856 5220 signare-

259 5254 373 5300 tur.
411 5263 444 5298 λ»
513 5244 768 5311 Quamvis
820 5251 1070 5313 magnum
1132 5256 1372 5297 errorem
1429 5240 1480 5296 in
1536 5240 1859 5296 adversariis

261 5337 573 5406 perspicere
599 5335 700 5391 sibi
743 5333 1240 5401 videreturptamen
1276 5353 1297 5386 ι
1331 5335 1386 5389 in
1411 5333 1511 5389 his
1546 5333 1858 5405 (ποωειίοηί-

261 5433 386 5496 bus,
409 5446 549 5500 qutr,
589 5447 610 5481 ι
641 5437 700 5483 ιιι
725 5427 798 5482 ait
821 5427 1143 5498 Augustinus
1173 5424 1287 5498 (lib.
1317 5441 1372 5481 ιιι
1413 5426 1476 5481 de
1516 5424 1672 5498 Bapt.
1701 5441 1749 5482 c.
1775 5427 1858 5494 ‘5),

272 5545 293 5577 ι
315 5523 564 5580 nondum
585 5521 966 5594 eiiquatissima
990 5521 1364 5589 perspectionc
1375 5518 1631 5575 discussa:
1659 5529 1808 5586 sunt,
1834 5539 1853 5574 ι

263 5617 488 5674 minime
501 5615 756 5671 dubitans
767 5614 895 5685 quin
913 5632 942 5664 ι(
974 5594 1167 5666 habeat
1183 5611 1358 5666 omnis
1376 5612 1660 5684 episcopus
1676 5627 1772 5682 pro
1793 5612 1859 5667 ii-

263 5713 440 5768 centia
465 5710 726 5766 libertatis
742 5715 815 5764 et
831 5705 1122 5780 potestatis
1133 5706 1855 5776 suumrbitriumipruprittm,

261 5813 484 5872 tamque
523 5800 747 5871 judieari
797 5801 864 5856 ah
893 5801 998 5854 alio
1029 5797 1332 5868 nun-possit
1355 5841 1368 5863 ,
1423 5814 1581 5869 quam
1615 5812 1716 5854 nec
1749 5801 1862 5868 ipse

255 5905 446 5980 potest
491 5895 722 5953 alterum
751 5893 1012 5969 judicare;
1061 5910 1078 5945 ι
1109 5891 1185 5948 sic
1221 5891 1272 5948 in
1303 5889 1532 5949 concilio
1567 5890 1859 5964 Carthagi-

1422 361 1604 436 ,\"lTA
1651 359 1896 424 SANCTI
1927 352 2279 422 CYPRIANI.
2310 372 2312 374 ’

3445 347 3554 413 I66

1948 480 2101 536 nensi
2131 479 2365 551 collegas
2419 476 2705 550 alloquitur
2738 493 2751 531 :
2793 495 2812 529 ι
2843 474 3097 547 Superest
3127 485 3184 532 ut
3216 475 3280 532 de
3305 475 3403 530 hac
3435 475 3549 545 ipsa

1950 592 2010 632 re
2059 575 2188 645 quid
2228 572 2419 642 singuli
2466 573 2759 627 sentiamus
2784 570 3136 641 proferamus,
3165 569 3546 636 neminem-ju-

1946 668 2186 722 dicantcs
2227 677 2315 720 aut
2347 683 2375 719 a
2403 665 2520 735 jure
2536 663 3192 732 communionisaliquem,
3214 661 3255 714 si
3275 661 3544 715 diversum

1947 761 2208 824 senserit,
2256 771 2584 814 amoventes.
2620 775 2640 812 ι
2677 755 2967 812 Donatista:
2994 755 3121 811 o‘lim
3147 754 3218 810 de
3239 764 3424 810 sancto
3445 751 3549 824 Cy-

1949 856 2136 925 priane
2169 873 2187 904 ι
2217 853 2368 925 quasi
2390 869 2510 908 eutn
2527 851 2693 922 ipsius
2715 851 2871 906 laude
2891 871 2908 903 ι
2933 848 3249 906 dictitabant
3269 850 3549 904 etimmcn-

1952 949 2106 1002 t~itutn
2141 936 2263 1002 esse
2296 964 2316 998 ι
2346 953 2399 1001 et
2419 944 2776 1016 simpliciores
2811 945 3046 1013 collegas
3079 944 3132 998 in
3162 941 3329 998 verbo
3360 953 3554 1010 capere

1952 1041 2238 1112 cogitasse,
2266 1048 2325 1095 ut
2351 1081 2364 1106 ,
2390 1055 2510 1094 cum
2535 1053 2593 1094 se
2623 1037 2892 1094 diversum
2921 1037 3122 1094 sentire
3167 1032 3546 1106 prodidissent,

1952 1143 2076 1190 tunc
2139 1145 2325 1189 contra
2379 1149 2537 1204 quam
2594 1133 2951 1202 promiserat,
3005 1125 3551 1186 excommunicandos

1949 1241 2069 1282 esse
2111 1236 2383 1282 censeret.
2425 1244 2444 1278 ι
2494 1224 2602 1280 Sed
2650 1222 2976 1296 Augustinus
3027 1221 3170 1277 hanc
3226 1219 3551 1275 calumniam

1950 1319 2268 1376 reiellitlib.
2308 1335 2367 1374 ιιι
2401 1321 2462 1373 de
2500 1317 2654 1389 Bapt.
2696 1333 2743 1373 c.
2791 1318 2846 1373 5.
2895 1315 3115 1372 'Calidus
3163 1328 3292 1369 sane
3345 1311 3446 1367 fuit
3492 1326 3555 1367 ac

1945 1415 2091 1485 j'us‘to
2144 1413 2517 1469 vehementior
2564 1410 3062 1476 Firmilianus;sed
3109 1417 3286 1464 tamen
3331 1407 3556 1462 unitatis

1952 1523 2104 1562 amor
2153 1507 2205 1561 in
2258 1516 2365 1561 tota
2389 1506 2503 1576 ejus
2554 1506 2719 1576 spirat
2749 1503 2998 1574 epistola,
3029 1517 3130 1559 nec
3156 1501 3445 1573 quidquam
3483 1499 3552 1555 de

1953 1600 2156 1654 unitate
2208 1598 2465 1655 Eccicsim
2517 1596 2902 1669 signiﬁcantius
2967 1594 3072 1650 dici
3129 1602 3328 1666 potest.
3383 1593 3555 1661 Hinc,

1953 1694 2200 1764 quamvis
2224 1695 2508 1748 veritatem
2557 1692 2776 1746 maximi
2813 1689 3068 1745 momenti
3129 1687 3420 1745 defendere
3456 1688 3559 1744 sibi

1955 1789 2242 1852 videretur,
2271 1789 2393 1858 quia
2427 1799 2601 1843 tamen
2636 1780 3168 1856 Eceiesizejudicium
3200 1785 3438 1840 nondum
3468 1798 3559 1838 ac-

1954 1892 2213 1950 cesserat,
2266 1882 2454 1937 cedent
2510 1881 2669 1936 modo
2697 1880 2958 1952 agendum
3009 1887 3159 1950 putat
3187 1893 3251 1934 ac
3304 1879 3354 1933 itt
3397 1877 3560 1932 vat-iis

1957 1974 2208 2030 institutis
2255 1975 2319 2029 ad
2357 1973 2695 2045 disciplinam
2745 1973 3155 2044 pertinentibus.
3194 1990 3213 2025 ‹
3247 1971 3555 2028 Secundum

1957 2069 2136 2138 quod,
2185 2069 2354 2138 inquit
2383 2066 2460 2140 (p.
2491 2067 2638 2139 144),
2685 2068 2742 2122 in
2798 2068 3010 2124 caeteris
3055 2081 3266 2138 quoque
3305 2065 3560 2136 plurimis

1958 2162 2244 2230 provinciis
2267 2164 2430 2217 multa
2453 2179 2549 2233 pro
2572 2163 2808 2218 ineorum
2845 2171 2896 2218 et
2935 2163 3209 2216 nominum
3252 2161 3561 2217 diversitate

1955 2259 2249 2322 variantur,
2281 2271 2378 2312 nec
2410 2266 2586 2310 tamen
2635 2267 2854 2326 propter
2909 2255 3009 2310 hoc
3049 2256 3114 2309 ab
3147 2251 3562 2326 Ecclesite'pacc

1956 2358 2118 2420 atque
2147 2350 2349 2406 unitate
2371 2349 2656 2420 aliquando
2683 2349 2978 2406 discessum
3020 2360 3119 2408 est.
3143 2371 3162 2404 ι

1958 2509 2196 2567 XXXIII.
2237 2543 2309 2554 —-
2336 2529 2404 2568 nr.
2441 2528 2690 2570 emsrom
2731 2525 2858 2570 mn
2887 2527 3142 2572 eximam
3170 2533 3438 2573 λιιιειιειιδ
3468 2534 3562 2575 eos

2041 2622 2125 2669 QUI
2165 2623 2338 2672 AQUAII
2387 2623 2555 2665 SOLAM
2599 2625 2650 2665 IN
2687 2626 2956 2667 MATUTINO
3003 2627 3294 2669 ελοιιιιηοιο
3347 2627 3564 2670 A‘DIIIBE-

2032 2717 2190 2761 ΒΛΝΤ.

2029 2833 2241 2890 Ριτωιθτ
2270 2841 2471 2892 litteras
2489 2853 2619 2908 quas
2647 2834 2942 2913 Cyprianus
2973 2843 3038 2898 ad
3057 2859 3233 2901 causa:
3249 2860 3359 2901 sure
3378 2847 3562 2903 defen-

1959 2928 2162 2983 sionem
2180 2931 2412 3000 scripsit,
2431 2933 2610 2997 aliam,
2628 2950 2732 2989 non
2747 2936 2932 2991 eadem
2951 2937 3020 2993 de
3039 2954 3096 2993 re
3107 2940 3199 2993 sed
3215 2939 3355 2996 circa
3371 2943 3559 2996 eadem

1962 3028 2202 3088 tempora
2228 3021 2503 3090 scriptam,
2528 3025 2780 3094 conjicio,
2811 3043 3002 3098 nempe
3031 3032 3420 3099 sexagesimam
3451 3042 3562 3086 ter-

1962 3113 2109 3179 tiam,
2140 3112 2207 3167 atI
2237 3112 2507 3169 Caecilium
2534 3119 2867 3186 episeOpum,
2898 3129 2951 3174 ttt
2981 3121 3428 3180 verisimillimum
3457 3136 3562 3194 est,

1960 3221 1988 3258 a
2019 3205 2174 3271 Biita,
2205 3207 2294 3276 qui
2325 3208 2528 3277 primus
2559 3209 2613 3265 in
2640 3211 2874 3267 concilio
2902 3214 3310 3287 Carthaginettsi
3341 3229 3563 3276 senicu-

1962 3299 2086 3351 tiant
2132 3297 2287 3353 dixit.
2339 3299 2686 3358 Occasionem
2737 3305 2882 3360 dedit
2930 3307 3055 3363 huic
3103 3309 3347 3378 epistola:
3401 3328 3563 3382 prava

1959 3391 2100 3461 apud
2131 3392 2420 3450 nonnullos
2457 3395 2668 3452 inducta
2699 3401 3054 3469 consuetudo,
3097 3413 3154 3458 ut
3195 3406 3246 3460 in
3293 3410 3561 3466 matutino

1959 3483 2225 3540 sacriﬁcio
2266 3501 2456 3556 aquam
2497 3490 2864 3547 tantummodo
2905 3493 3239 3552 adhiberent.
3273 3498 3457 3570 Neque
3507 3503 3561 3557 id

1961 3582 2160 3642 tamen,
2190 3583 2247 3630 ut
2273 3575 2584 3647 Encratitte,
2615 3580 2739 3635 odio
2763 3583 2868 3638 viui
2899 3599 2928 3638 a
2964 3585 3072 3642 Deo
3094 3589 3280 3656 creati,
3311 3595 3561 3648 commit-

1959 3668 2164 3736 tebant,
2208 3686 2332 3727 nam
2356 3687 2576 3742 vespere
2601 3675 2821 3732 calicem
2849 3679 2972 3732 vino
2995 3683 3217 3734 mixtum
3240 3681 3559 3740 oiierebant.

1962 3757 2306 3818 Demonstrat
2359 3761 2660 3836 Cyprianus
2707 3783 2866 3838 prava
2919 3769 3018 3825 hac
3068 3775 3457 3831 consuetudine
3507 3788 3562 3833 et

1961 3851 2156 3907 Christi
2198 3865 2524 3926 przeceptum
2565 3859 2770 3925 violari,
2804 3870 2857 3914 et
2903 3873 3300 3919 sacramentum
3351 3869 3564 3938 penitus

1961 3947 2149 4014 everti,
2180 3963 2301 4003 cum
2331 3952 2548 4020 sanguis
2576 3951 2769 4007 Christi
2804 3955 2854 4008 in
2884 3955 3050 4012 calice
3077 3972 3196 4014 esse
3244 3975 3350 4015 non
3391 3965 3565 4032 possit

1962 4038 2063 4093 nisi
2114 4039 2291 4094 vinum
2340 4041 2675 4097 adhibeatur.
2711 4044 2787 4099 Ex
2835 4045 2917 4102 itis
2953 4057 3130 4104 autent
3176 4053 3391 4124 verbis,
3455 4076 3474 4108 ι
3507 4069 3561 4113 et

1961 4130 2189 4198 viderit,
2223 4131 2387 4190 frater
2415 4134 2817 4202 eharissime,si
2863 4141 2981 4209 quis
3019 4140 3087 4196 de
3129 4147 3561 4204 antecessoribus

1964 4223 2161 4278 nostris
2188 4225 2269 4279 vel
2300 4226 2606 4296 ignoranter
2635 4228 2714 4282 vel
2759 4230 3076 4302 simpliciter
3115 4250 3220 4291 non
3247 4235 3351 4293 hoc
3376 4240 3563 4295 obser-

1961 4316 2122 4383 vavit,
2147 4333 2164 4367 ι
2186 4315 2340 4373 facile
2361 4319 2679 4389 perSpicitur
2709 4322 2808 4377 ltoe
2829 4324 3009 4378 vitium
3043 4342 3146 4382 non
3178 4338 3305 4383 tunc
3329 4332 3557 4400 primum

1962 4409 2300 4480 Obrepsisse,
2353 4412 2447 4469 sed
2494 4415 2562 4470 ab
2607 4419 2761 4472 annis
2811 4417 3136 4476 inveterasse
3173 4421 3446 4490 pluribus,
3497 4438 3562 4478 ac

1961 4502 2188 4574 proinde
2240 4519 2344 4561 non
2390 4506 2440 4561 in
2492 4507 2754 4580 insignem
2810 4510 3038 4580 aliquam
3088 4513 3410 4578 ecclesiam,
3463 4514 3560 4570 sed

1963 4597 2139 4666 potius
2182 4599 2234 4653 in
2283 4615 2448 4671 pagos
2494 4603 2751 4672 quosdam
2786 4605 3056 4659 inductum
3090 4605 3253 4661 fuisse
3284 4625 3296 4660 :
3323 4624 3469 4675 nam,
3513 4611 3558 4665 si

1963 4687 2088 4757 qttid
2112 4689 2374 4759 ejusmodi
2401 4695 2747 4749 commissum
2775 4693 2964 4750 fuisset
2985 4695 3035 4748 in
3061 4697 3348 4767 majoribus
3370 4700 3561 4756 civita-

1963 4779 2139 4848 tibus,
2175 4783 2282 4839 cito
2311 4797 2398 4840 res
2437 4785 2555 4840 aliis
2599 4786 2836 4842 ecclesiis
2885 4789 3093 4858 cognita
3140 4791 3558 4862 indignationem

1963 4876 2198 4928 omnium
2230 4877 2630 4931 commovisset.
2661 4876 3132 4945 Quare'itnmerito
3159 4882 3479 4942 Pearsonius
3506 4886 3560 4943 id

1964 4967 2032 5023 ab
2086 4971 2456 5038 episcoporum
2489 4969 2985 5042 Cartitaginensium
3028 4975 3206 5048 aliquo
3247 4979 3562 5049 proﬂuxisse

1965 5061 2254 5117 existimat.
2311 5060 2442 5116 illud
2483 5061 2649 5131 enim,
2717 5082 2736 5115 ι
2792 5065 2836 5120 si
2886 5065 3006 5138 quis
3036 5068 3103 5124 de
3131 5073 3562 5129 antecessoribus

1966 5155 2183 5222 nosuis,
2223 5173 2241 5206 ι
2279 5170 2383 5210 non
2416 5157 2584 5227 magis
2635 5155 2700 5212 ad
2748 5157 3000 5230 Cypriani
3047 5178 3205 5233 quam
3255 5165 3320 5219 ad
3361 5165 3563 5222 Ceciiii

1965 5255 2334 5302 antecessores
2363 5247 2595 5304 refertur
2625 5266 2639 5315 ;
2665 5249 2759 5307 sed
2784 5265 2908 5308 cum
2948 5269 3085 5308 unus
3109 5256 3178 5310 sit
3200 5256 3560 5328 episcopatus,

1966 5352 2093 5394 suos
2119 5355 2182 5394 ac
2211 5339 2406 5398 Caecilii
2436 5353 2802 5402 antecessores
2833 5355 2987 5403 vocat
3007 5346 3305 5419 Cyprianus
3334 5367 3426 5408 eos
3472 5356 3564 5425 qui

1967 5430 2165 5487 dudum
2191 5429 2445 5489 Ecclesia:
2473 5427 2813 5504 praefuerant.

2040 5524 2147 5578 Cur
2181 5530 2358 5578 autem
2389 5523 2527 5581 hanc
2543 5527 2822 5597 epistolam
2837 5537 3032 5584 exorta
3061 5529 3416 5602 demptismo
3442 5552 3566 5594 con-

1966 5615 2225 5670 troversia
2269 5614 2519 5685 script-am
2572 5628 2772 5686 putem,
2831 5619 3188 5691 conjecturam
3221 5626 3358 5685 facio
3385 5645 3452 5685 ex
3483 5630 3565 5688 itis

1967 5707 2148 5788 verbis
2179 5726 2190 5762 :
2228 5727 2245 5759 ι
2271 5707 2498 5779 'Et.quia
2521 5710 2628 5780 jam
2659 5713 2926 5769 secundus
2969 5717 3085 5785 ejus
3115 5721 3382 5777 adventus
3409 5724 3564 5781 nubis

1968 5801 2356 5872 appropinquat
2385 5845 2398 5868 ,
2449 5804 2618 5876 magis
2660 5809 2918 5879 ac-magis
2949 5808 3176 5882 benigna
3204 5813 3317 5884 ejus
3346 5825 3400 5871 et
3420 5817 3592 5891 larga

1968 5893 2206 5967 dignatio
2252 5895 2415 5954 corda
2464 5906 2646 5958 nostra
2701 5899 2837 5962 ‘lttcc
2917 5904 3159 5967 veritatis
3206 5905 3487 5972 illuminat.
3530 5927 3563 5980 ι
