4200 6262
617 330 720 390 167

612 447 782 520 lllajus
812 447 1078 520 quidpiam
1106 446 1338 503 indicant
1363 445 1480 506 hrec
1522 446 1715 515 verba,
1743 462 1902 519 quam
1935 458 1994 504 ut
2018 449 2086 504 de
2125 465 2208 504 re-

615 543 715 602 bus
747 545 799 599 in
841 544 939 599 hac
979 544 1203 613 cpistola
1261 544 1598 614 pertractatis
1653 543 2044 616 intelligantur.
2079 545 2214 600 Erat

616 637 758 692 cnim
821 635 1156 707 exploratum
1223 637 1477 694 omnibus
1523 636 1840 693 Christianis
1897 639 2212 710 sanguinem

618 728 816 785 Christi
838 729 891 784 in
917 729 1086 786 calice
1110 745 1232 787 esse
1249 746 1354 786 non
1387 745 1543 801 posse
1597 730 1698 786 nisi
1716 731 1896 786 vinum
1919 732 2212 792 offeratur:

616 830 775 890 atque
820 821 870 874 in
902 821 1002 877 hoc
1026 837 1224 892 genere
1267 823 1515 894 perpauci
1544 823 1856 894 peccabant,
1886 823 2046 894 idque
2068 832 2212 880 metu

618 913 786 982 magis
809 921 863 966 et
908 929 1070 983 pravo
1095 915 1321 985 pudore,
1353 931 1510 985 quant
1540 931 1724 971 errore
1757 916 2034 984 pertinaci.
2066 919 2133 970 At
2162 917 2213 972 in

619 1003 986 1059 controversia
1040 1022 1198 1076 quam
1250 1006 1317 1062 de
1359 1007 1632 1076 Baptismo
1661 1007 1958 1078 Cyprianus
1986 1022 2106 1062 cum
2141 1017 2218 1062 tot

620 1096 864 1152 ecclesiis
917 1096 1120 1164 habuit,
1151 1099 1428 1153 veritatem
1463 1099 1564 1153 sibi
1592 1106 1648 1154 et
1677 1099 1896 1170 collegis
1921 1099 2060 1154 idem
2089 1113 2217 1154 seu-

623 1187 877 1243 tientibus
905 1189 1162 1260 singulari
1194 1191 1456 1246 beneficio
1507 1191 1805 1245 revelatam
1837 1191 2216 1256 contendebat,

624 1294 679 1335 ut
711 1281 1029 1350 prtem-denti
1058 1283 1231 1352 capite
1282 1282 1702 1337 observavimus.
1733 1281 1882 1337 Hanc
1914 1283 2218 1338 uberiorem

630 1375 1065 1443 illustrationcm,
1107 1375 1247 1430 hanc
1275 1376 1558 1447 benignam
1587 1383 1634 1431 et
1667 1377 1864 1447 largam
1896 1375 2095 1431 Christi
2142 1375 2221 1431 di-

630 1470 936 1540 gnationem
951 1470 1358 1540 obitertangere
1373 1468 1650 1524 videturin
1670 1468 1770 1530 hac
1802 1468 2039 1540 Epistola
2071 1485 2219 1524 1.3m.

626 1563 741 1618 lluc
773 1562 981 1619 accedit
1009 1563 1152 1635 quod
1201 1563 1467 1634 objectam
1497 1563 1904 1619 consuetudinis
1930 1564 2220 1619 auctorita-

625 1665 790 1713 tatem
831 1658 882 1712 in
913 1658 1158 1728 epistolis
1182 1657 1250 1713 de
1302 1657 1575 1728 Baptismo
1603 1657 1818 1730 scriptis
1843 1657 2033 1713 eodem
2065 1657 2223 1713 modo

625 1765 688 1808 ac
738 1751 791 1807 in
820 1750 1154 1822 sexagesima
1180 1751 1333 1806 tertia
1363 1749 1580 1807 refellit.

696 1843 846 1900 Hanc
889 1853 1068 1900 tamen
1099 1843 1384 1915 epistolam
1425 1843 1745 1900 Pearsonius
1792 1844 1859 1899 ad
1902 1859 2100 1898 annum
2117 1843 2226 1900 255

627 1937 852 1993 collocat
895 1935 946 1990 in
989 1935 1125 1992 Galli
1153 1946 1210 1993 et
1243 1934 1519 1991 Volusiani
1563 1935 1956 2006 persecutione.
1991 1935 2226 2005 Tempus

630 2033 1014 2107 persecutionis
1031 2033 1356 2102 colligittum
1383 2048 1447 2088 ex
1471 2031 1666 2089 Christi
1710 2031 1968 2088 adventus
2005 2046 2228 2100 exspec-

630 2129 846 2193 tatione,
875 2136 983 2181 tum
1005 2140 1070 2180 ex
1089 2125 1172 2180 his
1191 2125 1365 2180 verbis
1386 2124 1464 2195 (p.
1488 2122 1789 2195 l09):«Nisi
1809 2124 1852 2177 si
1882 2123 1932 2177 in
1951 2121 2228 2178 sacriﬁciis

629 2221 903 2276 matutinis
948 2219 1051 2274 hoc
1097 2218 1218 2288 quis
1248 2226 1482 2283 veretur,
1507 2232 1576 2272 ne
1607 2231 1700 2286 per
1728 2231 1975 2286 saporem
2007 2214 2116 2268 viui
2149 2227 2230 2268 rc-

629 2315 808 2374 doleat
856 2311 1174 2385 sanguinem
1223 2311 1441 2368 Christi.
1475 2310 1563 2366 Sic
1591 2325 1721 2382 ergo
1770 2309 1950 2380 incipit
1975 2319 2027 2364 et
2052 2323 2081 2363 a
2108 2323 2231 2378 pas-

630 2410 784 2465 sione
821 2407 1022 2465 Christi
1071 2407 1124 2462 in
1179 2405 1640 2478 persecutionibus
1692 2403 1998 2459 fraternitas
2059 2412 2230 2458 retar~

630 2491 748 2556 dai‘i
772 2541 790 2567 ,
811 2500 938 2556 dum
992 2499 1044 2554 in
1079 2497 1439 2554 oblationibus
1481 2496 1637 2554 discit
1666 2495 1733 2552 de
1759 2497 2017 2567 sanguine
2042 2495 2157 2566 ejus
2177 2503 2234 2551 et

632 2607 824 2652 cruore
878 2590 1157 2648 confundi.
1197 2610 1218 2644 ι

702 2683 855 2751 Quod
909 2690 1115 2754 Spectat
1156 2682 1224 2737 ad
1271 2681 1468 2737 Christi
1537 2680 1860 2744 adventum,
1921 2695 2026 2737 non
2059 2679 2232 2734 minus

633 2783 818 2848 aperta
863 2783 946 2831 est
995 2774 1139 2829 illius
1205 2773 1554 2845 exspectatio,
1625 2782 1685 2828 ut
1751 2787 1909 2843 supra
1975 2771 2230 2838 diximus,

633 2889 684 2928 c.
729 2871 821 2939 28,
878 2871 930 2926 in
973 2869 1246 2925 nonnullis
1287 2869 1538 2942 Cypriani
1572 2869 1844 2940 operibus,
1872 2883 1991 2939 qure
2022 2868 2073 2921 in
2103 2882 2234 2937 pace

634 2963 830 3033 scripta
856 2975 976 3018 esse
1002 2960 1317 3018 constat.‘ln
1359 2961 1523 3015 allato
1565 2968 1744 3016 autem
1798 2960 2106 3035 testimonio
2129 2975 2232 3015 non

635 3074 756 3114 cum
779 3068 978 3113 metum
1005 3057 1318 3130 Cyprianus
1346 3056 1634 3128 exprobrat
1663 3057 1728 3112 iis
1754 3071 1889 3128 quos
1913 3056 2234 3123 rcfellit,‘ne

635 3153 752 3222 quis
782 3167 848 3206 cx
868 3150 977 3204 vini
1005 3149 1169 3205 odore
1197 3148 1531 3205 Christianus
1557 3163 1679 3204 esse
1711 3157 2022 3219 argueretur
2050 3164 2064 3211 ;
2098 3163 2234 3218 quo-

637 3243 796 3300 modo
833 3243 975 3298 enim
1007 3241 1058 3297 id
1103 3242 1357 3311 suSpicati
1386 3249 1569 3296 essent
1594 3240 1820 3305 ethnici,
1853 3255 1989 3308 quos
2020 3240 2236 3309 penitus

637 3338 839 3394 latebat
859 3337 982 3408 qttid
1004 3340 1056 3392 in
1084 3335 1510 3392 Christianorum
1532 3334 1801 3407 mysteriis
1826 3342 2074 3405 ageretur
2095 3335 2118 3387 ?
2141 3333 2235 3389 sed

637 3447 707 3486 ne
733 3430 839 3484 vini
897 3429 1189 3484 matutinus
1230 3427 1365 3483 odor
1394 3427 1572 3483 mintts
1621 3427 1900 3482 honestam
1941 3436 1992 3482 et
2023 3426 2234 3497 dignam

639 3521 854 3577 homine
893 3521 1072 3576 sobrio
1121 3519 1354 3590 speciem
1397 3519 1638 3576 haberet.
1696 3519 1831 3575 lliuc
1878 3520 2023 3590 pacis
2064 3521 2240 3591 potius

637 3629 795 3684 quam
827 3613 1214 3684 persecutionis
1263 3621 1474 3684 tempus
1526 3612 1726 3672 indicat
1755 3613 2076 3686 Cyprianus,
2109 3613 2238 3669 dum

637 3706 711 3761 ait
740 3722 835 3763 eos
862 3705 928 3764 ad
958 3707 1276 3779 sanguinem
1311 3708 1362 3761 in
1403 3706 1865 3776 persecutionibus
1909 3705 2240 3763 fundendum

639 3800 756 3856 fieri
791 3800 1051 3856 tardiores
1085 3801 1172 3870 qui
1203 3815 1268 3854 ex
1316 3798 1590 3871 sanguinis
1636 3799 1836 3855 Christi
1863 3798 2242 3855 communione

641 3903 752 3950 tam
783 3894 898 3951 leve
933 3895 1327 3951 incommodum
1365 3893 1748 3962 reformidant;
1771 3911 2092 3967 quamquam
2124 3897 2240 3952 ina-

641 4001 764 4041 nem
795 3985 946 4040 illum
977 3996 1176 4042 metum
1208 4003 1312 4042 non
1358 3987 1738 4054 asseverando,
1771 3988 1864 4046 sed
1896 3990 2073 4060 potius
2106 4004 2240 4046 con-

637 4077 876 4148 jiciendo
905 4079 1271 4150 reprehendit.

762 4255 1004 4314 XXXIV.
1031 4288 1102 4300 —
1130 4273 1412 4316 coarsssno
1440 4274 1507 4316 ετ
1533 4274 1841 4316 nmmum
1869 4273 2131 4317 cvrmam.

718 4459 818 4517 Tot
843 4460 1056 4518 eximiis
1073 4459 1325 4534 Cypriani
1354 4461 1421 4519 de
1450 4461 1688 4520 Ecclesia
1721 4464 1946 4530 meritis,
1978 4473 2056 4520 tot
2085 4465 2249 4523 rebus

645 4555 907 4625 prteclare
954 4556 1124 4627 gestis
1172 4555 1303 4610 nihil
1357 4554 1480 4610 addi
1530 4570 1687 4626 posse
1736 4555 2016 4612 videbatur
2054 4567 2248 4628 pra-ter

645 4649 1002 4706 Confessionis
1050 4660 1104 4706 et
1143 4650 1385 4722 martyrii
1430 4649 1662 4706 laudem.
1715 4649 2014 4722 Utrumque
2051 4650 2249 4706 Christi

646 4740 790 4796 dono
841 4751 1160 4797 consecutus
1213 4750 1296 4797 est
1334 4741 1386 4796 in
1427 4741 1800 4812 persecutione
1849 4741 2137 4811 Valeriani,
2159 4743 2250 4813 qui

647 4848 769 4889 cum
794 4819 1128 4890 Christianos
1154 4831 1478 4904 aliquamdiu
1511 4833 1754 4902 privatim
1781 4848 1844 4888 ac
1873 4831 2084 4904 publice
2104 4833 2252 4889 omni

650 4924 978 4980 lnnnanitate
1001 4923 1239 4992 fovisset,
1268 4935 1452 4994 postea
1481 4923 1731 4980 Macriani
1754 4923 1959 4980 artibus
1981 4924 2249 4994 inductus,

657 5035 908 5094 magnum
939 5035 998 5076 se
1022 5020 1305 5092 quemdam
1331 5036 1394 5076 ac
1445 5020 1654 5076 felicem
1708 5021 2085 5091 imperatorem
2140 5021 2253 5078 fore

652 5118 887 5191 speravit
927 5119 972 5173 si
1019 5115 1376 5172 Christianam
1407 5116 1719 5188 religionem
1745 5127 2096 5188 oppugnaret.
2119 5118 2252 5173 Cum

654 5208 962 5281 persecutio
1007 5209 1232 5265 inStaret
1275 5210 1329 5264 in
1353 5208 1555 5276 Africa,
1592 5207 1918 5264 Fortunatus
1946 5209 2251 5280 episcOpus,

668 5303 808 5358 idem
838 5303 976 5359 forte
1017 5303 1106 5374 qui
1151 5305 1202 5357 in
1225 5301 1432 5374 synodo
1455 5299 1860 5371 Carthaginensi
1889 5301 2086 5357 dicitur
2113 5301 2254 5372 epis-

659 5412 873 5468 copusa
901 5395 1223 5463 Tuccabori,
1271 5395 1596 5469 Cyprianum
1625 5394 1829 5466 rogavit
1853 5403 1912 5450 ut
1958 5395 2023 5451 ad
2053 5410 2258 5467 praepa-

657 5497 852 5554 randas
878 5506 934 5553 et
975 5493 1401 5553 corroborandas
1458 5494 1686 5550 fratrum
1724 5501 1934 5548 mentes
1964 5492 2031 5548 de
2059 5493 2256 5548 divinis

652 5594 946 5667 Scripturis
978 5592 1314 5650 hortamenta
1340 5599 1710 5670 componeret.
1759 5589 2018 5644 Libenter
2047 5587 2254 5643 obtem—

654 5688 867 5760 peravit
905 5683 1222 5758 Cyprianus,
1272 5699 1458 5754 parum
1503 5697 1626 5738 esse
1653 5691 1801 5737 ratus
1831 5679 1974 5752 quod
2008 5679 2098 5735 Dei
2129 5679 2248 5750 plc-

654 5780 779 5838 bem
805 5768 1032 5836 classico
1071 5793 1184 5834 sua:
1233 5776 1378 5832 vocis
1396 5775 1645 5846 erigeret,
1695 5774 1797 5829 nisi
1839 5772 2171 5830 credentium
2199 5770 2258 5826 fi-

655 5875 780 5941 dem
839 5885 896 5934 et
941 5875 1172 5932 dicatam
1213 5872 1324 5930 Deo
1369 5871 1726 5942 dovotamque
1767 5871 2022 5928 virtutem
2071 5867 2252 5927 divina

1787 357 1790 360 «
1815 326 1974 389 \‘lTA
2012 325 2259 390 SANCTI
2297 327 2640 390 CYPRIANI.

3818 334 3930 393 168

2318 451 2548 507 lectione
2594 452 2849 506 firmaret.
2897 446 3126 520 Scripsit
3171 447 3347 518 itaque
3388 447 3590 502 librtttn
3621 448 3684 503 de
3715 447 3927 506 Exhere-

2319 546 2510 600 tatione
2541 547 2801 616 martyrii,
2852 553 3019 599 totum
3072 556 3209 612 pcne
3289 558 3353 596 ex
3419 541 3709 612 Scriptura:
3763 547 3916 600 testi-

2319 637 2514 693 moniis
2538 638 2914 708 compositum.
2971 634 3192 690 Frustra
3231 633 3493 689 Baronius
3517 645 3570 689 et
3612 635 3788 691 Fellus
3813 635 3917 691 hoc

2321 745 2454 800 Opus
2506 731 2606 786 sub
2635 729 2790 786 Gallo
2845 728 3150 792 collocant;
3182 736 3497 782 recensetur
3517 727 3658 782 enim
3681 743 3708 780 a
3733 727 3924 783 Pontio

2323 823 2550 878 diacono
2587 829 2706 892 post
2751 820 2919 876 libros
2950 821 3013 874 de
3044 819 3300 873 Patientia
3327 827 3381 873 et
3409 818 3471 872 de
3496 817 3619 872 Zelo
3648 829 3693 872 et
3720 817 3922 886 Livore,

2325 922 2383 968 ttt
2419 913 2668 968 observat
2711 911 3105 968 Tillemontius.
3139 911 3268 966 Cum
3303 920 3480 965 autem
3505 911 3762 982 Cypriani
3791 927 3925 967 con-

2324 1003 2484 1060 fessio
2499 1013 2552 1059 et
2574 1005 2889 1077 martyrium
2911 1003 3075 1073 ipsius
3095 1004 3249 1069 actis,
3263 1019 3384 1073 qua:
3402 1002 3540 1057 infra
3557 1019 3915 1075 apponcmus,

2329 1103 2639 1172 consignata
2690 1102 2818 1168 sint,
2863 1095 2970 1155 non
2999 1111 3165 1155 terant
3223 1109 3432 1170 tempus
3463 1101 3515 1155 in
3545 1100 3732 1156 iisdem
3766 1103 3927 1158 rebus

2324 1195 2662 1261 enarrandis,
2695 1193 2787 1250 sed
2811 1194 2940 1248 satis
2971 1193 3072 1248 erit
3099 1193 3326 1264 scriptas
3349 1193 3399 1247 in
3432 1195 3530 1248 hac
3554 1195 3926 1264 persecutione

2325 1287 2578 1358 epistolas
2610 1286 2847 1342 breviter
2874 1300 3180 1342 recensere.

2396 1380 2526 1436 Cum
2549 1380 2806 1437 edixisset
2835 1381 3151 1436 Valerianus
3202 1397 3270 1437 ne
3311 1381 3599 1438 Christiani
3631 1393 3928 1440 conventus

2329 1484 2552 1543 agerent
2580 1484 2634 1529 et
2676 1474 2987 1529 emmetcria
3019 1473 3445 1544 ingrederentur,
3467 1485 3552 1528 aut
3584 1477 3626 1529 si
3657 1477 3776 1544 quis
3805 1477 3929 1531 huic

2329 1575 2598 1635 prteccpto
2625 1580 2729 1619 non
2760 1574 2990 1636 pareret,
3023 1565 3199 1635 capite
3241 1565 3594 1636 plecteretur,
3625 1566 3931 1639 Cyprianus

2328 1658 2566 1712 omnium
2593 1658 2794 1728 primus
2839 1657 2893 1712 in
2928 1657 3107 1712 Africa
3143 1658 3530 1728 persecutionis
3558 1659 3814 1729 impetttm
3844 1660 3930 1714 vi-

2330 1751 2486 1808 detur
2518 1751 2814 1822 excepisse.
2843 1748 2901 1806 ld
2931 1750 3074 1807 enim
3131 1751 3491 1806 observarunt
3515 1752 3707 1807 eruditi
3741 1753 3834 1807 viri
3864 1769 3930 1808 ex

2333 1845 2418 1898 bis
2454 1843 2631 1898 verbis
2664 1843 2761 1914 Ep.
2817 1858 3037 1911 LXXVIII,
3071 1842 3157 1898 ubi
3194 1842 3515 1915 Cyprianum
3561 1844 3638 1899 sic
3669 1853 3932 1916 martyres

2343 1938 2688 2009 alloquuntur
2719 1953 2732 1990 :
2765 1935 2953 2004 tQuasi
2978 1937 3146 1992 bonus
3177 1946 3231 1992 et
3252 1952 3408 1992 verus
3435 1936 3642 2001 doctor,
3677 1937 3801 2008 quid
3832 1953 3933 1993 nos

2333 2031 2578 2100 discipuli
2630 2031 2796 2086 secuti
2864 2029 3004 2101 apud
3054 2029 3334 2100 prmsidem
3365 2030 3543 2086 dicere
3589 2031 3930 2098 deberemus,

2335 2127 2480 2197 prior
2525 2125 2666 2195 apud
2717 2134 2832 2179 aeta
2886 2123 3222 2194 proconsulis
3275 2123 3756 2194 pronuntiasti;et
3803 2123 3930 2178 tuba

2335 2235 2534 2276 canens
2584 2219 2712 2284 Dei,
2772 2218 2971 2274 milites
3013 2217 3323 2274 cmlestibus
3357 2218 3521 2272 armis
3551 2217 3839 2272 instructos
3866 2216 3931 2272 ad

2335 2310 2736 2384 congressionis
2783 2312 3027 2382 praelium
3070 2311 3371 2376 excitaSti,
3405 2320 3459 2366 et
3507 2311 3556 2364 in
3607 2311 3721 2366 acie
3765 2311 3933 2381 prima

2337 2421 2580 2479 pugnans
2633 2403 2857 2477 Spiritali
2899 2406 3078 2477 gladio
3117 2404 3390 2460 diabolum
3437 2402 3783 2470 interfecisti;
3838 2419 3932 2474 ag-

2337 2501 2484 2555 mina
2541 2513 2752 2570 quoque
2807 2499 3029 2554 fratrum
3060 2497 3184 2552 hinc
3221 2505 3276 2552 et
3303 2495 3427 2550 inde
3464 2494 3639 2550 verbis
3667 2496 3771 2550 tuis
3789 2509 3936 2550 com-

2337 2587 2584 2662 posuisti,
2618 2609 2637 2642 ι
2668 2601 2774 2646 etc.
3365 2583 3372 2590 ’

2407 2686 2685 2742 Christum
2739 2700 2945 2742 summa
2976 2685 3138 2742 animi
3188 2683 3513 2740 firmitudine
3537 2681 3819 2738 confessus
3838 2695 3931 2738 co-

2338 2795 2453 2836 ram
2501 2779 2728 2835 Paterno
2757 2779 3079 2849 proconsule
3134 2780 3294 2836 tertio
3331 2777 3431 2834 cal.
3465 2785 3600 2848 sept.
3634 2790 3776 2830 anno
3800 2774 3931 2840 237,

2339 2873 2489 2929 exsul
2515 2872 2826 2942 deportatur
2873 2872 2925 2927 in
2976 2871 3214 2928 abditum
3272 2881 3327 2926 et
3373 2869 3677 2925 abstrusum
3734 2867 3934 2932 locum,

2339 2967 2428 3036 qui
2478 2964 2706 3022 Curubis
2749 2965 3042 3021 dicebatur.
3077 2963 3371 3020 Comitatus
3403 2972 3484 3018 est
3507 2977 3628 3016 eum
3659 2962 3710 3014 in
3748 2958 3937 3013 exsilio

2343 3058 2564 3114 Pontius
2610 3057 2885 3122 diaconus,
2936 3057 3025 3126 qui
3085 3057 3246 3110 vitam
3276 3054 3440 3124 ipsius
3462 3053 3696 3123 scripsit.
3731 3050 3807 3106 Eo
3835 3064 3934 3103 au-

2345 3160 2448 3205 tem
2503 3150 2589 3204 die
2634 3165 2740 3220 quo
2768 3149 2996 3219 primum
3027 3148 3078 3201 in
3111 3147 3285 3203 exsilii
3314 3147 3432 3201 loco
3458 3153 3790 3208 manserunt,
3821 3157 3938 3198 nio-

2345 3243 2487 3298 nilus
2529 3252 2609 3298 cst
2637 3242 2936 3313 Cyprianus
2978 3241 3182 3296 visione
3212 3249 3470 3296 nocturna
3497 3239 3563 3296 de
3580 3239 3764 3294 futuro
3795 3254 3940 3292 mar-

2345 3341 2514 3412 tyrio;
2541 3340 2634 3396 sed
2681 3339 2983 3411 impetravit
3005 3339 3311 3396 dilationem
3341 3337 3585 3402 crastini,
3614 3346 3670 3390 ut
3700 3349 3786 3390 res
3808 3349 3942 3389 suas

2343 3435 2431 3490 die
2461 3433 2552 3489 illo
2603 3448 2760 3504 quem
2806 3433 3204 3503 impetraverat,
3234 3430 3529 3486 ordinaret.
3561 3428 3756 3484 Verum
3793 3445 3813 3479 ς
3853 3425 3944 3481 hic

2344 3527 2462 3583 dies
2492 3541 2626 3582 unus
2673 3525 3007 3598 significabat
3043 3541 3241 3581 annum
3275 3568 3288 3592 ,
3336 3525 3410 3579 ait
3435 3523 3694 3581 Pontius:
3726 3537 3844 3577 nam
3873 3535 3942 3575 eo

2345 3624 2432 3679 die
2479 3631 2599 3693 post
2647 3631 2892 3677 exactum
2945 3636 3144 3675 annum
3194 3625 3480 3674 coronatus
3535 3624 3638 3684 est,
3680 3630 3786 3685 quo
3836 3613 3940 3669 hoc

2347 3716 2422 3770 illi
2471 3725 2595 3771 ante
2643 3729 2844 3770 annum
2899 3711 3074 3768 fuerat
3117 3720 3414 3768 ostensum.
3455 3728 3474 3762 ι
3527 3707 3607 3763 Eo
3635 3717 3811 3762 autem
3865 3708 3943 3759 fa-

2345 3811 2499 3866 cilius
2519 3809 2597 3865 illi
2620 3809 2780 3866 rebus
2803 3807 3047 3865 ecclesia:
3068 3823 3180 3862 suae
3206 3805 3486 3878 providere
3506 3820 3568 3860 ac
3598 3805 3653 3859 in
3680 3801 3864 3873 primis
3890 3800 3945 3855 in

2347 3900 2693 3958 sublevandis
2729 3900 3052 3972 pauperibus
3099 3913 3258 3954 curas
3284 3897 3613 3968 impendere,
3664 3893 3804 3965 quod
3845 3893 3948 3948 sub

2354 3992 2529 4065 Xysto
2552 4010 2571 4043 ι
2610 3993 2752 4048 bono
2781 4002 2835 4048 et
2880 3991 3102 4062 pacifico
3131 3991 3433 4057 sacerdote,
3467 4008 3485 4042 ι
3513 3997 3569 4044 ιιι
3597 3989 3670 4043 ait
3698 3987 3946 4052 Pontius,

2349 4090 2547 4146 sedatae
2566 4089 2929 4146 dissensiones
2952 4087 3158 4158 magnis
3173 4101 3294 4143 eum
3310 4085 3568 4141 molestiis
3582 4083 3947 4140 exsolverant.

2350 4185 2486 4242 Cum
2516 4183 2818 4257 Cyprianus
2862 4184 2913 4238 in
2960 4183 3155 4238 exsilio
3180 4190 3504 4248 moraretur,
3535 4179 3684 4235 multi
3712 4177 3951 4248 episcopi

2350 4278 2710 4335 constantiam
2748 4275 2867 4345 ejus
2919 4274 3112 4330 imitati
3140 4285 3284 4343 sunt,
3311 4288 3610 4343 eorumque
3639 4269 3948 4340 exemplum

2351 4379 2534 4427 secuta
2563 4367 2840 4439 multiplex
2870 4367 3038 4438 plebis
3083 4367 3258 4438 portio
3311 4364 3557 4422 confessa
3608 4372 3692 4418 est
3746 4363 3950 4432 pariter

2353 4479 2475 4520 cum
2509 4462 2588 4520 eis
2607 4473 2659 4518 et
2688 4461 2886 4533 pariter
2911 4470 3166 4516 coronata
3194 4469 3298 4528 est,
3327 4474 3356 4513 a
3380 4455 3683 4530 prmpositis
3709 4454 3820 4510 suis
3850 4468 3952 4509 nec

2368 4571 2589 4613 carcere
2637 4570 2737 4612 nec
2761 4553 2980 4612 metallo
3006 4561 3270 4624 separata.
3302 4550 3487 4621 Neque
3514 4549 3567 4604 in
3598 4549 3699 4604 hoc
3728 4560 3956 4602 numero

2355 4652 2588 4724 virgines
2613 4661 2668 4706 et
2695 4649 2843 4722 pueri
2876 4648 3176 4704 defuerunt.
3202 4646 3486 4701 Beatorum
3514 4652 3804 4714 martyrum
3829 4655 3956 4710 pars

2356 4751 2632 4811 coronata,
2656 4756 2780 4813 pars
2803 4743 2855 4796 in
2883 4755 3098 4828 carcere
3125 4739 3417 4802 remansit;
3443 4735 3532 4791 alii
3558 4733 3784 4790 metallis
3803 4731 3959 4786 dam-

2363 4837 2472 4893 nati
2499 4845 2642 4902 suut,
2678 4835 2766 4890 ubi
2795 4824 2926 4905 quot
2973 4845 3240 4887 (erumnas
3268 4828 3581 4900 pertulerint
3601 4824 3828 4896 perspici
3857 4838 3960 4893 po—

2359 4941 2464 4988 test
2516 4946 2581 4986 ex
2629 4928 2866 5001 Epistola
2934 4943 3155 4994 Lxxvn,
3185 4939 3342 4996 quam
3398 4922 3465 4978 ad
3491 4936 3584 4978 eos
3609 4919 3822 4990 scripsit
3849 4916 3960 4989 Cy-

2357 5023 2578 5096 prianus
2619 5020 2919 5096 gratulandi
2971 5020 3142 5091 magis
3195 5033 3353 5090 quam
3406 5013 3718 5072 consolandi
3769 5025 3956 5066 causa.

2361 5091 2536 5174 Xincti
2561 5091 2714 5173 erant
2741 5091 2908 5187 pedes
2935 5111 3271 5169 traversariis
3324 5120 3379 5167 et
3401 5107 3780 5180 compedibus;
3807 5104 3959 5159 humi

2355 5211 2605 5283 jacebant
2633 5211 2750 5267 sine
2773 5211 2913 5265 lecto
2937 5225 2952 5273 ;
2986 5207 3138 5278 panis
3167 5206 3390 5276 exiguus
3411 5203 3775 5276 praebebatur;
3793 5198 3962 5253 vestis

2361 5304 2660 5376 algentibus
2688 5302 2893 5366 deerat;
2925 5299 3203 5355 semitonsi
3221 5298 3410 5368 capitis
3435 5295 3657 5366 capillus
3686 5291 3962 5348 horrebat.

2362 5397 2624 5469 Inscripta
2655 5405 2737 5452 est
2779 5395 3006 5466 epistola
3058 5393 3392 5464 coepismpis,
3444 5389 3745 5461 presbyteris
3773 5396 3818 5441 et
3850 5385 3964 5438 dia-

2361 5491 2570 5546 conibus
2619 5498 2666 5544 et
2723 5486 2916 5544 steteris
2961 5487 3228 5559 fratribus.
3303 5484 3474 5542 Simul
3536 5483 3684 5538 misit
3717 5479 3964 5551 pecunia:

2362 5599 2628 5641 summam
2677 5599 2777 5640 suo
2815 5590 2870 5639 et
2913 5581 3121 5650 Quirini
3165 5584 3384 5637 nomine
3425 5593 3524 5649 per
3561 5575 3963 5632 Herennianum

2363 5677 2817 5750 bypodiaconum,
2845 5683 2900 5731 ct
2951 5674 3227 5731 Lucanum
3257 5681 3311 5728 et
3349 5671 3636 5727 Maximum
3669 5678 3724 5725 et
3767 5669 3964 5723 Aman-

2367 5771 2522 5838 tium,
2552 5770 2850 5843 aeolythos.
2879 5767 3092 5825 Gratias
3113 5775 3338 5839 egerunt
3363 5764 3707 5821 confessores
3737 5776 3833 5833 per
3854 5768 3965 5814 tres

2371 5863 2610 5922 diversas
2647 5863 2870 5931 litteras,
2899 5860 3019 5933 quia
3051 5861 3213 5919 variis
3243 5859 3297 5917 in
3327 5857 3460 5917 locis
3486 5856 3823 5915 laborabant.
3857 5853 3962 5910 Ex-
