4172 6264
241 250 352 307 169

234 363 494 423 stamina!
519 362 732 430 Iittcrm,
779 370 1009 435 suntque
1060 364 1202 422 inter
1238 364 1586 438 Cyprianicas
1616 381 1839 432 Lxxvnt,

237 473 376 513 LXXI
389 473 445 517 Χ,
470 473 638 514 LXXX.

322 548 574 622 Cypriani
600 547 836 605 charitas
863 550 1059 607 Africa:
1083 551 1277 608 finibus
1303 568 1407 608 non
1437 552 1842 617 continebatur;

238 641 346 699 sed
372 643 417 699 si
444 641 614 699 codici
641 643 1014 714 antiquissimo
1040 644 1169 700 fides
1198 646 1459 710 habenda,
1494 646 1686 701 lillcris
1712 644 1845 699 lior—

240 744 394 791 tatus
419 745 502 791 est
528 734 663 791 duos
692 736 826 791 alios
852 744 1140 808 martyres,
1170 736 1522 808 Augustinum
1560 746 1615 792 et
1651 736 1848 791 Feliei-

240 839 454 895 tatem,
500 828 591 900 qui
637 828 833 899 Capua:
882 828 936 884 in
979 828 1272 900 Campania
1320 829 1460 899 passi
1506 828 1746 883 feruntur
1796 827 1848 881 in

237 922 438 977 eadem
458 919 725 977 Valeriani
748 921 1143 991 persecutione.
1169 918 1460 991 Utriusque
1480 934 1676 974 nomen
1714 919 1852 989 legi-

242 1025 340 1072 tur
377 1016 432 1070 in
471 1014 704 1086 antiquis
748 1014 1146 1086 martyrologiis
1185 1011 1517 1085 Hieronymo
1544 1014 1849 1084 adscriptis.

241 1110 539 1168 Existimat
589 1108 962 1165 'fillemontius
1007 1107 1368 1179 Cyprianum,
1421 1115 1620 1178 praeter
1662 1108 1856 1163 librmn

242 1207 318 1261 de
337 1204 704 1261 Exhortatione
718 1203 979 1277 Martyrii,
1002 1215 1200 1275 printer
1212 1204 1413 1259 litteras
1427 1203 1495 1257 ad
1508 1202 1614 1259 Con
1620 1207 1852 1275 fessores,

241 1298 398 1355 aliud
442 1298 657 1371 opusin
705 1297 953 1354 eamdem
999 1298 1321 1354 sententiam
1365 1296 1670 1366 scripsisse.
1720 1294 1855 1350 Nam

244 1390 497 1454 Pontius,
543 1398 825 1460 postquam
866 1388 1057 1443 librum
1104 1388 1169 1442 de
1208 1387 1579 1442 Exhortatione
1624 1386 1859 1456 martyrii

252 1482 724 1545 commemoravit,
753 1481 870 1536 haec
896 1479 1074 1536 addit:
1112 1498 1131 1532 ι
1161 1478 1292 1548 Quis
1328 1477 1559 1546 denique
1600 1487 1677 1533 tot
1719 1492 1857 1533 eon-

246 1576 491 1631 fessores
539 1573 791 1629 frontium
843 1581 1143 1628 notatarum
1222 1569 1455 1627 secunda
1508 1569 1863 1639 inscriptione

246 1669 514 1740 signatos,
542 1677 596 1722 et
633 1665 701 1720 ad
740 1664 1043 1735 exemplum
1072 1662 1311 1734 martyrii
1342 1661 1656 1732 superstites
1686 1674 1861 1715 reser-

246 1772 411 1819 vates
434 1802 449 1826 ,
492 1760 763 1817 incentivo
807 1759 947 1814 tubze
986 1757 1222 1814 coelestis
1259 1754 1566 1811 animaret?
1604 1773 1624 1807 ι
1676 1753 1863 1819 Porro,

249 1869 383 1911 cum
419 1852 637 1909 Pontius
665 1851 833 1907 libros
861 1866 891 1905 a
925 1849 1195 1923 Cypriane
1224 1847 1456 1916 scriptos
1492 1844 1598 1900 huc
1623 1844 1745 1899 loco
1776 1858 1864 1899 re-

252 1958 503 2011 censeat.
549 1964 649 2005 nec
695 1947 985 2019 quidquam
1034 1946 1180 2002 dicat
1223 1945 1293 2000 de
1336 1943 1619 2013 epistolis;
1670 1942 1866 1997 librum

252 2046 498 2116 aliquem
525 2043 607 2097 vir
636 2040 877 2098 eruditus
909 2039 993 2095 his
1019 2038 1199 2095 verbis
1227 2037 1449 2093 indicari
1480 2044 1648 2105 putat.

328 2136 467 2193 Cum
507 2134 597 2191 diu
643 2133 876 2191 Curubis
920 2139 1224 2188 moraretur
1263 2127 1582 2201 Cyprianus,
1637 2126 1869 2182 Paterno

257 2230 578 2305 proconsuli
607 2227 868 2284 successit
896 2225 1141 2283 Galerius
1179 2222 1462 2287 Maximus,
1508 2221 1599 2292 qui
1641 2218 1871 2291 Cyprias

258 2340 418 2391 num,
465 2322 532 2379 ab
572 2320 734 2378 exilio
794 2326 1123 2382 revocatum,
1176 2313 1228 2368 in
1262 2311 1434 2369 hortis
1459 2325 1680 2367 manere
1714 2308 1876 2379 jussit

258 2420 389 2475 dum
422 2415 745 2474 sententiam
770 2413 838 2468 de
879 2411 970 2467 illo
996 2411 1182 2467 ferret.
1222 2407 1329 2463 llos
1347 2406 1533 2462 hortos
1574 2403 1874 2476 Cyprianus

258 2514 420 2570 initio
435 2509 803 2569 conversionis
823 2504 1158 2567 vendiderat,
1179 2517 1243 2557 ae
1264 2500 1490 2572 pretium
1527 2497 1877 2554 distribuerat

259 2606 632 2679 pauperibus;
662 2602 755 2659 sed
794 2600 844 2656 ei
889 2599 980 2655 Dei
1011 2594 1340 2667 indulgentia
1384 2593 1661 2648 restitutos
1708 2588 1877 2645 fuisse

258 2699 526 2755 discimus
566 2712 633 2752 ex
681 2694 876 2750 Pontio
916 2690 1164 2746 diacono.
1217 2687 1354 2741 Dum
1395 2695 1579 2741 autem
1631 2681 1878 2740 ecclesiae

261 2807 376 2849 sua:
407 2789 691 2862 prospicit,
721 2799 787 2841 ac
813 2784 955 2839 diem
982 2797 1048 2837 ex
1088 2779 1175 2834 die
1203 2784 1470 2846 expectat,
1518 2786 1577 2829 ut
1617 2773 1881 2845 promisso

266 2885 320 2940 in
355 2884 578 2939 visione
603 2876 862 2949 martyrio
887 2882 1199 2938 coronetur,
1227 2868 1357 2923 varii
1386 2876 1440 2924 et
1468 2866 1657 2922 incerti
1685 2878 1885 2921 sermo-

263 2993 359 3034 nes
412 2975 465 3029 in
523 2972 713 3043 vulgus
760 2965 931 3039 sparsi
1003 2979 1126 3020 eum
1176 2960 1514 3016 adduxerunt
1557 2967 1614 3012 ut
1662 2955 1883 3010 Romam

261 3069 513 3124 mitteret
547 3062 638 3134 qui
678 3069 822 3117 certa
868 3066 924 3114 et
973 3053 1255 3126 explorata
1302 3051 1369 3107 de
1419 3049 1581 3105 rebus
1629 3045 1887 3103 Ecclesize

266 3158 563 3216 referrent.
621 3153 684 3208 lli
734 3151 912 3208 reditu
963 3163 1062 3203 suo
1116 3144 1499 3201 nuntiaverunt
1545 3139 1889 3210 rescripsisse

270 3250 618 3307 Valerianum
661 3245 729 3301 ad
769 3251 1012 3299 senatum
1058 3248 1115 3294 ut
1155 3236 1425 3308 episc0pi_,
1475 3233 1773 3307 presbyteri
1835 3241 1889 3287 et

272 3341 487 3401 diaconi
508 3341 561 3396 in
578 3338 878 3396 continenti
896 3330 1429 3394 animadvertantur;
1457 3336 1738 3383 senatores
1760 3339 1891 3383 vero

274 3446 330 3491 et
358 3435 461 3489 viri
503 3430 704 3504 egregii
747 3438 803 3486 et
845 3426 1053 3499 equites
1090 3422 1322 3490 romani,
1365 3420 1626 3491 dignitate
1664 3419 1887 3484 amissa,

274 3527 446 3584 etiam
487 3523 641 3580 bonis
676 3520 992 3592 spolientur,
1026 3525 1080 3572 et
1122 3517 1187 3582 si,
1222 3513 1487 3584 ademptis
1526 3510 1886 3578 facultatibus,

273 3617 564 3678 Christiani
611 3629 733 3671 esse
774 3608 1257 3685 perseveraverint,
1291 3607 1467 3677 capite
1500 3620 1716 3677 quoque
1753 3602 1893 3659 mul-

273 3718 522 3776 ctentur;
551 3703 1111 3773 matrona-,ademptis
1140 3700 1315 3763 bonis,
1334 3700 1385 3754 in
1415 3698 1632 3754 exilium
1652 3696 1893 3766 relegen-

278 3800 714 3873 ‘ur;Caasariani
740 3801 1062 3873 quicumque
1081 3797 1162 3854 vel
1188 3796 1333 3867 prius
1368 3793 1607 3851 confessi
1657 3792 1889 3859 fuerant,

274 3898 367 3955 vel
396 3911 540 3953 nunc
568 3893 801 3952 confessi
855 3890 1071 3956 fuerint,
1113 3886 1499 3951 eonfiseentur,
1545 3894 1601 3941 et
1646 3884 1807 3940 vincti
1839 3884 1892 3939 in

276 3989 618 4048 Caesarianas
658 3983 1029 4058 possessiones
1068 3980 1326 4050 descripti
1367 3978 1667 4034 mittantur.
1710 3975 1895 4032 Adde-

277 4085 418 4140 bant
458 4081 684 4155 Xystum
749 4079 801 4133 in
837 4075 1152 4134 cwmeterio
1224 4070 1655 4127 animadversum
1709 4079 1898 4125 octavo

280 4177 473 4235 iduum
513 4183 860 4246 augustarum
906 4169 1014 4235 die,
1046 4176 1244 4223 etcum
1274 4179 1341 4223 eo
1361 4166 1610 4221 diacnnes
1638 4172 1895 4237 quatuor;

283 4270 386 4327 sed
416 4280 470 4325 et
515 4264 871 4339 persecutioni
899 4261 1143 4336 quotidie
1174 4260 1457 4333 praefectos
1485 4262 1707 4320 instare,
1753 4268 1811 4314 ut
1848 4259 1894 4314 si

282 4363 380 4434 qui
400 4360 505 4418 sibi
534 4360 698 4416 oblati
727 4358 923 4414 fuerint
959 4355 1479 4417 animadvertantur,
1525 4361 1579 4408 et
1617 4351 1757 4407 bona
1799 4364 1897 4405 co-

281 4469 409 4510 rum
436 4451 568 4508 fisco
585 4448 940 4506 vindicentur.
972 4446 1233 4502 Libenter
1257 4444 1341 4499 his
1366 4444 1434 4500 de
1455 4443 1617 4499 rebus
1640 4442 1899 4498 certiores

282 4545 524 4616 collegas
569 4541 788 4598 fecisset
824 4540 1127 4612 Cyprianus
1157 4580 1171 4605 ,
1223 4537 1318 4593 scd
1360 4551 1466 4592 non
1524 4545 1635 4591 erat
1682 4534 1906 4590 facultas

286 4638 617 4696 clericorum
665 4650 802 4707 quos
872 4634 1308 4689 mitteretznam
1362 4629 1593 4686 universi
1644 4629 1744 4685 sub
1800 4630 1908 4683 ictu

285 4734 482 4805 agonis
531 4730 806 4788 constituti
863 4728 1117 4785 recedere
1167 4727 1387 4782 omnino
1434 4724 1755 4794 Carthagine
1804 4737 1909 4777 non

284 4834 561 4900 poterant,
586 4824 753 4896 parati
795 4838 1005 4886 omnes,
1046 4834 1143 4892 pro
1177 4819 1340 4876 animi
1380 4819 1461 4872 sui
1510 4816 1814 4879 devotione,
1843 4814 1909 4869 ad

288 4918 530 4974 divinam
568 4924 624 4972 et
646 4913 923 4970 caelestem
956 4911 1207 4984 gloriam.
1246 4909 1512 4976 Tandem,
1543 4908 1719 4964 oblata
1750 4920 1909 4962 occa-

289 5012 485 5077 sione,
536 5008 723 5065 scribit
771 5006 837 5061 ad
881 5006 1200 5062 Successum
1243 5003 1585 5074 episcopum,
1617 4998 1913 5069 Epistulam

292 5119 484 5162 Lxxxtt
522 5103 590 5158 de
618 5101 777 5157 rebus
802 5100 969 5155 Roma
1009 5097 1205 5165 allatis,
1233 5109 1466 5167 eumque
1515 5101 1666 5164 rogat
1711 5100 1772 5147 ut
1802 5092 1916 5146 hanc

292 5211 398 5270 per
427 5210 549 5251 eum
577 5192 800 5264 collegis
838 5193 1195 5255 innotescaut,
1226 5199 1284 5244 ut
1319 5186 1520 5258 ubique
1558 5184 1774 5240 hortatu
1819 5198 1916 5239 eo-

292 5305 424 5347 rum
461 5286 628 5360 possit
675 5284 982 5340 fraternitas
1010 5280 1368 5338 eorroborari.
1414 5281 1518 5335 Pro
1545 5292 1612 5334 eo
1639 5275 1783 5348 quod
1813 5273 1918 5328 Va-

294 5382 537 5441 lerianus
558 5378 902 5449 rescripsisse
920 5378 1133 5443 dicitur,
1155 5386 1214 5432 ut
1228 5372 1572 5439 Caesariani,i
1600 5370 1923 5442 quicumque

296 5475 387 5531 vel
438 5474 588 5545 prius
632 5469 866 5527 confessi
911 5468 1144 5533 fuerant,
1174 5467 1257 5522 vel
1288 5481 1430 5522 nunc
1450 5464 1681 5521 confessi
1704 5461 1919 5526 fuerint,

298 5566 665 5626 confiscentur
723 5574 777 5619 et
829 5561 992 5617 vincti
1060 5559 1114 5613 in
1162 5558 1497 5614 Caesarianas
1555 5552 1925 5626 possessiones

299 5658 556 5730 descripti
597 5656 912 5723 mittantur,
960 5672 977 5706 ι
1014 5652 1181 5708 multo
1232 5651 1409 5720 aptius
1461 5649 1565 5721 legi
1602 5655 1782 5719 posset
1816 5662 1835 5697 ‹
1873 5649 1929 5700 ct

299 5750 513 5822 scripti,
553 5768 572 5802 ι
605 5758 660 5804 ιιι
687 5756 773 5804 est
793 5748 846 5804 in
865 5749 986 5803 cod.
1020 5743 1242 5806 Veron.,
1295 5741 1377 5795 vel
1423 5758 1440 5790 ι
1485 5750 1540 5798 et
1585 5735 1870 5815 inscripti,
1904 5752 1926 5785 ι

590 5842 867 5913 Parma.
916 5839 1023 5905 IV.
1070 5836 1132 5907 S.
1165 5836 1362 5901 Cv‘rn.

1498 248 1656 306 VITA
1701 245 1944 307 SANCTI
1982 244 2324 306 CYPRIANI.
2360 246 2361 249 “

3450 242 3552 299 1⁸10

1961 374 2015 419 ιιι
2047 365 2099 419 ἰιι
2130 362 2367 420 Colbcrt.
2396 358 2558 417 2M9...
2584 358 2730 415 Inter
2759 359 3018 431 supplicia
3053 357 3301 417 veniebat
3351 358 3435 415 illa
3469 361 3555 414 in—

1954 458 2134 526 scripti
2187 455 2375 512 frontis
2389 454 2699 524 ignominia,
2723 461 2778 507 ut
2797 463 3022 523 patetex
3052 452 3321 508 hismrbis
3345 452 3553 508 Puiztii:

1965 570 1982 603 ι
2021 550 2149 617 Quis
2193 549 2421 618 denique
2464 554 2540 600 tot
2582 546 2921 600 confessores
2968 543 3217 599 frontium
3257 554 3556 600 notatarum

1955 643 2187 700 secunda
2223 640 2568 712 inscriptione
2585 640 2841 711 signatos,
2869 648 2918 694 et
2947 636 3013 693 ad
3041 635 3338 706 exemplum
3358 646 3563 708 marty-

1957 739 2020 793 rii
2071 736 2387 807 superstites
2445 742 2769 801 rcservatos,
2813 731 3082 788 incentivo
3135 729 3274 785 tuba:
3326 729 3565 785 coelestis

1958 828 2286 884 animaret?)

2032 924 2319 995 Postquam
2342 925 2605 994 perlatum
2630 932 2710 979 est
2739 920 2805 977 ad
2830 919 3159 994 Cyprianum
3189 917 3569 975 frumentarios

1963 1019 2156 1074 missos
2206 1033 2325 1074 esse
2366 1018 2457 1089 qui
2498 1034 2619 1073 eum
2663 1017 2870 1073 Uticam
2920 1016 3299 1087 perducerent,
3342 1013 3569 1069 consilio

1962 1110 2398 1167 charissimorum
2415 1113 2684 1167 consensit
2731 1122 2785 1166 ut
2816 1111 2883 1166 de
2906 1110 3075 1166 hortis
3100 1110 3211 1164 suis
3242 1111 3293 1164 iu
3326 1109 3565 1164 abditum

1964 1202 2196 1272 aliquem
2257 1203 2432 1258 locum
2472 1202 2768 1259 secederet.
2815 1202 2947 1258 Inde
2983 1201 3050 1257 ad
3091 1201 3377 1257 ecclesiam
3417 1216 3573 1257 suam

1966 1293 2179 1362 scripsit
2208 1293 2490 1363 epistolam
2521 1295 2785 1360 ultimam,
2827 1311 2947 1365 quae
2994 1303 3079 1350 est
3132 1309 3359 1357 Lxxxnt,
3406 1309 3575 1365 seque

1970 1382 2109 1439 hanc
2134 1385 2415 1440 secedendi
2445 1401 2661 1442 causam
2700 1386 2950 1442 habuisse
2978 1395 3182 1451 narrat,
3232 1385 3374 1455 quod
3416 1400 3573 1441 com-

1970 1475 2184 1532 mittere
2221 1478 2449 1551 uoluerit
2480 1488 2555 1545 ut,
2599 1480 2652 1534 in
2698 1480 2872 1535 aliena
2903 1481 3113 1536 civitate
3153 1490 3372 1551 accepta
3413 1496 3576 1553 super

1970 1574 2309 1631 confessione
2357 1577 2653 1644 sententia,
2700 1577 2894 1633 exinde
2940 1591 3143 1650 martyr
3186 1578 3252 1634 ad
3288 1580 3570 1634 Dominum

1976 1665 2443 1741 proficisceretur;
2483 1688 2502 1723 ι
2540 1668 2972 1740 quandoquidem
3005 1686 3127 1740 ego,
3164 1671 3352 1740 inquit.
3392 1681 3446 1728 et
3484 1687 3581 1743 pro

1977 1774 2063 1814 me
2111 1770 2164 1815 et
2212 1776 2310 1830 pro
2356 1761 2508 1815 vobis
2546 1760 2685 1830 apud
2716 1775 2809 1814 vos
2850 1760 3114 1826 confiteri,
3158 1770 3214 1816 et
3252 1762 3323 1817 ibi
3366 1763 3495 1832 pati,
3527 1773 3585 1818 et

1975 1850 2171 1905 exinde
2199 1851 2265 1906 ad
2311 1852 2593 1907 Dominum
2632 1852 2916 1921 proficisci,
2938 1853 3271 1907 orationibus
3305 1854 3579 1910 continuis

1975 1940 2256 2014 deprecer,
2299 1956 2347 2001 et
2399 1946 2539 2001 votis
2586 1946 2838 2001 omnibus
2866 1956 3139 2014 exoptem,
3168 1956 3224 2001 ct
3263 1947 3509 2005 debeam.
3559 1970 3577 2001 ι

1978 2032 2236 2091 Hortatur
2268 2048 2321 2092 ut
2357 2039 2592 2109 quietem
2637 2046 2692 2093 et
2736 2036 3176 2107 tranquillitatem
3211 2048 3450 2107 teneant,
3484 2056 3585 2097 nec

1978 2126 2259 2196 quisquam
2294 2128 2578 2184 tumultum
2618 2136 2852 2196 moveat,
2899 2138 2991 2184 aut
3021 2128 3163 2185 ultro
3197 2144 3256 2184 se
3295 2130 3585 2202 gentilibus

1980 2214 2196 2275 offerat.

2051 2317 2184 2373 Cum
2222 2314 2468 2375 rediisset
2502 2313 2882 2385 Carthaginem
2924 2315 3243 2385 proconsul.
3285 2315 3443 2371 rediit
3480 2317 3583 2388 Cy-

1982 2411 2200 2481 prianus
2229 2410 2281 2464 in
2306 2408 2491 2465 hortos
2514 2424 2661 2475 suos,
2693 2407 2997 2464 carnificem
3052 2418 3363 2479 expectans.
3397 2429 3416 2462 ι
3444 2411 3586 2466 Con-

1983 2505 2269 2562 veniebant
2335 2504 2581 2568 interim,
2645 2502 2720 2557 ait
2763 2502 2983 2558 Pontius
3008 2549 3022 2568 ,
3060 2503 3247 2573 plures
3285 2504 3487 2575 egregii
3527 2513 3584 2560 et

1984 2597 2261 2655 clarissimi
2302 2596 2506 2652 ordinis
2536 2606 2589 2650 et
2617 2595 3020 2669 sanguinis,sed
3042 2606 3097 2651 et
3112 2597 3291 2652 saeculi
3310 2597 3591 2653 nobilitate

1986 2692 2268 2763 generosi,
2314 2691 2447 2761 qui,
2495 2699 2715 2760 propter
2778 2691 3066 2745 amicitiam
3116 2690 3233 2761 ejus
3276 2691 3585 2762 antiquam,

1989 2798 2261 2840 secessum
2315 2781 2538 2837 subinde
2602 2781 2929 2847 suaderent;
2972 2791 3048 2847 et,
3105 2797 3173 2837 ne
3214 2797 3402 2851 parum
3448 2791 3595 2838 esset

1992 2875 2133 2931 nuda
2186 2873 2442 2941 suadela,
2498 2874 2657 2929 etiam
2712 2874 2825 2930 loca
2877 2875 2929 2928 in
2988 2890 3106 2943 quae
3142 2874 3423 2930 secederet
3457 2874 3595 2929 olle-

1991 2969 2204 3025 rebant.
2268 2988 2285 3018 ›
2341 2966 2490 3023 Idem
2546 2968 2709 3023 etiam
2757 2968 3054 3023 suadebant
3126 2977 3181 3021 et
3244 2967 3429 3023 fideles
3488 2984 3597 3025 non

1996 3061 2171 3132 pauci.
2201 3059 2313 3116 Non
2350 3061 2649 3116 dubitasset
2687 3060 2968 3116 discedere
3012 3060 3330 3131 Cyprianus,
3374 3062 3421 3116 si
3459 3062 3601 3119 Deus

1988 3153 2275 3224 jussisset,
2327 3164 2384 3209 ut
2432 3153 2687 3209 observat
2728 3152 2867 3208 idem
2924 3153 3169 3209 Pontius.
3216 3153 3366 3210 Tunc
3414 3164 3595 3211 autem

1996 3248 2229 3305 suadelis
2273 3249 2491 3303 minime
2529 3248 2748 3311 annuit;
2794 3246 2886 3301 sed
2930 3246 3192 3303 moriendi
3236 3263 3332 3318 pro
3380 3247 3595 3304 Christo

1996 3342 2243 3413 cupidus,
2276 3342 2410 3397 alios
2447 3341 2606 3395 etiam
2634 3338 2701 3395 ad
2729 3340 3083 3395 constantiam
3118 3340 3315 3395 hortari
3348 3356 3453 3396 non
3491 3341 3591 3397 de«

2000 3436 2229 3492 sinebat.
2260 3434 2498 3489 Tandem
2531 3434 2675 3488 venit
2706 3434 2757 3487 in
2791 3432 2976 3487 hortos
3006 3433 3273 3504 princeps,
3299 3432 3451 3504 jussu
3480 3449 3604 3504 pro-

1998 3529 2256 3597 consulis,
2285 3544 2406 3585 cum
2427 3526 2682 3583 militibus
2709 3525 2840 3592 suis,
2860 3541 2923 3581 ac
2943 3526 3363 3597 comprehensus
3383 3526 3605 3599 Cypria-

2001 3637 2101 3676 nus
2127 3619 2399 3677 Cbristum
2432 3619 2707 3690 postridie,
2748 3618 2800 3672 id
2843 3626 2925 3673 est
2964 3618 3032 3672 14
3075 3618 3416 3689 scptembris,
3457 3635 3601 3675 anno

1998 3714 2126 3778 258,
2172 3714 2449 3768 confessus
2488 3722 2570 3767 est
2611 3722 2664 3766 et
2716 3711 3027 3781 sanguinem
3066 3724 3163 3779 pro
3216 3726 3282 3763 eo
3322 3708 3494 3775 fudit,
3548 3720 3608 3766 ut

2002 3806 2231 3878 perSpici
2261 3813 2436 3875 potest
2460 3820 2530 3860 ex
2563 3804 2681 3872 ejus
2708 3804 2812 3857 vita
2838 3819 2867 3857 a
2899 3801 3090 3857 Pontio
3118 3805 3338 3871 scripta,
3376 3812 3430 3858 et
3461 3804 3609 3863 Actis

2003 3898 2493 3970 proconsularibus,
2537 3896 2626 3951 ubi
2669 3896 2831 3950 varia:
2871 3895 3227 3951 confessionis
3267 3906 3322 3953 et
3362 3899 3611 3971 martyrii

2004 3993 2438 4055 circumsrantizc,
2464 3990 2530 4045 ad
2554 4004 2686 4061 quas
2712 3989 2968 4045 lectorem
2995 3989 3334 4055 dimittimus,
3358 4002 3609 4051 accurate

2005 4084 2399 4141 describuntur.
2448 4081 2736 4153 Utriusque
2783 4083 3119 4138 monumenti
3175 4093 3488 4140 contextum
3538 4101 3611 4141 ex

2006 4178 2147 4232 Actis
2188 4175 2475 4248 Martyrum
2514 4174 2744 4239 sinceris,
2776 4182 2960 4243 utpote
2990 4175 3290 4231 accuratius
3338 4176 3409 4231 ibi
3447 4191 3611 4247 quam

2008 4271 2062 4325 in
2108 4267 2431 4324 editionibus
2480 4266 2729 4338 Cypriani
2778 4267 3138 4339 castigatum,
3191 4282 3311 4322 eum
3344 4266 3614 4320 nonnullis

2008 4361 2305 4417 doctissimi
2333 4359 2553 4416 editoris
2579 4360 2721 4415 notis
2748 4360 3138 4430 excerpsimus.
3171 4358 3345 4414 Unum
3367 4367 3450 4411 est
3470 4357 3616 4424 quod

2014 4456 2264 4528 adjiciam
2289 4456 2354 4511 ad
2378 4455 2590 4512 laudrm
2622 4455 2681 4512 S.
2706 4454 2982 4527 Cypriani,
3018 4467 3199 4509 sacras
3216 4450 3333 4520 ejus
3360 4450 3615 4520 reliquias

2013 4565 2219 4615 summa
2239 4564 2359 4604 cum
2390 4549 2732 4605 veneratione
2760 4548 2811 4602 in
2844 4548 3170 4601 monasterio
3198 4542 3621 4613 Compendicnsi

2015 4657 2042 4695 a
2068 4641 2396 4712 temporibus
2450 4641 2629 4696 Caroli
2659 4639 2805 4694 Calvi
2834 4636 3122 4692 asservari.
3157 4635 3305 4690 Hanc
3344 4637 3486 4691 enim
3519 4637 3616 4693 ba-

2016 4732 2220 4789 silicam
2262 4734 2554 4804 imperator
2602 4731 2692 4786 ille
2737 4731 2789 4784 in
2821 4727 3017 4797 palatio
3075 4742 3171 4781 suo
3220 4729 3500 4799 magnifice
3526 4747 3622 4786 cx-

2018 4825 2203 4890 truxit,
2245 4837 2474 4893 eamque
2518 4817 2939 4887 praeclarissimis
2969 4817 3171 4871 dotavit
3215 4820 3525 4891 privilegiis,
3559 4836 3624 4877 ac

2020 4916 2092 4971 ibi
2119 4930 2315 4987 corpus
2343 4911 2512 4968 sancti
2545 4909 2813 4979 Martyris,
2840 4905 2981 4977 quod
3005 4907 3072 4962 ab
3098 4908 3311 4966 Aarone
3334 4910 3628 4969 Persarum

2020 5015 2364 5088 rege-legatis
2410 5009 2588 5065 Caroli
2631 5007 2803 5078 Magni
2857 5022 3196 5074 concessum,
3230 5026 3293 5064 ac
3320 5010 3537 5066 Arelate
3570 5019 3630 5066 et

2025 5107 2219 5165 deinde
2266 5102 2513 5174 Lugduni
2559 5100 2863 5171 depositum
2913 5099 3104 5164 fuerat,
3159 5100 3319 5156 veluti
3373 5100 3632 5157 eximium

2028 5198 2296 5270 quoddam
2323 5194 2640 5265 pra‘sidium
2670 5208 2732 5248 ac
2758 5203 3131 5249 ornamentum
3160 5191 3414 5248 collocari
3442 5195 3632 5261 voluit,

2031 5303 2087 5349 ut
2132 5288 2249 5345 Ado
2276 5287 2594 5344 Viennensis
2633 5297 2687 5342 et
2715 5286 3014 5342 certissima
3057 5283 3298 5354 ejusdem
3329 5284 3643 5343 monasterii

2034 5382 2391 5436 instrumenta
2424 5386 2706 5433 testantur.

2629 5584 3051 5649 ww
