4222 6288
580 300 680 362 171

578 437 945 497 XXXV.—ne
968 452 1134 497 Lienis
1169 450 1424 495 crrmaao
1452 450 1773 502 ADSCBIP’I‘IS,
1802 455 1864 493 te
1884 454 2083 494 ριιιιιυιί
2112 456 2179 495 ne

654 548 838 591 TBIBUS
863 548 1122 590 EPISTOLIS
1152 548 1182 587 Α
1208 546 2182 587 ΒΑιυῑιογυωΑτιδ.-ιιῐδςεδδιῑιςτυιι

654 644 792 685 LIBRI
843 643 909 681 DE
954 638 1323 689 SPECTACULIS,
1357 640 1423 677 DE
1469 639 1639 680 LAUDE
1680 638 1953 688 l‘IABTthll,
1988 639 2051 677 DE
2084 638 2181 677 BE-

651 733 1001 785 BAPTISMATE,
1030 733 1097 773 ns
1125 731 1411 783 PUDICITIA,
1437 732 1506 772 AD
1534 732 1897 781 NOVATIANL‘M,
1930 731 2052 772 ere.

648 900 731 955 Ad
776 914 837 955 ea
867 914 987 969 quae
1030 898 1098 954 de
1135 896 1388 970 Cypriani
1416 896 1585 967 gestis
1604 904 1659 950 et
1678 892 1894 964 scriptis
1919 890 2179 947 disserui-

578 1008 718 1061 mus,
753 993 1005 1048 nonnulla
1032 992 1283 1048 videntur
1308 988 1639 1062 appiugenda
1676 987 1744 1043 de
1772 985 2054 1054 adscriptis
2098 982 2176 1052 ip-

576 1088 690 1144 sius
736 1086 937 1141 numini
973 1085 1246 1155 operibus,
1278 1083 1343 1137 iis
1381 1081 1678 1152 praesertim
1716 1094 1834 1147 qua:
1890 1092 1984 1131 sua
2034 1088 2181 1128 com-

576 1180 795 1237 mendat
822 1178 1125 1250 antiquitas.
1158 1176 1292 1232 Tres
1312 1174 1567 1245 epistolas
1583 1188 1649 1228 ex
1662 1170 1895 1239 antiquis
1909 1168 2184 1225 codicibus

575 1275 719 1332 eruit
764 1273 1033 1339 Balnzius,
1088 1270 1184 1327 sed
1223 1285 1316 1325 eas
1353 1267 1594 1324 eruditus
1648 1266 1867 1321 criticus
1925 1262 2182 1328 genuinas

575 1382 697 1423 esse
727 1380 830 1420 non
860 1363 1184 1434 pronuntiat.
1217 1361 1556 1431 Prima.qn:e
1580 1369 1663 1414 est
1682 1355 1912 1413 Cornelii
1946 1370 2093 1425 papae
2116 1352 2185 1408 ad

575 1460 901 1533 Cyprianum
926 1457 1184 1513 adversus
1215 1471 1431 1527 pravam
1465 1449 1833 1522 rebaptizandi
1868 1452 2180 1514 novitatem,

575 1568 688 1623 pne
727 1566 788 1607 se
832 1549 936 1605 fert
982 1548 1317 1604 manifestam
1349 1545 1550 1600 fraudis
1577 1556 1631 1600 et
1675 1543 1935 1598 mendacii
1968 1552 2182 1605 notam;

574 1644 772 1714 quippe
805 1657 929 1697 cum
959 1641 1099 1696 hanc
1126 1639 1549 1695 controversiam
1579 1640 1679 1692 sub
1710 1634 1960 1691 Cornelio
2006 1641 2185 1689 natam

577 1751 683 1791 non
714 1734 899 1800 fuisse,
922 1749 985 1788 ac
1013 1748 1276 1788 summam
1302 1746 1517 1801 semper
1544 1733 1957 1785 consensionem
1985 1726 2188 1783 Corne-

584 1830 713 1885 lium
740 1828 877 1881 inter
902 1837 957 1881 et
982 1824 1306 1895 Cyprianum
1336 1823 1704 1878 intercessisse
1730 1829 1960 1875 constet.
1987 1820 2189 1875 Secun-

572 1919 638 1975 da
664 1918 843 1990 prodit
868 1917 969 1972 sub
985 1917 1199 1971 nomine
1219 1917 1475 1986 Cypriani
1496 1914 1561 1969 ad
1583 1915 1790 1981 plebem
1814 1911 2183 1982 Carthaginis;

573 2011 667 2068 sed
695 2019 907 2065 :etatem
937 2007 1190 2080 Cypriani
1220 2023 1323 2061 non
1354 2006 1539 2067 refert,
1580 2004 1724 2059 aliud
1755 2004 1899 2060 enim
1932 2002 2061 2058 nihil
2103 2003 2185 2056 lo-

572 2103 755 2174 quitur
785 2100 887 2156 nisi
916 2102 984 2156 de
1013 2100 1411 2171 Scripturarum
1445 2097 1814 2163 traditoribus,
1863 2107 1918 2152 et
1945 2098 2014 2149 ab
2044 2095 2189 2149 illius

574 2198 718 2270 stylo
762 2197 939 2251 adhuc
983 2196 1194 2264 longius
1216 2204 1420 2249 remota
1451 2203 1552 2248 est.
1600 2191 1835 2247 Tertiam
1887 2189 2188 2261 Cyprianus

569 2293 806 2349 scribere
835 2290 1031 2346 dicitur
1061 2289 1343 2345 benedicto
1368 2300 1421 2343 et
1450 2286 1800 2341 dilectissimo
1830 2283 2038 2354 parenti
2070 2281 2183 2336 Tu-

571 2386 735 2451 rasio,
770 2395 825 2440 ut
867 2384 1009 2439 illius
1049 2382 1286 2438 animum
1338 2381 1528 2436 dolore
1576 2390 1909 2434 conunotum
1953 2377 2021 2432 de
2058 2375 2186 2431 [ilire

576 2478 901 2534 dormitione
936 2474 1267 2531 consoletur.
1328 2473 1592 2529 Nonnulla
1642 2472 1822 2525 insunt
1853 2472 1918 2525 iis
1957 2486 2075 2540 quae
2104 2469 2187 2524 lc-

576 2581 775 2641 guntur
800 2569 854 2624 in
886 2569 1023 2624 libro
1051 2566 1307 2640 Cypriani
1338 2567 1402 2621 de
1434 2564 1745 2620 Mortalitatc
1772 2564 2061 2629 simillima,
2093 2562 2189 2618 sed

574 2662 748 2735 stylns
776 2661 995 2717 omnino
1025 2660 1287 2715 diversus.
1330 2658 1595 2712 Caeterum
1636 2655 1866 2710 monebo
1904 2656 2039 2710 hanc
2079 2655 2189 2726 epi-

576 2755 777 2810 stolam
806 2753 943 2809 inter
969 2767 1131 2820 opera
1163 2751 1472 2822 Hieronymi
1511 2747 1825 2818 jamdudum
1878 2747 2147 2818 vulgatam
2170 2789 2185 2817 ,

573 2842 629 2901 in
664 2846 889 2901 vetustis
931 2853 985 2899 et
1031 2843 1422 2900 recentioribus
1467 2841 1791 2898 editionibus
1828 2841 1928 2898 sub
1974 2840 2191 2896 nomine

573 2937 888 3009 Hieronymi
918 2936 984 2991 ad
1014 2935 1295 3006 Tyrasium
1321 2935 1564 3006 reperiri.

656 3031 771 3086 Non
809 3031 1085 3101 indignum
1118 3045 1251 3100 opus
1293 3031 1561 3102 Cypriano
1593 3029 1731 3086 liber
1755 3030 1818 3084 de
1842 3030 2187 3100 Spectaculis,

581 3124 692 3178 sive
715 3124 1075 3191 eloquentiam
1106 3132 1335 3193 spectes,
1365 3123 1477 3177 sive
1507 3122 1877 3194 evangelicum
1911 3125 2148 3194 vigorem
2176 3141 2190 3178 :

576 3218 744 3272 multa
770 3226 1097 3272 concurrunt
1124 3217 1419 3285 probabilia
1457 3233 1554 3273 cur
1581 3218 1630 3273 ei
1675 3221 1959 3274 tribuatur.
1992 3219 2195 3275 Scribit

582 3310 868 3379 cpiscopus
900 3307 965 3360 ad
992 3308 1274 3363 ecclesiam
1318 3323 1491 3373 suam,
1536 3327 1563 3362 a
1594 3325 1696 3379 qua
1731 3311 1918 3367 aberat
1961 3313 2192 3377 invitus;

580 3399 767 3456 scribit
801 3414 867 3455 eo
914 3407 1155 3468 tempore
1195 3414 1300 3466 quo
1339 3414 1456 3453 mos
1492 3401 1797 3456 deferenda:
1832 3402 2050 3457 domum
2090 3403 2197 3457 Eu-

594 3491 865 3548 charistite
893 3491 1133 3561 vigebat,
1163 3505 1269 3561 quo
1295 3489 1615 3548 Christianis
1647 3495 1877 3551 maxime
1899 3497 2197 3551 Cavendum

594 3593 712 3640 erat
760 3583 830 3639 ab
866 3584 1203 3637 ethnicorum
1247 3583 1503 3639 moribus.
1552 3584 1710 3641 Multa
1761 3605 1827 3643 ex
1865 3586 2199 3645 Tertulliano

584 3676 897 3733 imitatione
917 3689 1195 3746 expressa,
1223 3678 1311 3746 qui
1336 3677 1539 3747 pridem
1573 3680 1758 3735 iisdem
1782 3683 1850 3737 de
1882 3684 2044 3738 rebus
2070 3684 2200 3741 tiar—

591 3769 807 3841 thagine
834 3768 1182 3822 disseruerat.
1219 3768 1330 3822 Nec
1368 3770 1561 3825 mirum
1590 3782 1671 3826 est
1711 3776 1754 3827 si
1797 3775 1847 3827 in
1895 3790 2083 3845 magna
2112 3777 2198 3832 illa

594 3867 744 3931 urbe,
791 3864 877 3919 cui
915 3864 1120 3919 nullum
1166 3864 1351 3920 deerat
1397 3869 1826 3936 spectaculorum
1854 3886 2057 3942 genus,
2088 3890 2203 3929 tua-

588 3958 624 4012 li
676 3958 984 4027 contagium
1034 3960 1178 4028 ipsos
1212 3957 1546 4015 Christianos
1588 3962 1831 4018 tentavit.
1874 3964 1980 4020 Sed
2024 3978 2201 4023 tamen

583 4068 759 4111 causte
800 4069 904 4108 non
934 4054 1182 4109 videntur
1215 4058 1439 4113 subesse
1470 4060 1602 4115 satis
1630 4077 1822 4132 graves
1855 4071 1912 4118 ut
1941 4064 2078 4122 liber
2129 4068 2196 4123 de

593 4149 916 4221 Spectaculis
942 4148 1214 4223 Cypriano
1241 4152 1599 4222 adjudicetur.
1628 4157 1781 4213 Nulla
1829 4160 1969 4216 illius
2002 4168 2203 4220 mentio

601 4244 740 4314 apud
774 4243 1043 4308 Pontium,
1078 4253 1131 4298 et
1156 4248 1399 4315 quamvis
1432 4262 1496 4303 ex
1542 4249 1624 4304 bis
1664 4252 1751 4322 qui
1780 4253 1919 4308 inter
1952 4253 2202 4327 Cypriani

587 4352 751 4407 Opera
782 4335 910 4391 editi
938 4336 1167 4402 luerunt,
1195 4338 1369 4391 nullus
1403 4339 1467 4393 ad
1492 4340 1547 4395 S.
1589 4340 1832 4415 Martyris
1851 4347 2046 4417 stylum
2078 4366 2203 4418 pro-

595 4431 712 4502 pius
762 4428 1016 4494 act-edat,
1075 4430 1215 4483 inest
1270 4439 1446 4486 tamen
1493 4434 1739 4502 quaulam
1790 4436 2204 4510 dis~i.nilitudo,

595 4540 755 4597 quam
784 4537 945 4578 aures
967 4521 1189 4594 legendo
1215 4522 1483 4595 Cypriane
1508 4536 1738 4582 assuetae
1762 4539 1816 4585 et
1854 4533 2098 4587 contritae
2120 4532 2201 4590 la-

593 4618 693 4672 cile
719 4617 1035 4687 percipiant.

668 4715 981 4784 Adscriptus
1026 4722 1108 4767 est
1145 4710 1413 4784 Cypriane
1460 4713 1595 4769 liber
1627 4714 1690 4769 de
1725 4714 1905 4770 Laude
1947 4723 2201 4795 martyrii,

599 4821 757 4879 quem
794 4805 1082 4870 Erasmus,
1119 4806 1356 4874 Dupinns
1385 4816 1438 4860 et
1472 4805 1651 4860 Fellus
1686 4805 1842 4862 otiosi
1877 4808 2204 4871 declamato-

600 4900 677 4955 ris
702 4897 888 4953 betam
916 4912 1038 4952 esse
1064 4896 1262 4967 opinati
1304 4906 1449 4955 sunt.
1486 4902 1552 4953 At
1575 4898 1811 4969 profecto
1840 4905 2044 4974 :equius
2066 4907 2209 4975 judi—

600 4990 829 5046 candum
860 5005 977 5043 erat
1000 4989 1069 5043 de
1096 4990 1293 5043 eximio
1322 5005 1489 5060 opere
1510 4991 1575 5045 ad
1604 4994 1963 5051 cohortandOs
1991 5002 2207 5056 eonl'es-

601 5098 753 5140 sm'es
805 5086 1103 5152 composito
1145 5096 1249 5136 non
1304 5083 1422 5136 sine
1481 5084 1657 5138 vivido
1709 5088 1937 5157 quodam
1993 5096 2207 5161 pietatis

604 5180 819 5244 ardore,
865 5194 1025 5250 quem
1066 5176 1286 5248 frigidus
1340 5180 1621 5234 verborum
1668 5185 1859 5238 artifex
1908 5204 2010 5249 non
2055 5191 2206 5248 facile

603 5274 861 5328 imitetur.
899 5270 1030 5326 Illud
1051 5270 1211 5325 etiam
1244 5272 1609 5341 antiquitatem
1662 5276 1818 5345 bujus
1845 5284 2025 5348 operis
2052 5299 2202 5341 cont-

602 5364 841 5430 mendat,
865 5364 1004 5434 quod
1040 5361 1307 5419 nonnullis
1345 5362 1476 5418 locis
1501 5364 1745 5435 deploret
1783 5381 1970 5426 auctor
1999 5387 2202 5444 pestem

600 5457 923 5513 horrendam
952 5472 1071 5526 qua:
1093 5456 1193 5509 sub
1220 5454 1372 5510 Gallo
1398 5465 1453 5510 et
1486 5456 1774 5513 Volusiano
1813 5476 2048 5533 grassata
2096 5480 2199 5522 est.

597 5549 864 5612 Sed.cum
894 5547 1105 5602 libellus
1127 5548 1410 5616 inscriptus
1430 5549 1499 5603 sit
1527 5549 1691 5623 Moysi
1715 5562 1769 5607 et
1790 5553 2038 5620 Maximo,
2068 5577 2202 5629 qttos

594 5658 738 5698 anno
766 5641 897 5706 251,
927 5641 1187 5711 martyrio
1216 5651 1503 5696 coronatos
1541 5657 1660 5698 esse
1700 5657 1928 5712 constat,
1973 5665 2074 5705 nec
2117 5668 2203 5722 pe-

594 5735 692 5790 stis
717 5746 841 5789 ante
862 5731 1004 5789 Galli
1031 5743 1085 5787 et
1114 5730 1389 5786 Volusiani
1430 5732 1710 5803 imperium
1736 5740 2031 5806 exarserit,
2074 5743 2202 5799 inde

593 5825 795 5894 colligit
818 5825 1000 5881 Fellus
1029 5831 1301 5880 auctorem
1330 5823 1498 5881 libelli
1529 5826 1580 5881 in
1618 5826 1780 5884 rebus
1809 5828 1875 5884 ab
1915 5840 2071 5889 :rtatc
2101 5850 2197 5891 sua

1820 300 1978 359 VITA
2020 298 2267 360 SANCTI
2306 300 2653 361 CYPRIANI.

3808 305 3930 362 172

2289 418 2511 474 remotis
2545 431 2729 487 parum
2756 415 3037 473 commode
3075 416 3316 475 ﬁtixisse.
3368 414 3441 475 At
3468 417 3666 477 nodum
3711 404 3932 474 incidit

2289 511 2555 577 Balozius,
2593 511 2681 580 qui
2716 511 2855 565 hunc
2882 509 3205 576 titulnm,ad
3235 509 3469 581 Moyscm
3492 519 3540 565 et
3581 508 3927 577 Maximum,

2289 607 2343 662 in
2374 609 2595 663 vetu~tis
2620 609 2891 660 codicibus
2918 600 3211 662 desiderari
3243 614 3489 661 testatur.
3516 604 3610 662 His
3635 604 3791 661 adde
3825 605 3932 660 0b-

2289 702 2644 755 servationem
2693 698 3066 768 Tillentonlii,
3120 699 3208 769 qui
3266 713 3334 754 ex
3373 699 3607 770 quodam
3656 697 3935 771 Dionysii

2288 792 2788 862 Alexandriniapud
2820 793 3014 848 Euseb.
3052 791 3165 865 (lib.
3211 808 3304 857 Vll,
3352 808 3403 849 c.
3447 793 3533 867 Η)
3564 792 3632 850 de
3660 792 3933 849 diaconis

2289 902 2438 956 peste
2463 888 2799 958 consumptis
2837 891 3166 951 testimonio.
3194 889 3334 960 quod
3380 889 3447 947 ad
3481 890 3623 947 Decii
3657 900 3937 960 tempora

2290 978 2499 1034 videtur
2522 981 2824 1035 necessario
2856 980 3222 1053 referendum,
3255 985 3394 1040 banc
3433 993 3637 1054 pestem
3661 984 3780 1039 sub
3819 984 3937 1042 hoc

2290 1074 2612 1140 imperatore
2636 1074 2924 1144 incoepisse
2944 1077 3239 1144 concludit,
3265 1079 3511 1149 quamvis
3530 1079 3631 1134 sub
3661 1078 3843 1135 Gallo
3874 1088 3938 1136 et

2290 1166 2582 1223 Volusiano
2620 1169 2957 1239 potissimum
3007 1160 3262 1229 smvierit.
3317 1170 3610 1240 Cancrum,
3637 1174 3754 1229 etsi
3819 1173 3937 1229 hoc

2290 1262 2722 1331 cpnsautiquum
2771 1278 2892 1318 esse
2929 1263 3222 1329 contendo,
3260 1280 3365 1327 non
3404 1275 3579 1321 tamen
3629 1265 3939 1337 Cypriane

2289 1353 2743 1424 adjudicaverim;
2777 1366 2921 1412 tanta
2969 1369 3048 1415 est
3088 1358 3213 1415 huic
3261 1359 3444 1417 libello
3488 1375 3611 1417 cum
3647 1348 3937 1435 Cypriani

2289 1447 2504 1515 scriptis
2529 1448 2650 1520 suyli
2682 1448 3062 1519 discrepantia.

2361 1539 2612 1612 Sequitur
2642 1541 2692 1594 in
2725 1540 2962 1597 editione
2992 1542 3193 1598 Baluzii
3233 1543 3371 1601 liber
3396 1543 3462 1600 de
3494 1544 3932 1616 Rebaptismate,

2290 1631 2403 1685 sive
2431 1632 2692 1688 adversus
2734 1633 3149 1704 rebaptizantes,
3187 1635 3253 1691 de
3282 1652 3389 1708 quo
3419 1638 3629 1692 consuli
3672 1647 3938 1709 possunt

2292 1732 2431 1778 noue
2458 1724 2680 1780 Baluzii.
2706 1723 2851 1796 Opus
2895 1742 2924 1780 a
2968 1729 3239 1784 nonnttllis
3282 1730 3532 1785 tribuitur
3562 1730 3767 1788 Ursino
3801 1746 3935 1787 mo-

2293 1815 2485 1883 nacbo,
2509 1833 2668 1888 quem
2695 1817 3025 1885 Gennadius.
3061 1823 3316 1879 adversus
3344 1840 3440 1883 eos
3483 1824 3574 1896 qui
3604 1824 3940 1895 rebaptiza-

2293 1906 2442 1975 bant,
2484 1910 2685 1965 saaculo
2711 1922 2903 1983 quarto
2948 1914 3229 1984 scripsisse
3271 1924 3516 1971 testatur.
3562 1916 3694 1985 Qum
3728 1916 3934 1975 Ursini

2293 1999 2540 2055 monachi
2570 2002 2709 2056 libro
2729 2006 2995 2069 contineri
3033 2007 3107 2061 ait
3150 2006 3483 2074 Gennadius.
3520 2025 3583 2065 ea
3615 2010 3667 2065 in
3701 2010 3814 2065 hac
3849 2009 3930 2065 de

2292 2092 2676 2161 rebapti~mate
2722 2099 3136 2167 pertractatione
3159 2116 3262 2154 non
3286 2099 3505 2157 diflicile
3540 2113 3624 2157 est
3659 2101 3934 2158 animad-

2294 2194 2535 2254 vertere,
2565 2187 2852 2244 nihileniin
2877 2191 3017 2245 aliud
3045 2195 3154 2263 agit
3180 2204 3366 2248 auctor
3390 2237 3406 2262 ,
3435 2195 3768 2266 quicumque
3803 2207 3939 2251 tan-
4002 2262 4003 2265 η

2293 2278 2414 2332 dem
2448 2279 2534 2334 ille
2561 2281 2651 2345 sit,
2683 2282 2785 2337 nisi
2810 2294 2865 2341 ut
2904 2300 2997 2339 eos
3039 2302 3129 2355 qut
3178 2288 3229 2341 in
3263 2285 3454 2342 b:eresi
3495 2287 3756 2358 baptizati
3802 2293 3939 2343 sunt

2294 2375 2851 2443 nonrebaptizandos,
2884 2377 2977 2433 sed
3009 2378 3076 2434 ad
3122 2379 3392 2436 saniorem
3441 2378 3603 2437 ﬁdem
3634 2382 3939 2441 coriVersis

2294 2483 2485 2522 manus
2517 2469 2869 2538 imponendas
2913 2486 3034 2529 esse
3066 2472 3257 2527 vincat.
3307 2472 3413 2529 Sed
3452 2471 3684 2533 Ursinus
3726 2488 3932 2531 mona-

2294 2557 2429 2613 chus
2457 2559 2624 2615 libelli
2649 2560 2807 2633 hujus
2832 2575 3019 2619 aucmr
3048 2563 3215 2620 videri
3255 2582 3361 2619 non
3403 2574 3599 2636 potest,
3653 2566 3765 2622 nisi
3811 2567 3937 2638 epi-

2306 2669 2500 2725 scopus
2527 2653 2691 2710 fuisse
2725 2657 2879 2711 tertio
2892 2657 3087 2713 saeculo
3114 2657 3339 2712 dicatur.
3368 2658 3695 2730 Episcopum
3721 2675 3784 2715 se
3806 2674 3939 2716 esse

2295 2757 2479 2804 noster
2507 2749 2595 2805 ille
2640 2752 2873 2822 scriptor
2903 2751 3103 2809 diserte
3132 2753 3369 2811 declarat
3399 2771 3414 2809 :
3454 2775 3473 2807 ι
3494 2754 3782 2825 Siquidem
3829 2771 3938 2828 per

2298 2857 2396 2896 nos
2456 2842 2726 2913 Baptistna
2787 2844 3043 2915 tradetur,
3089 2848 3258 2918 inquit
3302 2846 3446 2919 (pag.
3493 2846 3644 2918 560),
3717 2849 3941 2921 integre

2301 2943 2357 2988 et
2407 2934 2719 2992 solemniter
2770 2945 2824 2997 et
2879 2953 2974 3009 per
3021 2940 3199 2995 omnia
3234 2956 3351 3010 quin
3380 2943 3577 3011 scripta
3616 2952 3749 2997 sunt
3777 2942 3939 2999 adsi-

2296 3036 2511 3098 gnetur,
2567 3037 2729 3098 atque
2786 3030 2902 3086 sine
2950 3031 3052 3086 ulla
3084 3032 3244 3088 ullius
3269 3033 3343 3088 rei
3370 3036 3714 3104 separatione
3742 3036 3938 3092 trada-

2301 3128 2420 3187 tur;
2472 3129 2564 3177 aut
2607 3122 2651 3179 si
2691 3136 2719 3175 a
2763 3122 2968 3183 minore
2994 3124 3140 3178 clero
3180 3140 3273 3195 pcr
3318 3128 3697 3185 necessitatem
3742 3127 3938 3185 tradi-

2302 3222 2413 3269 tum
2474 3216 2654 3282 fuerit,
2708 3200 2958 3271 eventum
3004 3230 3372 3287 exiiectenius,
3413 3232 3472 3276 ut
3521 3232 3614 3279 aut
3665 3225 3934 3291 supplea-

2302 3322 2388 3367 tur
2412 3328 2438 3365 a
2466 3312 2640 3377 nobis,
2672 3322 2763 3367 aut
2791 3329 2820 3366 a
2865 3312 3093 3369 Domino
3121 3316 3474 3385 supplendum
3524 3327 3863 3375 reservetur.
3902 3336 3924 3370 ι

2301 3403 2601 3461 Occurrunt
2631 3406 2683 3461 in
2718 3405 2908 3461 eodem
2941 3407 3206 3477 scriptore
3229 3409 3411 3464 saeculi
3443 3410 3583 3466 tertii
3612 3412 3933 3480 perSpieuas

2302 3510 2463 3555 notae.
2497 3499 2589 3555 Sic
2613 3501 2755 3557 enim
2782 3500 2850 3556 de
2890 3510 2999 3557 tota
3037 3503 3123 3558 illa
3169 3507 3533 3562 controversia
3567 3506 3831 3578 loquitur.
3868 3515 3934 3562 ut

2303 3606 2420 3644 eam
2448 3606 2640 3649 recens
2683 3601 2926 3648 exortam
2974 3609 3117 3657 esse,
3159 3607 3214 3650 et
3249 3596 3424 3651 adhuc
3468 3597 3651 3669 vigere
3696 3599 3931 3657 indicet.

2308 3681 2399 3737 Ait
2423 3685 2564 3738 enim
2598 3682 2743 3755 (pag.
2769 3684 2895 3757 554)
2932 3704 2952 3738 ι
2987 3688 3211 3742 monstri
3262 3689 3441 3745 simile
3475 3705 3596 3746 esse
3636 3691 3935 3762 episcopos

2305 3781 2429 3836 talia
2493 3782 2743 3839 scandala
2818 3764 3053 3855 cogitare
3115 3801 3127 3837 :
3183 3806 3203 3839 ι
3262 3788 3594 3858 propositum
3646 3789 3751 3845 sibi
3805 3804 3934 3846 esse

2307 3875 2626 3932 turbulentis
2679 3875 2985 3931 hominibus
3028 3885 3084 3931 ut
3133 3879 3215 3935 vel
3257 3894 3401 3935 nunc
3449 3894 3605 3937 suum
3647 3882 3929 3953 negotium

2306 3980 2463 4037 agere
2520 3968 2777 4036 incipiant
2815 3968 3156 4037 persuadere.
3211 3989 3230 4022 ι
3292 3970 3349 4026 lu
3380 3971 3500 4043 ipso
3551 3973 3646 4029 illo
3684 3975 3811 4031 loco
3833 3971 3932 4046 qui

2307 4075 2337 4115 a
2378 4058 2595 4116 B.tii'Zi0
2635 4059 2904 4130 obiicitur,
2949 4062 3077 4117 utile
3109 4077 3233 4119 esse
3271 4065 3459 4120 statuit
3503 4065 3579 4137 (p.
3610 4066 3746 4140 557)
3788 4085 3810 4120 ι
3846 4075 3930 4124 tot

2309 4167 2570 4206 annorum
2623 4161 2808 4222 totque
2863 4154 3233 4218 ecclesiarum,
3283 4157 3517 4228 itemque
3537 4160 3928 4227 Apostolorum

2309 4253 2363 4299 ct
2405 4246 2776 4315 episcoporum
2821 4250 3122 4305 auctoritati
3152 4264 3271 4304 cum
3296 4249 3437 4305 bona
3477 4252 3684 4309 ratione
3699 4254 3929 4325 adquie-

2310 4352 2462 4393 scere
2482 4381 2495 4403 ,
2532 4354 2653 4393 cum
2680 4340 2747 4393 sit
2772 4341 3064 4396 maximum
3098 4344 3492 4399 incommodum
3525 4352 3686 4413 atque
3705 4345 3931 4416 dispen-

2311 4430 2458 4483 dium
2511 4433 2862 4488 sanctissitnze
2903 4433 3088 4491 matris
3137 4432 3395 4491 Ecclesia:
3441 4435 3703 4493 adversus
3750 4439 3926 4510 prisca

2311 4522 2553 4578 consulta
2603 4535 2722 4594 post
2784 4534 2863 4580 tot
2912 4527 3227 4582 smculorutn
3275 4536 3478 4584 taumm
3528 4535 3727 4586 seriem
3782 4547 3927 4588 nunc

2315 4618 2542 4687 primum
2578 4627 2796 4687 repente
2843 4632 2907 4673 ac
2936 4620 3053 4673 sine
3100 4621 3307 4675 ratione
3348 4620 3648 4693 insurgere.
3685 4645 3706 4678 ι
3733 4623 3924 4696 Colligi

2315 4724 2377 4763 ex
2403 4709 2483 4761 his
2512 4708 2689 4764 verbis
2715 4725 2820 4764 non
2856 4709 3018 4766 debet
3043 4721 3319 4768 auctorem
3367 4714 3570 4769 saeculo
3605 4726 3802 4787 quarto
3846 4716 3925 4770 vi-

2316 4804 2480 4866 xisse,
2506 4801 2600 4859 sed
2631 4805 2995 4857 tantummodo
3012 4805 3209 4863 eumin
3235 4808 3617 4877 exaggerando
3631 4825 3741 4867 non
3768 4809 3923 4864 valde

2318 4898 2559 4954 timidum
2596 4898 2779 4953 luisse.
2804 4897 2960 4963 Nam,
3012 4912 3370 4970 praeterquam
3415 4903 3557 4971 quod
3609 4920 3677 4961 ne
3728 4912 3919 4975 quarto

2314 4992 2529 5065 quidem
2573 4995 2771 5049 sarculo
2797 4995 2915 5053 sine
2950 4997 3181 5052 absurda
3222 5004 3638 5069 exaggeratione
3678 5000 3917 5069 objtcere

2315 5088 2484 5156 potuit
2504 5104 2521 5138 ι
2547 5097 2617 5140 tot
2647 5088 2966 5144 sarculoruni
2986 5099 3185 5145 tantam
3205 5094 3431 5159 seriem,
3445 5114 3464 5144 ι
3480 5105 3627 5149 certe
3644 5092 3917 5163 conceptis

2314 5180 2491 5235 verbis
2521 5179 2763 5235 declarat
2793 5194 2919 5237 tunc
2959 5183 3189 5254 primum
3240 5187 3666 5242 controversiam
3701 5188 3772 5242 de
3818 5187 3916 5240 ba-

2315 5275 2510 5343 ptismo
2562 5274 2936 5332 luereticorum
2985 5280 3289 5347 exarsisse;
3330 5281 3470 5353 quod
3503 5284 3708 5338 smculo
3755 5280 3914 5338 tertio

2312 5369 2529 5437 proprie
2553 5370 2817 5438 congruit.
2841 5369 3146 5437 Quinetiam
3176 5371 3505 5444 Cyprianum
3532 5377 3727 5447 ipsum,
3756 5375 3914 5430 tacito

2313 5462 2552 5525 nomine,
2581 5473 2635 5514 ut
2667 5460 2843 5516 adhuc
2871 5465 3137 5523 viventem
3169 5475 3225 5521 et
3253 5465 3501 5521 diversas
3530 5478 3713 5538 partes
3732 5475 3913 5521 aucto-

2312 5553 2471 5609 ritate
2511 5569 2609 5609 sua
2660 5564 2897 5609 tuentem
2937 5564 3229 5628 Oppugnat.
3260 5557 3458 5613 Statuit
3486 5560 3633 5614 enim
3667 5560 3725 5629 (p
3784 5554 3909 5623 355)

2311 5645 2573 5716 ejusmodi
2621 5651 3004 5705 controversiae
3063 5650 3271 5706 nullum
3315 5650 3479 5707 alium
3513 5667 3635 5710 esse
3670 5651 3891 5709 tinctum

2310 5745 2412 5800 nisi
2443 5756 2500 5801 ut
2529 5761 2667 5803 unus
2703 5748 2888 5816 homo,
2916 5750 3242 5820 quicumque
3274 5750 3363 5805 ilic
3402 5761 3505 5815 eet,
3540 5762 3745 5822 magna:
3784 5758 3906 5815 pru-

2218 5879 2253 5908 _.
2312 5838 2507 5896 dentia:
2537 5849 2593 5896 et
2620 5842 2937 5899 constantia
2965 5856 3088 5901 esse
3123 5839 3267 5912 apud
3282 5841 3551 5913 (postiam
3574 5836 3718 5902 leves
3738 5831 3906 5892 homi-
