4222 6288
261 389 371 443 ὶῗῦ

257 514 365 552 nes
391 499 532 552 inani
561 498 725 568 gloria
776 499 1112 566 praedicetur,
1143 511 1195 556 et
1239 502 1609 557 lucreticornm
1643 512 1861 573 stupore

261 591 540 661 ιπωὰἰιιις,
566 591 760 660 quibus
790 590 889 644 hoc
927 609 1089 646 unmn
1134 594 1382 648 siilatium
1410 604 1512 658 est,
1546 597 1587 650 si
1617 611 1721 650 non
1764 597 1864 650 soli

262 696 492 752 peccare
520 683 817 749 videantur,
841 699 1056 740 errores
1079 697 1131 740 et
1162 689 1284 741 vitia
1311 689 1674 743 universarum
1703 690 1866 745 cccle-

262 776 464 829 siarutn
509 777 810 829 correxisse
847 777 987 845 apud
1028 781 1330 835 simillimos
1375 783 1454 836 Sui
1483 793 1538 836 et
1587 798 1868 852 compares

262 870 583 925 celebretur.
613 871 742 938 Quis
781 869 1050 942 Cypriani)
1084 884 1188 925 tam
1220 873 1450 940 indignis
1485 875 1656 929 modis
1678 876 1867 928 convi-

263 965 437 1019 ciatns
466 964 674 1030 fuisset,
709 977 986 1035 ρ‹››ι‹ιιιίιιιι
1021 966 1283 1019 maculam
1314 967 1532 1027 erroris,
1576 981 1734 1035 qut-nt
1763 981 1867 1018 non

264 1057 383 1111 sine
411 1073 618 1111 smnma
661 1057 823 1111 animi
859 1058 1225 1112 moderatione
1260 1058 1310 1111 iit
1347 1075 1402 1110 re
1433 1060 1666 1112 nomium
1693 1058 1872 1113 docisa

265 1150 607 1215 defenderat,
634 1151 890 1221 martyrio
933 1151 1204 1214 abstersit,
1240 1150 1462 1219 ejusque
1502 1151 1749 1215 nominis,
1787 1166 1871 1205 res

262 1247 522 1315 frigeran
542 1246 902 1300 contentionis
939 1256 1093 1313 testu,
1134 1263 1342 1303 sumuta
1381 1249 1584 1302 exstitit
1617 1249 1668 1302 in
1701 1252 1874 1304 omni-

261 1341 366 1396 bus
392 1341 637 1394 ecclesiis
665 1341 950 1395 celebritas
972 1341 994 1394 ?

339 1433 683 1488 Existimavit
709 1433 976 1488 Pamelius
997 1433 1193 1487 librum
1224 1433 1286 1486 de
1314 1433 1575 1487 Pudicitia
1604 1450 1628 1486 a
1653 1435 1876 1505 Cypria-

261 1541 335 1580 no
366 1528 416 1579 in
458 1541 676 1581 secessu
700 1527 958 1595 scriptum
988 1541 1141 1589 esse,
1169 1540 1268 1580 nec
1297 1542 1428 1580 sane
1461 1527 1707 1595 indiguus
1729 1528 1876 1581 vide-

264 1626 353 1672 tur
378 1627 569 1671 sancto
592 1617 843 1688 Martyre,
893 1617 1028 1672 adeo
1075 1618 1300 1686 insignis
1327 1631 1405 1672 ρει
1442 1620 1652 1688 pietatis
1702 1621 1873 1683 notis;

261 1719 316 1764 et
339 1710 409 1764 ab
439 1713 692 1780 episcopo
716 1713 942 1766 absente
968 1710 1034 1764 ab
1060 1710 1287 1764 ecclesia
1318 1727 1412 1764 sua
1468 1714 1731 1780 scriptum
1757 1727 1878 1766 esse

269 1813 504 1857 ciuislat.
540 1802 642 1858 Sed
672 1802 737 1856 ad
769 1803 891 1874 styli
928 1801 1417 1858 dissimilitudinem
1469 1803 1672 1856 accedit
1708 1802 1880 1856 Potitii

260 1895 562 1958 silentium,
596 1895 684 1965 qui
713 1910 773 1950 ea
800 1896 1031 1949 maxime
1059 1909 1485 1950 commemorare
1536 1895 1720 1949 debuit
1760 1910 1880 1964 qua:

260 1986 317 2038 iu
368 1999 587 2040 secessu
635 1986 832 2052 scripta
889 1985 1118 2039 fuerant.
1169 1985 1522 2054 Perantiquus
1554 1997 1634 2040 est
1666 1996 1876 2052 auctor,

262 2077 586 2146 quicumque
626 2077 840 2131 tandem
887 2077 974 2131 ille
1014 2078 1120 2142 sit,
1157 2089 1209 2131 et
1244 2075 1702 2146 persecittionibus
1746 2094 1882 2132 non-

261 2177 390 2231 dum
422 2177 620 2231 sedatis
647 2176 936 2231 scribebat.
978 2196 996 2227 ‹
1027 2175 1343 2246 Virginitas,
1397 2176 1566 2246 inquit
1615 2176 1756 2248 (pag.
1802 2174 1879 2245 4),
1921 2180 1923 2183 ’

264 2276 700 2343 persecutionem
747 2289 850 2329 non
927 2281 1101 2343 potest
1174 2274 1384 2339 timere,
1450 2275 1574 2329 dum
1622 2275 1765 2329 illaut
1815 2275 1884 2329 de

260 2368 553 2422 securitate
603 2377 775 2437 potest
823 2381 1137 2437 provocare.
1208 2388 1226 2418 ι
1261 2368 1488 2437 (Ionjicit
1521 2379 1695 2423 tamen
1722 2369 1882 2424 ’l‘ille-

264 2463 505 2515 ntuntius
531 2462 643 2514 lucc
682 2461 749 2515 de
793 2460 1257 2530 persecutiouibus
1302 2459 1690 2514 Wandalorum
1727 2461 1883 2515 intel-

263 2554 353 2623 ligi
391 2569 586 2621 posse;
621 2563 780 2622 atque
807 2569 870 2607 ex
898 2553 1169 2621 prteclaris
1201 2553 1267 2607 de
1291 2550 1496 2606 Christi
1525 2556 1696 2622 gratia
1727 2554 1883 2606 testi-

263 2649 468 2702 moniis
498 2647 800 2716 suspicatur
853 2646 994 2699 hunc
1033 2647 1351 2715 scriptorem
1377 2645 1675 2715 Augustino
1708 2655 1887 2714 poste—

262 2741 466 2794 riurem
501 2755 644 2794 esse.
686 2739 792 2792 Sed
844 2740 1019 2791 minus
1070 2737 1360 2806 probabilis
1388 2737 1502 2791 lucc
1549 2738 1881 2807 conjectura,

263 2851 385 2890 cum
415 2835 561 2904 apud
593 2834 919 2904 Cypriauttm
947 2835 1119 2900 ipsum
1153 2833 1318 2885 multo
1345 2833 1491 2900 plura
1516 2875 1529 2897 ,
1561 2845 1719 2902 atque
1746 2832 1888 2886 haud

264 2933 374 2984 scio
403 2945 478 2981 an
511 2927 867 2996 expressiora,
898 2933 1180 2980 occurrant
1207 2925 1466 2992 ejusmodi
1497 2927 1819 2980 testimonia.

332 3023 567 3074 Constat
617 3030 890 3074 auctorem
946 3019 1066 3072 libri
1115 3020 1182 3072 ad
1228 3018 1574 3074 Novatiunum
1625 3021 1887 3090 :equalem

268 3130 393 3168 esse
429 3111 689 3184 Cypriani
716 3155 729 3174 ,
784 3127 881 3166 nec
911 3112 1128 3166 dubium
1159 3129 1276 3168 esse
1310 3123 1483 3184 potest
1513 3117 1637 3184 quin
1670 3117 1720 3169 in
1756 3117 1891 3185 paci-

266 3205 384 3259 iicis
420 3213 470 3257 et
501 3202 758 3256 Ecclesiae
791 3203 1097 3257 faventibus
1123 3204 1393 3259 Valeriani
1427 3203 1732 3274 primordiis
1755 3208 1892 3260 scri-

269 3299 461 3367 pserit.
511 3297 678 3353 Unam
721 3298 862 3351 enim
917 3307 1122 3352 tantum
1167 3311 1594 3367 persecutionem
1643 3311 1890 3353 nnnwrat

270 3406 398 3462 poSL
429 3407 547 3444 eam
572 3406 689 3460 qua:
721 3391 821 3444 sub
854 3390 1018 3445 Decio
1051 3393 1241 3454 smviit,
1279 3405 1331 3444 et
1367 3407 1461 3445 eos
1493 3392 1580 3461 qui
1623 3392 1674 3445 in
1717 3394 1885 3461 prima

264 3484 601 3548 ceciderunt,
628 3485 676 3536 in
711 3484 940 3537 secunda
967 3485 1196 3539 victores
1233 3483 1396 3538 fuisse
1427 3484 1554 3538 dicit
1596 3485 1734 3556 (pag.
1777 3486 1885 3553 ll).

268 3576 498 3630 Videtur
523 3578 685 3630 etiam
718 3574 999 3644 Africanus
1029 3575 1192 3630 fuisse
1217 3617 1229 3641 ,
1266 3587 1376 3630 tum
1400 3578 1520 3645 quia
1549 3577 1627 3630 sic
1677 3577 1803 3630 ludit
1837 3579 1888 3631 in

265 3671 590 3727 Felicissimi
619 3673 853 3735 nomine,
896 3671 984 3741 qui
1017 3672 1103 3724 vix
1141 3680 1296 3724 notus
1319 3683 1470 3725 evtra
1494 3669 1726 3725 Afrieam
1756 3672 1884 3725 fuit:

273 3784 289 3816 ι
311 3766 455 3833 Quid
473 3765 537 3819 ad
556 3767 653 3819 ista
678 3766 1041 3835 respondeant
1065 3765 1461 3835 perversissitni
1487 3767 1568 3819 isti
1586 3765 1886 3829 Novatiani,

267 3860 354 3913 vel
382 3874 524 3913 nunc
564 3859 909 3913 infelicissimi
961 3860 1111 3928 pauci
1157 3860 1231 3927 (p.
1270 3858 1363 3924 9)?
1401 3878 1418 3910 ι
1473 3868 1581 3911 tum
1618 3859 1761 3928 quia,
1802 3874 1889 3912 so-

268 3952 379 4006 lam
412 3951 707 4006 Ecclesiam
735 3951 940 4008 caelesti
971 3950 1175 4004 ratione
1209 3950 1476 4020 baptizare
1517 3935 1887 4018 pronuntians,

268 4047 646 4098 haereticorum
679 4043 940 4113 baptisma
971 4060 1075 4096 non
1119 4043 1347 4098 obscure
1389 4042 1560 4111 rejicit
1596 4049 1736 4112 (pag.
1779 4042 1885 4111 10).

265 4137 396 4191 Sola
425 4137 547 4206 styli
571 4134 948 4190 dissimilitudo
981 4135 1375 4190 Tillen‘tontium
1405 4135 1663 4188 deterruit
1684 4135 1891 4204 quomi-

267 4246 372 4284 nus
407 4231 508 4285 hoc
533 4245 669 4298 Opus
695 4230 962 4301 Cypriane
993 4229 1270 4284 tribueret.
1311 4227 1412 4282 Sed
1447 4238 1643 4287 tamen.
1698 4236 1892 4295 printer

268 4322 410 4376 hanc
435 4325 717 4388 rationem,
743 4323 848 4376 alia
887 4323 1096 4376 videtur
1125 4321 1302 4376 afferri
1338 4335 1494 4390 posse
1522 4338 1532 4372 :
1563 4335 1682 4373 nam
1711 4320 1892 4375 decla-

266 4425 352 4471 rat
373 4425 558 4469 auctor
585 4417 741 4484 hujus
767 4417 883 4470 libri
918 4417 969 4469 in
1007 4416 1120 4485 ipso
1142 4416 1362 4468 exordio
1385 4456 1397 4478 ,
1437 4431 1454 4465 ι
1476 4414 1728 4481 cogitanti
1761 4414 1889 4483 (sibi

266 4512 345 4584 et)
378 4515 779 4569 intolerabiliter
807 4516 988 4567 animo
1019 4516 1263 4567 aestuanti
1301 4513 1552 4583 quidnam
1593 4529 1748 4583 agere
1772 4514 1892 4585 (de-

267 4609 451 4678 beret)
504 4608 569 4661 de
625 4607 942 4660 miserandis
998 4606 1246 4660 fratribus
1304 4606 1391 4675 qui
1433 4607 1735 4671 vulnerati,
1783 4623 1886 4660 non

267 4706 489 4776 propria
543 4705 813 4759 voluntate
859 4702 950 4757 sed
1007 4703 1200 4756 diaboli
1234 4702 1500 4757 smvientis
1553 4705 1884 4771 irruptione,

265 4797 449 4852 adhuc
499 4813 665 4866 usque
692 4840 704 4860 ,
749 4796 850 4850 hoc
901 4805 1020 4860 est,
1080 4810 1172 4864 per
1210 4795 1420 4865 longam
1463 4807 1759 4856 temporum
1799 4813 1886 4852 se-

273 4893 414 4946 riem
473 4902 689 4962 agentes
746 4906 930 4959 pinnas
961 4889 1170 4954 darent,
1232 4906 1296 4943 ex
1323 4889 1550 4943 adverso
1587 4910 1602 4940 ι
1640 4900 1883 4946 exiirtnm

273 5002 400 5040 esse
422 4986 581 5038 alium
616 4988 822 5038 hostem
853 4992 906 5038 ct
935 4983 1100 5052 ipsius
1133 4991 1367 5051 paterna:
1392 4983 1603 5051 pietatis
1634 4983 1884 5038 adversa-

269 5086 415 5136 rium
450 5081 756 5134 lia-relicum
786 5078 1164 5134 Novatianuin.
1201 5078 1290 5131 llis
1331 5085 1511 5131 autem
1539 5077 1717 5131 verbis
1749 5077 1884 5131 indi-

267 5183 358 5228 cat
386 5174 694 5241 episcopum
725 5188 784 5227 se
815 5186 953 5233 esse,
990 5186 1050 5224 ac
1090 5170 1492 5239 prrhtnnaniter
1544 5170 1705 5239 lapsis
1745 5169 1883 5239 jam-

270 5265 479 5320 dudum
514 5265 884 5334 ptrnitentiam
913 5265 1192 5334 agentibus
1220 5264 1588 5318 consulentem
1613 5304 1625 5326 ,
1660 5265 1884 5320 moleste

269 5358 422 5413 ferre
450 5357 587 5425 quod
628 5373 739 5410 sua:
765 5357 968 5412 lenitati
1014 5355 1383 5410 adversarium
1437 5354 1622 5407 habeat
1665 5354 1882 5410 lia-reti-

268 5465 394 5506 cum
437 5449 808 5503 Novatiantnn.
856 5448 990 5502 llinc
1021 5447 1178 5500 etiam
1221 5447 1376 5510 infra,
1413 5457 1689 5517 postquam
1723 5447 1788 5501 de
1818 5448 1884 5503 iis

269 5545 486 5597 locutus
515 5551 595 5595 est.
627 5542 713 5611 qui
751 5541 958 5610 (prima
1009 5539 1144 5602 acie,
1206 5540 1254 5592 id
1309 5547 1390 5592 est
1441 5539 1664 5592 Deciana
1697 5554 1881 5607 perse-

267 5639 489 5694 cutione
526 5637 785 5691 vulnerati
813 5679 825 5701 ,
881 5643 1096 5704 postea,
1158 5633 1205 5686 id
1247 5641 1329 5686 est
1367 5634 1603 5688 secundo
1649 5635 1828 5703 pl'tnlll)
1858 5654 1877 5686 ›

274 5732 542 5796 vicerant,
567 5730 717 5785 addit
748 5739 936 5784 eorum
984 5747 999 5777 ε
1027 5741 1203 5796 pares,
1239 5725 1339 5778 hoc
1376 5737 1457 5778 est
1485 5727 1536 5778 in
1568 5726 1755 5779 eodem
1780 5730 1883 5780 cri-

272 5825 421 5879 mine
491 5826 668 5894 lapsus
728 5823 807 5876 sui
876 5819 1050 5875 adhuc
1096 5832 1263 5882 usque
1309 5818 1624 5872 conStitutos
1672 5832 1771 5872 nec
1817 5817 1883 5872 ad

1491 388 1648 444 VI'l‘A
1690 385 1936 446 SANCTl
1975 385 2317 447 CYPRIANI.

3470 397 3574 452 lii.

1975 504 2216 559 Nondum
2265 521 2394 576 ergo
2419 517 2605 561 auctor
2638 508 2794 578 hujus
2824 509 3002 576 Operis
3025 524 3205 577 pacem
3235 523 3576 566 conoesserat

1973 597 2058 650 his
2085 599 2172 667 qui
2205 598 2303 652 sub
2345 600 2502 652 Decio
2552 601 2679 670 lapsi
2742 602 2967 656 fuerant.
3020 601 3134 655 Non
3178 604 3318 656 enim
3350 604 3414 657 de
3455 605 3574 657 aliis

1976 690 2240 758 loquitur;
2273 706 2426 758 pares
2465 691 2582 745 illos
2630 702 2783 745 vocat
2812 709 2996 746 eorum
3029 695 3115 762 qui
3150 697 3322 762 primo
3350 697 3399 746 itt
3436 710 3576 761 pra:-

1976 779 2047 833 lio
2099 781 2243 846 victi,
2275 782 2326 834 in
2370 782 2606 836 secmula
2648 783 2879 838 victores
2935 784 3172 846 fuerant;
3207 786 3279 837 ait
3319 800 3412 838 eos
3459 794 3580 854 post

1978 872 2187 941 iOllgltlll
2244 884 2541 942 tempormn
2589 877 2780 930 seriem
2835 887 3053 945 agentes
3101 893 3286 947 poenas
3329 877 3480 936 (late.
3527 889 3585 932 et;

1979 964 2151 1018 adhuc
2193 982 2357 1035 usque
2407 967 2725 1022 constitutos
2765 970 2815 1022 in
2853 969 3042 1023 eodem
3100 970 3324 1023 crimine
3377 971 3580 1035 lapsus,

1981 1057 2118 1124 quod
2149 1058 2236 1111 alii
2263 1060 2520 1128 martyrio
2551 1059 2915 1128 expiaverant.
2935 1063 3000 1112 At
3023 1061 3321 1129 Cyprianus
3347 1061 3588 1114 instante

1982 1147 2119 1202 Galli
2155 1161 2207 1207 et.
2251 1149 2523 1204 Volusiani
2568 1152 2942 1219 persecutione
2979 1152 3180 1220 lapsos,
3210 1153 3296 1220 qui
3343 1167 3372 1206 a
3415 1153 3589 1221 primo

1985 1238 2166 1308 lapsus
2193 1242 2278 1294 die
2317 1241 2686 1309 paenitentiam
2727 1252 2976 1312 egerant,
3009 1243 3059 1296 in
3095 1243 3430 1298 Dominicum
3461 1260 3589 1314 gre-

1984 1345 2104 1398 gem
2128 1332 2421 1400 collegerat
2448 1376 2462 1398 ,
2498 1350 2559 1388 ac
2586 1336 2665 1389 eis
2691 1337 3002 1406 sanguinem
3033 1336 3227 1390 Christi
3256 1337 3498 1404 dederat,
3535 1348 3594 1393 ut

1986 1426 2108 1478 illos
2135 1425 2203 1479 ad
2233 1442 2388 1480 suum
2417 1444 2512 1496 pro
2551 1429 2768 1483 Christo
2801 1429 3128 1484 fundendum
3152 1441 3406 1485 armaret.

2061 1517 2388 1574 Novati-tuus
2418 1519 2519 1575 hoc
2549 1522 2602 1574 itt
2632 1522 2767 1576 libro
2790 1522 2866 1594 (p.
2907 1523 2996 1594 lii)
3021 1524 3215 1578 dicitur
3244 1525 3472 1580 aliorum
3499 1527 3596 1581 de-

1989 1610 2134 1672 licta,
2168 1610 2295 1664 dum
2330 1613 2380 1664 in
2411 1612 2648 1666 Ecclesia
2689 1624 2852 1679 esset,
2889 1625 2945 1669 ut
2977 1618 3185 1685 propria
3219 1616 3452 1673 flevisse.
3489 1618 3597 1672 Sed

1991 1706 2183 1758 mirum
2227 1715 2308 1760 est
2360 1707 2499 1761 ttttde
2535 1708 2672 1761 hanc
2708 1709 2810 1762 sibi
2849 1711 3192 1765 humanitatis
3218 1722 3272 1765 et
3308 1713 3597 1780 diligentiae

1991 1798 2044 1850 in
2079 1798 2240 1866 lapsis
2267 1799 2518 1852 curandis
2547 1799 2756 1855 laudem
2795 1804 3208 1869 comparaverit.
3254 1802 3474 1857 Videtur
3507 1820 3597 1858 re-

1992 1904 2228 1960 pugnare
2277 1890 2510 1946 Cornelii
2559 1893 2936 1958 testimonium,
3001 1894 3090 1962 qui
3132 1892 3484 1948 Novatiannm
3543 1896 3599 1950 in

1994 1986 2367 2052 persecutione
2398 1985 2538 2039 Decii
2573 1985 2824 2041 fratribus
2849 1987 3050 2041 auxilio
3082 1989 3442 2058 indigentibus
3469 2005 3597 2044 suc-

1991 2092 2210 2131 currere
2237 2078 2708 2133 noluissetestatur
2740 2079 2877 2151 apud
2925 2080 3123 2135 Euseb.
3167 2080 3284 2152 (lib.
3312 2099 3384 2146 vt.
3404 2101 3452 2136 c.
3477 2083 3598 2153 45).

1994 2174 2098 2229 Sed
2141 2175 2279 2230 forte
2317 2177 2432 2230 hate
2476 2177 2818 2232 humanitatis
2861 2179 3184 2232 existimatio
3233 2181 3298 2233 ad
3349 2179 3602 2233 Not-alia-

1997 2289 2123 2326 num
2158 2275 2398 2339 pervenit
2427 2290 2490 2328 ex
2525 2275 2942 2344 praeclarissimis
2964 2274 3101 2330 Cleri
3130 2275 3355 2330 Romani
3389 2277 3598 2341 litteris,

1998 2367 2136 2421 inter
2182 2365 2528 2438 Cyprianicas
2585 2384 2753 2432 χχχι,
2802 2384 2920 2438 qua:
2972 2387 2998 2420 a
3040 2368 3334 2423 Novatiano
3389 2370 3604 2438 scripta:

1997 2459 2050 2512 in
2105 2468 2272 2513 totum
2327 2461 2511 2515 orbem
2573 2461 2751 2515 missae
2803 2461 3047 2528 fuerunt,
3113 2472 3246 2518 teste
3295 2464 3599 2533 Cypriane,

2000 2554 2170 2624 Epist.
2222 2573 2311 2610 ιιι.

2072 2645 2292 2702 Librum
2353 2654 2414 2701 (le
2458 2650 2776 2705 Alealoribus
2827 2667 2933 2705 non
2986 2666 3107 2706 esse
3159 2650 3406 2721 Cypriani
3466 2651 3606 2704 inter

1998 2755 2184 2795 omnes
2213 2743 2484 2796 coavcnil.
2521 2744 2711 2810 Liquet
2740 2760 2802 2797 ex
2841 2744 2992 2798 initio
3020 2743 3206 2799 foetum
3234 2759 3352 2798 esse
3381 2745 3606 2814 alicujus

2000 2833 2261 2901 episcopi,
2295 2833 2379 2886 vel
2405 2835 2562 2887 etiam
2584 2877 2596 2896 ,
2628 2845 2681 2888 ιιι
2728 2835 3084 2890 ΒυΙΙθΓιηίιιιιδ
3110 2837 3456 2898 existimavit,
3492 2837 3607 2890 lio-

2002 2925 2144 2978 mani
2206 2926 2492 2982 Pontiﬁcis.
2559 2928 2851 2998 Antiquam
2915 2945 3049 2998 opus
3102 2943 3223 2982 esse
3274 2929 3611 2982 demonstrat

2000 3015 2294 3085 Scriptura:
2324 3019 2550 3072 citand.e
2580 3023 2734 3074 ratio.
2780 3021 2965 3074 Serius
2999 3030 3176 3072 tamen
3205 3020 3463 3088 scriptum
3499 3034 3609 3072 non

2003 3109 2273 3165 immerito
2331 3111 2620 3178 videretur,
2656 3114 2698 3166 si
2740 3114 2792 3166 in
2827 3114 2953 3181 ipsis
2993 3113 3341 3182 presbyteris.
3383 3121 3438 3166 ut
3485 3128 3612 3167 ron-

2002 3203 2130 3255 nulli
2163 3204 2362 3270 Opinati
2395 3213 2541 3268 sunt,
2583 3205 2828 3258 vitiosam
2879 3207 3009 3258 alea:
3049 3204 3490 3259 consuetudinem
3525 3204 3606 3257 vi-

2003 3302 2292 3362 tuperaret.
2325 3295 2431 3350 Sed
2464 3296 2593 3348 nihil
2625 3305 2767 3349 vetat
2799 3295 2865 3349 de
2897 3295 3045 3350 laicis
3096 3296 3314 3365 intelligi
3348 3297 3459 3350 Inrc
3488 3311 3608 3351 ver-

2000 3385 2065 3438 ba
2096 3404 2106 3437 :
2141 3403 2158 3434 ‹
2182 3386 2366 3440 Manus
2389 3402 2505 3456 qua:
2536 3387 2599 3439 ad
2627 3387 2945 3440 sacrificium
2978 3387 3308 3442 Dominicum
3336 3387 3602 3453 admissa;

1999 3488 2051 3530 et
2080 3477 2218 3546 quod
2263 3477 2326 3530 ad
2359 3478 2586 3533 salutem
2637 3480 2798 3532 torius
2853 3477 3083 3532 hominis
3128 3481 3374 3548 pertinet,
3409 3481 3601 3550 digna-

2003 3570 2145 3624 tione
2186 3571 2429 3639 susripit,
2469 3587 2587 3640 quae
2634 3571 2813 3624 divina
2851 3583 3182 3625 sacramenta
3207 3582 3597 3626 consunnnat.»

2001 3661 2185 3731 Neque
2233 3665 2395 3718 etiam
2429 3666 2853 3718 controversiam
2908 3665 3069 3718 ullam
3114 3681 3330 3719 movere
3376 3668 3603 3735 ροδκίηι,

2000 3755 2136 3810 liber
2166 3758 2228 3811 de
2257 3757 2520 3810 Montibus
2546 3758 2675 3811 Sina
2700 3767 2743 3809 et
2769 3757 2917 3812 Sion.
2943 3757 3062 3809 dute
3087 3755 3355 3810 Orationes
3383 3758 3605 3827 Cypria-

2001 3865 2072 3903 tto
2096 3850 2308 3912 aftictre,
2343 3851 2476 3903 liber
2507 3852 2570 3903 de
2604 3851 2871 3903 duodecim
2902 3851 3247 3904 cardiualibus
3269 3849 3459 3904 Christi
3481 3869 3605 3921 ope-

2003 3942 2158 3995 ribus.
2191 3943 2614 3998 Celeberrimnm
2659 3954 2740 3997 est
2772 3943 2871 3996 hoc
2917 3952 3243 4010 postremum
3275 3958 3428 4012 opus,
3459 3943 3607 4013 quod

2003 4032 2288 4098 Pamelius,
2323 4044 2412 4088 aut
2449 4033 2724 4104 Cypriani,
2760 4045 2850 4088 aut
2889 4035 3109 4103 aequalis
3163 4036 3442 4105 scriptoris
3482 4052 3606 4092 esse

2001 4126 2294 4180 contendit.
2328 4126 2430 4180 Sed
2471 4127 2782 4193 jamdudum
2809 4143 2874 4181 ex
2912 4128 3186 4183 codicibus
3234 4145 3365 4184 mss.
3391 4130 3602 4200 adjudi-

2000 4228 2149 4273 catus
2174 4231 2255 4276 est
2296 4220 2532 4275 Atlltlldl)
2575 4221 2894 4276 Bomevallis
2934 4221 3110 4276 abbati
3142 4226 3191 4276 itt
3224 4221 3443 4279 ditecesi
3472 4222 3604 4277 Car-

2000 4316 2232 4368 nutensi.
2269 4316 2575 4386 Sequuntur
2606 4317 2848 4387 qttrcdatn
2876 4318 3147 4383 carmina,
3195 4334 3313 4386 qua:
3359 4320 3410 4372 in
3446 4330 3602 4372 vetu-

2000 4411 2098 4465 stis
2125 4410 2398 4466 codicibus
2441 4427 2580 4466 nttnc
2621 4411 2885 4484 Cypriano
2912 4455 2925 4477 ,
2960 4429 3099 4466 nunc
3130 4412 3459 4468 Tertulliano
3480 4414 3603 4467 affi-

1997 4512 2106 4566 cta,
2134 4505 2344 4573 utrique
2367 4504 2434 4559 ab
2463 4505 2712 4559 onmibus
2735 4505 2934 4559 criticis
2961 4504 3352 4573 abjudicantur.

1997 4658 2234 4713 XXXVI.
2269 4689 2331 4700 —-
2369 4677 2434 4713 DE
2465 4676 2883 4715 smoocanrrne
2943 4675 3297 4726 CLeatconuu,
3341 4677 3598 4724 EPISTULA

2209 4767 2353 4807 CELSI
2382 4769 2448 4806 ΔΙ)
2481 4768 2733 4818 VIGILIUN,
2770 4767 2836 4806 ET
2883 4765 3175 4808 NONNULLIS
3211 4770 3368 4810 ALllS.

2066 4889 2180 4943 Non
2202 4889 2649 4944 levitererrarunt
2676 4889 2762 4957 qtti
2789 4886 2977 4941 librum
2998 4887 3060 4940 de
3078 4888 3448 4957 .S‘ingnlaritate
3467 4889 3588 4945 Cle-

1995 4982 2213 5034 ricorunt
2267 4980 2575 5051 Cypri-ano,
2617 4980 2940 5049 autOrigeni
2972 4989 3063 5034 aut
3101 4980 3398 5051 Augustino
3442 4984 3593 5038 auri-

1995 5075 2241 5128 buerunt.
2265 5075 2530 5145 Cypriano
2550 5084 2601 5128 et
2627 5077 2918 5145 Augustino
2942 5079 3149 5144 penitus
3174 5077 3442 5145 ahjmlicat
3465 5080 3591 5148 styli

1993 5169 2390 5232 dissimilitudo,
2425 5179 2475 5221 et
2499 5167 2711 5237 Drigeni
2745 5169 3064 5238 episc0palis
3095 5170 3342 5237 dignitas,
3377 5186 3476 5239 qua
3511 5175 3588 5224 vi-

1993 5264 2148 5318 detur
2196 5275 2383 5315 auctor
2421 5263 2574 5333 hujus
2620 5265 2800 5333 operis
2844 5274 3063 5320 ornatus
3101 5264 3285 5320 f'ttisse.
3328 5265 3448 5320 Visa
3505 5277 3591 5324 est

1996 5354 2260 5409 nomntllis
2311 5357 2446 5409 ratio
2502 5357 2789 5423 probabilis
2829 5375 2922 5412 cur
2955 5360 3093 5411 hunc
3139 5360 3329 5414 librttnt
3368 5362 3588 5433 Origeni

1995 5447 2328 5515 attingerent,
2358 5446 2498 5516 quod
2533 5448 2730 5500 lattdari
2765 5452 2812 5500 in
2846 5449 2944 5503 hoc
2989 5449 3122 5503 libro
3159 5466 3252 5505 eos
3302 5455 3588 5510 crederent;

1994 5541 2081 5609 qui
2112 5555 2229 5593 sese
2273 5541 2446 5593 studio
2493 5540 2754 5595 castitatis
2795 5541 3019 5595 evirant.
3068 5543 3137 5595 At
3181 5544 3212 5596 ii
3253 5561 3586 5616 lthttaqttattl

1993 5632 2294 5694 laudantur.
2319 5632 2398 5686 vel
2444 5632 2617 5700 potius
2657 5643 2810 5686 cavet
2849 5645 3034 5688 auctor
3061 5638 3236 5704 operis
3269 5654 3333 5690 ne
3373 5639 3591 5692 laudare

1996 5723 2114 5777 illos
2141 5723 2399 5778 videntur.
2427 5724 2518 5778 Ait
2549 5723 2688 5777 enini
2717 5742 2728 5776 :
2765 5744 2782 5774 α
2816 5725 2888 5781 De
2912 5728 3101 5796 quibus
3127 5728 3283 5782 modo
3312 5732 3589 5785 examini-

1995 5816 2152 5869 tionis
2203 5814 2492 5884 suspendo,
2525 5816 2840 5871 sententiam
2889 5819 3192 5890 relinquens
3221 5822 3319 5876 alia
3353 5823 3594 5893 disputa-

269 5919 645 5991 pteniteutiant
703 5912 1063 5969 admittendos
1124 5930 1140 5961 ›
1191 5926 1218 5963 a
1275 5908 1576 5964 Novatianis
1630 5908 1875 5978 jttdicari.
1929 5900 1963 5977 ιζ
1997 5908 2137 5963 tione
2190 5909 2554 5978 premendam.
2599 5928 2616 5960 ›
2681 5911 2873 5982 Atque,
2903 5915 3109 5970 etiamsi
3144 5915 3400 5995 ejusmodi
3463 5920 3588 5976 ιζιρί-
