  <div class='ocr_page' id='page_1' title='image "/cluster/home/n/w/nwhite01/storage/ocr_20150623/4/hvd.32044048207708/093.png"; bbox 0 0 4200 6262; ppageno 0'>
   <div class='ocr_carea' id='block_1_1' title="bbox 629 251 3943 329">
    <p class='ocr_par' dir='ltr' id='par_1_1' title="bbox 629 251 3943 329">
     <span class='ocr_line' id='line_1_1' title="bbox 629 251 3943 329; baseline 0.003 -10"><span class='ocrx_word' id='word_1_1' title='bbox 629 267 729 325; x_wconf 72' lang='grc' dir='ltr'><strong>Ιῑῦ</strong></span> <span class='ocrx_word' id='word_1_2' title='bbox 1816 260 1972 319; x_wconf 70' lang='lat' dir='ltr'><strong>VI&#39;I‘A</strong></span> <span class='ocrx_word' id='word_1_3' title='bbox 2016 252 2259 319; x_wconf 53' lang='lat' dir='ltr'><strong>SANC&#39;I‘I</strong></span> <span class='ocrx_word' id='word_1_4' title='bbox 2297 251 2639 319; x_wconf 72' lang='lat' dir='ltr'><strong>CYPRIANI.</strong></span> <span class='ocrx_word' id='word_1_5' title='bbox 3835 269 3943 329; x_wconf 74' lang='lat' dir='ltr'><strong>l&#39;i&#39;ti</strong></span> 
     </span>
    </p>
   </div>
   <div class='ocr_carea' id='block_1_2' title="bbox 621 381 2213 455">
    <p class='ocr_par' dir='ltr' id='par_1_2' title="bbox 621 381 2213 455">
     <span class='ocr_line' id='line_1_2' title="bbox 621 381 2213 455; baseline -0.006 -11"><span class='ocrx_word' id='word_1_6' title='bbox 621 404 724 445; x_wconf 89' lang='lat' dir='ltr'><strong>nus</strong></span> <span class='ocrx_word' id='word_1_7' title='bbox 752 394 851 443; x_wconf 76' lang='lat' dir='ltr'><strong>hoc</strong></span> <span class='ocrx_word' id='word_1_8' title='bbox 877 388 927 442; x_wconf 79' lang='lat' dir='ltr'><strong>in</strong></span> <span class='ocrx_word' id='word_1_9' title='bbox 960 386 1096 443; x_wconf 89' lang='lat' dir='ltr'><strong>libro</strong></span> <span class='ocrx_word' id='word_1_10' title='bbox 1127 385 1460 455; x_wconf 86' lang='lat' dir='ltr'><strong>probaretur,</strong></span> <span class='ocrx_word' id='word_1_11' title='bbox 1503 397 1628 438; x_wconf 88' lang='lat' dir='ltr'><strong>num</strong></span> <span class='ocrx_word' id='word_1_12' title='bbox 1666 381 1864 438; x_wconf 89' lang='lat' dir='ltr'><strong>idcirco</strong></span> <span class='ocrx_word' id='word_1_13' title='bbox 1901 381 2213 437; x_wconf 89' lang='lat' dir='ltr'><strong>tribuendus</strong></span> 
     </span>
    </p>
   </div>
   <div class='ocr_carea' id='block_1_3' title="bbox 621 480 2214 555">
    <p class='ocr_par' dir='ltr' id='par_1_3' title="bbox 621 480 2214 555">
     <span class='ocr_line' id='line_1_3' title="bbox 621 480 2214 555; baseline -0.006 -14"><span class='ocrx_word' id='word_1_14' title='bbox 621 497 768 543; x_wconf 82' lang='lat' dir='ltr'><strong>esset</strong></span> <span class='ocrx_word' id='word_1_15' title='bbox 792 484 1027 555; x_wconf 81' lang='lat' dir='ltr'><strong>Origeui,</strong></span> <span class='ocrx_word' id='word_1_16' title='bbox 1052 483 1141 553; x_wconf 98' lang='lat' dir='ltr'><strong>qui</strong></span> <span class='ocrx_word' id='word_1_17' title='bbox 1171 481 1311 552; x_wconf 91' lang='lat' dir='ltr'><strong>quod</strong></span> <span class='ocrx_word' id='word_1_18' title='bbox 1343 480 1658 537; x_wconf 85' lang='lat' dir='ltr'><strong>adolescens</strong></span> <span class='ocrx_word' id='word_1_19' title='bbox 1684 481 2043 547; x_wconf 86' lang='lat' dir='ltr'><strong>commiserat,</strong></span> <span class='ocrx_word' id='word_1_20' title='bbox 2059 487 2214 534; x_wconf 66' lang='lat' dir='ltr'><strong>aatate</strong></span> 
     </span>
    </p>
   </div>
   <div class='ocr_carea' id='block_1_4' title="bbox 622 575 1277 646">
    <p class='ocr_par' dir='ltr' id='par_1_4' title="bbox 622 575 1277 646">
     <span class='ocr_line' id='line_1_4' title="bbox 622 575 1277 646; baseline -0.006 -13"><span class='ocrx_word' id='word_1_21' title='bbox 622 580 881 635; x_wconf 89' lang='lat' dir='ltr'><strong>maturior</strong></span> <span class='ocrx_word' id='word_1_22' title='bbox 910 575 1229 646; x_wconf 93' lang='lat' dir='ltr'><strong>improbavit</strong></span> <span class='ocrx_word' id='word_1_23' title='bbox 1254 575 1277 628; x_wconf 90' lang='lat'><strong>?</strong></span> 
     </span>
    </p>
   </div>
   <div class='ocr_carea' id='block_1_5' title="bbox 694 668 2216 753">
    <p class='ocr_par' dir='ltr' id='par_1_5' title="bbox 694 668 2216 753">
     <span class='ocr_line' id='line_1_5' title="bbox 694 668 2216 753; baseline -0.007 -22"><span class='ocrx_word' id='word_1_24' title='bbox 694 673 796 731; x_wconf 86' lang='lat' dir='ltr'><strong>Sed</strong></span> <span class='ocrx_word' id='word_1_25' title='bbox 846 685 1005 727; x_wconf 88' lang='lat' dir='ltr'><strong>nemo</strong></span> <span class='ocrx_word' id='word_1_26' title='bbox 1048 671 1257 742; x_wconf 79' lang='lat' dir='ltr'><strong>longius</strong></span> <span class='ocrx_word' id='word_1_27' title='bbox 1293 670 1560 726; x_wconf 87' lang='lat' dir='ltr'><strong>aberravit</strong></span> <span class='ocrx_word' id='word_1_28' title='bbox 1596 687 1625 725; x_wconf 89' lang='lat' dir='ltr'><strong>a</strong></span> <span class='ocrx_word' id='word_1_29' title='bbox 1666 684 1794 726; x_wconf 90' lang='lat' dir='ltr'><strong>vero</strong></span> <span class='ocrx_word' id='word_1_30' title='bbox 1831 685 1991 740; x_wconf 88' lang='lat' dir='ltr'><strong>quam</strong></span> <span class='ocrx_word' id='word_1_31' title='bbox 2044 668 2216 753; x_wconf 75' lang='lat' dir='ltr'><strong>editor</strong></span> 
     </span>
    </p>
   </div>
   <div class='ocr_carea' id='block_1_6' title="bbox 618 761 2215 833">
    <p class='ocr_par' dir='ltr' id='par_1_6' title="bbox 618 761 2215 833">
     <span class='ocr_line' id='line_1_6' title="bbox 618 761 2215 833; baseline -0.005 -13"><span class='ocrx_word' id='word_1_32' title='bbox 618 764 960 829; x_wconf 82' lang='lat' dir='ltr'><strong>Oxoniensis,</strong></span> <span class='ocrx_word' id='word_1_33' title='bbox 992 763 1082 833; x_wconf 90' lang='lat' dir='ltr'><strong>qui</strong></span> <span class='ocrx_word' id='word_1_34' title='bbox 1128 762 1272 818; x_wconf 90' lang='lat' dir='ltr'><strong>hunc</strong></span> <span class='ocrx_word' id='word_1_35' title='bbox 1310 762 1505 818; x_wconf 91' lang='lat' dir='ltr'><strong>librum</strong></span> <span class='ocrx_word' id='word_1_36' title='bbox 1562 763 1703 819; x_wconf 89' lang='lat' dir='ltr'><strong>circa</strong></span> <span class='ocrx_word' id='word_1_37' title='bbox 1758 761 1916 818; x_wconf 76' lang='lat' dir='ltr'><strong>Beda:</strong></span> <span class='ocrx_word' id='word_1_38' title='bbox 1975 772 2215 831; x_wconf 87' lang='lat' dir='ltr'><strong>tempora</strong></span> 
     </span>
    </p>
   </div>
   <div class='ocr_carea' id='block_1_7' title="bbox 616 854 2216 929">
    <p class='ocr_par' dir='ltr' id='par_1_7' title="bbox 616 854 2216 929">
     <span class='ocr_line' id='line_1_7' title="bbox 616 854 2216 929; baseline -0.004 -15"><span class='ocrx_word' id='word_1_39' title='bbox 616 859 874 929; x_wconf 87' lang='lat' dir='ltr'><strong>scriptum</strong></span> <span class='ocrx_word' id='word_1_40' title='bbox 896 856 1190 912; x_wconf 74' lang='lat' dir='ltr'><strong>existimat.</strong></span> <span class='ocrx_word' id='word_1_41' title='bbox 1229 856 1417 926; x_wconf 90' lang='lat' dir='ltr'><strong>Liquet</strong></span> <span class='ocrx_word' id='word_1_42' title='bbox 1463 856 1607 912; x_wconf 89' lang='lat' dir='ltr'><strong>hunc</strong></span> <span class='ocrx_word' id='word_1_43' title='bbox 1647 856 1962 924; x_wconf 82' lang='lat' dir='ltr'><strong>scriptorem</strong></span> <span class='ocrx_word' id='word_1_44' title='bbox 2021 854 2216 908; x_wconf 81' lang='lat' dir='ltr'><strong>vixisse</strong></span> 
     </span>
    </p>
   </div>
   <div class='ocr_carea' id='block_1_8' title="bbox 614 945 2212 1022">
    <p class='ocr_par' dir='ltr' id='par_1_8' title="bbox 614 945 2212 1022">
     <span class='ocr_line' id='line_1_8' title="bbox 614 945 2212 1022; baseline -0.006 -14"><span class='ocrx_word' id='word_1_45' title='bbox 614 967 736 1008; x_wconf 89' lang='lat' dir='ltr'><strong>cum</strong></span> <span class='ocrx_word' id='word_1_46' title='bbox 790 950 1187 1022; x_wconf 87' lang='lat' dir='ltr'><strong>persecutiones</strong></span> <span class='ocrx_word' id='word_1_47' title='bbox 1242 948 1478 1004; x_wconf 89' lang='lat' dir='ltr'><strong>nondum</strong></span> <span class='ocrx_word' id='word_1_48' title='bbox 1529 948 1862 1005; x_wconf 87' lang='lat' dir='ltr'><strong>desiissent:</strong></span> <span class='ocrx_word' id='word_1_49' title='bbox 1902 967 1920 999; x_wconf 80' lang='grc' dir='ltr'><strong>ι</strong></span> <span class='ocrx_word' id='word_1_50' title='bbox 1946 945 2166 1001; x_wconf 85' lang='lat' dir='ltr'><strong>llicntior</strong></span> <span class='ocrx_word' id='word_1_51' title='bbox 2198 985 2212 1010; x_wconf 92' lang='lat'><strong>,</strong></span> 
     </span>
    </p>
   </div>
   <div class='ocr_carea' id='block_1_9' title="bbox 612 1039 2211 1116">
    <p class='ocr_par' dir='ltr' id='par_1_9' title="bbox 612 1039 2211 1116">
     <span class='ocr_line' id='line_1_9' title="bbox 612 1039 2211 1116; baseline -0.006 -17"><span class='ocrx_word' id='word_1_52' title='bbox 612 1045 806 1116; x_wconf 86' lang='lat' dir='ltr'><strong>inquit,</strong></span> <span class='ocrx_word' id='word_1_53' title='bbox 846 1044 888 1098; x_wconf 91' lang='lat' dir='ltr'><strong>si</strong></span> <span class='ocrx_word' id='word_1_54' title='bbox 917 1057 1022 1098; x_wconf 90' lang='lat' dir='ltr'><strong>non</strong></span> <span class='ocrx_word' id='word_1_55' title='bbox 1050 1042 1291 1097; x_wconf 84' lang='lat' dir='ltr'><strong>videmus</strong></span> <span class='ocrx_word' id='word_1_56' title='bbox 1318 1041 1514 1097; x_wconf 90' lang='lat' dir='ltr'><strong>exinde</strong></span> <span class='ocrx_word' id='word_1_57' title='bbox 1551 1041 1796 1096; x_wconf 90' lang='lat' dir='ltr'><strong>interitus</strong></span> <span class='ocrx_word' id='word_1_58' title='bbox 1842 1039 2211 1110; x_wconf 87' lang='lat' dir='ltr'><strong>plurimorum.</strong></span> 
     </span>
    </p>
   </div>
   <div class='ocr_carea' id='block_1_10' title="bbox 613 1128 2209 1205">
    <p class='ocr_par' dir='ltr' id='par_1_10' title="bbox 613 1128 2209 1205">
     <span class='ocr_line' id='line_1_10' title="bbox 613 1128 2209 1205; baseline -0.006 -15"><span class='ocrx_word' id='word_1_59' title='bbox 613 1135 808 1203; x_wconf 78' lang='lat' dir='ltr'><strong>Quanti</strong></span> <span class='ocrx_word' id='word_1_60' title='bbox 857 1144 908 1190; x_wconf 91' lang='lat' dir='ltr'><strong>et</strong></span> <span class='ocrx_word' id='word_1_61' title='bbox 941 1134 1125 1205; x_wconf 83' lang='lat' dir='ltr'><strong>quales</strong></span> <span class='ocrx_word' id='word_1_62' title='bbox 1158 1134 1394 1204; x_wconf 83' lang='lat' dir='ltr'><strong>episcopi</strong></span> <span class='ocrx_word' id='word_1_63' title='bbox 1440 1142 1495 1188; x_wconf 90' lang='lat' dir='ltr'><strong>et</strong></span> <span class='ocrx_word' id='word_1_64' title='bbox 1540 1131 1747 1195; x_wconf 87' lang='lat' dir='ltr'><strong>clerici,</strong></span> <span class='ocrx_word' id='word_1_65' title='bbox 1798 1130 1956 1185; x_wconf 87' lang='lat' dir='ltr'><strong>simul</strong></span> <span class='ocrx_word' id='word_1_66' title='bbox 1990 1140 2043 1184; x_wconf 91' lang='lat' dir='ltr'><strong>et</strong></span> <span class='ocrx_word' id='word_1_67' title='bbox 2069 1128 2209 1195; x_wconf 87' lang='lat' dir='ltr'><strong>laici,</strong></span> 
     </span>
    </p>
   </div>
   <div class='ocr_carea' id='block_1_11' title="bbox 612 1220 2214 1301">
    <p class='ocr_par' dir='ltr' id='par_1_11' title="bbox 612 1220 2214 1301">
     <span class='ocr_line' id='line_1_11' title="bbox 612 1220 2214 1301; baseline -0.006 -17"><span class='ocrx_word' id='word_1_68' title='bbox 612 1242 735 1301; x_wconf 90' lang='lat' dir='ltr'><strong>post</strong></span> <span class='ocrx_word' id='word_1_69' title='bbox 785 1229 1179 1285; x_wconf 88' lang='lat' dir='ltr'><strong>confessionum</strong></span> <span class='ocrx_word' id='word_1_70' title='bbox 1212 1226 1663 1295; x_wconf 90' lang='lat' dir='ltr'><strong>victoriarumque</strong></span> <span class='ocrx_word' id='word_1_71' title='bbox 1712 1223 1912 1278; x_wconf 87' lang='lat' dir='ltr'><strong>calcata</strong></span> <span class='ocrx_word' id='word_1_72' title='bbox 1967 1220 2214 1277; x_wconf 85' lang='lat' dir='ltr'><strong>certami-</strong></span> 
     </span>
    </p>
   </div>
   <div class='ocr_carea' id='block_1_12' title="bbox 611 1315 2218 1392">
    <p class='ocr_par' dir='ltr' id='par_1_12' title="bbox 611 1315 2218 1392">
     <span class='ocr_line' id='line_1_12' title="bbox 611 1315 2218 1392; baseline -0.006 -16"><span class='ocrx_word' id='word_1_73' title='bbox 611 1336 701 1387; x_wconf 88' lang='lat' dir='ltr'><strong>na,</strong></span> <span class='ocrx_word' id='word_1_74' title='bbox 752 1330 870 1391; x_wconf 91' lang='lat' dir='ltr'><strong>post</strong></span> <span class='ocrx_word' id='word_1_75' title='bbox 921 1319 1179 1392; x_wconf 88' lang='lat' dir='ltr'><strong>magnalia</strong></span> <span class='ocrx_word' id='word_1_76' title='bbox 1221 1328 1275 1374; x_wconf 90' lang='lat' dir='ltr'><strong>et</strong></span> <span class='ocrx_word' id='word_1_77' title='bbox 1304 1318 1454 1388; x_wconf 84' lang='lat' dir='ltr'><strong>signa</strong></span> <span class='ocrx_word' id='word_1_78' title='bbox 1498 1317 1585 1372; x_wconf 88' lang='lat' dir='ltr'><strong>vel</strong></span> <span class='ocrx_word' id='word_1_79' title='bbox 1623 1315 1883 1371; x_wconf 83' lang='lat' dir='ltr'><strong>mirabilia</strong></span> <span class='ocrx_word' id='word_1_80' title='bbox 1914 1329 2218 1385; x_wconf 87' lang='lat' dir='ltr'><strong>usquequa-</strong></span> 
     </span>
    </p>
   </div>
   <div class='ocr_carea' id='block_1_13' title="bbox 614 1408 2215 1488">
    <p class='ocr_par' dir='ltr' id='par_1_13' title="bbox 614 1408 2215 1488">
     <span class='ocr_line' id='line_1_13' title="bbox 614 1408 2215 1488; baseline -0.007 -16"><span class='ocrx_word' id='word_1_81' title='bbox 614 1432 720 1488; x_wconf 87' lang='lat' dir='ltr'><strong>que</strong></span> <span class='ocrx_word' id='word_1_82' title='bbox 758 1425 1049 1470; x_wconf 88' lang='lat' dir='ltr'><strong>monstrata</strong></span> <span class='ocrx_word' id='word_1_83' title='bbox 1082 1456 1097 1481; x_wconf 91' lang='lat'><strong>,</strong></span> <span class='ocrx_word' id='word_1_84' title='bbox 1141 1423 1437 1469; x_wconf 88' lang='lat' dir='ltr'><strong>noscuntur</strong></span> <span class='ocrx_word' id='word_1_85' title='bbox 1492 1426 1612 1467; x_wconf 90' lang='lat' dir='ltr'><strong>cum</strong></span> <span class='ocrx_word' id='word_1_86' title='bbox 1669 1410 1753 1464; x_wconf 87' lang='lat' dir='ltr'><strong>bis</strong></span> <span class='ocrx_word' id='word_1_87' title='bbox 1805 1408 2054 1464; x_wconf 78' lang='lat' dir='ltr'><strong>omnibus</strong></span> <span class='ocrx_word' id='word_1_88' title='bbox 2085 1422 2215 1462; x_wconf 92' lang='lat' dir='ltr'><strong>nau-</strong></span> 
     </span>
    </p>
   </div>
   <div class='ocr_carea' id='block_1_14' title="bbox 610 1499 2209 1580">
    <p class='ocr_par' dir='ltr' id='par_1_14' title="bbox 610 1499 2209 1580">
     <span class='ocr_line' id='line_1_14' title="bbox 610 1499 2209 1580; baseline -0.008 -17"><span class='ocrx_word' id='word_1_89' title='bbox 610 1511 892 1580; x_wconf 83' lang='lat' dir='ltr'><strong>l&#39;ragasse,</strong></span> <span class='ocrx_word' id='word_1_90' title='bbox 947 1521 1067 1561; x_wconf 92' lang='lat' dir='ltr'><strong>cum</strong></span> <span class='ocrx_word' id='word_1_91' title='bbox 1118 1509 1304 1561; x_wconf 88' lang='lat' dir='ltr'><strong>volunt</strong></span> <span class='ocrx_word' id='word_1_92' title='bbox 1364 1505 1415 1557; x_wconf 92' lang='lat' dir='ltr'><strong>in</strong></span> <span class='ocrx_word' id='word_1_93' title='bbox 1469 1503 1589 1556; x_wconf 89' lang='lat' dir='ltr'><strong>navi</strong></span> <span class='ocrx_word' id='word_1_94' title='bbox 1643 1501 1812 1572; x_wconf 88' lang='lat' dir='ltr'><strong>fragili</strong></span> <span class='ocrx_word' id='word_1_95' title='bbox 1867 1499 2156 1570; x_wconf 82' lang='lat' dir='ltr'><strong>navigare!</strong></span> <span class='ocrx_word' id='word_1_96' title='bbox 2191 1517 2209 1550; x_wconf 72' lang='grc' dir='ltr'><strong>ι</strong></span> 
     </span>
    </p>
   </div>
   <div class='ocr_carea' id='block_1_15' title="bbox 610 1591 2216 1670">
    <p class='ocr_par' dir='ltr' id='par_1_15' title="bbox 610 1591 2216 1670">
     <span class='ocr_line' id='line_1_15' title="bbox 610 1591 2216 1670; baseline -0.006 -15"><span class='ocrx_word' id='word_1_97' title='bbox 610 1599 947 1670; x_wconf 87' lang='lat' dir='ltr'><strong>Objiciebaut</strong></span> <span class='ocrx_word' id='word_1_98' title='bbox 976 1597 1153 1652; x_wconf 88' lang='lat' dir='ltr'><strong>clerici</strong></span> <span class='ocrx_word' id='word_1_99' title='bbox 1181 1610 1316 1666; x_wconf 89' lang='lat' dir='ltr'><strong>quos</strong></span> <span class='ocrx_word' id='word_1_100' title='bbox 1346 1592 1570 1659; x_wconf 85' lang='lat' dir='ltr'><strong>relellit,</strong></span> <span class='ocrx_word' id='word_1_101' title='bbox 1622 1591 1908 1647; x_wconf 90' lang='lat' dir='ltr'><strong>nonnullos</strong></span> <span class='ocrx_word' id='word_1_102' title='bbox 1946 1610 1964 1642; x_wconf 80' lang='grc' dir='ltr'><strong>ι</strong></span> <span class='ocrx_word' id='word_1_103' title='bbox 1990 1592 2216 1645; x_wconf 87' lang='lat' dir='ltr'><strong>feminas</strong></span> 
     </span>
    </p>
   </div>
   <div class='ocr_carea' id='block_1_16' title="bbox 612 1693 2209 1761">
    <p class='ocr_par' dir='ltr' id='par_1_16' title="bbox 612 1693 2209 1761">
     <span class='ocr_line' id='line_1_16' title="bbox 612 1693 2209 1761; baseline -0.009 -8"><span class='ocrx_word' id='word_1_104' title='bbox 612 1697 874 1753; x_wconf 78' lang='lat' dir='ltr'><strong>habentes</strong></span> <span class='ocrx_word' id='word_1_105' title='bbox 927 1696 979 1749; x_wconf 91' lang='lat' dir='ltr'><strong>in</strong></span> <span class='ocrx_word' id='word_1_106' title='bbox 1054 1693 1298 1747; x_wconf 89' lang='lat' dir='ltr'><strong>domibus</strong></span> <span class='ocrx_word' id='word_1_107' title='bbox 1354 1696 1668 1761; x_wconf 77' lang='lat' dir='ltr'><strong>martyrium</strong></span> <span class='ocrx_word' id='word_1_108' title='bbox 1707 1698 2025 1743; x_wconf 89' lang='lat' dir='ltr'><strong>consecutos</strong></span> <span class='ocrx_word' id='word_1_109' title='bbox 2072 1701 2209 1749; x_wconf 87' lang='lat' dir='ltr'><strong>esse,</strong></span> 
     </span>
    </p>
   </div>
   <div class='ocr_carea' id='block_1_17' title="bbox 612 1779 2215 1852">
    <p class='ocr_par' dir='ltr' id='par_1_17' title="bbox 612 1779 2215 1852">
     <span class='ocr_line' id='line_1_17' title="bbox 612 1779 2215 1852; baseline -0.008 -7"><span class='ocrx_word' id='word_1_110' title='bbox 612 1801 673 1845; x_wconf 89' lang='lat' dir='ltr'><strong>nt</strong></span> <span class='ocrx_word' id='word_1_111' title='bbox 721 1791 933 1845; x_wconf 88' lang='lat' dir='ltr'><strong>illormn</strong></span> <span class='ocrx_word' id='word_1_112' title='bbox 988 1788 1243 1840; x_wconf 85' lang='lat' dir='ltr'><strong>innocens</strong></span> <span class='ocrx_word' id='word_1_113' title='bbox 1288 1783 1616 1839; x_wconf 85' lang='lat' dir='ltr'><strong>conscientia</strong></span> <span class='ocrx_word' id='word_1_114' title='bbox 1642 1780 1974 1852; x_wconf 87' lang='lat' dir='ltr'><strong>probaretur.</strong></span> <span class='ocrx_word' id='word_1_115' title='bbox 2004 1779 2215 1833; x_wconf 86' lang='lat' dir='ltr'><strong>fumar-</strong></span> 
     </span>
    </p>
   </div>
   <div class='ocr_carea' id='block_1_18' title="bbox 608 1872 2216 1953">
    <p class='ocr_par' dir='ltr' id='par_1_18' title="bbox 608 1872 2216 1953">
     <span class='ocr_line' id='line_1_18' title="bbox 608 1872 2216 1953; baseline -0.007 -17"><span class='ocrx_word' id='word_1_116' title='bbox 608 1883 774 1953; x_wconf 82' lang='lat' dir='ltr'><strong>tyrio,</strong></span> <span class='ocrx_word' id='word_1_117' title='bbox 830 1879 1070 1943; x_wconf 83' lang='lat' dir='ltr'><strong>aiebant,</strong></span> <span class='ocrx_word' id='word_1_118' title='bbox 1105 1875 1399 1946; x_wconf 84' lang='lat' dir='ltr'><strong>ignoscitur</strong></span> <span class='ocrx_word' id='word_1_119' title='bbox 1433 1875 1607 1939; x_wconf 85' lang='lat' dir='ltr'><strong>nobis,</strong></span> <span class='ocrx_word' id='word_1_120' title='bbox 1636 1874 1773 1929; x_wconf 88' lang='lat' dir='ltr'><strong>sicut</strong></span> <span class='ocrx_word' id='word_1_121' title='bbox 1824 1872 2085 1927; x_wconf 88' lang='lat' dir='ltr'><strong>indultum</strong></span> <span class='ocrx_word' id='word_1_122' title='bbox 2132 1880 2216 1925; x_wconf 87' lang='lat' dir='ltr'><strong>est</strong></span> 
     </span>
    </p>
   </div>
   <div class='ocr_carea' id='block_1_19' title="bbox 605 1965 2211 2046">
    <p class='ocr_par' dir='ltr' id='par_1_19' title="bbox 605 1965 2211 2046">
     <span class='ocr_line' id='line_1_19' title="bbox 605 1965 2211 2046; baseline -0.009 -16"><span class='ocrx_word' id='word_1_123' title='bbox 605 1975 940 2046; x_wconf 84' lang='lat' dir='ltr'><strong>parentibus.</strong></span> <span class='ocrx_word' id='word_1_124' title='bbox 992 1993 1008 2025; x_wconf 79' lang='grc' dir='ltr'><strong>ι</strong></span> <span class='ocrx_word' id='word_1_125' title='bbox 1045 1974 1232 2027; x_wconf 82' lang='lat' dir='ltr'><strong>Elucet</strong></span> <span class='ocrx_word' id='word_1_126' title='bbox 1273 1971 1433 2025; x_wconf 89' lang='lat' dir='ltr'><strong>etiam</strong></span> <span class='ocrx_word' id='word_1_127' title='bbox 1490 1968 1769 2037; x_wconf 79' lang='lat' dir='ltr'><strong>scriptoris</strong></span> <span class='ocrx_word' id='word_1_128' title='bbox 1821 1965 2108 2035; x_wconf 85' lang='lat' dir='ltr'><strong>antiquitas</strong></span> <span class='ocrx_word' id='word_1_129' title='bbox 2147 1977 2211 2018; x_wconf 89' lang='lat' dir='ltr'><strong>ex</strong></span> 
     </span>
    </p>
   </div>
   <div class='ocr_carea' id='block_1_20' title="bbox 602 2056 2213 2138">
    <p class='ocr_par' dir='ltr' id='par_1_20' title="bbox 602 2056 2213 2138">
     <span class='ocr_line' id='line_1_20' title="bbox 602 2056 2213 2138; baseline -0.007 -13"><span class='ocrx_word' id='word_1_130' title='bbox 602 2070 746 2125; x_wconf 84' lang='lat' dir='ltr'><strong>illius</strong></span> <span class='ocrx_word' id='word_1_131' title='bbox 773 2070 841 2124; x_wconf 90' lang='lat' dir='ltr'><strong>de</strong></span> <span class='ocrx_word' id='word_1_132' title='bbox 881 2067 1097 2138; x_wconf 79' lang='lat' dir='ltr'><strong>Angelis</strong></span> <span class='ocrx_word' id='word_1_133' title='bbox 1117 2064 1390 2134; x_wconf 90' lang='lat' dir='ltr'><strong>opinione,</strong></span> <span class='ocrx_word' id='word_1_134' title='bbox 1424 2077 1557 2133; x_wconf 87' lang='lat' dir='ltr'><strong>quos</strong></span> <span class='ocrx_word' id='word_1_135' title='bbox 1607 2068 1756 2130; x_wconf 88' lang='lat' dir='ltr'><strong>putat</strong></span> <span class='ocrx_word' id='word_1_136' title='bbox 1802 2078 1821 2110; x_wconf 78' lang='grc' dir='ltr'><strong>ι</strong></span> <span class='ocrx_word' id='word_1_137' title='bbox 1846 2074 1967 2114; x_wconf 89' lang='lat' dir='ltr'><strong>cum</strong></span> <span class='ocrx_word' id='word_1_138' title='bbox 2002 2056 2213 2113; x_wconf 88' lang='lat' dir='ltr'><strong>feminis</strong></span> 
     </span>
    </p>
   </div>
   <div class='ocr_carea' id='block_1_21' title="bbox 601 2151 2212 2228">
    <p class='ocr_par' dir='ltr' id='par_1_21' title="bbox 601 2151 2212 2228">
     <span class='ocr_line' id='line_1_21' title="bbox 601 2151 2212 2228; baseline -0.009 -9"><span class='ocrx_word' id='word_1_139' title='bbox 601 2162 881 2219; x_wconf 84' lang='lat' dir='ltr'><strong>cecidisse.</strong></span> <span class='ocrx_word' id='word_1_140' title='bbox 920 2178 941 2215; x_wconf 82' lang='lat' dir='ltr'><strong>s</strong></span> <span class='ocrx_word' id='word_1_141' title='bbox 980 2158 1132 2228; x_wconf 83' lang='lat' dir='ltr'><strong>Quod</strong></span> <span class='ocrx_word' id='word_1_142' title='bbox 1162 2168 1340 2212; x_wconf 87' lang='lat' dir='ltr'><strong>autem</strong></span> <span class='ocrx_word' id='word_1_143' title='bbox 1370 2156 1444 2209; x_wconf 87' lang='lat' dir='ltr'><strong>ait</strong></span> <span class='ocrx_word' id='word_1_144' title='bbox 1479 2152 1749 2208; x_wconf 83' lang='lat' dir='ltr'><strong>Christum</strong></span> <span class='ocrx_word' id='word_1_145' title='bbox 1787 2151 2021 2221; x_wconf 87' lang='lat' dir='ltr'><strong>seipsum</strong></span> <span class='ocrx_word' id='word_1_146' title='bbox 2062 2166 2212 2207; x_wconf 85' lang='lat' dir='ltr'><strong>com-</strong></span> 
     </span>
    </p>
   </div>
   <div class='ocr_carea' id='block_1_22' title="bbox 605 2247 2217 2328">
    <p class='ocr_par' dir='ltr' id='par_1_22' title="bbox 605 2247 2217 2328">
     <span class='ocr_line' id='line_1_22' title="bbox 605 2247 2217 2328; baseline -0.007 -15"><span class='ocrx_word' id='word_1_147' title='bbox 605 2273 798 2328; x_wconf 89' lang='lat' dir='ltr'><strong>parare</strong></span> <span class='ocrx_word' id='word_1_148' title='bbox 827 2258 934 2312; x_wconf 89' lang='lat' dir='ltr'><strong>Deo</strong></span> <span class='ocrx_word' id='word_1_149' title='bbox 965 2269 1152 2310; x_wconf 91' lang='lat' dir='ltr'><strong>ausum</strong></span> <span class='ocrx_word' id='word_1_150' title='bbox 1174 2269 1279 2308; x_wconf 90' lang='lat' dir='ltr'><strong>non</strong></span> <span class='ocrx_word' id='word_1_151' title='bbox 1309 2266 1450 2315; x_wconf 87' lang='lat' dir='ltr'><strong>esse,</strong></span> <span class='ocrx_word' id='word_1_152' title='bbox 1481 2250 1532 2305; x_wconf 88' lang='lat' dir='ltr'><strong>id</strong></span> <span class='ocrx_word' id='word_1_153' title='bbox 1564 2247 1804 2319; x_wconf 89' lang='lat' dir='ltr'><strong>profecto</strong></span> <span class='ocrx_word' id='word_1_154' title='bbox 1849 2247 2053 2303; x_wconf 88' lang='lat' dir='ltr'><strong>redolet</strong></span> <span class='ocrx_word' id='word_1_155' title='bbox 2084 2257 2217 2301; x_wconf 61' lang='lat' dir='ltr'><strong>aeta-</strong></span> 
     </span>
    </p>
   </div>
   <div class='ocr_carea' id='block_1_23' title="bbox 604 2338 2213 2417">
    <p class='ocr_par' dir='ltr' id='par_1_23' title="bbox 604 2338 2213 2417">
     <span class='ocr_line' id='line_1_23' title="bbox 604 2338 2213 2417; baseline -0.009 -12"><span class='ocrx_word' id='word_1_156' title='bbox 604 2362 713 2406; x_wconf 89' lang='lat' dir='ltr'><strong>tem</strong></span> <span class='ocrx_word' id='word_1_157' title='bbox 744 2350 872 2404; x_wconf 82' lang='lat' dir='ltr'><strong>Ario</strong></span> <span class='ocrx_word' id='word_1_158' title='bbox 899 2345 1274 2417; x_wconf 87' lang='lat' dir='ltr'><strong>antiquiorem,</strong></span> <span class='ocrx_word' id='word_1_159' title='bbox 1328 2359 1444 2412; x_wconf 67' lang='lat' dir='ltr'><strong>quae</strong></span> <span class='ocrx_word' id='word_1_160' title='bbox 1476 2354 1874 2410; x_wconf 86' lang='lat' dir='ltr'><strong>nonnumquam</strong></span> <span class='ocrx_word' id='word_1_161' title='bbox 1906 2338 1972 2392; x_wconf 90' lang='lat' dir='ltr'><strong>ad</strong></span> <span class='ocrx_word' id='word_1_162' title='bbox 2019 2338 2213 2392; x_wconf 87' lang='lat' dir='ltr'><strong>Perso-</strong></span> 
     </span>
    </p>
   </div>
   <div class='ocr_carea' id='block_1_24' title="bbox 603 2429 2211 2501">
    <p class='ocr_par' dir='ltr' id='par_1_24' title="bbox 603 2429 2211 2501">
     <span class='ocr_line' id='line_1_24' title="bbox 603 2429 2211 2501; baseline -0.009 -3"><span class='ocrx_word' id='word_1_163' title='bbox 603 2458 794 2499; x_wconf 87' lang='lat' dir='ltr'><strong>narum</strong></span> <span class='ocrx_word' id='word_1_164' title='bbox 825 2438 1222 2495; x_wconf 86' lang='lat' dir='ltr'><strong>distinctionem</strong></span> <span class='ocrx_word' id='word_1_165' title='bbox 1265 2434 1519 2491; x_wconf 88' lang='lat' dir='ltr'><strong>attentior</strong></span> <span class='ocrx_word' id='word_1_166' title='bbox 1544 2441 1688 2498; x_wconf 90' lang='lat' dir='ltr'><strong>eral,</strong></span> <span class='ocrx_word' id='word_1_167' title='bbox 1734 2446 1891 2501; x_wconf 86' lang='lat' dir='ltr'><strong>quam</strong></span> <span class='ocrx_word' id='word_1_168' title='bbox 1931 2429 1995 2485; x_wconf 88' lang='lat' dir='ltr'><strong>ad</strong></span> <span class='ocrx_word' id='word_1_169' title='bbox 2025 2444 2211 2499; x_wconf 67' lang='lat' dir='ltr'><strong>acqua-</strong></span> 
     </span>
    </p>
   </div>
   <div class='ocr_carea' id='block_1_25' title="bbox 606 2528 1253 2588">
    <p class='ocr_par' dir='ltr' id='par_1_25' title="bbox 606 2528 1253 2588">
     <span class='ocr_line' id='line_1_25' title="bbox 606 2528 1253 2588; baseline -0.009 -1"><span class='ocrx_word' id='word_1_170' title='bbox 606 2535 811 2588; x_wconf 85' lang='lat' dir='ltr'><strong>litatem</strong></span> <span class='ocrx_word' id='word_1_171' title='bbox 838 2528 1253 2587; x_wconf 78' lang='lat' dir='ltr'><strong>defendendam.</strong></span> 
     </span>
    </p>
   </div>
   <div class='ocr_carea' id='block_1_26' title="bbox 677 2616 2207 2688">
    <p class='ocr_par' dir='ltr' id='par_1_26' title="bbox 677 2616 2207 2688">
     <span class='ocr_line' id='line_1_26' title="bbox 677 2616 2207 2688; baseline -0.008 -6"><span class='ocrx_word' id='word_1_172' title='bbox 677 2627 770 2682; x_wconf 86' lang='lat' dir='ltr'><strong>His</strong></span> <span class='ocrx_word' id='word_1_173' title='bbox 811 2623 1105 2680; x_wconf 87' lang='lat' dir='ltr'><strong>rationibus</strong></span> <span class='ocrx_word' id='word_1_174' title='bbox 1154 2621 1344 2676; x_wconf 92' lang='lat' dir='ltr'><strong>nititur</strong></span> <span class='ocrx_word' id='word_1_175' title='bbox 1392 2618 1568 2673; x_wconf 80' lang='lat' dir='ltr'><strong>editor</strong></span> <span class='ocrx_word' id='word_1_176' title='bbox 1612 2616 1934 2673; x_wconf 83' lang='lat' dir='ltr'><strong>Oxoniensis</strong></span> <span class='ocrx_word' id='word_1_177' title='bbox 1965 2617 2102 2688; x_wconf 89' lang='lat' dir='ltr'><strong>(not.</strong></span> <span class='ocrx_word' id='word_1_178' title='bbox 2132 2616 2207 2687; x_wconf 87' lang='lat' dir='ltr'><strong>l),</strong></span> 
     </span>
    </p>
   </div>
   <div class='ocr_carea' id='block_1_27' title="bbox 603 2708 2210 2789">
    <p class='ocr_par' dir='ltr' id='par_1_27' title="bbox 603 2708 2210 2789">
     <span class='ocr_line' id='line_1_27' title="bbox 603 2708 2210 2789; baseline -0.009 -14"><span class='ocrx_word' id='word_1_179' title='bbox 603 2719 746 2789; x_wconf 88' lang='lat' dir='ltr'><strong>quod</strong></span> <span class='ocrx_word' id='word_1_180' title='bbox 777 2717 920 2772; x_wconf 80' lang='lat' dir='ltr'><strong>circa</strong></span> <span class='ocrx_word' id='word_1_181' title='bbox 942 2715 1101 2771; x_wconf 76' lang='lat' dir='ltr'><strong>Beda:</strong></span> <span class='ocrx_word' id='word_1_182' title='bbox 1119 2722 1359 2783; x_wconf 89' lang='lat' dir='ltr'><strong>tempora</strong></span> <span class='ocrx_word' id='word_1_183' title='bbox 1381 2712 1449 2767; x_wconf 91' lang='lat' dir='ltr'><strong>de</strong></span> <span class='ocrx_word' id='word_1_184' title='bbox 1469 2710 1788 2765; x_wconf 88' lang='lat' dir='ltr'><strong>clericorum</strong></span> <span class='ocrx_word' id='word_1_185' title='bbox 1811 2708 2064 2764; x_wconf 76' lang='lat' dir='ltr'><strong>ccelibatu</strong></span> <span class='ocrx_word' id='word_1_186' title='bbox 2093 2722 2210 2761; x_wconf 91' lang='lat' dir='ltr'><strong>ma-</strong></span> 
     </span>
    </p>
   </div>
   <div class='ocr_carea' id='block_1_28' title="bbox 607 2801 2207 2877">
    <p class='ocr_par' dir='ltr' id='par_1_28' title="bbox 607 2801 2207 2877">
     <span class='ocr_line' id='line_1_28' title="bbox 607 2801 2207 2877; baseline -0.007 -12"><span class='ocrx_word' id='word_1_187' title='bbox 607 2813 751 2865; x_wconf 71' lang='lat' dir='ltr'><strong>xime</strong></span> <span class='ocrx_word' id='word_1_188' title='bbox 782 2809 1014 2865; x_wconf 86' lang='lat' dir='ltr'><strong>ferveret</strong></span> <span class='ocrx_word' id='word_1_189' title='bbox 1059 2805 1355 2877; x_wconf 67' lang='lat' dir='ltr'><strong>prmsertim</strong></span> <span class='ocrx_word' id='word_1_190' title='bbox 1390 2805 1442 2858; x_wconf 91' lang='lat' dir='ltr'><strong>in</strong></span> <span class='ocrx_word' id='word_1_191' title='bbox 1468 2802 1760 2859; x_wconf 84' lang='lat' dir='ltr'><strong>Occidente</strong></span> <span class='ocrx_word' id='word_1_192' title='bbox 1803 2801 2207 2866; x_wconf 73' lang='lat' dir='ltr'><strong>controversia;</strong></span> 
     </span>
    </p>
   </div>
   <div class='ocr_carea' id='block_1_29' title="bbox 600 2894 2214 2974">
    <p class='ocr_par' dir='ltr' id='par_1_29' title="bbox 600 2894 2214 2974">
     <span class='ocr_line' id='line_1_29' title="bbox 600 2894 2214 2974; baseline -0.007 -17"><span class='ocrx_word' id='word_1_193' title='bbox 600 2902 741 2974; x_wconf 85' lang='lat' dir='ltr'><strong>quod</strong></span> <span class='ocrx_word' id='word_1_194' title='bbox 766 2913 889 2957; x_wconf 91' lang='lat' dir='ltr'><strong>tunc</strong></span> <span class='ocrx_word' id='word_1_195' title='bbox 912 2898 1329 2955; x_wconf 87' lang='lat' dir='ltr'><strong>revelationibns</strong></span> <span class='ocrx_word' id='word_1_196' title='bbox 1351 2936 1366 2962; x_wconf 96' lang='lat'><strong>,</strong></span> <span class='ocrx_word' id='word_1_197' title='bbox 1402 2904 1458 2951; x_wconf 86' lang='lat' dir='ltr'><strong>ut</strong></span> <span class='ocrx_word' id='word_1_198' title='bbox 1510 2898 1610 2950; x_wconf 89' lang='lat' dir='ltr'><strong>hoc</strong></span> <span class='ocrx_word' id='word_1_199' title='bbox 1639 2895 1754 2965; x_wconf 85' lang='lat' dir='ltr'><strong>ipso</strong></span> <span class='ocrx_word' id='word_1_200' title='bbox 1783 2895 1834 2947; x_wconf 94' lang='lat' dir='ltr'><strong>iu</strong></span> <span class='ocrx_word' id='word_1_201' title='bbox 1866 2894 2002 2949; x_wconf 88' lang='lat' dir='ltr'><strong>libro</strong></span> <span class='ocrx_word' id='word_1_202' title='bbox 2021 2935 2037 2959; x_wconf 91' lang='lat'><strong>,</strong></span> <span class='ocrx_word' id='word_1_203' title='bbox 2082 2908 2214 2949; x_wconf 91' lang='lat' dir='ltr'><strong>con-</strong></span> 
     </span>
    </p>
   </div>
   <div class='ocr_carea' id='block_1_30' title="bbox 598 2984 2213 3065">
    <p class='ocr_par' dir='ltr' id='par_1_30' title="bbox 598 2984 2213 3065">
     <span class='ocr_line' id='line_1_30' title="bbox 598 2984 2213 3065; baseline -0.004 -19"><span class='ocrx_word' id='word_1_204' title='bbox 598 2994 809 3065; x_wconf 76' lang='lat' dir='ltr'><strong>jugium</strong></span> <span class='ocrx_word' id='word_1_205' title='bbox 836 2990 1182 3048; x_wconf 86' lang='lat' dir='ltr'><strong>sacerdotum</strong></span> <span class='ocrx_word' id='word_1_206' title='bbox 1216 2987 1543 3057; x_wconf 82' lang='lat' dir='ltr'><strong>prohibitum</strong></span> <span class='ocrx_word' id='word_1_207' title='bbox 1576 2986 1868 3050; x_wconf 87' lang='lat' dir='ltr'><strong>diceretur;</strong></span> <span class='ocrx_word' id='word_1_208' title='bbox 1902 2984 2045 3056; x_wconf 92' lang='lat' dir='ltr'><strong>quod</strong></span> <span class='ocrx_word' id='word_1_209' title='bbox 2071 2984 2213 3039; x_wconf 91' lang='lat' dir='ltr'><strong>hunc</strong></span> 
     </span>
    </p>
   </div>
   <div class='ocr_carea' id='block_1_31' title="bbox 603 3079 2211 3156">
    <p class='ocr_par' dir='ltr' id='par_1_31' title="bbox 603 3079 2211 3156">
     <span class='ocr_line' id='line_1_31' title="bbox 603 3079 2211 3156; baseline -0.005 -15"><span class='ocrx_word' id='word_1_210' title='bbox 603 3087 801 3144; x_wconf 85' lang='lat' dir='ltr'><strong>librum</strong></span> <span class='ocrx_word' id='word_1_211' title='bbox 821 3094 940 3156; x_wconf 86' lang='lat' dir='ltr'><strong>post</strong></span> <span class='ocrx_word' id='word_1_212' title='bbox 959 3083 1242 3155; x_wconf 78' lang='lat' dir='ltr'><strong>Vulgatam</strong></span> <span class='ocrx_word' id='word_1_213' title='bbox 1257 3083 1559 3137; x_wconf 85' lang='lat' dir='ltr'><strong>versionem</strong></span> <span class='ocrx_word' id='word_1_214' title='bbox 1587 3081 1638 3135; x_wconf 92' lang='lat' dir='ltr'><strong>in</strong></span> <span class='ocrx_word' id='word_1_215' title='bbox 1662 3095 1761 3135; x_wconf 89' lang='lat' dir='ltr'><strong>usu</strong></span> <span class='ocrx_word' id='word_1_216' title='bbox 1791 3090 2062 3151; x_wconf 87' lang='lat' dir='ltr'><strong>receptam</strong></span> <span class='ocrx_word' id='word_1_217' title='bbox 2080 3079 2211 3135; x_wconf 78' lang='lat' dir='ltr'><strong>scri-</strong></span> 
     </span>
    </p>
   </div>
   <div class='ocr_carea' id='block_1_32' title="bbox 598 3171 2208 3248">
    <p class='ocr_par' dir='ltr' id='par_1_32' title="bbox 598 3171 2208 3248">
     <span class='ocr_line' id='line_1_32' title="bbox 598 3171 2208 3248; baseline -0.005 -15"><span class='ocrx_word' id='word_1_218' title='bbox 598 3188 751 3248; x_wconf 88' lang='lat' dir='ltr'><strong>ptmn</strong></span> <span class='ocrx_word' id='word_1_219' title='bbox 780 3176 945 3231; x_wconf 83' lang='lat' dir='ltr'><strong>fuisse</strong></span> <span class='ocrx_word' id='word_1_220' title='bbox 971 3182 1205 3231; x_wconf 88' lang='lat' dir='ltr'><strong>constet.</strong></span> <span class='ocrx_word' id='word_1_221' title='bbox 1240 3173 1347 3229; x_wconf 87' lang='lat' dir='ltr'><strong>Sed</strong></span> <span class='ocrx_word' id='word_1_222' title='bbox 1378 3173 1511 3227; x_wconf 90' lang='lat' dir='ltr'><strong>nihil</strong></span> <span class='ocrx_word' id='word_1_223' title='bbox 1553 3187 1771 3243; x_wconf 86' lang='lat' dir='ltr'><strong>prorsus</strong></span> <span class='ocrx_word' id='word_1_224' title='bbox 1798 3173 1908 3243; x_wconf 89' lang='lat' dir='ltr'><strong>agit</strong></span> <span class='ocrx_word' id='word_1_225' title='bbox 1942 3171 2106 3241; x_wconf 87' lang='lat' dir='ltr'><strong>petita</strong></span> <span class='ocrx_word' id='word_1_226' title='bbox 2138 3186 2208 3227; x_wconf 89' lang='lat' dir='ltr'><strong>ex</strong></span> 
     </span>
    </p>
   </div>
   <div class='ocr_carea' id='block_1_33' title="bbox 603 3265 2213 3337">
    <p class='ocr_par' dir='ltr' id='par_1_33' title="bbox 603 3265 2213 3337">
     <span class='ocr_line' id='line_1_33' title="bbox 603 3265 2213 3337; baseline -0.004 -10"><span class='ocrx_word' id='word_1_227' title='bbox 603 3270 1027 3327; x_wconf 79' lang='lat' dir='ltr'><strong>revelatiouibus</strong></span> <span class='ocrx_word' id='word_1_228' title='bbox 1055 3268 1209 3329; x_wconf 90' lang='lat' dir='ltr'><strong>ratio,</strong></span> <span class='ocrx_word' id='word_1_229' title='bbox 1239 3282 1359 3337; x_wconf 65' lang='lat' dir='ltr'><strong>qua:</strong></span> <span class='ocrx_word' id='word_1_230' title='bbox 1383 3266 1552 3320; x_wconf 89' lang='lat' dir='ltr'><strong>multo</strong></span> <span class='ocrx_word' id='word_1_231' title='bbox 1577 3265 1973 3336; x_wconf 87' lang='lat' dir='ltr'><strong>frequentiores</strong></span> <span class='ocrx_word' id='word_1_232' title='bbox 1995 3265 2213 3321; x_wconf 91' lang='lat' dir='ltr'><strong>fuerunt</strong></span> 
     </span>
    </p>
   </div>
   <div class='ocr_carea' id='block_1_34' title="bbox 599 3358 2207 3432">
    <p class='ocr_par' dir='ltr' id='par_1_34' title="bbox 599 3358 2207 3432">
     <span class='ocr_line' id='line_1_34' title="bbox 599 3358 2207 3432; baseline -0.006 -10"><span class='ocrx_word' id='word_1_233' title='bbox 599 3366 761 3422; x_wconf 77' lang='lat' dir='ltr'><strong>tertio</strong></span> <span class='ocrx_word' id='word_1_234' title='bbox 791 3373 844 3418; x_wconf 90' lang='lat' dir='ltr'><strong>et</strong></span> <span class='ocrx_word' id='word_1_235' title='bbox 870 3370 1061 3432; x_wconf 87' lang='lat' dir='ltr'><strong>quarto</strong></span> <span class='ocrx_word' id='word_1_236' title='bbox 1090 3360 1288 3415; x_wconf 60' lang='lat' dir='ltr'><strong>saeculo</strong></span> <span class='ocrx_word' id='word_1_237' title='bbox 1310 3402 1325 3426; x_wconf 93' lang='lat'><strong>,</strong></span> <span class='ocrx_word' id='word_1_238' title='bbox 1370 3375 1530 3429; x_wconf 89' lang='lat' dir='ltr'><strong>quam</strong></span> <span class='ocrx_word' id='word_1_239' title='bbox 1559 3361 1701 3415; x_wconf 91' lang='lat' dir='ltr'><strong>circa</strong></span> <span class='ocrx_word' id='word_1_240' title='bbox 1739 3358 1898 3414; x_wconf 73' lang='lat' dir='ltr'><strong>Bedz&#39;e</strong></span> <span class='ocrx_word' id='word_1_241' title='bbox 1944 3369 2207 3429; x_wconf 89' lang='lat' dir='ltr'><strong>tempora.</strong></span> 
     </span>
    </p>
   </div>
   <div class='ocr_carea' id='block_1_35' title="bbox 599 3448 2212 3520">
    <p class='ocr_par' dir='ltr' id='par_1_35' title="bbox 599 3448 2212 3520">
     <span class='ocr_line' id='line_1_35' title="bbox 599 3448 2212 3520; baseline -0.004 -7"><span class='ocrx_word' id='word_1_242' title='bbox 599 3459 718 3515; x_wconf 81' lang='lat' dir='ltr'><strong>Iam</strong></span> <span class='ocrx_word' id='word_1_243' title='bbox 748 3456 908 3511; x_wconf 89' lang='lat' dir='ltr'><strong>tertio</strong></span> <span class='ocrx_word' id='word_1_244' title='bbox 932 3452 1134 3508; x_wconf 65' lang='grc' dir='ltr'>ειοιξοιιιο</span> <span class='ocrx_word' id='word_1_245' title='bbox 1161 3449 1446 3520; x_wconf 72' lang='lat' dir='ltr'><strong>prohibita:</strong></span> <span class='ocrx_word' id='word_1_246' title='bbox 1474 3448 1686 3506; x_wconf 89' lang='lat' dir='ltr'><strong>fuerant</strong></span> <span class='ocrx_word' id='word_1_247' title='bbox 1714 3449 1932 3506; x_wconf 89' lang='lat' dir='ltr'><strong>clericis</strong></span> <span class='ocrx_word' id='word_1_248' title='bbox 1956 3450 2212 3506; x_wconf 84' lang='lat' dir='ltr'><strong>mulieres</strong></span> 
     </span>
    </p>
   </div>
   <div class='ocr_carea' id='block_1_36' title="bbox 599 3544 2210 3609">
    <p class='ocr_par' dir='ltr' id='par_1_36' title="bbox 599 3544 2210 3609">
     <span class='ocr_line' id='line_1_36' title="bbox 599 3544 2210 3609; baseline -0.005 -2"><span class='ocrx_word' id='word_1_249' title='bbox 599 3547 1019 3607; x_wconf 73' lang='lat' dir='ltr'><strong>subintroductze</strong></span> <span class='ocrx_word' id='word_1_250' title='bbox 1060 3560 1221 3601; x_wconf 90' lang='lat' dir='ltr'><strong>:nam</strong></span> <span class='ocrx_word' id='word_1_251' title='bbox 1271 3544 1436 3600; x_wconf 84' lang='lat' dir='ltr'><strong>Paulo</strong></span> <span class='ocrx_word' id='word_1_252' title='bbox 1487 3545 1858 3609; x_wconf 89' lang='lat' dir='ltr'><strong>Samosateuo,</strong></span> <span class='ocrx_word' id='word_1_253' title='bbox 1927 3546 2064 3600; x_wconf 90' lang='lat' dir='ltr'><strong>inter</strong></span> <span class='ocrx_word' id='word_1_254' title='bbox 2107 3545 2210 3599; x_wconf 90' lang='lat' dir='ltr'><strong>alia</strong></span> 
     </span>
    </p>
   </div>
   <div class='ocr_carea' id='block_1_37' title="bbox 598 3641 2212 3721">
    <p class='ocr_par' dir='ltr' id='par_1_37' title="bbox 598 3641 2212 3721">
     <span class='ocr_line' id='line_1_37' title="bbox 598 3641 2212 3721; baseline -0.005 -17"><span class='ocrx_word' id='word_1_255' title='bbox 598 3647 854 3721; x_wconf 87' lang='lat' dir='ltr'><strong>plurima,</strong></span> <span class='ocrx_word' id='word_1_256' title='bbox 887 3643 1013 3700; x_wconf 90' lang='lat' dir='ltr'><strong>illud</strong></span> <span class='ocrx_word' id='word_1_257' title='bbox 1030 3645 1195 3701; x_wconf 89' lang='lat' dir='ltr'><strong>etiam</strong></span> <span class='ocrx_word' id='word_1_258' title='bbox 1219 3641 1431 3697; x_wconf 89' lang='lat' dir='ltr'><strong>crimini</strong></span> <span class='ocrx_word' id='word_1_259' title='bbox 1458 3650 1731 3697; x_wconf 87' lang='lat' dir='ltr'><strong>verterunt</strong></span> <span class='ocrx_word' id='word_1_260' title='bbox 1769 3641 2088 3698; x_wconf 83' lang='lat' dir='ltr'><strong>Antiocheui</strong></span> <span class='ocrx_word' id='word_1_261' title='bbox 2119 3658 2212 3712; x_wconf 88' lang='lat' dir='ltr'><strong>pa-</strong></span> 
     </span>
    </p>
   </div>
   <div class='ocr_carea' id='block_1_38' title="bbox 603 3734 2206 3810">
    <p class='ocr_par' dir='ltr' id='par_1_38' title="bbox 603 3734 2206 3810">
     <span class='ocr_line' id='line_1_38' title="bbox 603 3734 2206 3810; baseline -0.004 -14"><span class='ocrx_word' id='word_1_262' title='bbox 603 3754 744 3807; x_wconf 79' lang='lat' dir='ltr'><strong>tres,</strong></span> <span class='ocrx_word' id='word_1_263' title='bbox 773 3737 915 3810; x_wconf 91' lang='lat' dir='ltr'><strong>quod</strong></span> <span class='ocrx_word' id='word_1_264' title='bbox 938 3752 1060 3793; x_wconf 91' lang='lat' dir='ltr'><strong>cum</strong></span> <span class='ocrx_word' id='word_1_265' title='bbox 1105 3736 1219 3807; x_wconf 88' lang='lat' dir='ltr'><strong>ipse</strong></span> <span class='ocrx_word' id='word_1_266' title='bbox 1250 3734 1514 3805; x_wconf 85' lang='lat' dir='ltr'><strong>ejusmodi</strong></span> <span class='ocrx_word' id='word_1_267' title='bbox 1547 3734 1835 3800; x_wconf 87' lang='lat' dir='ltr'><strong>mulieres,</strong></span> <span class='ocrx_word' id='word_1_268' title='bbox 1885 3744 1996 3789; x_wconf 90' lang='lat' dir='ltr'><strong>tum</strong></span> <span class='ocrx_word' id='word_1_269' title='bbox 2021 3734 2206 3801; x_wconf 90' lang='lat' dir='ltr'><strong>etiam;</strong></span> 
     </span>
    </p>
   </div>
   <div class='ocr_carea' id='block_1_39' title="bbox 600 3827 2210 3907">
    <p class='ocr_par' dir='ltr' id='par_1_39' title="bbox 600 3827 2210 3907">
     <span class='ocr_line' id='line_1_39' title="bbox 600 3827 2210 3907; baseline -0.004 -16"><span class='ocrx_word' id='word_1_270' title='bbox 600 3837 725 3907; x_wconf 87' lang='lat' dir='ltr'><strong>ipso</strong></span> <span class='ocrx_word' id='word_1_271' title='bbox 744 3830 1087 3896; x_wconf 85' lang='lat' dir='ltr'><strong>connivente,</strong></span> <span class='ocrx_word' id='word_1_272' title='bbox 1105 3827 1409 3900; x_wconf 84' lang='lat' dir='ltr'><strong>presbyteri</strong></span> <span class='ocrx_word' id='word_1_273' title='bbox 1434 3838 1489 3883; x_wconf 89' lang='lat' dir='ltr'><strong>et</strong></span> <span class='ocrx_word' id='word_1_274' title='bbox 1508 3827 1718 3883; x_wconf 88' lang='lat' dir='ltr'><strong>diaconi</strong></span> <span class='ocrx_word' id='word_1_275' title='bbox 1745 3828 2210 3900; x_wconf 83' lang='lat' dir='ltr'><strong>Itabuisseut.Legi</strong></span> 
     </span>
    </p>
   </div>
   <div class='ocr_carea' id='block_1_40' title="bbox 603 3921 2208 3997">
    <p class='ocr_par' dir='ltr' id='par_1_40' title="bbox 603 3921 2208 3997">
     <span class='ocr_line' id='line_1_40' title="bbox 603 3921 2208 3997; baseline -0.004 -12"><span class='ocrx_word' id='word_1_276' title='bbox 603 3932 766 3986; x_wconf 87' lang='lat' dir='ltr'><strong>etiam</strong></span> <span class='ocrx_word' id='word_1_277' title='bbox 812 3934 989 3997; x_wconf 79' lang='lat' dir='ltr'><strong>pote§t</strong></span> <span class='ocrx_word' id='word_1_278' title='bbox 1027 3923 1129 3995; x_wconf 92' lang='lat' dir='ltr'><strong>Ep.</strong></span> <span class='ocrx_word' id='word_1_279' title='bbox 1198 3938 1303 3979; x_wconf 77' lang='lat' dir='ltr'><strong>tht</strong></span> <span class='ocrx_word' id='word_1_280' title='bbox 1360 3921 1638 3994; x_wconf 81' lang='lat' dir='ltr'><strong>Cypriani.</strong></span> <span class='ocrx_word' id='word_1_281' title='bbox 1689 3922 1843 3989; x_wconf 84' lang='lat' dir='ltr'><strong>Quod</strong></span> <span class='ocrx_word' id='word_1_282' title='bbox 1891 3932 2095 3993; x_wconf 83' lang='lat' dir='ltr'><strong>spectat</strong></span> <span class='ocrx_word' id='word_1_283' title='bbox 2140 3922 2208 3978; x_wconf 91' lang='lat' dir='ltr'><strong>ad</strong></span> 
     </span>
    </p>
   </div>
   <div class='ocr_carea' id='block_1_41' title="bbox 605 4014 2209 4088">
    <p class='ocr_par' dir='ltr' id='par_1_41' title="bbox 605 4014 2209 4088">
     <span class='ocr_line' id='line_1_41' title="bbox 605 4014 2209 4088; baseline -0.002 -13"><span class='ocrx_word' id='word_1_284' title='bbox 605 4020 887 4088; x_wconf 72' lang='lat' dir='ltr'><strong>V’ulgatam</strong></span> <span class='ocrx_word' id='word_1_285' title='bbox 915 4016 1242 4074; x_wconf 88' lang='lat' dir='ltr'><strong>versionem.</strong></span> <span class='ocrx_word' id='word_1_286' title='bbox 1271 4030 1418 4080; x_wconf 92' lang='lat' dir='ltr'><strong>num,</strong></span> <span class='ocrx_word' id='word_1_287' title='bbox 1448 4028 1657 4084; x_wconf 83' lang='lat' dir='ltr'><strong>qu:rso,</strong></span> <span class='ocrx_word' id='word_1_288' title='bbox 1691 4014 1836 4069; x_wconf 91' lang='lat' dir='ltr'><strong>illam</strong></span> <span class='ocrx_word' id='word_1_289' title='bbox 1855 4014 2094 4085; x_wconf 85' lang='lat' dir='ltr'><strong>sequitur</strong></span> <span class='ocrx_word' id='word_1_290' title='bbox 2122 4016 2209 4071; x_wconf 90' lang='lat' dir='ltr'><strong>hic</strong></span> 
     </span>
    </p>
   </div>
   <div class='ocr_carea' id='block_1_42' title="bbox 602 4103 2207 4180">
    <p class='ocr_par' dir='ltr' id='par_1_42' title="bbox 602 4103 2207 4180">
     <span class='ocr_line' id='line_1_42' title="bbox 602 4103 2207 4180; baseline -0.004 -12"><span class='ocrx_word' id='word_1_291' title='bbox 602 4111 838 4180; x_wconf 81' lang='lat' dir='ltr'><strong>scriptor</strong></span> <span class='ocrx_word' id='word_1_292' title='bbox 865 4123 986 4164; x_wconf 91' lang='lat' dir='ltr'><strong>cum</strong></span> <span class='ocrx_word' id='word_1_293' title='bbox 1019 4106 1097 4161; x_wconf 88' lang='lat' dir='ltr'><strong>sic</strong></span> <span class='ocrx_word' id='word_1_294' title='bbox 1127 4104 1438 4174; x_wconf 85' lang='lat' dir='ltr'><strong>Apostolum</strong></span> <span class='ocrx_word' id='word_1_295' title='bbox 1468 4106 1630 4161; x_wconf 85' lang='lat' dir='ltr'><strong>citat:</strong></span> <span class='ocrx_word' id='word_1_296' title='bbox 1664 4103 1956 4161; x_wconf 84' lang='lat' dir='ltr'><strong>Posteriora</strong></span> <span class='ocrx_word' id='word_1_297' title='bbox 2005 4108 2207 4177; x_wconf 81' lang='lat' dir='ltr'><strong>quidem</strong></span> 
     </span>
    </p>
   </div>
   <div class='ocr_carea' id='block_1_43' title="bbox 603 4200 2206 4271">
    <p class='ocr_par' dir='ltr' id='par_1_43' title="bbox 603 4200 2206 4271">
     <span class='ocr_line' id='line_1_43' title="bbox 603 4200 2206 4271; baseline -0.004 -11"><span class='ocrx_word' id='word_1_298' title='bbox 603 4204 921 4265; x_wconf 80' lang='lat' dir='ltr'><strong>obliviscens,</strong></span> <span class='ocrx_word' id='word_1_299' title='bbox 952 4200 1021 4255; x_wconf 85' lang='lat' dir='ltr'><strong>ad</strong></span> <span class='ocrx_word' id='word_1_300' title='bbox 1049 4217 1107 4254; x_wconf 86' lang='lat' dir='ltr'><strong>ea</strong></span> <span class='ocrx_word' id='word_1_301' title='bbox 1136 4215 1249 4267; x_wconf 78' lang='lat' dir='ltr'><strong>qua:</strong></span> <span class='ocrx_word' id='word_1_302' title='bbox 1276 4207 1392 4253; x_wconf 82' lang='lat' dir='ltr'><strong>sunt</strong></span> <span class='ocrx_word' id='word_1_303' title='bbox 1413 4208 1530 4253; x_wconf 84' lang='lat' dir='ltr'><strong>ante</strong></span> <span class='ocrx_word' id='word_1_304' title='bbox 1556 4212 1747 4269; x_wconf 84' lang='lat' dir='ltr'><strong>petens,</strong></span> <span class='ocrx_word' id='word_1_305' title='bbox 1781 4201 1848 4253; x_wconf 85' lang='lat' dir='ltr'><strong>ad</strong></span> <span class='ocrx_word' id='word_1_306' title='bbox 1875 4201 2104 4271; x_wconf 77' lang='lat' dir='ltr'><strong>regulam</strong></span> <span class='ocrx_word' id='word_1_307' title='bbox 2128 4216 2206 4255; x_wconf 85' lang='lat' dir='ltr'><strong>se-</strong></span> 
     </span>
    </p>
   </div>
   <div class='ocr_carea' id='block_1_44' title="bbox 606 4291 2208 4367">
    <p class='ocr_par' dir='ltr' id='par_1_44' title="bbox 606 4291 2208 4367">
     <span class='ocr_line' id='line_1_44' title="bbox 606 4291 2208 4367; baseline -0.003 -15"><span class='ocrx_word' id='word_1_308' title='bbox 606 4314 768 4367; x_wconf 78' lang='lat' dir='ltr'><strong>quor,</strong></span> <span class='ocrx_word' id='word_1_309' title='bbox 799 4297 867 4350; x_wconf 86' lang='lat' dir='ltr'><strong>ad</strong></span> <span class='ocrx_word' id='word_1_310' title='bbox 912 4294 1135 4365; x_wconf 81' lang='lat' dir='ltr'><strong>palmam</strong></span> <span class='ocrx_word' id='word_1_311' title='bbox 1178 4308 1413 4359; x_wconf 71' lang='lat' dir='ltr'><strong>superna:</strong></span> <span class='ocrx_word' id='word_1_312' title='bbox 1459 4291 1735 4345; x_wconf 82' lang='lat' dir='ltr'><strong>vocationis</strong></span> <span class='ocrx_word' id='word_1_313' title='bbox 1785 4291 1994 4347; x_wconf 84' lang='lat' dir='ltr'><strong>Domini</strong></span> <span class='ocrx_word' id='word_1_314' title='bbox 2047 4295 2208 4349; x_wconf 77' lang='lat' dir='ltr'><strong>nostri</strong></span> 
     </span>
    </p>
   </div>
   <div class='ocr_carea' id='block_1_45' title="bbox 605 4382 2207 4454">
    <p class='ocr_par' dir='ltr' id='par_1_45' title="bbox 605 4382 2207 4454">
     <span class='ocr_line' id='line_1_45' title="bbox 605 4382 2207 4454; baseline -0.003 -6"><span class='ocrx_word' id='word_1_315' title='bbox 605 4391 734 4447; x_wconf 82' lang='lat' dir='ltr'><strong>Iesu</strong></span> <span class='ocrx_word' id='word_1_316' title='bbox 762 4387 971 4444; x_wconf 75' lang='lat' dir='ltr'><strong>Christi.</strong></span> <span class='ocrx_word' id='word_1_317' title='bbox 1004 4384 1204 4441; x_wconf 85' lang='lat' dir='ltr'><strong>Fecere</strong></span> <span class='ocrx_word' id='word_1_318' title='bbox 1243 4383 1295 4439; x_wconf 88' lang='lat' dir='ltr'><strong>id</strong></span> <span class='ocrx_word' id='word_1_319' title='bbox 1338 4382 1554 4454; x_wconf 87' lang='lat' dir='ltr'><strong>quidem</strong></span> <span class='ocrx_word' id='word_1_320' title='bbox 1588 4383 1786 4438; x_wconf 89' lang='lat' dir='ltr'><strong>librarii</strong></span> <span class='ocrx_word' id='word_1_321' title='bbox 1835 4385 1887 4439; x_wconf 91' lang='lat' dir='ltr'><strong>iu</strong></span> <span class='ocrx_word' id='word_1_322' title='bbox 1930 4384 2032 4440; x_wconf 89' lang='lat' dir='ltr'><strong>hoc</strong></span> <span class='ocrx_word' id='word_1_323' title='bbox 2072 4387 2207 4443; x_wconf 91' lang='lat' dir='ltr'><strong>libro</strong></span> 
     </span>
    </p>
   </div>
   <div class='ocr_carea' id='block_1_46' title="bbox 607 4476 2204 4550">
    <p class='ocr_par' dir='ltr' id='par_1_46' title="bbox 607 4476 2204 4550">
     <span class='ocr_line' id='line_1_46' title="bbox 607 4476 2204 4550; baseline -0.003 -14"><span class='ocrx_word' id='word_1_324' title='bbox 607 4495 663 4541; x_wconf 79' lang='lat' dir='ltr'><strong>et</strong></span> <span class='ocrx_word' id='word_1_325' title='bbox 690 4482 876 4540; x_wconf 89' lang='lat' dir='ltr'><strong>multis</strong></span> <span class='ocrx_word' id='word_1_326' title='bbox 904 4480 1024 4535; x_wconf 90' lang='lat' dir='ltr'><strong>aliis</strong></span> <span class='ocrx_word' id='word_1_327' title='bbox 1044 4521 1059 4545; x_wconf 92' lang='lat'><strong>,</strong></span> <span class='ocrx_word' id='word_1_328' title='bbox 1091 4488 1147 4533; x_wconf 90' lang='lat' dir='ltr'><strong>ut</strong></span> <span class='ocrx_word' id='word_1_329' title='bbox 1181 4476 1472 4547; x_wconf 64' lang='lat' dir='ltr'><strong>Scriptura}</strong></span> <span class='ocrx_word' id='word_1_330' title='bbox 1502 4476 1803 4531; x_wconf 90' lang='lat' dir='ltr'><strong>testimonia</strong></span> <span class='ocrx_word' id='word_1_331' title='bbox 1828 4478 1893 4532; x_wconf 90' lang='lat' dir='ltr'><strong>ad</strong></span> <span class='ocrx_word' id='word_1_332' title='bbox 1927 4478 2204 4550; x_wconf 82' lang='lat' dir='ltr'><strong>Vulgatam</strong></span> 
     </span>
    </p>
   </div>
   <div class='ocr_carea' id='block_1_47' title="bbox 606 4568 2207 4646">
    <p class='ocr_par' dir='ltr' id='par_1_47' title="bbox 606 4568 2207 4646">
     <span class='ocr_line' id='line_1_47' title="bbox 606 4568 2207 4646; baseline -0.003 -11"><span class='ocrx_word' id='word_1_333' title='bbox 606 4582 946 4641; x_wconf 84' lang='lat' dir='ltr'><strong>revocarent;</strong></span> <span class='ocrx_word' id='word_1_334' title='bbox 969 4572 1062 4628; x_wconf 87' lang='lat' dir='ltr'><strong>sed</strong></span> <span class='ocrx_word' id='word_1_335' title='bbox 1091 4586 1234 4642; x_wconf 80' lang='lat' dir='ltr'><strong>saepe</strong></span> <span class='ocrx_word' id='word_1_336' title='bbox 1258 4585 1320 4625; x_wconf 82' lang='lat' dir='ltr'><strong>ex</strong></span> <span class='ocrx_word' id='word_1_337' title='bbox 1346 4569 1570 4624; x_wconf 75' lang='lat' dir='ltr'><strong>vetustis</strong></span> <span class='ocrx_word' id='word_1_338' title='bbox 1585 4568 1860 4626; x_wconf 86' lang='lat' dir='ltr'><strong>codicibus</strong></span> <span class='ocrx_word' id='word_1_339' title='bbox 1881 4586 2006 4627; x_wconf 85' lang='lat' dir='ltr'><strong>vera</strong></span> <span class='ocrx_word' id='word_1_340' title='bbox 2029 4572 2207 4646; x_wconf 86' lang='lat' dir='ltr'><strong>legen-</strong></span> 
     </span>
    </p>
   </div>
   <div class='ocr_carea' id='block_1_48' title="bbox 606 4663 1200 4737">
    <p class='ocr_par' dir='ltr' id='par_1_48' title="bbox 606 4663 1200 4737">
     <span class='ocr_line' id='line_1_48' title="bbox 606 4663 1200 4737; baseline -0.019 -10"><span class='ocrx_word' id='word_1_341' title='bbox 606 4671 660 4727; x_wconf 91' lang='lat' dir='ltr'><strong>di</strong></span> <span class='ocrx_word' id='word_1_342' title='bbox 688 4671 823 4725; x_wconf 88' lang='lat' dir='ltr'><strong>ratio</strong></span> <span class='ocrx_word' id='word_1_343' title='bbox 850 4663 1200 4737; x_wconf 79' lang='lat' dir='ltr'><strong>dignoscitur.</strong></span> 
     </span>
    </p>
   </div>
   <div class='ocr_carea' id='block_1_49' title="bbox 681 4754 2207 4828">
    <p class='ocr_par' dir='ltr' id='par_1_49' title="bbox 681 4754 2207 4828">
     <span class='ocr_line' id='line_1_49' title="bbox 681 4754 2207 4828; baseline -0.001 -11"><span class='ocrx_word' id='word_1_344' title='bbox 681 4764 932 4818; x_wconf 82' lang='lat' dir='ltr'><strong>Statuere</strong></span> <span class='ocrx_word' id='word_1_345' title='bbox 976 4771 1105 4828; x_wconf 82' lang='lat' dir='ltr'><strong>ergo</strong></span> <span class='ocrx_word' id='word_1_346' title='bbox 1156 4755 1281 4811; x_wconf 90' lang='lat' dir='ltr'><strong>licet</strong></span> <span class='ocrx_word' id='word_1_347' title='bbox 1330 4754 1470 4809; x_wconf 90' lang='lat' dir='ltr'><strong>hunc</strong></span> <span class='ocrx_word' id='word_1_348' title='bbox 1514 4755 1834 4825; x_wconf 87' lang='lat' dir='ltr'><strong>scriptorem</strong></span> <span class='ocrx_word' id='word_1_349' title='bbox 1895 4758 2052 4813; x_wconf 90' lang='lat' dir='ltr'><strong>tertio</strong></span> <span class='ocrx_word' id='word_1_350' title='bbox 2115 4771 2207 4816; x_wconf 90' lang='lat' dir='ltr'><strong>aut</strong></span> 
     </span>
    </p>
   </div>
   <div class='ocr_carea' id='block_1_50' title="bbox 607 4847 2206 4929">
    <p class='ocr_par' dir='ltr' id='par_1_50' title="bbox 607 4847 2206 4929">
     <span class='ocr_line' id='line_1_50' title="bbox 607 4847 2206 4929; baseline -0.002 -16"><span class='ocrx_word' id='word_1_351' title='bbox 607 4865 802 4929; x_wconf 89' lang='lat' dir='ltr'><strong>quarto</strong></span> <span class='ocrx_word' id='word_1_352' title='bbox 842 4854 1063 4907; x_wconf 87' lang='lat' dir='ltr'><strong>ineunte</strong></span> <span class='ocrx_word' id='word_1_353' title='bbox 1093 4849 1291 4904; x_wconf 59' lang='lat' dir='ltr'><strong>savculo</strong></span> <span class='ocrx_word' id='word_1_354' title='bbox 1321 4849 1536 4903; x_wconf 76' lang='lat' dir='ltr'><strong>vixisse.</strong></span> <span class='ocrx_word' id='word_1_355' title='bbox 1572 4847 1893 4920; x_wconf 84' lang='lat' dir='ltr'><strong>Episc0pum</strong></span> <span class='ocrx_word' id='word_1_356' title='bbox 1924 4851 2086 4907; x_wconf 89' lang='lat' dir='ltr'><strong>fuisse</strong></span> <span class='ocrx_word' id='word_1_357' title='bbox 2112 4853 2206 4910; x_wconf 89' lang='lat' dir='ltr'><strong>de—</strong></span> 
     </span>
    </p>
   </div>
   <div class='ocr_carea' id='block_1_51' title="bbox 609 4939 2207 5014">
    <p class='ocr_par' dir='ltr' id='par_1_51' title="bbox 609 4939 2207 5014">
     <span class='ocr_line' id='line_1_51' title="bbox 609 4939 2207 5014; baseline -0.004 -13"><span class='ocrx_word' id='word_1_358' title='bbox 609 4951 781 5006; x_wconf 86' lang='lat' dir='ltr'><strong>clarat</strong></span> <span class='ocrx_word' id='word_1_359' title='bbox 809 4944 975 5014; x_wconf 88' lang='lat' dir='ltr'><strong>ipsius</strong></span> <span class='ocrx_word' id='word_1_360' title='bbox 1003 4942 1055 4995; x_wconf 93' lang='lat' dir='ltr'><strong>in</strong></span> <span class='ocrx_word' id='word_1_361' title='bbox 1101 4939 1332 5010; x_wconf 83' lang='lat' dir='ltr'><strong>regenda</strong></span> <span class='ocrx_word' id='word_1_362' title='bbox 1378 4939 1602 4995; x_wconf 85' lang='lat' dir='ltr'><strong>ecclesia</strong></span> <span class='ocrx_word' id='word_1_363' title='bbox 1647 4950 1702 4995; x_wconf 92' lang='lat' dir='ltr'><strong>et</strong></span> <span class='ocrx_word' id='word_1_364' title='bbox 1753 4941 1804 4996; x_wconf 93' lang='lat' dir='ltr'><strong>in</strong></span> <span class='ocrx_word' id='word_1_365' title='bbox 1853 4941 2207 5004; x_wconf 85' lang='lat' dir='ltr'><strong>admouendis</strong></span> 
     </span>
    </p>
   </div>
   <div class='ocr_carea' id='block_1_52' title="bbox 608 5034 2206 5107">
    <p class='ocr_par' dir='ltr' id='par_1_52' title="bbox 608 5034 2206 5107">
     <span class='ocr_line' id='line_1_52' title="bbox 608 5034 2206 5107; baseline -0.002 -8"><span class='ocrx_word' id='word_1_366' title='bbox 608 5040 819 5099; x_wconf 90' lang='lat' dir='ltr'><strong>clericis</strong></span> <span class='ocrx_word' id='word_1_367' title='bbox 847 5036 1171 5097; x_wconf 84' lang='lat' dir='ltr'><strong>sollicitudo,</strong></span> <span class='ocrx_word' id='word_1_368' title='bbox 1198 5034 1394 5105; x_wconf 91' lang='lat' dir='ltr'><strong>quibus</strong></span> <span class='ocrx_word' id='word_1_369' title='bbox 1430 5042 1654 5088; x_wconf 86' lang='lat' dir='ltr'><strong>testatur</strong></span> <span class='ocrx_word' id='word_1_370' title='bbox 1684 5051 1972 5107; x_wconf 89' lang='lat' dir='ltr'><strong>numquam</strong></span> <span class='ocrx_word' id='word_1_371' title='bbox 2003 5039 2206 5096; x_wconf 85' lang='lat' dir='ltr'><strong>litteras</strong></span> 
     </span>
    </p>
   </div>
   <div class='ocr_carea' id='block_1_53' title="bbox 608 5126 2203 5203">
    <p class='ocr_par' dir='ltr' id='par_1_53' title="bbox 608 5126 2203 5203">
     <span class='ocr_line' id='line_1_53' title="bbox 608 5126 2203 5203; baseline -0.002 -12"><span class='ocrx_word' id='word_1_372' title='bbox 608 5150 736 5191; x_wconf 90' lang='lat' dir='ltr'><strong>suas</strong></span> <span class='ocrx_word' id='word_1_373' title='bbox 757 5131 1013 5191; x_wconf 80' lang='lat' dir='ltr'><strong>defuisse,</strong></span> <span class='ocrx_word' id='word_1_374' title='bbox 1051 5147 1070 5179; x_wconf 83' lang='grc' dir='ltr'><strong>ι</strong></span> <span class='ocrx_word' id='word_1_375' title='bbox 1103 5142 1222 5197; x_wconf 82' lang='lat' dir='ltr'><strong>qtne</strong></span> <span class='ocrx_word' id='word_1_376' title='bbox 1254 5142 1347 5195; x_wconf 89' lang='lat' dir='ltr'><strong>pcr</strong></span> <span class='ocrx_word' id='word_1_377' title='bbox 1370 5126 1667 5182; x_wconf 89' lang='lat' dir='ltr'><strong>absentiam</strong></span> <span class='ocrx_word' id='word_1_378' title='bbox 1694 5136 1952 5193; x_wconf 88' lang='lat' dir='ltr'><strong>nostram,</strong></span> <span class='ocrx_word' id='word_1_379' title='bbox 2001 5130 2203 5203; x_wconf 89' lang='lat' dir='ltr'><strong>inquit,</strong></span> 
     </span>
    </p>
   </div>
   <div class='ocr_carea' id='block_1_54' title="bbox 606 5219 2203 5298">
    <p class='ocr_par' dir='ltr' id='par_1_54' title="bbox 606 5219 2203 5298">
     <span class='ocr_line' id='line_1_54' title="bbox 606 5219 2203 5298; baseline -0.002 -13"><span class='ocrx_word' id='word_1_380' title='bbox 606 5224 967 5298; x_wconf 84' lang='lat' dir='ltr'><strong>frequentiam</strong></span> <span class='ocrx_word' id='word_1_381' title='bbox 981 5219 1230 5276; x_wconf 87' lang='lat' dir='ltr'><strong>omnibus</strong></span> <span class='ocrx_word' id='word_1_382' title='bbox 1253 5228 1631 5287; x_wconf 86' lang='lat' dir='ltr'><strong>pensaverunt.</strong></span> <span class='ocrx_word' id='word_1_383' title='bbox 1650 5238 1667 5272; x_wconf 73' lang='grc' dir='ltr'><strong>ι</strong></span> <span class='ocrx_word' id='word_1_384' title='bbox 1689 5222 1825 5276; x_wconf 89' lang='lat' dir='ltr'><strong>Ante</strong></span> <span class='ocrx_word' id='word_1_385' title='bbox 1840 5221 1985 5279; x_wconf 91' lang='lat' dir='ltr'><strong>hunc</strong></span> <span class='ocrx_word' id='word_1_386' title='bbox 2010 5224 2203 5282; x_wconf 89' lang='lat' dir='ltr'><strong>librum</strong></span> 
     </span>
    </p>
   </div>
   <div class='ocr_carea' id='block_1_55' title="bbox 606 5309 2205 5389">
    <p class='ocr_par' dir='ltr' id='par_1_55' title="bbox 606 5309 2205 5389">
     <span class='ocr_line' id='line_1_55' title="bbox 606 5309 2205 5389; baseline -0.002 -13"><span class='ocrx_word' id='word_1_387' title='bbox 606 5321 900 5389; x_wconf 87' lang='lat' dir='ltr'><strong>scripserat</strong></span> <span class='ocrx_word' id='word_1_388' title='bbox 942 5314 1048 5368; x_wconf 88' lang='lat' dir='ltr'><strong>illis</strong></span> <span class='ocrx_word' id='word_1_389' title='bbox 1072 5309 1382 5381; x_wconf 81' lang='lat' dir='ltr'><strong>epistolam,</strong></span> <span class='ocrx_word' id='word_1_390' title='bbox 1419 5327 1438 5362; x_wconf 83' lang='grc' dir='ltr'><strong>ι</strong></span> <span class='ocrx_word' id='word_1_391' title='bbox 1467 5325 1587 5381; x_wconf 74' lang='lat' dir='ltr'><strong>qua:</strong></span> <span class='ocrx_word' id='word_1_392' title='bbox 1616 5311 1856 5368; x_wconf 90' lang='lat' dir='ltr'><strong>omnium</strong></span> <span class='ocrx_word' id='word_1_393' title='bbox 1889 5330 2096 5372; x_wconf 89' lang='lat' dir='ltr'><strong>morum</strong></span> <span class='ocrx_word' id='word_1_394' title='bbox 2121 5319 2205 5373; x_wconf 92' lang='lat' dir='ltr'><strong>in-</strong></span> 
     </span>
    </p>
   </div>
   <div class='ocr_carea' id='block_1_56' title="bbox 608 5403 2206 5478">
    <p class='ocr_par' dir='ltr' id='par_1_56' title="bbox 608 5403 2206 5478">
     <span class='ocr_line' id='line_1_56' title="bbox 608 5403 2206 5478; baseline 0 -10"><span class='ocrx_word' id='word_1_395' title='bbox 608 5414 791 5468; x_wconf 89' lang='lat' dir='ltr'><strong>stituta</strong></span> <span class='ocrx_word' id='word_1_396' title='bbox 821 5409 889 5465; x_wconf 87' lang='lat' dir='ltr'><strong>de</strong></span> <span class='ocrx_word' id='word_1_397' title='bbox 916 5408 1036 5478; x_wconf 82' lang='lat' dir='ltr'><strong>lege</strong></span> <span class='ocrx_word' id='word_1_398' title='bbox 1055 5403 1461 5470; x_wconf 86' lang='lat' dir='ltr'><strong>commendans,</strong></span> <span class='ocrx_word' id='word_1_399' title='bbox 1490 5406 1795 5461; x_wconf 88' lang='lat' dir='ltr'><strong>smnmalim</strong></span> <span class='ocrx_word' id='word_1_400' title='bbox 1825 5409 2004 5463; x_wconf 89' lang='lat' dir='ltr'><strong>omnia</strong></span> <span class='ocrx_word' id='word_1_401' title='bbox 2034 5412 2206 5468; x_wconf 90' lang='lat' dir='ltr'><strong>conti-</strong></span> 
     </span>
    </p>
   </div>
   <div class='ocr_carea' id='block_1_57' title="bbox 608 5497 2205 5573">
    <p class='ocr_par' dir='ltr' id='par_1_57' title="bbox 608 5497 2205 5573">
     <span class='ocr_line' id='line_1_57' title="bbox 608 5497 2205 5573; baseline 0.001 -12"><span class='ocrx_word' id='word_1_402' title='bbox 608 5514 787 5571; x_wconf 86' lang='lat' dir='ltr'><strong>neret,</strong></span> <span class='ocrx_word' id='word_1_403' title='bbox 842 5513 1191 5573; x_wconf 76' lang='lat' dir='ltr'><strong>quzccutnquc</strong></span> <span class='ocrx_word' id='word_1_404' title='bbox 1237 5497 1500 5554; x_wconf 88' lang='lat' dir='ltr'><strong>universis</strong></span> <span class='ocrx_word' id='word_1_405' title='bbox 1542 5499 1752 5555; x_wconf 83' lang='lat' dir='ltr'><strong>clericis</strong></span> <span class='ocrx_word' id='word_1_406' title='bbox 1780 5503 2098 5572; x_wconf 89' lang='lat' dir='ltr'><strong>generaliter</strong></span> <span class='ocrx_word' id='word_1_407' title='bbox 2139 5506 2205 5563; x_wconf 89' lang='lat' dir='ltr'><strong>ad</strong></span> 
     </span>
    </p>
   </div>
   <div class='ocr_carea' id='block_1_58' title="bbox 609 5592 1945 5667">
    <p class='ocr_par' dir='ltr' id='par_1_58' title="bbox 609 5592 1945 5667">
     <span class='ocr_line' id='line_1_58' title="bbox 609 5592 1945 5667; baseline -0.006 -11"><span class='ocrx_word' id='word_1_408' title='bbox 609 5595 945 5667; x_wconf 86' lang='lat' dir='ltr'><strong>dirigendam</strong></span> <span class='ocrx_word' id='word_1_409' title='bbox 978 5593 1214 5663; x_wconf 85' lang='lat' dir='ltr'><strong>regulam</strong></span> <span class='ocrx_word' id='word_1_410' title='bbox 1240 5600 1552 5663; x_wconf 88' lang='lat' dir='ltr'><strong>competunt</strong></span> <span class='ocrx_word' id='word_1_411' title='bbox 1582 5592 1901 5663; x_wconf 76' lang='lat' dir='ltr'><strong>disciplima.</strong></span> <span class='ocrx_word' id='word_1_412' title='bbox 1928 5615 1945 5648; x_wconf 79' lang='grc' dir='ltr'><strong>ι</strong></span> 
     </span>
    </p>
   </div>
   <div class='ocr_carea' id='block_1_59' title="bbox 684 5683 2208 5761">
    <p class='ocr_par' dir='ltr' id='par_1_59' title="bbox 684 5683 2208 5761">
     <span class='ocr_line' id='line_1_59' title="bbox 684 5683 2208 5761; baseline -0.007 -15"><span class='ocrx_word' id='word_1_413' title='bbox 684 5689 826 5746; x_wconf 84' lang='lat' dir='ltr'><strong>Nihil</strong></span> <span class='ocrx_word' id='word_1_414' title='bbox 852 5687 1024 5744; x_wconf 87' lang='lat' dir='ltr'><strong>dicam</strong></span> <span class='ocrx_word' id='word_1_415' title='bbox 1047 5684 1109 5739; x_wconf 75' lang='lat' dir='ltr'><strong>de</strong></span> <span class='ocrx_word' id='word_1_416' title='bbox 1140 5683 1469 5754; x_wconf 73' lang='lat' dir='ltr'><strong>Expositione</strong></span> <span class='ocrx_word' id='word_1_417' title='bbox 1494 5683 1545 5737; x_wconf 83' lang='lat' dir='ltr'><strong>in</strong></span> <span class='ocrx_word' id='word_1_418' title='bbox 1574 5684 1904 5755; x_wconf 79' lang='lat' dir='ltr'><strong>Symbolum,</strong></span> <span class='ocrx_word' id='word_1_419' title='bbox 1933 5690 2072 5761; x_wconf 90' lang='lat' dir='ltr'><strong>quod</strong></span> <span class='ocrx_word' id='word_1_420' title='bbox 2095 5693 2208 5748; x_wconf 78' lang='lat' dir='ltr'><strong>exi-</strong></span> 
     </span>
    </p>
   </div>
   <div class='ocr_carea' id='block_1_60' title="bbox 616 5775 2207 5860">
    <p class='ocr_par' dir='ltr' id='par_1_60' title="bbox 616 5775 2207 5860">
     <span class='ocr_line' id='line_1_60' title="bbox 616 5775 2207 5860; baseline -0.009 -20"><span class='ocrx_word' id='word_1_421' title='bbox 616 5785 956 5860; x_wconf 78' lang='lat' dir='ltr'><strong>miumOpus,</strong></span> <span class='ocrx_word' id='word_1_422' title='bbox 999 5776 1323 5845; x_wconf 75' lang='lat' dir='ltr'><strong>llieronymo</strong></span> <span class='ocrx_word' id='word_1_423' title='bbox 1351 5776 1510 5830; x_wconf 89' lang='lat' dir='ltr'><strong>etiam</strong></span> <span class='ocrx_word' id='word_1_424' title='bbox 1556 5775 1900 5857; x_wconf 82' lang='lat' dir='ltr'><strong>adscriptum,</strong></span> <span class='ocrx_word' id='word_1_425' title='bbox 1927 5798 2069 5841; x_wconf 78' lang='lat' dir='ltr'><strong>nunc</strong></span> <span class='ocrx_word' id='word_1_426' title='bbox 2099 5801 2207 5845; x_wconf 76' lang='lat' dir='ltr'><strong>om-</strong></span> 
     </span>
    </p>
   </div>
   <div class='ocr_carea' id='block_1_61' title="bbox 2328 380 3940 457">
    <p class='ocr_par' dir='ltr' id='par_1_61' title="bbox 2328 380 3940 457">
     <span class='ocr_line' id='line_1_61' title="bbox 2328 380 3940 457; baseline 0.007 -23"><span class='ocrx_word' id='word_1_427' title='bbox 2328 380 2474 435; x_wconf 86' lang='lat' dir='ltr'><strong>nimo</strong></span> <span class='ocrx_word' id='word_1_428' title='bbox 2525 380 2728 450; x_wconf 87' lang='lat' dir='ltr'><strong>judicio</strong></span> <span class='ocrx_word' id='word_1_429' title='bbox 2786 380 3083 437; x_wconf 87' lang='lat' dir='ltr'><strong>restituitur</strong></span> <span class='ocrx_word' id='word_1_430' title='bbox 3131 382 3372 454; x_wconf 83' lang='lat' dir='ltr'><strong>legitimo</strong></span> <span class='ocrx_word' id='word_1_431' title='bbox 3433 387 3642 457; x_wconf 88' lang='lat' dir='ltr'><strong>parenti</strong></span> <span class='ocrx_word' id='word_1_432' title='bbox 3694 385 3940 445; x_wconf 83' lang='lat' dir='ltr'><strong>Ruffino.</strong></span> 
     </span>
    </p>
   </div>
   <div class='ocr_carea' id='block_1_62' title="bbox 2323 472 3946 554">
    <p class='ocr_par' dir='ltr' id='par_1_62' title="bbox 2323 472 3946 554">
     <span class='ocr_line' id='line_1_62' title="bbox 2323 472 3946 554; baseline 0.008 -27"><span class='ocrx_word' id='word_1_433' title='bbox 2323 472 2493 528; x_wconf 75' lang='lat' dir='ltr'><strong>Paulo</strong></span> <span class='ocrx_word' id='word_1_434' title='bbox 2523 475 2827 530; x_wconf 87' lang='lat' dir='ltr'><strong>accuratius</strong></span> <span class='ocrx_word' id='word_1_435' title='bbox 2850 477 3204 532; x_wconf 82' lang='lat' dir='ltr'><strong>examinanda</strong></span> <span class='ocrx_word' id='word_1_436' title='bbox 3236 478 3382 534; x_wconf 80' lang='lat' dir='ltr'><strong>Celsi</strong></span> <span class='ocrx_word' id='word_1_437' title='bbox 3430 480 3499 534; x_wconf 84' lang='lat' dir='ltr'><strong>ad</strong></span> <span class='ocrx_word' id='word_1_438' title='bbox 3538 479 3784 552; x_wconf 84' lang='lat' dir='ltr'><strong>Vigilium</strong></span> <span class='ocrx_word' id='word_1_439' title='bbox 3809 483 3946 554; x_wconf 87' lang='lat' dir='ltr'><strong>Epi-</strong></span> 
     </span>
    </p>
   </div>
   <div class='ocr_carea' id='block_1_63' title="bbox 2323 565 3946 645">
    <p class='ocr_par' dir='ltr' id='par_1_63' title="bbox 2323 565 3946 645">
     <span class='ocr_line' id='line_1_63' title="bbox 2323 565 3946 645; baseline 0.009 -26"><span class='ocrx_word' id='word_1_440' title='bbox 2323 567 2479 621; x_wconf 86' lang='lat' dir='ltr'><strong>stola.</strong></span> <span class='ocrx_word' id='word_1_441' title='bbox 2505 565 2646 622; x_wconf 85' lang='lat' dir='ltr'><strong>Nihil</strong></span> <span class='ocrx_word' id='word_1_442' title='bbox 2676 567 2825 623; x_wconf 91' lang='lat' dir='ltr'><strong>aliud</strong></span> <span class='ocrx_word' id='word_1_443' title='bbox 2847 579 2931 624; x_wconf 92' lang='lat' dir='ltr'><strong>est</strong></span> <span class='ocrx_word' id='word_1_444' title='bbox 2980 570 3067 625; x_wconf 90' lang='lat' dir='ltr'><strong>hic</strong></span> <span class='ocrx_word' id='word_1_445' title='bbox 3093 570 3304 627; x_wconf 90' lang='lat' dir='ltr'><strong>libellus</strong></span> <span class='ocrx_word' id='word_1_446' title='bbox 3350 588 3510 643; x_wconf 87' lang='lat' dir='ltr'><strong>quam</strong></span> <span class='ocrx_word' id='word_1_447' title='bbox 3541 575 3787 645; x_wconf 65' lang='lat' dir='ltr'><strong>praefatio</strong></span> <span class='ocrx_word' id='word_1_448' title='bbox 3828 578 3946 634; x_wconf 85' lang='lat' dir='ltr'><strong>sive</strong></span> 
     </span>
    </p>
   </div>
   <div class='ocr_carea' id='block_1_64' title="bbox 2323 662 3944 737">
    <p class='ocr_par' dir='ltr' id='par_1_64' title="bbox 2323 662 3944 737">
     <span class='ocr_line' id='line_1_64' title="bbox 2323 662 3944 737; baseline 0.007 -22"><span class='ocrx_word' id='word_1_449' title='bbox 2323 662 2549 731; x_wconf 71' lang='lat' dir='ltr'><strong>episrola</strong></span> <span class='ocrx_word' id='word_1_450' title='bbox 2580 666 2966 734; x_wconf 86' lang='lat' dir='ltr'><strong>nuncupatoria</strong></span> <span class='ocrx_word' id='word_1_451' title='bbox 3001 664 3142 721; x_wconf 87' lang='lat' dir='ltr'><strong>Celsi</strong></span> <span class='ocrx_word' id='word_1_452' title='bbox 3175 666 3451 737; x_wconf 86' lang='lat' dir='ltr'><strong>cujusdam</strong></span> <span class='ocrx_word' id='word_1_453' title='bbox 3478 670 3625 725; x_wconf 92' lang='lat' dir='ltr'><strong>senis</strong></span> <span class='ocrx_word' id='word_1_454' title='bbox 3665 670 3944 729; x_wconf 87' lang='lat' dir='ltr'><strong>christiani</strong></span> 
     </span>
    </p>
   </div>
   <div class='ocr_carea' id='block_1_65' title="bbox 2326 753 3944 834">
    <p class='ocr_par' dir='ltr' id='par_1_65' title="bbox 2326 753 3944 834">
     <span class='ocr_line' id='line_1_65' title="bbox 2326 753 3944 834; baseline 0.01 -28"><span class='ocrx_word' id='word_1_455' title='bbox 2326 753 2379 807; x_wconf 90' lang='lat' dir='ltr'><strong>in</strong></span> <span class='ocrx_word' id='word_1_456' title='bbox 2422 753 2821 810; x_wconf 82' lang='lat' dir='ltr'><strong>Altercationem</strong></span> <span class='ocrx_word' id='word_1_457' title='bbox 2867 755 3080 812; x_wconf 90' lang='lat' dir='ltr'><strong>Iasonis</strong></span> <span class='ocrx_word' id='word_1_458' title='bbox 3124 768 3173 813; x_wconf 85' lang='lat' dir='ltr'><strong>et</strong></span> <span class='ocrx_word' id='word_1_459' title='bbox 3206 757 3457 828; x_wconf 83' lang='lat' dir='ltr'><strong>Papisci;</strong></span> <span class='ocrx_word' id='word_1_460' title='bbox 3507 760 3649 831; x_wconf 88' lang='lat' dir='ltr'><strong>quod</strong></span> <span class='ocrx_word' id='word_1_461' title='bbox 3692 776 3828 834; x_wconf 88' lang='lat' dir='ltr'><strong>opus</strong></span> <span class='ocrx_word' id='word_1_462' title='bbox 3876 781 3944 821; x_wconf 79' lang='lat' dir='ltr'><strong>ex</strong></span> 
     </span>
    </p>
   </div>
   <div class='ocr_carea' id='block_1_66' title="bbox 2324 845 3943 923">
    <p class='ocr_par' dir='ltr' id='par_1_66' title="bbox 2324 845 3943 923">
     <span class='ocr_line' id='line_1_66' title="bbox 2324 845 3943 923; baseline 0.009 -26"><span class='ocrx_word' id='word_1_463' title='bbox 2324 858 2504 913; x_wconf 68' lang='lat' dir='ltr'><strong>grrcco</strong></span> <span class='ocrx_word' id='word_1_464' title='bbox 2534 845 2757 901; x_wconf 89' lang='lat' dir='ltr'><strong>latinum</strong></span> <span class='ocrx_word' id='word_1_465' title='bbox 2795 862 2825 902; x_wconf 91' lang='lat' dir='ltr'><strong>a</strong></span> <span class='ocrx_word' id='word_1_466' title='bbox 2856 863 2915 902; x_wconf 92' lang='lat' dir='ltr'><strong>se</strong></span> <span class='ocrx_word' id='word_1_467' title='bbox 2943 848 3140 903; x_wconf 90' lang='lat' dir='ltr'><strong>factum</strong></span> <span class='ocrx_word' id='word_1_468' title='bbox 3195 849 3390 921; x_wconf 83' lang='lat' dir='ltr'><strong>Vigilio</strong></span> <span class='ocrx_word' id='word_1_469' title='bbox 3444 854 3700 923; x_wconf 88' lang='lat' dir='ltr'><strong>episcopo</strong></span> <span class='ocrx_word' id='word_1_470' title='bbox 3741 871 3943 912; x_wconf 85' lang='lat' dir='ltr'><strong>nuncu-</strong></span> 
     </span>
    </p>
   </div>
   <div class='ocr_carea' id='block_1_67' title="bbox 2328 941 3939 1020">
    <p class='ocr_par' dir='ltr' id='par_1_67' title="bbox 2328 941 3939 1020">
     <span class='ocr_line' id='line_1_67' title="bbox 2328 941 3939 1020; baseline 0.009 -27"><span class='ocrx_word' id='word_1_471' title='bbox 2328 941 2494 1009; x_wconf 89' lang='lat' dir='ltr'><strong>pavit.</strong></span> <span class='ocrx_word' id='word_1_472' title='bbox 2532 942 2793 998; x_wconf 89' lang='lat' dir='ltr'><strong>Damnum</strong></span> <span class='ocrx_word' id='word_1_473' title='bbox 2847 943 3071 999; x_wconf 88' lang='lat' dir='ltr'><strong>fecimus</strong></span> <span class='ocrx_word' id='word_1_474' title='bbox 3108 956 3217 1000; x_wconf 92' lang='lat' dir='ltr'><strong>tum</strong></span> <span class='ocrx_word' id='word_1_475' title='bbox 3261 948 3564 1020; x_wconf 88' lang='lat' dir='ltr'><strong>perantiqui</strong></span> <span class='ocrx_word' id='word_1_476' title='bbox 3610 949 3755 1005; x_wconf 91' lang='lat' dir='ltr'><strong>illius</strong></span> <span class='ocrx_word' id='word_1_477' title='bbox 3796 952 3939 1017; x_wconf 87' lang='lat' dir='ltr'><strong>libri,</strong></span> 
     </span>
    </p>
   </div>
   <div class='ocr_carea' id='block_1_68' title="bbox 2327 1034 3945 1113">
    <p class='ocr_par' dir='ltr' id='par_1_68' title="bbox 2327 1034 3945 1113">
     <span class='ocr_line' id='line_1_68' title="bbox 2327 1034 3945 1113; baseline 0.009 -27"><span class='ocrx_word' id='word_1_478' title='bbox 2327 1041 2437 1086; x_wconf 90' lang='lat' dir='ltr'><strong>tum</strong></span> <span class='ocrx_word' id='word_1_479' title='bbox 2473 1034 2634 1088; x_wconf 91' lang='lat' dir='ltr'><strong>etiam</strong></span> <span class='ocrx_word' id='word_1_480' title='bbox 2687 1034 2868 1090; x_wconf 70' lang='lat' dir='ltr'><strong>latina:</strong></span> <span class='ocrx_word' id='word_1_481' title='bbox 2912 1036 3401 1108; x_wconf 89' lang='lat' dir='ltr'><strong>interpretationis;</strong></span> <span class='ocrx_word' id='word_1_482' title='bbox 3445 1041 3557 1095; x_wconf 90' lang='lat' dir='ltr'><strong>sola</strong></span> <span class='ocrx_word' id='word_1_483' title='bbox 3588 1051 3767 1099; x_wconf 80' lang='lat' dir='ltr'><strong>exstat</strong></span> <span class='ocrx_word' id='word_1_484' title='bbox 3803 1060 3945 1113; x_wconf 74' lang='lat' dir='ltr'><strong>pra:-</strong></span> 
     </span>
    </p>
   </div>
   <div class='ocr_carea' id='block_1_69' title="bbox 2323 1128 3948 1203">
    <p class='ocr_par' dir='ltr' id='par_1_69' title="bbox 2323 1128 3948 1203">
     <span class='ocr_line' id='line_1_69' title="bbox 2323 1128 3948 1203; baseline 0.008 -19"><span class='ocrx_word' id='word_1_485' title='bbox 2323 1128 2493 1197; x_wconf 83' lang='lat' dir='ltr'><strong>fatio,</strong></span> <span class='ocrx_word' id='word_1_486' title='bbox 2534 1130 2648 1185; x_wconf 89' lang='lat' dir='ltr'><strong>sive</strong></span> <span class='ocrx_word' id='word_1_487' title='bbox 2678 1131 2904 1202; x_wconf 79' lang='lat' dir='ltr'><strong>epistola</strong></span> <span class='ocrx_word' id='word_1_488' title='bbox 2928 1134 3344 1203; x_wconf 88' lang='lat' dir='ltr'><strong>nuncupatoria.</strong></span> <span class='ocrx_word' id='word_1_489' title='bbox 3399 1134 3533 1191; x_wconf 91' lang='lat' dir='ltr'><strong>Cum</strong></span> <span class='ocrx_word' id='word_1_490' title='bbox 3585 1137 3749 1194; x_wconf 86' lang='lat' dir='ltr'><strong>Iason</strong></span> <span class='ocrx_word' id='word_1_491' title='bbox 3790 1142 3948 1197; x_wconf 83' lang='lat' dir='ltr'><strong>Chri-</strong></span> 
     </span>
    </p>
   </div>
   <div class='ocr_carea' id='block_1_70' title="bbox 2322 1221 3948 1302">
    <p class='ocr_par' dir='ltr' id='par_1_70' title="bbox 2322 1221 3948 1302">
     <span class='ocr_line' id='line_1_70' title="bbox 2322 1221 3948 1302; baseline 0.009 -25"><span class='ocrx_word' id='word_1_492' title='bbox 2322 1222 2529 1277; x_wconf 73' lang='lat' dir='ltr'><strong>Stianus</strong></span> <span class='ocrx_word' id='word_1_493' title='bbox 2551 1221 2808 1278; x_wconf 71' lang='lat' dir='ltr'><strong>Hebrzcus</strong></span> <span class='ocrx_word' id='word_1_494' title='bbox 2837 1238 2957 1279; x_wconf 91' lang='lat' dir='ltr'><strong>cum</strong></span> <span class='ocrx_word' id='word_1_495' title='bbox 2991 1224 3233 1295; x_wconf 85' lang='lat' dir='ltr'><strong>Papisco,</strong></span> <span class='ocrx_word' id='word_1_496' title='bbox 3252 1226 3441 1282; x_wconf 69' lang='lat' dir='ltr'><strong>Judaao</strong></span> <span class='ocrx_word' id='word_1_497' title='bbox 3470 1228 3853 1302; x_wconf 81' lang='lat' dir='ltr'><strong>Alexandrino,</strong></span> <span class='ocrx_word' id='word_1_498' title='bbox 3878 1234 3948 1291; x_wconf 88' lang='lat' dir='ltr'><strong>de</strong></span> 
     </span>
    </p>
   </div>
   <div class='ocr_carea' id='block_1_71' title="bbox 2324 1318 3942 1396">
    <p class='ocr_par' dir='ltr' id='par_1_71' title="bbox 2324 1318 3942 1396">
     <span class='ocr_line' id='line_1_71' title="bbox 2324 1318 3942 1396; baseline 0.009 -26"><span class='ocrx_word' id='word_1_499' title='bbox 2324 1318 2550 1374; x_wconf 85' lang='lat' dir='ltr'><strong>veritate</strong></span> <span class='ocrx_word' id='word_1_500' title='bbox 2571 1319 2879 1375; x_wconf 72' lang='lat' dir='ltr'><strong>christiana:</strong></span> <span class='ocrx_word' id='word_1_501' title='bbox 2909 1320 3182 1393; x_wconf 85' lang='lat' dir='ltr'><strong>religionis</strong></span> <span class='ocrx_word' id='word_1_502' title='bbox 3210 1322 3583 1392; x_wconf 85' lang='lat' dir='ltr'><strong>disseruisset,</strong></span> <span class='ocrx_word' id='word_1_503' title='bbox 3611 1341 3674 1382; x_wconf 88' lang='lat' dir='ltr'><strong>ac</strong></span> <span class='ocrx_word' id='word_1_504' title='bbox 3701 1327 3942 1396; x_wconf 78' lang='lat' dir='ltr'><strong>Iudants,</strong></span> 
     </span>
    </p>
   </div>
   <div class='ocr_carea' id='block_1_72' title="bbox 2323 1411 3945 1489">
    <p class='ocr_par' dir='ltr' id='par_1_72' title="bbox 2323 1411 3945 1489">
     <span class='ocr_line' id='line_1_72' title="bbox 2323 1411 3945 1489; baseline 0.011 -26"><span class='ocrx_word' id='word_1_505' title='bbox 2323 1421 2445 1479; x_wconf 89' lang='lat' dir='ltr'><strong>post</strong></span> <span class='ocrx_word' id='word_1_506' title='bbox 2475 1411 2739 1482; x_wconf 90' lang='lat' dir='ltr'><strong>plurimas</strong></span> <span class='ocrx_word' id='word_1_507' title='bbox 2765 1413 3017 1468; x_wconf 89' lang='lat' dir='ltr'><strong>obstinati</strong></span> <span class='ocrx_word' id='word_1_508' title='bbox 3050 1415 3213 1470; x_wconf 89' lang='lat' dir='ltr'><strong>animi</strong></span> <span class='ocrx_word' id='word_1_509' title='bbox 3244 1417 3688 1489; x_wconf 86' lang='lat' dir='ltr'><strong>significationes,</strong></span> <span class='ocrx_word' id='word_1_510' title='bbox 3730 1424 3945 1481; x_wconf 89' lang='lat' dir='ltr'><strong>tandem</strong></span> 
     </span>
    </p>
   </div>
   <div class='ocr_carea' id='block_1_73' title="bbox 2322 1505 3947 1587">
    <p class='ocr_par' dir='ltr' id='par_1_73' title="bbox 2322 1505 3947 1587">
     <span class='ocr_line' id='line_1_73' title="bbox 2322 1505 3947 1587; baseline 0.011 -32"><span class='ocrx_word' id='word_1_511' title='bbox 2322 1514 2645 1573; x_wconf 73' lang='lat' dir='ltr'><strong>Oppugnatze</strong></span> <span class='ocrx_word' id='word_1_512' title='bbox 2693 1505 2903 1560; x_wconf 84' lang='lat' dir='ltr'><strong>veritati</strong></span> <span class='ocrx_word' id='word_1_513' title='bbox 2963 1506 3202 1563; x_wconf 88' lang='lat' dir='ltr'><strong>dedisset</strong></span> <span class='ocrx_word' id='word_1_514' title='bbox 3252 1525 3475 1574; x_wconf 90' lang='lat' dir='ltr'><strong>manus,</strong></span> <span class='ocrx_word' id='word_1_515' title='bbox 3522 1511 3710 1568; x_wconf 85' lang='lat' dir='ltr'><strong>litteris</strong></span> <span class='ocrx_word' id='word_1_516' title='bbox 3756 1517 3947 1587; x_wconf 65' lang='lat' dir='ltr'><strong>graecis</strong></span> 
     </span>
    </p>
   </div>
   <div class='ocr_carea' id='block_1_74' title="bbox 2324 1596 3938 1672">
    <p class='ocr_par' dir='ltr' id='par_1_74' title="bbox 2324 1596 3938 1672">
     <span class='ocr_line' id='line_1_74' title="bbox 2324 1596 3938 1672; baseline 0.011 -25"><span class='ocrx_word' id='word_1_517' title='bbox 2324 1596 2573 1650; x_wconf 88' lang='lat' dir='ltr'><strong>mandata</strong></span> <span class='ocrx_word' id='word_1_518' title='bbox 2603 1609 2728 1652; x_wconf 88' lang='lat' dir='ltr'><strong>sunt</strong></span> <span class='ocrx_word' id='word_1_519' title='bbox 2753 1613 2871 1669; x_wconf 70' lang='lat' dir='ltr'><strong>quae</strong></span> <span class='ocrx_word' id='word_1_520' title='bbox 2903 1600 3040 1655; x_wconf 91' lang='lat' dir='ltr'><strong>inter</strong></span> <span class='ocrx_word' id='word_1_521' title='bbox 3084 1611 3371 1672; x_wconf 90' lang='lat' dir='ltr'><strong>utrumque</strong></span> <span class='ocrx_word' id='word_1_522' title='bbox 3402 1612 3548 1658; x_wconf 88' lang='lat' dir='ltr'><strong>tanto</strong></span> <span class='ocrx_word' id='word_1_523' title='bbox 3590 1606 3768 1661; x_wconf 89' lang='lat' dir='ltr'><strong>studio</strong></span> <span class='ocrx_word' id='word_1_524' title='bbox 3810 1608 3938 1666; x_wconf 89' lang='lat' dir='ltr'><strong>fne-</strong></span> 
     </span>
    </p>
   </div>
   <div class='ocr_carea' id='block_1_75' title="bbox 2322 1689 3941 1774">
    <p class='ocr_par' dir='ltr' id='par_1_75' title="bbox 2322 1689 3941 1774">
     <span class='ocr_line' id='line_1_75' title="bbox 2322 1689 3941 1774; baseline 0.012 -31"><span class='ocrx_word' id='word_1_525' title='bbox 2322 1697 2445 1744; x_wconf 90' lang='lat' dir='ltr'><strong>rant</strong></span> <span class='ocrx_word' id='word_1_526' title='bbox 2471 1689 2762 1756; x_wconf 79' lang='lat' dir='ltr'><strong>dismnata.</strong></span> <span class='ocrx_word' id='word_1_527' title='bbox 2803 1692 2920 1748; x_wconf 81' lang='lat' dir='ltr'><strong>Non</strong></span> <span class='ocrx_word' id='word_1_528' title='bbox 2951 1704 3163 1750; x_wconf 77' lang='lat' dir='ltr'><strong>coitslat</strong></span> <span class='ocrx_word' id='word_1_529' title='bbox 3198 1697 3266 1752; x_wconf 91' lang='lat' dir='ltr'><strong>ab</strong></span> <span class='ocrx_word' id='word_1_530' title='bbox 3296 1697 3411 1769; x_wconf 89' lang='lat' dir='ltr'><strong>ipso</strong></span> <span class='ocrx_word' id='word_1_531' title='bbox 3439 1698 3638 1757; x_wconf 83' lang='lat' dir='ltr'><strong>Iasone</strong></span> <span class='ocrx_word' id='word_1_532' title='bbox 3676 1705 3941 1774; x_wconf 88' lang='lat' dir='ltr'><strong>scriptum</strong></span> 
     </span>
    </p>
   </div>
   <div class='ocr_carea' id='block_1_76' title="bbox 2322 1781 3942 1868">
    <p class='ocr_par' dir='ltr' id='par_1_76' title="bbox 2322 1781 3942 1868">
     <span class='ocr_line' id='line_1_76' title="bbox 2322 1781 3942 1868; baseline 0.012 -35"><span class='ocrx_word' id='word_1_533' title='bbox 2322 1794 2445 1835; x_wconf 90' lang='lat' dir='ltr'><strong>esse</strong></span> <span class='ocrx_word' id='word_1_534' title='bbox 2466 1781 2817 1853; x_wconf 88' lang='lat' dir='ltr'><strong>colloquium,</strong></span> <span class='ocrx_word' id='word_1_535' title='bbox 2850 1787 3101 1854; x_wconf 84' lang='lat' dir='ltr'><strong>quamvis</strong></span> <span class='ocrx_word' id='word_1_536' title='bbox 3130 1802 3289 1843; x_wconf 84' lang='lat' dir='ltr'><strong>nemo</strong></span> <span class='ocrx_word' id='word_1_537' title='bbox 3311 1790 3485 1858; x_wconf 85' lang='lat' dir='ltr'><strong>aptius</strong></span> <span class='ocrx_word' id='word_1_538' title='bbox 3528 1792 3578 1846; x_wconf 87' lang='lat' dir='ltr'><strong>id</strong></span> <span class='ocrx_word' id='word_1_539' title='bbox 3625 1793 3801 1851; x_wconf 88' lang='lat' dir='ltr'><strong>facere</strong></span> <span class='ocrx_word' id='word_1_540' title='bbox 3840 1813 3942 1868; x_wconf 86' lang='lat' dir='ltr'><strong>po-</strong></span> 
     </span>
    </p>
   </div>
   <div class='ocr_carea' id='block_1_77' title="bbox 2323 1871 3940 1946">
    <p class='ocr_par' dir='ltr' id='par_1_77' title="bbox 2323 1871 3940 1946">
     <span class='ocr_line' id='line_1_77' title="bbox 2323 1871 3940 1946; baseline 0.012 -21"><span class='ocrx_word' id='word_1_541' title='bbox 2323 1871 2489 1927; x_wconf 89' lang='lat' dir='ltr'><strong>tuisse</strong></span> <span class='ocrx_word' id='word_1_542' title='bbox 2520 1873 2782 1929; x_wconf 74' lang='lat' dir='ltr'><strong>vitleatur.</strong></span> <span class='ocrx_word' id='word_1_543' title='bbox 2813 1875 2960 1946; x_wconf 85' lang='lat' dir='ltr'><strong>Opus</strong></span> <span class='ocrx_word' id='word_1_544' title='bbox 2993 1878 3323 1935; x_wconf 90' lang='lat' dir='ltr'><strong>attribnebat</strong></span> <span class='ocrx_word' id='word_1_545' title='bbox 3371 1881 3430 1936; x_wconf 92' lang='lat' dir='ltr'><strong>S.</strong></span> <span class='ocrx_word' id='word_1_546' title='bbox 3484 1881 3646 1939; x_wconf 72' lang='lat' dir='ltr'><strong>Luca:</strong></span> <span class='ocrx_word' id='word_1_547' title='bbox 3687 1885 3940 1945; x_wconf 88' lang='lat' dir='ltr'><strong>Clemens</strong></span> 
     </span>
    </p>
   </div>
   <div class='ocr_carea' id='block_1_78' title="bbox 2320 1962 3941 2042">
    <p class='ocr_par' dir='ltr' id='par_1_78' title="bbox 2320 1962 3941 2042">
     <span class='ocr_line' id='line_1_78' title="bbox 2320 1962 3941 2042; baseline 0.011 -24"><span class='ocrx_word' id='word_1_548' title='bbox 2320 1962 2717 2021; x_wconf 80' lang='lat' dir='ltr'><strong>Alexandrinus</strong></span> <span class='ocrx_word' id='word_1_549' title='bbox 2773 1967 2824 2022; x_wconf 90' lang='lat' dir='ltr'><strong>in</strong></span> <span class='ocrx_word' id='word_1_550' title='bbox 2862 1977 3015 2023; x_wconf 89' lang='lat' dir='ltr'><strong>sexto</strong></span> <span class='ocrx_word' id='word_1_551' title='bbox 3054 1968 3453 2042; x_wconf 76' lang='lat' dir='ltr'><strong>Hypotyposeon</strong></span> <span class='ocrx_word' id='word_1_552' title='bbox 3485 1973 3649 2042; x_wconf 90' lang='lat' dir='ltr'><strong>libro,</strong></span> <span class='ocrx_word' id='word_1_553' title='bbox 3687 1986 3746 2033; x_wconf 89' lang='lat' dir='ltr'><strong>ut</strong></span> <span class='ocrx_word' id='word_1_554' title='bbox 3775 1990 3941 2036; x_wconf 88' lang='lat' dir='ltr'><strong>testa-</strong></span> 
     </span>
    </p>
   </div>
   <div class='ocr_carea' id='block_1_79' title="bbox 2325 2054 3936 2143">
    <p class='ocr_par' dir='ltr' id='par_1_79' title="bbox 2325 2054 3936 2143">
     <span class='ocr_line' id='line_1_79' title="bbox 2325 2054 3936 2143; baseline 0.01 -36"><span class='ocrx_word' id='word_1_555' title='bbox 2325 2064 2412 2108; x_wconf 89' lang='lat' dir='ltr'><strong>tur</strong></span> <span class='ocrx_word' id='word_1_556' title='bbox 2442 2054 2712 2112; x_wconf 80' lang='lat' dir='ltr'><strong>Maximus</strong></span> <span class='ocrx_word' id='word_1_557' title='bbox 2738 2056 2789 2112; x_wconf 83' lang='lat' dir='ltr'><strong>in</strong></span> <span class='ocrx_word' id='word_1_558' title='bbox 2823 2059 3041 2115; x_wconf 89' lang='lat' dir='ltr'><strong>scholiis</strong></span> <span class='ocrx_word' id='word_1_559' title='bbox 3082 2061 3151 2117; x_wconf 86' lang='lat' dir='ltr'><strong>ad</strong></span> <span class='ocrx_word' id='word_1_560' title='bbox 3183 2062 3380 2118; x_wconf 90' lang='lat' dir='ltr'><strong>librmn</strong></span> <span class='ocrx_word' id='word_1_561' title='bbox 3413 2065 3645 2139; x_wconf 84' lang='lat' dir='ltr'><strong>Dionysii</strong></span> <span class='ocrx_word' id='word_1_562' title='bbox 3674 2070 3736 2124; x_wconf 81' lang='lat' dir='ltr'><strong>de</strong></span> <span class='ocrx_word' id='word_1_563' title='bbox 3774 2070 3936 2143; x_wconf 73' lang='lat' dir='ltr'><strong>Myst.</strong></span> 
     </span>
    </p>
   </div>
   <div class='ocr_carea' id='block_1_80' title="bbox 2328 2145 3938 2235">
    <p class='ocr_par' dir='ltr' id='par_1_80' title="bbox 2328 2145 3938 2235">
     <span class='ocr_line' id='line_1_80' title="bbox 2328 2145 3938 2235; baseline 0.014 -35"><span class='ocrx_word' id='word_1_564' title='bbox 2328 2145 2509 2201; x_wconf 82' lang='lat' dir='ltr'><strong>Theol.</strong></span> <span class='ocrx_word' id='word_1_565' title='bbox 2549 2164 2668 2219; x_wconf 90' lang='lat' dir='ltr'><strong>cap.</strong></span> <span class='ocrx_word' id='word_1_566' title='bbox 2706 2149 2761 2216; x_wconf 79' lang='grc' dir='ltr'><strong>Ι,</strong></span> <span class='ocrx_word' id='word_1_567' title='bbox 2799 2150 2896 2206; x_wconf 91' lang='lat' dir='ltr'><strong>sed</strong></span> <span class='ocrx_word' id='word_1_568' title='bbox 2935 2152 2986 2207; x_wconf 92' lang='lat' dir='ltr'><strong>id</strong></span> <span class='ocrx_word' id='word_1_569' title='bbox 3033 2170 3249 2223; x_wconf 85' lang='lat' dir='ltr'><strong>prorsus</strong></span> <span class='ocrx_word' id='word_1_570' title='bbox 3289 2156 3642 2227; x_wconf 88' lang='lat' dir='ltr'><strong>improbabile</strong></span> <span class='ocrx_word' id='word_1_571' title='bbox 3680 2172 3783 2218; x_wconf 91' lang='lat' dir='ltr'><strong>est.</strong></span> <span class='ocrx_word' id='word_1_572' title='bbox 3818 2161 3938 2235; x_wconf 86' lang='lat' dir='ltr'><strong>Ipse</strong></span> 
     </span>
    </p>
   </div>
   <div class='ocr_carea' id='block_1_81' title="bbox 2321 2239 3627 2324">
    <p class='ocr_par' dir='ltr' id='par_1_81' title="bbox 2321 2239 3627 2324">
     <span class='ocr_line' id='line_1_81' title="bbox 2321 2239 3627 2324; baseline 0.013 -30"><span class='ocrx_word' id='word_1_573' title='bbox 2321 2239 2580 2297; x_wconf 82' lang='lat' dir='ltr'><strong>Maximus</strong></span> <span class='ocrx_word' id='word_1_574' title='bbox 2608 2243 2847 2300; x_wconf 84' lang='lat' dir='ltr'><strong>Aristoni</strong></span> <span class='ocrx_word' id='word_1_575' title='bbox 2880 2245 3081 2302; x_wconf 66' lang='lat' dir='ltr'><strong>Pellaeo</strong></span> <span class='ocrx_word' id='word_1_576' title='bbox 3110 2248 3305 2306; x_wconf 87' lang='lat' dir='ltr'><strong>ibidem</strong></span> <span class='ocrx_word' id='word_1_577' title='bbox 3332 2252 3627 2324; x_wconf 88' lang='lat' dir='ltr'><strong>adjudicat.</strong></span> 
     </span>
    </p>
   </div>
   <div class='ocr_carea' id='block_1_82' title="bbox 2392 2331 3932 2410">
    <p class='ocr_par' dir='ltr' id='par_1_82' title="bbox 2392 2331 3932 2410">
     <span class='ocr_line' id='line_1_82' title="bbox 2392 2331 3932 2410; baseline 0.016 -24"><span class='ocrx_word' id='word_1_578' title='bbox 2392 2331 2585 2389; x_wconf 86' lang='lat' dir='ltr'><strong>Celsus</strong></span> <span class='ocrx_word' id='word_1_579' title='bbox 2616 2334 2911 2404; x_wconf 83' lang='lat' dir='ltr'><strong>Epicureus</strong></span> <span class='ocrx_word' id='word_1_580' title='bbox 2940 2353 3061 2394; x_wconf 89' lang='lat' dir='ltr'><strong>cum</strong></span> <span class='ocrx_word' id='word_1_581' title='bbox 3086 2342 3338 2398; x_wconf 65' lang='lat' dir='ltr'><strong>historias</strong></span> <span class='ocrx_word' id='word_1_582' title='bbox 3359 2344 3670 2405; x_wconf 67' lang='lat' dir='ltr'><strong>Iudzrorum</strong></span> <span class='ocrx_word' id='word_1_583' title='bbox 3690 2361 3742 2407; x_wconf 92' lang='lat' dir='ltr'><strong>et</strong></span> <span class='ocrx_word' id='word_1_584' title='bbox 3767 2352 3898 2410; x_wconf 88' lang='lat' dir='ltr'><strong>Cltri</strong></span> <span class='ocrx_word' id='word_1_585' title='bbox 3913 2384 3932 2397; x_wconf 85' lang='lat'><strong>-</strong></span> 
     </span>
    </p>
   </div>
   <div class='ocr_carea' id='block_1_83' title="bbox 2320 2425 3927 2515">
    <p class='ocr_par' dir='ltr' id='par_1_83' title="bbox 2320 2425 3927 2515">
     <span class='ocr_line' id='line_1_83' title="bbox 2320 2425 3927 2515; baseline 0.014 -36"><span class='ocrx_word' id='word_1_586' title='bbox 2320 2425 2616 2482; x_wconf 89' lang='lat' dir='ltr'><strong>stianorum</strong></span> <span class='ocrx_word' id='word_1_587' title='bbox 2647 2426 2852 2484; x_wconf 88' lang='lat' dir='ltr'><strong>fabulas</strong></span> <span class='ocrx_word' id='word_1_588' title='bbox 2880 2445 3000 2487; x_wconf 88' lang='lat' dir='ltr'><strong>esse</strong></span> <span class='ocrx_word' id='word_1_589' title='bbox 3045 2437 3436 2502; x_wconf 88' lang='lat' dir='ltr'><strong>contenderet,</strong></span> <span class='ocrx_word' id='word_1_590' title='bbox 3486 2455 3550 2496; x_wconf 89' lang='lat' dir='ltr'><strong>ac</strong></span> <span class='ocrx_word' id='word_1_591' title='bbox 3595 2458 3813 2515; x_wconf 70' lang='lat' dir='ltr'><strong>operam</strong></span> <span class='ocrx_word' id='word_1_592' title='bbox 3858 2448 3927 2503; x_wconf 89' lang='lat' dir='ltr'><strong>ab</strong></span> 
     </span>
    </p>
   </div>
   <div class='ocr_carea' id='block_1_84' title="bbox 2321 2519 3931 2600">
    <p class='ocr_par' dir='ltr' id='par_1_84' title="bbox 2321 2519 3931 2600">
     <span class='ocr_line' id='line_1_84' title="bbox 2321 2519 3931 2600; baseline 0.016 -31"><span class='ocrx_word' id='word_1_593' title='bbox 2321 2519 2560 2588; x_wconf 89' lang='lat' dir='ltr'><strong>utrisque</strong></span> <span class='ocrx_word' id='word_1_594' title='bbox 2600 2520 2650 2573; x_wconf 92' lang='lat' dir='ltr'><strong>in</strong></span> <span class='ocrx_word' id='word_1_595' title='bbox 2684 2522 2954 2577; x_wconf 91' lang='lat' dir='ltr'><strong>nonnullis</strong></span> <span class='ocrx_word' id='word_1_596' title='bbox 2980 2524 3269 2596; x_wconf 83' lang='lat' dir='ltr'><strong>allegorice</strong></span> <span class='ocrx_word' id='word_1_597' title='bbox 3315 2530 3731 2600; x_wconf 86' lang='lat' dir='ltr'><strong>interpretandis</strong></span> <span class='ocrx_word' id='word_1_598' title='bbox 3776 2537 3931 2593; x_wconf 80' lang='lat' dir='ltr'><strong>aditi-</strong></span> 
     </span>
    </p>
   </div>
   <div class='ocr_carea' id='block_1_85' title="bbox 2318 2607 3931 2698">
    <p class='ocr_par' dir='ltr' id='par_1_85' title="bbox 2318 2607 3931 2698">
     <span class='ocr_line' id='line_1_85' title="bbox 2318 2607 3931 2698; baseline 0.013 -34"><span class='ocrx_word' id='word_1_599' title='bbox 2318 2607 2484 2664; x_wconf 86' lang='lat' dir='ltr'><strong>bitam</strong></span> <span class='ocrx_word' id='word_1_600' title='bbox 2525 2609 2914 2677; x_wconf 86' lang='lat' dir='ltr'><strong>lloceifaeeret,</strong></span> <span class='ocrx_word' id='word_1_601' title='bbox 2963 2615 3012 2668; x_wconf 91' lang='lat' dir='ltr'><strong>in</strong></span> <span class='ocrx_word' id='word_1_602' title='bbox 3045 2618 3349 2686; x_wconf 81' lang='lat' dir='ltr'><strong>exemplum</strong></span> <span class='ocrx_word' id='word_1_603' title='bbox 3388 2621 3684 2682; x_wconf 89' lang='lat' dir='ltr'><strong>adducebat</strong></span> <span class='ocrx_word' id='word_1_604' title='bbox 3715 2627 3931 2698; x_wconf 87' lang='lat' dir='ltr'><strong>Papisci</strong></span> 
     </span>
    </p>
   </div>
   <div class='ocr_carea' id='block_1_86' title="bbox 2319 2700 3935 2783">
    <p class='ocr_par' dir='ltr' id='par_1_86' title="bbox 2319 2700 3935 2783">
     <span class='ocr_line' id='line_1_86' title="bbox 2319 2700 3935 2783; baseline 0.014 -27"><span class='ocrx_word' id='word_1_605' title='bbox 2319 2700 2593 2771; x_wconf 87' lang='lat' dir='ltr'><strong>cujusdam</strong></span> <span class='ocrx_word' id='word_1_606' title='bbox 2622 2711 2679 2758; x_wconf 89' lang='lat' dir='ltr'><strong>et</strong></span> <span class='ocrx_word' id='word_1_607' title='bbox 2706 2702 2919 2761; x_wconf 87' lang='lat' dir='ltr'><strong>Iasonis</strong></span> <span class='ocrx_word' id='word_1_608' title='bbox 2947 2712 3219 2781; x_wconf 69' lang='grc' dir='ltr'><strong>ἀντιλογία-ν</strong></span> <span class='ocrx_word' id='word_1_609' title='bbox 3238 2753 3251 2774; x_wconf 85' lang='grc'><strong><em>,</em></strong></span> <span class='ocrx_word' id='word_1_610' title='bbox 3294 2728 3474 2783; x_wconf 90' lang='lat' dir='ltr'><strong>quam,</strong></span> <span class='ocrx_word' id='word_1_611' title='bbox 3501 2727 3550 2768; x_wconf 93' lang='lat' dir='ltr'><strong>ul</strong></span> <span class='ocrx_word' id='word_1_612' title='bbox 3582 2718 3935 2779; x_wconf 85' lang='lat' dir='ltr'><strong>miseratione</strong></span> 
     </span>
    </p>
   </div>
   <div class='ocr_carea' id='block_1_87' title="bbox 2319 2795 3933 2884">
    <p class='ocr_par' dir='ltr' id='par_1_87' title="bbox 2319 2795 3933 2884">
     <span class='ocr_line' id='line_1_87' title="bbox 2319 2795 3933 2884; baseline 0.014 -34"><span class='ocrx_word' id='word_1_613' title='bbox 2319 2804 2373 2850; x_wconf 91' lang='lat' dir='ltr'><strong>et</strong></span> <span class='ocrx_word' id='word_1_614' title='bbox 2398 2795 2525 2852; x_wconf 94' lang='lat' dir='ltr'><strong>odio</strong></span> <span class='ocrx_word' id='word_1_615' title='bbox 2549 2797 2845 2867; x_wconf 83' lang='lat' dir='ltr'><strong>digniorem</strong></span> <span class='ocrx_word' id='word_1_616' title='bbox 2876 2817 3034 2871; x_wconf 92' lang='lat' dir='ltr'><strong>quam</strong></span> <span class='ocrx_word' id='word_1_617' title='bbox 3057 2804 3193 2869; x_wconf 89' lang='lat' dir='ltr'><strong>risu,</strong></span> <span class='ocrx_word' id='word_1_618' title='bbox 3230 2821 3296 2861; x_wconf 91' lang='lat' dir='ltr'><strong>ne</strong></span> <span class='ocrx_word' id='word_1_619' title='bbox 3324 2806 3668 2866; x_wconf 89' lang='lat' dir='ltr'><strong>refellendam</strong></span> <span class='ocrx_word' id='word_1_620' title='bbox 3710 2814 3933 2884; x_wconf 89' lang='lat' dir='ltr'><strong>quidem</strong></span> 
     </span>
    </p>
   </div>
   <div class='ocr_carea' id='block_1_88' title="bbox 2315 2887 3933 2978">
    <p class='ocr_par' dir='ltr' id='par_1_88' title="bbox 2315 2887 3933 2978">
     <span class='ocr_line' id='line_1_88' title="bbox 2315 2887 3933 2978; baseline 0.013 -36"><span class='ocrx_word' id='word_1_621' title='bbox 2315 2887 2607 2957; x_wconf 82' lang='lat' dir='ltr'><strong>judicabat.</strong></span> <span class='ocrx_word' id='word_1_622' title='bbox 2657 2889 2919 2948; x_wconf 86' lang='lat' dir='ltr'><strong>Observat</strong></span> <span class='ocrx_word' id='word_1_623' title='bbox 2974 2892 3233 2966; x_wconf 88' lang='lat' dir='ltr'><strong>Origenes</strong></span> <span class='ocrx_word' id='word_1_624' title='bbox 3284 2897 3357 2971; x_wconf 84' lang='grc' dir='ltr'><strong>(ιν</strong></span> <span class='ocrx_word' id='word_1_625' title='bbox 3406 2900 3538 2956; x_wconf 82' lang='lat' dir='ltr'><strong>Cels.</strong></span> <span class='ocrx_word' id='word_1_626' title='bbox 3587 2918 3639 2972; x_wconf 88' lang='lat' dir='ltr'><strong>p.</strong></span> <span class='ocrx_word' id='word_1_627' title='bbox 3693 2903 3818 2978; x_wconf 84' lang='lat' dir='ltr'><strong>l99)</strong></span> <span class='ocrx_word' id='word_1_628' title='bbox 3864 2922 3933 2962; x_wconf 83' lang='lat' dir='ltr'><strong>ex</strong></span> 
     </span>
    </p>
   </div>
   <div class='ocr_carea' id='block_1_89' title="bbox 2319 2982 3939 3063">
    <p class='ocr_par' dir='ltr' id='par_1_89' title="bbox 2319 2982 3939 3063">
     <span class='ocr_line' id='line_1_89' title="bbox 2319 2982 3939 3063; baseline 0.01 -29"><span class='ocrx_word' id='word_1_629' title='bbox 2319 2982 2568 3038; x_wconf 86' lang='lat' dir='ltr'><strong>omnibus</strong></span> <span class='ocrx_word' id='word_1_630' title='bbox 2609 2982 3036 3042; x_wconf 75' lang='lat' dir='ltr'><strong>Christianorum</strong></span> <span class='ocrx_word' id='word_1_631' title='bbox 3090 2988 3246 3044; x_wconf 90' lang='lat' dir='ltr'><strong>libris</strong></span> <span class='ocrx_word' id='word_1_632' title='bbox 3291 2991 3575 3063; x_wconf 74' lang='lat' dir='ltr'><strong>alleget-ias</strong></span> <span class='ocrx_word' id='word_1_633' title='bbox 3619 3006 3673 3049; x_wconf 90' lang='lat' dir='ltr'><strong>et</strong></span> <span class='ocrx_word' id='word_1_634' title='bbox 3715 3012 3939 3053; x_wconf 84' lang='lat' dir='ltr'><strong>enarra-</strong></span> 
     </span>
    </p>
   </div>
   <div class='ocr_carea' id='block_1_90' title="bbox 2321 3075 3932 3157">
    <p class='ocr_par' dir='ltr' id='par_1_90' title="bbox 2321 3075 3932 3157">
     <span class='ocr_line' id='line_1_90' title="bbox 2321 3075 3932 3157; baseline 0.01 -26"><span class='ocrx_word' id='word_1_635' title='bbox 2321 3075 2496 3132; x_wconf 87' lang='lat' dir='ltr'><strong>tiones</strong></span> <span class='ocrx_word' id='word_1_636' title='bbox 2525 3093 2633 3132; x_wconf 91' lang='lat' dir='ltr'><strong>non</strong></span> <span class='ocrx_word' id='word_1_637' title='bbox 2651 3080 3049 3136; x_wconf 88' lang='lat' dir='ltr'><strong>contemnendo</strong></span> <span class='ocrx_word' id='word_1_638' title='bbox 3066 3080 3279 3138; x_wconf 90' lang='lat' dir='ltr'><strong>dicendi</strong></span> <span class='ocrx_word' id='word_1_639' title='bbox 3293 3099 3492 3155; x_wconf 78' lang='lat' dir='ltr'><strong>genere</strong></span> <span class='ocrx_word' id='word_1_640' title='bbox 3509 3090 3932 3157; x_wconf 83' lang='lat' dir='ltr'><strong>continentibus,</strong></span> 
     </span>
    </p>
   </div>
   <div class='ocr_carea' id='block_1_91' title="bbox 2319 3168 3937 3245">
    <p class='ocr_par' dir='ltr' id='par_1_91' title="bbox 2319 3168 3937 3245">
     <span class='ocr_line' id='line_1_91' title="bbox 2319 3168 3937 3245; baseline 0.007 -19"><span class='ocrx_word' id='word_1_641' title='bbox 2319 3184 2440 3226; x_wconf 91' lang='lat' dir='ltr'><strong>eum</strong></span> <span class='ocrx_word' id='word_1_642' title='bbox 2487 3184 2517 3224; x_wconf 91' lang='lat' dir='ltr'><strong>a</strong></span> <span class='ocrx_word' id='word_1_643' title='bbox 2560 3168 2723 3226; x_wconf 90' lang='lat' dir='ltr'><strong>Celso</strong></span> <span class='ocrx_word' id='word_1_644' title='bbox 2756 3173 2988 3228; x_wconf 90' lang='lat' dir='ltr'><strong>electum</strong></span> <span class='ocrx_word' id='word_1_645' title='bbox 3020 3188 3142 3229; x_wconf 84' lang='lat' dir='ltr'><strong>esse</strong></span> <span class='ocrx_word' id='word_1_646' title='bbox 3166 3176 3254 3245; x_wconf 88' lang='lat' dir='ltr'><strong>qui</strong></span> <span class='ocrx_word' id='word_1_647' title='bbox 3288 3177 3445 3233; x_wconf 89' lang='lat' dir='ltr'><strong>vilior</strong></span> <span class='ocrx_word' id='word_1_648' title='bbox 3473 3179 3617 3234; x_wconf 89' lang='lat' dir='ltr'><strong>sitet</strong></span> <span class='ocrx_word' id='word_1_649' title='bbox 3642 3180 3709 3236; x_wconf 90' lang='lat' dir='ltr'><strong>ad</strong></span> <span class='ocrx_word' id='word_1_650' title='bbox 3736 3183 3937 3237; x_wconf 86' lang='lat' dir='ltr'><strong>multos</strong></span> 
     </span>
    </p>
   </div>
   <div class='ocr_carea' id='block_1_92' title="bbox 2319 3263 3931 3342">
    <p class='ocr_par' dir='ltr' id='par_1_92' title="bbox 2319 3263 3931 3342">
     <span class='ocr_line' id='line_1_92' title="bbox 2319 3263 3931 3342; baseline 0.008 -26"><span class='ocrx_word' id='word_1_651' title='bbox 2319 3276 2383 3317; x_wconf 89' lang='lat' dir='ltr'><strong>ac</strong></span> <span class='ocrx_word' id='word_1_652' title='bbox 2409 3263 2769 3331; x_wconf 83' lang='lat' dir='ltr'><strong>simpliciores</strong></span> <span class='ocrx_word' id='word_1_653' title='bbox 2801 3265 2904 3320; x_wconf 87' lang='lat' dir='ltr'><strong>flde</strong></span> <span class='ocrx_word' id='word_1_654' title='bbox 2949 3265 3268 3324; x_wconf 75' lang='lat' dir='ltr'><strong>imbuendus</strong></span> <span class='ocrx_word' id='word_1_655' title='bbox 3297 3271 3472 3338; x_wconf 80' lang='lat' dir='ltr'><strong>aptior</strong></span> <span class='ocrx_word' id='word_1_656' title='bbox 3492 3312 3506 3336; x_wconf 94' lang='lat'><strong>,</strong></span> <span class='ocrx_word' id='word_1_657' title='bbox 3537 3287 3696 3342; x_wconf 89' lang='lat' dir='ltr'><strong>quam</strong></span> <span class='ocrx_word' id='word_1_658' title='bbox 3742 3274 3808 3329; x_wconf 89' lang='lat' dir='ltr'><strong>ad</strong></span> <span class='ocrx_word' id='word_1_659' title='bbox 3839 3274 3931 3329; x_wconf 86' lang='lat' dir='ltr'><strong>iu-</strong></span> 
     </span>
    </p>
   </div>
   <div class='ocr_carea' id='block_1_93' title="bbox 2321 3357 3935 3429">
    <p class='ocr_par' dir='ltr' id='par_1_93' title="bbox 2321 3357 3935 3429">
     <span class='ocr_line' id='line_1_93' title="bbox 2321 3357 3935 3429; baseline 0.007 -18"><span class='ocrx_word' id='word_1_660' title='bbox 2321 3357 2709 3427; x_wconf 88' lang='lat' dir='ltr'><strong>telligeutiores</strong></span> <span class='ocrx_word' id='word_1_661' title='bbox 2739 3360 3166 3429; x_wconf 86' lang='lat' dir='ltr'><strong>permovendos;</strong></span> <span class='ocrx_word' id='word_1_662' title='bbox 3218 3361 3313 3417; x_wconf 87' lang='lat' dir='ltr'><strong>sed</strong></span> <span class='ocrx_word' id='word_1_663' title='bbox 3364 3371 3541 3419; x_wconf 86' lang='lat' dir='ltr'><strong>tamen</strong></span> <span class='ocrx_word' id='word_1_664' title='bbox 3589 3366 3720 3421; x_wconf 92' lang='lat' dir='ltr'><strong>nihil</strong></span> <span class='ocrx_word' id='word_1_665' title='bbox 3758 3365 3809 3421; x_wconf 91' lang='lat' dir='ltr'><strong>in</strong></span> <span class='ocrx_word' id='word_1_666' title='bbox 3861 3383 3935 3424; x_wconf 90' lang='lat' dir='ltr'><strong>eo</strong></span> 
     </span>
    </p>
   </div>
   <div class='ocr_carea' id='block_1_94' title="bbox 2320 3452 3935 3526">
    <p class='ocr_par' dir='ltr' id='par_1_94' title="bbox 2320 3452 3935 3526">
     <span class='ocr_line' id='line_1_94' title="bbox 2320 3452 3935 3526; baseline 0.006 -22"><span class='ocrx_word' id='word_1_667' title='bbox 2320 3465 2606 3505; x_wconf 91' lang='lat' dir='ltr'><strong>occurrere</strong></span> <span class='ocrx_word' id='word_1_668' title='bbox 2636 3452 2917 3507; x_wconf 88' lang='lat' dir='ltr'><strong>contendit</strong></span> <span class='ocrx_word' id='word_1_669' title='bbox 2953 3452 3097 3522; x_wconf 90' lang='lat' dir='ltr'><strong>quod</strong></span> <span class='ocrx_word' id='word_1_670' title='bbox 3128 3452 3253 3508; x_wconf 90' lang='lat' dir='ltr'><strong>odio</strong></span> <span class='ocrx_word' id='word_1_671' title='bbox 3285 3454 3502 3526; x_wconf 87' lang='lat' dir='ltr'><strong>dignum</strong></span> <span class='ocrx_word' id='word_1_672' title='bbox 3533 3461 3634 3520; x_wconf 91' lang='lat' dir='ltr'><strong>sit,</strong></span> <span class='ocrx_word' id='word_1_673' title='bbox 3662 3473 3763 3514; x_wconf 91' lang='lat' dir='ltr'><strong>nec</strong></span> <span class='ocrx_word' id='word_1_674' title='bbox 3785 3458 3935 3514; x_wconf 86' lang='lat' dir='ltr'><strong>aliud</strong></span> 
     </span>
    </p>
   </div>
   <div class='ocr_carea' id='block_1_95' title="bbox 2318 3542 3939 3623">
    <p class='ocr_par' dir='ltr' id='par_1_95' title="bbox 2318 3542 3939 3623">
     <span class='ocr_line' id='line_1_95' title="bbox 2318 3542 3939 3623; baseline 0.01 -31"><span class='ocrx_word' id='word_1_675' title='bbox 2318 3542 2605 3612; x_wconf 89' lang='lat' dir='ltr'><strong>quidquam</strong></span> <span class='ocrx_word' id='word_1_676' title='bbox 2641 3544 2867 3613; x_wconf 88' lang='lat' dir='ltr'><strong>requirit</strong></span> <span class='ocrx_word' id='word_1_677' title='bbox 2903 3543 2970 3598; x_wconf 89' lang='lat' dir='ltr'><strong>ad</strong></span> <span class='ocrx_word' id='word_1_678' title='bbox 2999 3543 3140 3600; x_wconf 90' lang='lat' dir='ltr'><strong>Celsi</strong></span> <span class='ocrx_word' id='word_1_679' title='bbox 3168 3546 3671 3623; x_wconf 85' lang='lat' dir='ltr'><strong>condemnationem</strong></span> <span class='ocrx_word' id='word_1_680' title='bbox 3692 3592 3707 3617; x_wconf 91' lang='lat'><strong>,</strong></span> <span class='ocrx_word' id='word_1_681' title='bbox 3740 3551 3842 3606; x_wconf 91' lang='lat' dir='ltr'><strong>nisi</strong></span> <span class='ocrx_word' id='word_1_682' title='bbox 3874 3563 3939 3608; x_wconf 84' lang='lat' dir='ltr'><strong>ut</strong></span> 
     </span>
    </p>
   </div>
   <div class='ocr_carea' id='block_1_96' title="bbox 2320 3636 3934 3709">
    <p class='ocr_par' dir='ltr' id='par_1_96' title="bbox 2320 3636 3934 3709">
     <span class='ocr_line' id='line_1_96' title="bbox 2320 3636 3934 3709; baseline 0.007 -19"><span class='ocrx_word' id='word_1_683' title='bbox 2320 3636 2529 3707; x_wconf 80' lang='lat' dir='ltr'><strong>legatur</strong></span> <span class='ocrx_word' id='word_1_684' title='bbox 2548 3637 2638 3692; x_wconf 89' lang='lat' dir='ltr'><strong>ille</strong></span> <span class='ocrx_word' id='word_1_685' title='bbox 2661 3636 2815 3704; x_wconf 89' lang='lat' dir='ltr'><strong>liber,</strong></span> <span class='ocrx_word' id='word_1_686' title='bbox 2855 3655 2873 3688; x_wconf 86' lang='grc' dir='ltr'><strong>ι</strong></span> <span class='ocrx_word' id='word_1_687' title='bbox 2911 3639 2964 3693; x_wconf 92' lang='lat' dir='ltr'><strong>in</strong></span> <span class='ocrx_word' id='word_1_688' title='bbox 2988 3655 3095 3709; x_wconf 82' lang='lat' dir='ltr'><strong>quo</strong></span> <span class='ocrx_word' id='word_1_689' title='bbox 3115 3639 3438 3696; x_wconf 82' lang='lat' dir='ltr'><strong>describitur</strong></span> <span class='ocrx_word' id='word_1_690' title='bbox 3451 3640 3785 3699; x_wconf 86' lang='lat' dir='ltr'><strong>Christianus</strong></span> <span class='ocrx_word' id='word_1_691' title='bbox 3806 3660 3934 3701; x_wconf 93' lang='lat' dir='ltr'><strong>cum</strong></span> 
     </span>
    </p>
   </div>
   <div class='ocr_carea' id='block_1_97' title="bbox 2318 3727 3939 3808">
    <p class='ocr_par' dir='ltr' id='par_1_97' title="bbox 2318 3727 3939 3808">
     <span class='ocr_line' id='line_1_97' title="bbox 2318 3727 3939 3808; baseline 0.007 -25"><span class='ocrx_word' id='word_1_692' title='bbox 2318 3727 2504 3784; x_wconf 75' lang='lat' dir='ltr'><strong>Iudaeo</strong></span> <span class='ocrx_word' id='word_1_693' title='bbox 2559 3728 2832 3785; x_wconf 85' lang='lat' dir='ltr'><strong>disserens</strong></span> <span class='ocrx_word' id='word_1_694' title='bbox 2881 3745 2952 3786; x_wconf 88' lang='lat' dir='ltr'><strong>ex</strong></span> <span class='ocrx_word' id='word_1_695' title='bbox 2998 3732 3278 3803; x_wconf 79' lang='lat' dir='ltr'><strong>scripturis</strong></span> <span class='ocrx_word' id='word_1_696' title='bbox 3321 3732 3592 3798; x_wconf 86' lang='lat' dir='ltr'><strong>Itnlaicis,</strong></span> <span class='ocrx_word' id='word_1_697' title='bbox 3636 3746 3689 3791; x_wconf 90' lang='lat' dir='ltr'><strong>et</strong></span> <span class='ocrx_word' id='word_1_698' title='bbox 3716 3752 3838 3808; x_wconf 77' lang='lat' dir='ltr'><strong>qua:</strong></span> <span class='ocrx_word' id='word_1_699' title='bbox 3862 3737 3939 3795; x_wconf 82' lang='lat' dir='ltr'><strong>de</strong></span> 
     </span>
    </p>
   </div>
   <div class='ocr_carea' id='block_1_98' title="bbox 2317 3816 3938 3891">
    <p class='ocr_par' dir='ltr' id='par_1_98' title="bbox 2317 3816 3938 3891">
     <span class='ocr_line' id='line_1_98' title="bbox 2317 3816 3938 3891; baseline 0.006 -16"><span class='ocrx_word' id='word_1_700' title='bbox 2317 3816 2530 3875; x_wconf 83' lang='lat' dir='ltr'><strong>Christo</strong></span> <span class='ocrx_word' id='word_1_701' title='bbox 2583 3819 2838 3891; x_wconf 64' lang='lat' dir='ltr'><strong>praedicta</strong></span> <span class='ocrx_word' id='word_1_702' title='bbox 2890 3830 3016 3877; x_wconf 91' lang='lat' dir='ltr'><strong>sunt</strong></span> <span class='ocrx_word' id='word_1_703' title='bbox 3067 3823 3118 3877; x_wconf 89' lang='lat' dir='ltr'><strong>in</strong></span> <span class='ocrx_word' id='word_1_704' title='bbox 3147 3822 3331 3879; x_wconf 88' lang='lat' dir='ltr'><strong>Iesum</strong></span> <span class='ocrx_word' id='word_1_705' title='bbox 3374 3826 3662 3882; x_wconf 81' lang='lat' dir='ltr'><strong>convenire</strong></span> <span class='ocrx_word' id='word_1_706' title='bbox 3707 3826 3938 3884; x_wconf 80' lang='lat' dir='ltr'><strong>demon-</strong></span> 
     </span>
    </p>
   </div>
   <div class='ocr_carea' id='block_1_99' title="bbox 2318 3911 3934 3989">
    <p class='ocr_par' dir='ltr' id='par_1_99' title="bbox 2318 3911 3934 3989">
     <span class='ocr_line' id='line_1_99' title="bbox 2318 3911 3934 3989; baseline 0.009 -25"><span class='ocrx_word' id='word_1_707' title='bbox 2318 3919 2529 3976; x_wconf 88' lang='lat' dir='ltr'><strong>strans;</strong></span> <span class='ocrx_word' id='word_1_708' title='bbox 2577 3911 2737 3982; x_wconf 90' lang='lat' dir='ltr'><strong>idque</strong></span> <span class='ocrx_word' id='word_1_709' title='bbox 2786 3913 2963 3968; x_wconf 90' lang='lat' dir='ltr'><strong>altero</strong></span> <span class='ocrx_word' id='word_1_710' title='bbox 3021 3914 3282 3971; x_wconf 88' lang='lat' dir='ltr'><strong>adversus</strong></span> <span class='ocrx_word' id='word_1_711' title='bbox 3328 3915 3464 3973; x_wconf 88' lang='lat' dir='ltr'><strong>hanc</strong></span> <span class='ocrx_word' id='word_1_712' title='bbox 3515 3917 3934 3989; x_wconf 89' lang='lat' dir='ltr'><strong>disputationem</strong></span> 
     </span>
    </p>
   </div>
   <div class='ocr_carea' id='block_1_100' title="bbox 2317 4003 3928 4076">
    <p class='ocr_par' dir='ltr' id='par_1_100' title="bbox 2317 4003 3928 4076">
     <span class='ocr_line' id='line_1_100' title="bbox 2317 4003 3928 4076; baseline 0.007 -19"><span class='ocrx_word' id='word_1_713' title='bbox 2317 4012 2534 4059; x_wconf 86' lang='lat' dir='ltr'><strong>strenue</strong></span> <span class='ocrx_word' id='word_1_714' title='bbox 2582 4013 2637 4059; x_wconf 90' lang='lat' dir='ltr'><strong>et</strong></span> <span class='ocrx_word' id='word_1_715' title='bbox 2683 4003 2853 4061; x_wconf 76' lang='lat' dir='ltr'><strong>Iudzei</strong></span> <span class='ocrx_word' id='word_1_716' title='bbox 2902 4021 3143 4076; x_wconf 65' lang='lat' dir='ltr'><strong>personae</strong></span> <span class='ocrx_word' id='word_1_717' title='bbox 3166 4010 3551 4067; x_wconf 88' lang='lat' dir='ltr'><strong>convenienter</strong></span> <span class='ocrx_word' id='word_1_718' title='bbox 3568 4013 3864 4070; x_wconf 89' lang='lat' dir='ltr'><strong>obnitente.</strong></span> <span class='ocrx_word' id='word_1_719' title='bbox 3908 4034 3928 4068; x_wconf 76' lang='grc' dir='ltr'><strong>ι</strong></span> 
     </span>
    </p>
   </div>
   <div class='ocr_carea' id='block_1_101' title="bbox 2317 4099 3934 4177">
    <p class='ocr_par' dir='ltr' id='par_1_101' title="bbox 2317 4099 3934 4177">
     <span class='ocr_line' id='line_1_101' title="bbox 2317 4099 3934 4177; baseline 0.011 -23"><span class='ocrx_word' id='word_1_720' title='bbox 2317 4099 2395 4154; x_wconf 85' lang='lat' dir='ltr'><strong>Ex</strong></span> <span class='ocrx_word' id='word_1_721' title='bbox 2428 4100 2513 4155; x_wconf 90' lang='lat' dir='ltr'><strong>bis</strong></span> <span class='ocrx_word' id='word_1_722' title='bbox 2542 4102 2768 4172; x_wconf 82' lang='lat' dir='ltr'><strong>perspici</strong></span> <span class='ocrx_word' id='word_1_723' title='bbox 2801 4111 2974 4173; x_wconf 83' lang='lat' dir='ltr'><strong>potest</strong></span> <span class='ocrx_word' id='word_1_724' title='bbox 3015 4106 3210 4177; x_wconf 90' lang='lat' dir='ltr'><strong>quibus</strong></span> <span class='ocrx_word' id='word_1_725' title='bbox 3256 4106 3326 4162; x_wconf 91' lang='lat' dir='ltr'><strong>de</strong></span> <span class='ocrx_word' id='word_1_726' title='bbox 3361 4108 3527 4164; x_wconf 89' lang='lat' dir='ltr'><strong>rebus</strong></span> <span class='ocrx_word' id='word_1_727' title='bbox 3559 4111 3662 4168; x_wconf 89' lang='lat' dir='ltr'><strong>hoc</strong></span> <span class='ocrx_word' id='word_1_728' title='bbox 3693 4114 3746 4168; x_wconf 92' lang='lat' dir='ltr'><strong>in</strong></span> <span class='ocrx_word' id='word_1_729' title='bbox 3790 4113 3934 4171; x_wconf 86' lang='lat' dir='ltr'><strong>libro</strong></span> 
     </span>
    </p>
   </div>
   <div class='ocr_carea' id='block_1_102' title="bbox 2318 4194 3934 4272">
    <p class='ocr_par' dir='ltr' id='par_1_102' title="bbox 2318 4194 3934 4272">
     <span class='ocr_line' id='line_1_102' title="bbox 2318 4194 3934 4272; baseline 0.009 -24"><span class='ocrx_word' id='word_1_730' title='bbox 2318 4204 2698 4264; x_wconf 88' lang='lat' dir='ltr'><strong>pcrtractatum</strong></span> <span class='ocrx_word' id='word_1_731' title='bbox 2731 4194 2911 4253; x_wconf 85' lang='lat' dir='ltr'><strong>fuerit.</strong></span> <span class='ocrx_word' id='word_1_732' title='bbox 2945 4195 3164 4269; x_wconf 82' lang='lat' dir='ltr'><strong>Colligit</strong></span> <span class='ocrx_word' id='word_1_733' title='bbox 3191 4214 3255 4255; x_wconf 88' lang='lat' dir='ltr'><strong>ex</strong></span> <span class='ocrx_word' id='word_1_734' title='bbox 3286 4198 3518 4272; x_wconf 88' lang='lat' dir='ltr'><strong>Origene</strong></span> <span class='ocrx_word' id='word_1_735' title='bbox 3549 4202 3934 4262; x_wconf 86' lang='lat' dir='ltr'><strong>Tillemoutius</strong></span> 
     </span>
    </p>
   </div>
   <div class='ocr_carea' id='block_1_103' title="bbox 2318 4290 3933 4368">
    <p class='ocr_par' dir='ltr' id='par_1_103' title="bbox 2318 4290 3933 4368">
     <span class='ocr_line' id='line_1_103' title="bbox 2318 4290 3933 4368; baseline 0.005 -22"><span class='ocrx_word' id='word_1_736' title='bbox 2318 4291 2457 4346; x_wconf 87' lang='lat' dir='ltr'><strong>hanc</strong></span> <span class='ocrx_word' id='word_1_737' title='bbox 2479 4290 2805 4346; x_wconf 87' lang='lat' dir='ltr'><strong>sententiam</strong></span> <span class='ocrx_word' id='word_1_738' title='bbox 2834 4292 2902 4346; x_wconf 79' lang='lat' dir='ltr'><strong>ab</strong></span> <span class='ocrx_word' id='word_1_739' title='bbox 2944 4300 3166 4348; x_wconf 87' lang='lat' dir='ltr'><strong>auctore</strong></span> <span class='ocrx_word' id='word_1_740' title='bbox 3199 4293 3355 4364; x_wconf 88' lang='lat' dir='ltr'><strong>lmjus</strong></span> <span class='ocrx_word' id='word_1_741' title='bbox 3378 4294 3497 4349; x_wconf 88' lang='lat' dir='ltr'><strong>libri</strong></span> <span class='ocrx_word' id='word_1_742' title='bbox 3525 4295 3808 4368; x_wconf 86' lang='lat' dir='ltr'><strong>diligenter</strong></span> <span class='ocrx_word' id='word_1_743' title='bbox 3847 4299 3933 4355; x_wconf 89' lang='lat' dir='ltr'><strong>in-</strong></span> 
     </span>
    </p>
   </div>
   <div class='ocr_carea' id='block_1_104' title="bbox 2315 4384 3934 4459">
    <p class='ocr_par' dir='ltr' id='par_1_104' title="bbox 2315 4384 3934 4459">
     <span class='ocr_line' id='line_1_104' title="bbox 2315 4384 3934 4459; baseline 0.004 -19"><span class='ocrx_word' id='word_1_744' title='bbox 2315 4384 2533 4451; x_wconf 85' lang='lat' dir='ltr'><strong>culcari,</strong></span> <span class='ocrx_word' id='word_1_745' title='bbox 2573 4402 2591 4436; x_wconf 83' lang='grc' dir='ltr'><strong>ι</strong></span> <span class='ocrx_word' id='word_1_746' title='bbox 2631 4385 2809 4438; x_wconf 89' lang='lat' dir='ltr'><strong>oumis</strong></span> <span class='ocrx_word' id='word_1_747' title='bbox 2836 4385 3116 4455; x_wconf 74' lang='lat' dir='ltr'><strong>sapientia:</strong></span> <span class='ocrx_word' id='word_1_748' title='bbox 3148 4388 3347 4442; x_wconf 85' lang='lat' dir='ltr'><strong>l&#39;ontem</strong></span> <span class='ocrx_word' id='word_1_749' title='bbox 3376 4403 3442 4443; x_wconf 89' lang='lat' dir='ltr'><strong>ac</strong></span> <span class='ocrx_word' id='word_1_750' title='bbox 3464 4388 3786 4459; x_wconf 88' lang='lat' dir='ltr'><strong>principium</strong></span> <span class='ocrx_word' id='word_1_751' title='bbox 3807 4406 3934 4448; x_wconf 85' lang='lat' dir='ltr'><strong>esse</strong></span> 
     </span>
    </p>
   </div>
   <div class='ocr_carea' id='block_1_105' title="bbox 2317 4476 3932 4544">
    <p class='ocr_par' dir='ltr' id='par_1_105' title="bbox 2317 4476 3932 4544">
     <span class='ocr_line' id='line_1_105' title="bbox 2317 4476 3932 4544; baseline 0.003 -10"><span class='ocrx_word' id='word_1_752' title='bbox 2317 4477 2430 4534; x_wconf 89' lang='lat' dir='ltr'><strong>Deo</strong></span> <span class='ocrx_word' id='word_1_753' title='bbox 2475 4479 2844 4532; x_wconf 90' lang='lat' dir='ltr'><strong>universorum</strong></span> <span class='ocrx_word' id='word_1_754' title='bbox 2897 4476 3140 4544; x_wconf 88' lang='lat' dir='ltr'><strong>credere,</strong></span> <span class='ocrx_word' id='word_1_755' title='bbox 3170 4488 3226 4534; x_wconf 88' lang='lat' dir='ltr'><strong>et</strong></span> <span class='ocrx_word' id='word_1_756' title='bbox 3254 4479 3493 4535; x_wconf 90' lang='lat' dir='ltr'><strong>actiones</strong></span> <span class='ocrx_word' id='word_1_757' title='bbox 3535 4496 3723 4537; x_wconf 86' lang='lat' dir='ltr'><strong>omnes</strong></span> <span class='ocrx_word' id='word_1_758' title='bbox 3746 4498 3814 4538; x_wconf 91' lang='lat' dir='ltr'><strong>eo</strong></span> <span class='ocrx_word' id='word_1_759' title='bbox 3839 4500 3932 4539; x_wconf 89' lang='lat' dir='ltr'><strong>rc-</strong></span> 
     </span>
    </p>
   </div>
   <div class='ocr_carea' id='block_1_106' title="bbox 2314 4555 3935 4649">
    <p class='ocr_par' dir='ltr' id='par_1_106' title="bbox 2314 4555 3935 4649">
     <span class='ocr_line' id='line_1_106' title="bbox 2314 4555 3935 4649; baseline 0.005 -24"><span class='ocrx_word' id='word_1_760' title='bbox 2314 4555 2455 4625; x_wconf 75' lang='lat' dir='ltr'><strong>ferre</strong></span> <span class='ocrx_word' id='word_1_761' title='bbox 2501 4579 2555 4624; x_wconf 92' lang='lat' dir='ltr'><strong>ut</strong></span> <span class='ocrx_word' id='word_1_762' title='bbox 2600 4569 2674 4624; x_wconf 88' lang='lat' dir='ltr'><strong>illi</strong></span> <span class='ocrx_word' id='word_1_763' title='bbox 2723 4583 3063 4640; x_wconf 88' lang='lat' dir='ltr'><strong>quacumque</strong></span> <span class='ocrx_word' id='word_1_764' title='bbox 3092 4569 3160 4625; x_wconf 90' lang='lat' dir='ltr'><strong>de</strong></span> <span class='ocrx_word' id='word_1_765' title='bbox 3185 4586 3243 4626; x_wconf 92' lang='lat' dir='ltr'><strong>re</strong></span> <span class='ocrx_word' id='word_1_766' title='bbox 3274 4574 3564 4641; x_wconf 88' lang='lat' dir='ltr'><strong>placeatur,</strong></span> <span class='ocrx_word' id='word_1_767' title='bbox 3593 4590 3655 4631; x_wconf 91' lang='lat' dir='ltr'><strong>ac</strong></span> <span class='ocrx_word' id='word_1_768' title='bbox 3685 4591 3752 4632; x_wconf 91' lang='lat' dir='ltr'><strong>ne</strong></span> <span class='ocrx_word' id='word_1_769' title='bbox 3777 4579 3935 4649; x_wconf 89' lang='lat' dir='ltr'><strong>cogi-</strong></span> 
     </span>
    </p>
   </div>
   <div class='ocr_carea' id='block_1_107' title="bbox 2316 4660 3935 4742">
    <p class='ocr_par' dir='ltr' id='par_1_107' title="bbox 2316 4660 3935 4742">
     <span class='ocr_line' id='line_1_107' title="bbox 2316 4660 3935 4742; baseline 0.006 -26"><span class='ocrx_word' id='word_1_770' title='bbox 2316 4672 2430 4719; x_wconf 89' lang='lat' dir='ltr'><strong>tare</strong></span> <span class='ocrx_word' id='word_1_771' title='bbox 2462 4661 2676 4732; x_wconf 86' lang='lat' dir='ltr'><strong>quidem</strong></span> <span class='ocrx_word' id='word_1_772' title='bbox 2728 4660 3014 4732; x_wconf 88' lang='lat' dir='ltr'><strong>quidquam</strong></span> <span class='ocrx_word' id='word_1_773' title='bbox 3059 4662 3198 4732; x_wconf 86' lang='lat' dir='ltr'><strong>quod</strong></span> <span class='ocrx_word' id='word_1_774' title='bbox 3250 4663 3325 4719; x_wconf 92' lang='lat' dir='ltr'><strong>illi</strong></span> <span class='ocrx_word' id='word_1_775' title='bbox 3375 4664 3695 4736; x_wconf 88' lang='lat' dir='ltr'><strong>displiceat;</strong></span> <span class='ocrx_word' id='word_1_776' title='bbox 3727 4671 3935 4742; x_wconf 80' lang='lat' dir='ltr'><strong>quippe</strong></span> 
     </span>
    </p>
   </div>
   <div class='ocr_carea' id='block_1_108' title="bbox 2314 4753 3929 4830">
    <p class='ocr_par' dir='ltr' id='par_1_108' title="bbox 2314 4753 3929 4830">
     <span class='ocr_line' id='line_1_108' title="bbox 2314 4753 3929 4830; baseline 0.006 -18"><span class='ocrx_word' id='word_1_777' title='bbox 2314 4770 2436 4812; x_wconf 89' lang='lat' dir='ltr'><strong>cum</strong></span> <span class='ocrx_word' id='word_1_778' title='bbox 2466 4770 2571 4809; x_wconf 89' lang='lat' dir='ltr'><strong>non</strong></span> <span class='ocrx_word' id='word_1_779' title='bbox 2605 4753 2781 4809; x_wconf 89' lang='lat' dir='ltr'><strong>solum</strong></span> <span class='ocrx_word' id='word_1_780' title='bbox 2810 4753 2949 4809; x_wconf 92' lang='lat' dir='ltr'><strong>dicta</strong></span> <span class='ocrx_word' id='word_1_781' title='bbox 2989 4764 3044 4810; x_wconf 92' lang='lat' dir='ltr'><strong>et</strong></span> <span class='ocrx_word' id='word_1_782' title='bbox 3064 4754 3231 4821; x_wconf 89' lang='lat' dir='ltr'><strong>facta,</strong></span> <span class='ocrx_word' id='word_1_783' title='bbox 3254 4756 3349 4812; x_wconf 88' lang='lat' dir='ltr'><strong>sed</strong></span> <span class='ocrx_word' id='word_1_784' title='bbox 3377 4759 3538 4814; x_wconf 87' lang='lat' dir='ltr'><strong>etiam</strong></span> <span class='ocrx_word' id='word_1_785' title='bbox 3566 4763 3929 4830; x_wconf 82' lang='lat' dir='ltr'><strong>cogitationes</strong></span> 
     </span>
    </p>
   </div>
   <div class='ocr_carea' id='block_1_109' title="bbox 2311 4849 3933 4929">
    <p class='ocr_par' dir='ltr' id='par_1_109' title="bbox 2311 4849 3933 4929">
     <span class='ocr_line' id='line_1_109' title="bbox 2311 4849 3933 4929; baseline 0.004 -21"><span class='ocrx_word' id='word_1_786' title='bbox 2311 4851 2618 4923; x_wconf 71' lang='lat' dir='ltr'><strong>iudicandae</strong></span> <span class='ocrx_word' id='word_1_787' title='bbox 2651 4851 2778 4906; x_wconf 90' lang='lat' dir='ltr'><strong>sint.</strong></span> <span class='ocrx_word' id='word_1_788' title='bbox 2809 4849 2949 4906; x_wconf 74' lang='lat' dir='ltr'><strong>iScd</strong></span> <span class='ocrx_word' id='word_1_789' title='bbox 2983 4850 3121 4906; x_wconf 90' lang='lat' dir='ltr'><strong>hanc</strong></span> <span class='ocrx_word' id='word_1_790' title='bbox 3152 4855 3473 4910; x_wconf 89' lang='lat' dir='ltr'><strong>sententiam</strong></span> <span class='ocrx_word' id='word_1_791' title='bbox 3486 4855 3743 4929; x_wconf 83' lang='lat' dir='ltr'><strong>Origenes</strong></span> <span class='ocrx_word' id='word_1_792' title='bbox 3769 4858 3933 4918; x_wconf 85' lang='lat' dir='ltr'><strong>Iaso-</strong></span> 
     </span>
    </p>
   </div>
   <div class='ocr_carea' id='block_1_110' title="bbox 2315 4943 3932 5023">
    <p class='ocr_par' dir='ltr' id='par_1_110' title="bbox 2315 4943 3932 5023">
     <span class='ocr_line' id='line_1_110' title="bbox 2315 4943 3932 5023; baseline 0.004 -20"><span class='ocrx_word' id='word_1_793' title='bbox 2315 4948 2399 5004; x_wconf 90' lang='lat' dir='ltr'><strong>nis</strong></span> <span class='ocrx_word' id='word_1_794' title='bbox 2450 4946 2716 5016; x_wconf 88' lang='lat' dir='ltr'><strong>propriam</strong></span> <span class='ocrx_word' id='word_1_795' title='bbox 2742 4960 2847 4999; x_wconf 92' lang='lat' dir='ltr'><strong>non</strong></span> <span class='ocrx_word' id='word_1_796' title='bbox 2879 4943 3024 5011; x_wconf 89' lang='lat' dir='ltr'><strong>facit,</strong></span> <span class='ocrx_word' id='word_1_797' title='bbox 3053 4947 3149 5001; x_wconf 90' lang='lat' dir='ltr'><strong>sed</strong></span> <span class='ocrx_word' id='word_1_798' title='bbox 3182 4956 3239 5000; x_wconf 94' lang='lat' dir='ltr'><strong>ut</strong></span> <span class='ocrx_word' id='word_1_799' title='bbox 3283 4962 3568 5004; x_wconf 89' lang='lat' dir='ltr'><strong>commune</strong></span> <span class='ocrx_word' id='word_1_800' title='bbox 3609 4952 3932 5023; x_wconf 87' lang='lat' dir='ltr'><strong>principium</strong></span> 
     </span>
    </p>
   </div>
   <div class='ocr_carea' id='block_1_111' title="bbox 2314 5036 3929 5109">
    <p class='ocr_par' dir='ltr' id='par_1_111' title="bbox 2314 5036 3929 5109">
     <span class='ocr_line' id='line_1_111' title="bbox 2314 5036 3929 5109; baseline 0.004 -13"><span class='ocrx_word' id='word_1_801' title='bbox 2314 5046 2703 5096; x_wconf 89' lang='lat' dir='ltr'><strong>commemorat</strong></span> <span class='ocrx_word' id='word_1_802' title='bbox 2752 5036 2991 5091; x_wconf 82' lang='lat' dir='ltr'><strong>omnium</strong></span> <span class='ocrx_word' id='word_1_803' title='bbox 3050 5036 3190 5109; x_wconf 89' lang='lat' dir='ltr'><strong>apud</strong></span> <span class='ocrx_word' id='word_1_804' title='bbox 3251 5037 3587 5096; x_wconf 88' lang='lat' dir='ltr'><strong>Christianos</strong></span> <span class='ocrx_word' id='word_1_805' title='bbox 3646 5043 3929 5103; x_wconf 87' lang='lat' dir='ltr'><strong>librorum.</strong></span> 
     </span>
    </p>
   </div>
   <div class='ocr_carea' id='block_1_112' title="bbox 2316 5128 3929 5206">
    <p class='ocr_par' dir='ltr' id='par_1_112' title="bbox 2316 5128 3929 5206">
     <span class='ocr_line' id='line_1_112' title="bbox 2316 5128 3929 5206; baseline 0 -14"><span class='ocrx_word' id='word_1_806' title='bbox 2316 5133 2673 5206; x_wconf 83' lang='lat' dir='ltr'><strong>Hiemuymus</strong></span> <span class='ocrx_word' id='word_1_807' title='bbox 2693 5130 2885 5197; x_wconf 75' lang='lat' dir='ltr'><strong>Quwst.</strong></span> <span class='ocrx_word' id='word_1_808' title='bbox 2903 5130 2956 5183; x_wconf 86' lang='lat' dir='ltr'><strong>in</strong></span> <span class='ocrx_word' id='word_1_809' title='bbox 2974 5128 3157 5185; x_wconf 83' lang='lat' dir='ltr'><strong>Cenes.</strong></span> <span class='ocrx_word' id='word_1_810' title='bbox 3175 5132 3616 5189; x_wconf 87' lang='lat' dir='ltr'><strong>testaturiuitiutn</strong></span> <span class='ocrx_word' id='word_1_811' title='bbox 3629 5132 3854 5190; x_wconf 81' lang='lat' dir='ltr'><strong>Genesis</strong></span> <span class='ocrx_word' id='word_1_812' title='bbox 3878 5140 3929 5193; x_wconf 89' lang='lat' dir='ltr'><strong>in</strong></span> 
     </span>
    </p>
   </div>
   <div class='ocr_carea' id='block_1_113' title="bbox 2315 5221 3930 5302">
    <p class='ocr_par' dir='ltr' id='par_1_113' title="bbox 2315 5221 3930 5302">
     <span class='ocr_line' id='line_1_113' title="bbox 2315 5221 3930 5302; baseline 0.002 -20"><span class='ocrx_word' id='word_1_813' title='bbox 2315 5227 2657 5282; x_wconf 83' lang='lat' dir='ltr'><strong>Altercatione</strong></span> <span class='ocrx_word' id='word_1_814' title='bbox 2682 5222 2891 5278; x_wconf 86' lang='lat' dir='ltr'><strong>Iasonis</strong></span> <span class='ocrx_word' id='word_1_815' title='bbox 2903 5232 2949 5277; x_wconf 80' lang='lat' dir='ltr'><strong>et</strong></span> <span class='ocrx_word' id='word_1_816' title='bbox 2979 5221 3190 5295; x_wconf 75' lang='grc' dir='ltr'><strong>Ραρὶεοὶ</strong></span> <span class='ocrx_word' id='word_1_817' title='bbox 3214 5226 3294 5280; x_wconf 89' lang='lat' dir='ltr'><strong>sic</strong></span> <span class='ocrx_word' id='word_1_818' title='bbox 3313 5226 3533 5295; x_wconf 85' lang='lat' dir='ltr'><strong>exponi:</strong></span> <span class='ocrx_word' id='word_1_819' title='bbox 3555 5226 3624 5282; x_wconf 82' lang='grc' dir='ltr'><em>1η</em></span> <span class='ocrx_word' id='word_1_820' title='bbox 3649 5226 3790 5283; x_wconf 83' lang='lat' dir='ltr'><strong>Filio</strong></span> <span class='ocrx_word' id='word_1_821' title='bbox 3806 5231 3930 5302; x_wconf 80' lang='lat' dir='ltr'><strong>fecit</strong></span> 
     </span>
    </p>
   </div>
   <div class='ocr_carea' id='block_1_114' title="bbox 2318 5320 3930 5384">
    <p class='ocr_par' dir='ltr' id='par_1_114' title="bbox 2318 5320 3930 5384">
     <span class='ocr_line' id='line_1_114' title="bbox 2318 5320 3930 5384; baseline 0.004 -8"><span class='ocrx_word' id='word_1_822' title='bbox 2318 5321 2459 5376; x_wconf 86' lang='lat' dir='ltr'><strong>Deus</strong></span> <span class='ocrx_word' id='word_1_823' title='bbox 2479 5321 2660 5376; x_wconf 69' lang='lat' dir='ltr'><strong>cretum</strong></span> <span class='ocrx_word' id='word_1_824' title='bbox 2684 5328 2732 5373; x_wconf 87' lang='lat' dir='ltr'><strong>et</strong></span> <span class='ocrx_word' id='word_1_825' title='bbox 2754 5330 2966 5384; x_wconf 82' lang='lat' dir='ltr'><strong>terram;</strong></span> <span class='ocrx_word' id='word_1_826' title='bbox 2983 5320 3112 5374; x_wconf 89' lang='lat' dir='ltr'><strong>citat</strong></span> <span class='ocrx_word' id='word_1_827' title='bbox 3136 5321 3296 5375; x_wconf 86' lang='lat' dir='ltr'><strong>etiam</strong></span> <span class='ocrx_word' id='word_1_828' title='bbox 3321 5321 3451 5377; x_wconf 90' lang='lat' dir='ltr'><strong>illud</strong></span> <span class='ocrx_word' id='word_1_829' title='bbox 3477 5338 3543 5378; x_wconf 83' lang='lat' dir='ltr'><strong>ex</strong></span> <span class='ocrx_word' id='word_1_830' title='bbox 3568 5323 3762 5381; x_wconf 91' lang='lat' dir='ltr'><strong>eodem</strong></span> <span class='ocrx_word' id='word_1_831' title='bbox 3791 5327 3930 5382; x_wconf 87' lang='lat' dir='ltr'><strong>libro</strong></span> 
     </span>
    </p>
   </div>
   <div class='ocr_carea' id='block_1_115' title="bbox 2318 5410 3933 5489">
    <p class='ocr_par' dir='ltr' id='par_1_115' title="bbox 2318 5410 3933 5489">
     <span class='ocr_line' id='line_1_115' title="bbox 2318 5410 3933 5489; baseline 0.005 -22"><span class='ocrx_word' id='word_1_832' title='bbox 2318 5418 2530 5485; x_wconf 65' lang='grc' dir='ltr'><strong>λοιδθρια</strong></span> <span class='ocrx_word' id='word_1_833' title='bbox 2552 5419 2673 5468; x_wconf 74' lang='grc' dir='ltr'><strong>Θιοῧ</strong></span> <span class='ocrx_word' id='word_1_834' title='bbox 2692 5416 2717 5466; x_wconf 82' lang='grc' dir='ltr'><strong>ὁ</strong></span> <span class='ocrx_word' id='word_1_835' title='bbox 2755 5416 3039 5479; x_wconf 70' lang='grc' dir='ltr'><strong>κρεμάμενος</strong></span> <span class='ocrx_word' id='word_1_836' title='bbox 3058 5453 3073 5477; x_wconf 87' lang='grc'><em>,</em></span> <span class='ocrx_word' id='word_1_837' title='bbox 3115 5410 3409 5468; x_wconf 80' lang='lat' dir='ltr'><strong>Malediclio</strong></span> <span class='ocrx_word' id='word_1_838' title='bbox 3439 5414 3533 5470; x_wconf 87' lang='lat' dir='ltr'><strong>Dei</strong></span> <span class='ocrx_word' id='word_1_839' title='bbox 3559 5417 3645 5486; x_wconf 84' lang='lat' dir='ltr'><strong>qui</strong></span> <span class='ocrx_word' id='word_1_840' title='bbox 3678 5434 3933 5489; x_wconf 74' lang='lat' dir='ltr'><strong>appetistis</strong></span> 
     </span>
    </p>
   </div>
   <div class='ocr_carea' id='block_1_116' title="bbox 2316 5501 3929 5579">
    <p class='ocr_par' dir='ltr' id='par_1_116' title="bbox 2316 5501 3929 5579">
     <span class='ocr_line' id='line_1_116' title="bbox 2316 5501 3929 5579; baseline 0.001 -18"><span class='ocrx_word' id='word_1_841' title='bbox 2316 5518 2418 5573; x_wconf 84' lang='lat' dir='ltr'><strong>est,</strong></span> <span class='ocrx_word' id='word_1_842' title='bbox 2454 5506 2578 5561; x_wconf 87' lang='lat' dir='ltr'><strong>libr.</strong></span> <span class='ocrx_word' id='word_1_843' title='bbox 2610 5520 2645 5559; x_wconf 89' lang='lat' dir='ltr'><strong>ll</strong></span> <span class='ocrx_word' id='word_1_844' title='bbox 2673 5504 2727 5557; x_wconf 77' lang='lat' dir='ltr'><strong>in</strong></span> <span class='ocrx_word' id='word_1_845' title='bbox 2758 5502 2862 5574; x_wconf 81' lang='lat' dir='ltr'><strong>Ep.</strong></span> <span class='ocrx_word' id='word_1_846' title='bbox 2892 5503 2960 5557; x_wconf 85' lang='lat' dir='ltr'><strong>ad</strong></span> <span class='ocrx_word' id='word_1_847' title='bbox 2985 5501 3159 5559; x_wconf 78' lang='lat' dir='ltr'><strong>Colat.</strong></span> <span class='ocrx_word' id='word_1_848' title='bbox 3203 5503 3301 5561; x_wconf 86' lang='lat' dir='ltr'><strong>His</strong></span> <span class='ocrx_word' id='word_1_849' title='bbox 3337 5506 3477 5562; x_wconf 90' lang='lat' dir='ltr'><strong>adde</strong></span> <span class='ocrx_word' id='word_1_850' title='bbox 3516 5508 3805 5564; x_wconf 84' lang='lat' dir='ltr'><strong>Maximum</strong></span> <span class='ocrx_word' id='word_1_851' title='bbox 3838 5508 3929 5579; x_wconf 84' lang='lat' dir='ltr'><strong>qui</strong></span> 
     </span>
    </p>
   </div>
   <div class='ocr_carea' id='block_1_117' title="bbox 2315 5595 3929 5669">
    <p class='ocr_par' dir='ltr' id='par_1_117' title="bbox 2315 5595 3929 5669">
     <span class='ocr_line' id='line_1_117' title="bbox 2315 5595 3929 5669; baseline -0.004 -9"><span class='ocrx_word' id='word_1_852' title='bbox 2315 5606 2434 5660; x_wconf 90' lang='lat' dir='ltr'><strong>loco</strong></span> <span class='ocrx_word' id='word_1_853' title='bbox 2471 5614 2631 5669; x_wconf 90' lang='lat' dir='ltr'><strong>supra</strong></span> <span class='ocrx_word' id='word_1_854' title='bbox 2661 5597 2826 5653; x_wconf 87' lang='lat' dir='ltr'><strong>citato</strong></span> <span class='ocrx_word' id='word_1_855' title='bbox 2850 5595 2926 5651; x_wconf 88' lang='lat' dir='ltr'><strong>ait</strong></span> <span class='ocrx_word' id='word_1_856' title='bbox 2952 5610 3012 5651; x_wconf 88' lang='lat' dir='ltr'><strong>se</strong></span> <span class='ocrx_word' id='word_1_857' title='bbox 3051 5596 3246 5668; x_wconf 75' lang='lat' dir='ltr'><strong>legisse</strong></span> <span class='ocrx_word' id='word_1_858' title='bbox 3272 5608 3478 5669; x_wconf 90' lang='lat' dir='ltr'><strong>septem</strong></span> <span class='ocrx_word' id='word_1_859' title='bbox 3509 5601 3677 5657; x_wconf 63' lang='lat' dir='ltr'><strong>celos</strong></span> <span class='ocrx_word' id='word_1_860' title='bbox 3718 5602 3769 5657; x_wconf 93' lang='lat' dir='ltr'><strong>in</strong></span> <span class='ocrx_word' id='word_1_861' title='bbox 3810 5602 3929 5656; x_wconf 82' lang='lat' dir='ltr'><strong>dia-</strong></span> 
     </span>
    </p>
   </div>
   <div class='ocr_carea' id='block_1_118' title="bbox 2316 5686 3931 5765">
    <p class='ocr_par' dir='ltr' id='par_1_118' title="bbox 2316 5686 3931 5765">
     <span class='ocr_line' id='line_1_118' title="bbox 2316 5686 3931 5765; baseline 0.001 -17"><span class='ocrx_word' id='word_1_862' title='bbox 2316 5700 2431 5765; x_wconf 82' lang='lat' dir='ltr'><strong>logo</strong></span> <span class='ocrx_word' id='word_1_863' title='bbox 2454 5690 2664 5746; x_wconf 79' lang='lat' dir='ltr'><strong>Iasonis</strong></span> <span class='ocrx_word' id='word_1_864' title='bbox 2705 5700 2751 5744; x_wconf 88' lang='lat' dir='ltr'><strong>et</strong></span> <span class='ocrx_word' id='word_1_865' title='bbox 2805 5686 3036 5759; x_wconf 84' lang='lat' dir='ltr'><strong>Papisci.</strong></span> <span class='ocrx_word' id='word_1_866' title='bbox 3086 5688 3310 5747; x_wconf 86' lang='lat' dir='ltr'><strong>Brevem</strong></span> <span class='ocrx_word' id='word_1_867' title='bbox 3357 5701 3532 5748; x_wconf 89' lang='lat' dir='ltr'><strong>autem</strong></span> <span class='ocrx_word' id='word_1_868' title='bbox 3582 5693 3749 5750; x_wconf 81' lang='lat' dir='ltr'><strong>fuisse</strong></span> <span class='ocrx_word' id='word_1_869' title='bbox 3791 5693 3931 5749; x_wconf 85' lang='lat' dir='ltr'><strong>hanc</strong></span> 
     </span>
    </p>
   </div>
   <div class='ocr_carea' id='block_1_119' title="bbox 2319 5781 3929 5866">
    <p class='ocr_par' dir='ltr' id='par_1_119' title="bbox 2319 5781 3929 5866">
     <span class='ocr_line' id='line_1_119' title="bbox 2319 5781 3929 5866; baseline 0.001 -21"><span class='ocrx_word' id='word_1_870' title='bbox 2319 5785 2788 5866; x_wconf 87' lang='lat' dir='ltr'><strong>pertractationem</strong></span> <span class='ocrx_word' id='word_1_871' title='bbox 2838 5782 3037 5841; x_wconf 85' lang='lat' dir='ltr'><strong>indicat</strong></span> <span class='ocrx_word' id='word_1_872' title='bbox 3068 5781 3264 5839; x_wconf 86' lang='lat' dir='ltr'><strong>latinus</strong></span> <span class='ocrx_word' id='word_1_873' title='bbox 3321 5784 3611 5861; x_wconf 87' lang='lat' dir='ltr'><strong>interpres,</strong></span> <span class='ocrx_word' id='word_1_874' title='bbox 3645 5787 3735 5865; x_wconf 86' lang='lat' dir='ltr'><strong>qui</strong></span> <span class='ocrx_word' id='word_1_875' title='bbox 3775 5804 3793 5839; x_wconf 81' lang='grc' dir='ltr'><strong>ι</strong></span> <span class='ocrx_word' id='word_1_876' title='bbox 3827 5786 3929 5847; x_wconf 78' lang='lat' dir='ltr'><strong>Ju-</strong></span> 
     </span>
    </p>
   </div>
  </div>
