4222 6288
328 416 443 481 177

324 536 471 595 daici
539 543 717 600 cordis
769 546 1092 607 obsduatam
1156 553 1406 611 duritiam
1455 556 1602 614 brevi
1648 563 1943 622 monitione

321 643 399 685 ac
445 632 551 689 leui
605 635 970 709 increpatione
1014 645 1275 701 mollitam
1343 668 1360 699 ι
1420 649 1583 707 fuisse
1646 652 1795 710 dicit.
1851 657 1943 714 Sic

324 728 475 782 enim
523 732 932 790 emendas-imus
995 753 1091 808 pro
1155 756 1221 795 eo
1267 742 1408 813 quod
1460 756 1616 801 antea
1663 748 1941 821 legebatur

334 837 359 870 ι
399 819 621 878 Hebraea
650 826 963 884 monitione.
998 850 1017 882 ι

403 912 663 984 Opinatus
707 928 790 974 est
838 920 1107 979 Patnelius
1150 925 1403 983 Iasonem
1457 929 1739 988 llebrtcutn
1791 935 1936 991 illum

323 1002 716 1076 christianum,
761 1012 851 1083 qui
891 1013 1172 1085 Papiscnm
1224 1018 1466 1075 Juda-utn
1519 1022 1938 1094 Alexandrinum

320 1096 395 1151 ad
425 1098 772 1158 christianam
825 1106 1134 1176 religionem
1160 1109 1419 1176 adduxit,
1456 1114 1703 1171 eumdem
1730 1131 1851 1174 esse
1876 1134 1939 1176 ac

319 1202 451 1244 eum
504 1191 572 1248 de
616 1210 726 1266 quo
771 1199 970 1254 mentio
1016 1190 1081 1255 tit
1122 1202 1237 1258 Act.
1270 1219 1401 1272 xvn,
1435 1216 1487 1261 et
1533 1223 1624 1262 xvr
1657 1208 1828 1280 Epist.
1869 1213 1939 1267 ad

320 1282 613 1354 Romanos;
639 1290 734 1346 sed
765 1293 915 1348 nullo
938 1310 1158 1365 prorsus
1176 1309 1451 1356 momento
1468 1303 1653 1358 nititur
1674 1304 1790 1361 haec
1804 1322 1936 1363 cono

310 1381 549 1451 jectura.
595 1386 713 1443 Non
753 1388 974 1447 dubium
1005 1393 1133 1463 quin
1160 1396 1355 1452 vixerit
1401 1398 1599 1452 saeculo
1657 1402 1930 1469 secundo,

313 1487 446 1529 cum
488 1477 633 1534 illius
657 1479 978 1552 disceptatio
1001 1487 1215 1557 cognita
1261 1487 1423 1545 Celso
1471 1489 1655 1547 fuerit.
1709 1493 1933 1565 Episco-

258 1610 267 1617 .
314 1582 450 1637 pum
480 1581 572 1626 aut
615 1573 802 1629 saltem
850 1576 1218 1650 presbyterum
1249 1579 1414 1637 fuisse
1456 1584 1777 1641 crediderim
1800 1630 1815 1655 ,
1850 1588 1930 1642 si-

312 1661 540 1732 quidem
568 1664 825 1737 Papiscns
855 1671 1097 1728 veritatis
1137 1673 1256 1730 luce
1304 1677 1578 1743 perculsus
1602 1721 1616 1741 ,
1660 1690 1717 1734 ut
1743 1681 1927 1753 signa-

311 1753 499 1811 culum
529 1770 770 1816 sumeret
794 1760 1123 1833 deprecatus
1147 1765 1402 1823 Jasonem
1437 1771 1744 1838 postulavit.

385 1847 546 1914 Quod
600 1863 809 1921 spectat
832 1855 899 1910 ad
926 1856 1147 1914 latinum
1178 1860 1559 1933 interpretem,
1588 1866 1633 1921 is
1659 1880 1842 1923 senem
1869 1885 1929 1925 se

310 1953 442 1995 esse
465 1940 595 1998 dicit
620 1958 683 1999 ac
721 1944 937 2003 Celsum
967 1952 1150 2006 vocari
1170 1969 1206 2032 ;_
1230 1951 1674 2025 disceptationem
1714 1957 1928 2017 Jasouis

308 2028 830 2093 Hebraicbristiani
870 2050 925 2096 et
973 2028 1374 2114 Papisci-Judazi
1406 2049 1752 2107 Alexandrini
1804 2054 1925 2110 lati-

309 2126 396 2182 nis
415 2129 612 2188 litteris
640 2134 910 2193 illustrare
937 2153 1223 2212 aggressus
1248 2153 1352 2209 est,
1375 2165 1392 2195 ι
1414 2147 1686 2204 animante
1709 2150 1805 2207 Dei
1820 2167 1925 2223 ope

304 2229 362 2275 et
405 2234 618 2280 servata
656 2228 940 2285 verborum
974 2235 1317 2305 proprietate,
1383 2258 1403 2291 ι
1459 2250 1516 2294 ut
1567 2243 1919 2313 praeclarissi-

305 2328 455 2368 mam
510 2317 789 2375 victoriam
810 2364 825 2389 ,
858 2337 1015 2391 quam
1048 2327 1245 2382 veritas
1271 2344 1337 2383 ex
1383 2329 1592 2399 Papisci
1620 2334 1785 2390 corde
1828 2352 1918 2393 re-

302 2418 638 2476 portaverat,
672 2412 737 2467 ad
764 2416 1124 2486 cognitionem
1152 2434 1329 2488 graece
1354 2422 1713 2479 nescientium
1739 2435 1917 2484 trans-

300 2498 495 2554 ferret.
562 2500 841 2576 Nuncupat
928 2508 1426 2579 interpretationem
1502 2530 1653 2571 suam
1726 2517 1917 2591 Vigilio

299 2591 585 2661 episcopo,
614 2602 721 2648 tum
753 2607 808 2651 ut
830 2598 1084 2655 sacerdos
1107 2602 1384 2674 utriusque
1410 2603 1605 2676 linguze
1628 2609 1831 2678 peritus
1861 2620 1917 2667 et

294 2686 473 2738 sancti
519 2686 752 2756 Spiritus
777 2692 1126 2747 veneratione
1170 2696 1546 2765 verecundus,
1595 2701 1915 2759 auctoritate

296 2776 537 2847 Spiritus
562 2780 733 2834 sancti
760 2795 896 2852 epus
920 2784 1299 2851 comprobaret
1325 2797 1381 2841 et
1414 2789 1759 2857 emendaret;
1798 2800 1912 2848 tum

294 2875 352 2920 ut
400 2867 506 2923 hac
559 2870 729 2938 prima
766 2871 1069 2928 dilectionis
1114 2875 1369 2944 petitione
1421 2879 1474 2933 in
1526 2880 1910 2952 discipulorum

293 2980 586 3020 numerum
614 2965 683 3020 ab
711 2980 777 3020 eo
818 2966 1232 3024 adscisceretur.
1267 2970 1342 3026 Ex
1375 2973 1573 3042 quibus
1594 2977 1912 3047 perspicitur

289 3054 512 3112 Celsum
538 3057 590 3112 in
607 3072 725 3113 eam
753 3058 940 3115 urbem
968 3061 1052 3115 cui
1079 3074 1306 3130 praaerat
1334 3064 1580 3136 Vigilius,
1607 3084 1711 3125 non
1739 3072 1910 3128 multo

291 3161 427 3205 ante
443 3151 655 3205 venisse
696 3165 858 3223 quam
913 3154 961 3207 ei
1006 3152 1108 3210 hoc
1139 3171 1331 3211 munus
1373 3158 1614 3216 oﬁ‘erret.
1660 3162 1813 3218 lllum
1854 3166 1906 3220 in

298 3242 445 3297 hanc
477 3242 662 3298 urbem
693 3260 757 3298 ex
809 3244 976 3300 altera
1006 3255 1156 3315 parte
1187 3248 1475 3316 provincia:
1504 3261 1739 3309 traxerat
1765 3254 1904 3312 fama

291 3330 510 3403 Vigilii;
543 3349 643 3390 nec
664 3346 946 3402 senectus,
996 3351 1096 3391 nec
1128 3337 1333 3394 itineris
1362 3340 1753 3413 longinquitas,
1802 3362 1904 3403 nec

291 3428 571 3482 tribulatio
600 3429 793 3497 inopim
823 3439 984 3500 atque
1016 3431 1252 3499 penuria:
1299 3433 1694 3491 deterruerunt.
1750 3438 1902 3494 lluuc

290 3518 543 3589 Vigilium
610 3519 882 3576 Parnelius
937 3521 1310 3577 Tridentinum
1368 3526 1679 3596 episcopum
1736 3528 1901 3588 fuisse

287 3613 534 3681 conjicit;
565 3612 662 3668 sed
688 3613 831 3685 quod
871 3612 1061 3669 Celsus
1087 3614 1282 3685 Vigilio
1307 3633 1405 3673 suo
1431 3617 1499 3674 de
1537 3617 1714 3675 futuro
1758 3638 1901 3677 map

290 3703 437 3767 tyrio
459 3704 791 3774 gratulatur,
825 3720 1057 3776 eumque
1095 3706 1170 3759 ait
1215 3707 1306 3761 Dei
1351 3708 1553 3777 judicio
1605 3722 1893 3785 martyrem

286 3796 614 3851 destinatum
647 3797 810 3853 fuisse
832 3812 955 3853 etim
987 3797 1216 3853 mirabili
1248 3800 1409 3855 modo
1436 3802 1718 3872 episcopus
1767 3820 1897 3861 con-

286 3889 508 3945 stitutus
550 3880 667 3954 est,
699 3889 751 3945 id
779 3889 974 3959 Vigiliu
1002 3889 1321 3945 'l‘ridentino
1345 3894 1513 3962 aptari
1553 3911 1656 3948 non
1690 3906 1893 3964 potest,

286 3996 453 4050 quem
481 3981 680 4037 smculo
705 3991 896 4051 quarto
922 3990 1152 4036 exeunte
1182 3982 1232 4035 in
1255 3996 1462 4036 summa
1486 3983 1740 4039 Ecclesiae
1764 4002 1896 4057 pace

287 4078 558 4133 viventem
585 4092 743 4135 nemo
768 4093 863 4148 spe
889 4085 943 4132 ct
994 4078 1368 4148 expectatione
1400 4091 1690 4151 martyrem
1713 4080 1895 4138 dicere

285 4172 480 4241 potuit.

361 4264 612 4332 Sequitur
636 4263 774 4317 alius
801 4270 1061 4317 tractatus
1086 4263 1327 4317 adversus
1346 4263 1561 4318 Juda'os
1578 4306 1592 4330 ,
1621 4264 1893 4337 Cypriano

286 4370 507 4424 prorsus
555 4356 961 4427 abjudicardus.
1017 4354 1181 4409 Multo
1234 4355 1523 4410 absurdius
1576 4355 1753 4411 feet-re
1800 4368 1890 4427 qui

284 4448 478 4504 librum
526 4450 591 4503 de
632 4449 953 4504 [levelatione
994 4445 1190 4517 Capitis
1233 4449 1361 4501 beati
1382 4445 1606 4502 Joannis
1636 4447 1891 4517 Baptista:

284 4543 426 4596 inter
449 4556 610 4611 opera
641 4539 897 4612 Cypriani
925 4538 1227 4596 ediderunt.
1255 4538 1556 4604 Reperitur
1585 4539 1887 4596 fabulosum

281 4648 423 4703 opus
464 4635 516 4688 in
556 4632 926 4704 antiquissima
976 4633 1236 4688 Vindelici
1286 4633 1558 4705 Spirensis
1628 4633 1881 4690 editione.

286 4724 486 4779 Erasmi
512 4726 711 4779 nomini
738 4739 843 4780 non
874 4725 990 4780 leve
1030 4724 1261 4779 dedecus
1303 4724 1611 4780 inusserunt
1655 4724 1721 4779 ll.
1750 4725 1889 4781 Gra-

283 4818 401 4872 vius
434 4829 485 4871 et
519 4818 815 4884 l’amelius,
861 4818 950 4886 qui
1007 4816 1201 4872 librum
1262 4816 1326 4870 de
1381 4815 1576 4879 duplici
1634 4815 1888 4888 Martyrio

282 4908 650 4964 elucubratum
680 4911 748 4964 ab
776 4923 843 4964 eo
870 4919 926 4964 et
972 4908 1207 4963 allictum
1235 4906 1503 4980 Cypriane
1550 4908 1880 4980 iudicarunt.

288 5002 362 5057 De
387 5001 488 5055 hoc
524 5002 709 5058 libello
735 5003 966 5057 diximus
1015 5003 1067 5057 in
1115 5005 1447 5073 praefatione.
1498 5001 1578 5058 De
1617 5005 1885 5060 duodecim

286 5097 621 5154 Abusionibus
646 5101 822 5155 siccati
857 5099 1017 5155 varize
1047 5111 1171 5156 sunt
1198 5103 1551 5170 conjecturae,
1593 5105 1710 5158 aliis
1751 5105 1885 5160 laico

286 5190 491 5245 cuidam
519 5191 721 5248 Erardo
754 5192 970 5248 nomine
990 5232 1007 5256 ,
1039 5192 1158 5247 aliis
1182 5194 1240 5250 S.
1276 5192 1500 5249 Patritio
1524 5192 1881 5250 Hibernorum

285 5284 527 5353 apostolo
577 5284 1023 5351 adjudicautibus.
1079 5284 1229 5355 Opus
1285 5284 1586 5355 Augustino
1635 5284 1884 5345 tribuitur

289 5377 337 5429 in
380 5376 558 5432 multis
597 5376 872 5432 codicibus
902 5376 1167 5445 antiquis,
1210 5391 1274 5432 ac
1296 5393 1421 5431 cum
1462 5375 1606 5430 illius
1630 5376 1883 5446 operibus

285 5468 453 5522 editus
479 5479 583 5524 eat.
616 5468 870 5524 Testatur
896 5467 1077 5523 Fellns
1111 5466 1239 5521 olim
1290 5469 1341 5522 in
1383 5468 1621 5538 linguam
1675 5465 1878 5537 Anglo-

286 5576 394 5613 rum
424 5561 740 5616 translatum
771 5560 969 5620 fuisse,
1001 5567 1055 5613 et
1084 5558 1137 5612 in
1164 5558 1436 5615 volumine
1478 5573 1639 5613 manu
1679 5559 1883 5628 scripto

288 5652 614 5707 bontiliarum
676 5652 1061 5708 Saxonicartnu
1106 5650 1327 5720 reperiri
1384 5650 1483 5703 sub
1534 5649 1635 5704 hoc
1687 5649 1875 5705 titulo:

288 5741 355 5797 De
382 5740 646 5797 duodecim
669 5742 912 5808 abusivis,
937 5739 1213 5795 secundum
1241 5740 1638 5809 disputationem
1687 5740 1748 5793 S.
1779 5738 1880 5810 Cy-

282 5836 441 5908 priani
464 5839 691 5907 episcopi
720 5846 765 5891 et
795 5834 1051 5905 martyris.
1084 5833 1154 5887 At
1199 5833 1400 5886 nullum
1441 5846 1660 5903 prorsus
1687 5846 1878 5888 monu-

282 5936 511 5985 mentum
534 5944 562 5983 a
593 5931 791 5999 pietate
811 5926 1064 6000 Cypriani
1105 5923 1312 5997 longius
1341 5923 1503 5980 distat
1528 5938 1689 5995 quam
1724 5923 1878 5981 Carna

1510 442 1664 501 VITA
1705 447 1948 506 SANCTl
1988 449 2323 512 CYI‘RIANI.

3544 474 3564 529 l
3577 470 3645 529 78

2047 568 2312 640 Cypriani.
2345 574 2482 629 Nihil
2506 577 2648 634 enim
2677 581 2820 636 aliud
2848 582 3005 639 habet
3046 596 3239 656 prarter
3284 588 3649 659 ineptissimos

2037 660 2211 730 jocos,
2250 680 2355 720 non
2381 682 2445 721 ex
2473 668 2635 724 rebus
2664 673 3029 738 profanis.sed
3061 678 3202 746 quod
3235 677 3407 735 Turca
3435 681 3648 753 dignius

2041 769 2200 823 quam
2232 755 2537 814 Christiano
2567 762 2837 819 existimat
2863 766 3239 825 Tillemontius
3258 813 3272 835 ,
3303 787 3367 827 ex
3397 772 3641 844 Scriptu-

2043 846 2118 901 ris
2147 851 2314 904 sacris
2341 866 2438 921 per
2465 854 2541 907 fas
2567 865 2617 908 et
2650 854 2798 911 nefas
2828 859 3110 917 deductos.
3140 862 3386 918 Testatur
3432 865 3638 921 Salma-

2040 936 2221 993 sinsin
2245 942 2383 997 notis
2399 944 2467 996 ad
2488 943 2723 1000 Flavium
2741 948 3010 1020 Vopiscum
3031 954 3106 1023 (p.
3128 952 3277 1026 596),
3296 970 3355 1010 se
3380 957 3645 1012 benelicio

2040 1027 2336 1088 doctissimi
2360 1035 2730 1105 jurisconsulti
2753 1041 2920 1097 .Iureli
2943 1043 3195 1102 habuisse
3224 1047 3365 1101 hunc
3396 1049 3634 1104 libellum

2040 1135 2200 1176 manu
2224 1127 2479 1196 scriptum
2512 1129 2579 1183 ab
2610 1131 2832 1188 Azelino
2875 1137 3140 1193 monacho
3179 1138 3474 1195 Rhemeusi
3523 1157 3643 1196 ver-

2037 1214 2184 1271 sibus
2213 1218 2481 1276 redditum
2511 1239 2631 1278 eum
2654 1225 2758 1281 hoc
2779 1229 2969 1283 titulo:
3005 1250 3024 1284 ι
3063 1231 3228 1289 Cinna
3258 1236 3458 1291 Azelini
3498 1236 3643 1293 Rhe-

2037 1308 2239 1364 mensis
2268 1313 2547 1380 monachi,
2585 1332 2742 1386 quam
2775 1320 3014 1376 condidit
3041 1324 3106 1378 ad
3133 1325 3420 1381 llenricum
3472 1329 3620 1399 impe
3674 1362 3701 1379 ι

2037 1407 2288 1470 ratorem,
2325 1405 2559 1462 imitatus
2577 1407 2901 1481 Cyprianum
2931 1412 3425 1488 Cartltaginensem.
3455 1439 3473 1473 ›
3504 1420 3645 1479 Vide

2034 1489 2102 1546 de
2128 1494 2318 1550 eodem
2342 1497 2480 1554 libro
2502 1500 2824 1560 Casimirum
2852 1506 3047 1564 Oudin.

2105 1583 2373 1645 Nonnulla
2401 1591 2505 1647 alia
2531 1609 2726 1651 nomen
2757 1596 3010 1670 Cypriani
3037 1618 3146 1673 prze
3176 1620 3236 1660 se
3265 1604 3470 1675 ferunt,
3496 1610 3642 1665 velut

2034 1675 2253 1749 Tyronis
2298 1694 2346 1738 et
2392 1684 2603 1743 Seneca
2647 1689 2839 1757 Notae,
2882 1710 3017 1764 quas
3057 1696 3382 1769 Cyprianum
3427 1704 3644 1759 auxisse

2030 1777 2307 1835 vocabulis
2342 1778 2773 1843 Christianorum
2827 1791 2943 1845 usui
2998 1795 3138 1861 aptis
3195 1795 3465 1850 existimat
3522 1808 3645 1868 post

2030 1868 2385 1928 Tritheminm
2414 1873 2696 1943 Gruterus,
2725 1896 2753 1934 a
2781 1896 2890 1950 quo
2923 1882 3007 1937 ba:
3029 1895 3169 1940 noue
3192 1886 3243 1940 in
3270 1887 3443 1943 lucem
3480 1889 3642 1945 edita:

2028 1970 2170 2017 sunt.
2228 1962 2445 2021 Editum
2490 1978 2574 2025 est
2600 1971 2668 2026 ab
2725 1972 2912 2043 Anglis
2959 1974 3059 2029 sub
3112 1977 3328 2032 nomine
3377 1974 3639 2050 Cypriani

2025 2067 2332 2125 computum
2353 2058 2641 2130 Paschale,
2673 2065 2813 2134 quod
2842 2082 2870 2118 a
2900 2066 3067 2122 Paulo
3107 2068 3336 2125 diacono
3365 2070 3637 2142 designari

2024 2148 2336 2204 existimant
2358 2195 2372 2216 ,
2395 2166 2517 2207 cum
2547 2156 2623 2209 ait
2651 2154 2979 2228 Cyprianum
3010 2161 3320 2217 cltronicam
3351 2163 3507 2218 valde
3533 2165 3638 2219 uti-

2026 2239 2129 2294 lem
2157 2245 2546 2312 composuisse.
2578 2247 2871 2320 Scriptoris
2914 2261 3126 2307 :etatem
3172 2253 3371 2309 iudicat
3405 2269 3632 2327 compu-

2024 2342 2158 2401 tum,
2182 2336 2323 2407 quod
2354 2338 2420 2393 ad
2450 2339 2694 2409 quintum
2737 2342 2989 2399 Gordiani
3019 2362 3250 2411 annum,
3292 2358 3350 2403 et
3378 2351 3633 2407 consules

2020 2428 2274 2484 Ariauum
2303 2441 2357 2487 et
2384 2432 2584 2503 Papum
2613 2435 2946 2506 perducitur.
2969 2438 3084 2494 Non
3111 2442 3332 2497 omnino
3359 2454 3627 2515 repugnat

2019 2525 2076 2606 ut
2097 2520 2206 2588 jam
2249 2530 2355 2575 tum
2388 2538 2680 2581 conversus
2725 2526 2893 2586 fuisse
2939 2529 3239 2603 Cyprianus
3265 2536 3629 2606 existimetur,

2017 2596 2261 2681 quamvis
2290 2616 2340 2671 id
2372 2617 2591 2675 Pontius
2634 2620 2893 2679 diaconus
2940 2627 3165 2684 suadeat
3215 2630 3389 2685 serius
3439 2632 3623 2687 contio

2013 2705 2174 2775 gisse.
2202 2708 2305 2764 Sed
2330 2724 2432 2764 non
2463 2713 2688 2782 quadrat
2711 2713 2867 2787 hujus
2892 2721 3173 2789 scriptoris
3198 2720 3321 2792 styli
3352 2722 3630 2779 barbaries

2013 2811 2135 2851 cum
2183 2799 2447 2870 elegantia
2483 2809 2748 2861 sermonis
2769 2823 2927 2878 quam
2952 2808 3223 2881 Cypriane
3242 2811 3293 2867 iu
3311 2813 3629 2885 primordiis

2013 2890 2389 2947 conversionis
2419 2895 2597 2951 studio
2633 2898 2796 2955 fuisse
2840 2902 3160 2971 perspicitur
3186 2918 3253 2957 ex
3288 2903 3528 2968 Epistula
3556 2904 3627 2958 ad

2010 2977 2298 3035 Donatum.
2340 2984 2560 3055 Reperit
2589 2988 2765 3045 editor
2783 2991 3105 3051 Oxoniensis
3131 2994 3268 3054 duos
3288 2996 3498 3052 libellos
3523 2997 3625 3052 sub

2010 3072 2228 3128 nomine
2253 3071 2525 3146 Cypriani,
2551 3081 2778 3135 alterum
2810 3082 2990 3145 latine.
3024 3084 3253 3142 alterum
3280 3101 3457 3155 graece
3487 3088 3622 3142 scri—

2010 3173 2178 3232 ptum.
2211 3164 2373 3221 Primi
2414 3167 2615 3236 titulus,
2651 3169 2861 3226 Secreta
2887 3170 3136 3243 Cypriani
3167 3191 3186 3230 ε
3230 3176 3455 3232 alterius
3505 3181 3616 3233 εὖαὲ

2007 3244 2303 3327 Respieite».
2332 3256 2651 3331 Utrumque,
2678 3272 2862 3332 utpote
2885 3264 3193 3320 foedissima:
3219 3268 3621 3336 superstitionis

2007 3346 2245 3412 plenum,
2278 3347 2395 3403 luce
2426 3364 2645 3418 prorsus
2676 3352 2949 3422 indignum
2990 3354 3263 3424 iudicavit.
3287 3358 3413 3414 llaec
3436 3368 3619 3415 autem

2003 3440 2276 3507 supposita
2320 3441 2569 3496 videntur
2620 3441 2784 3499 fuisse
2830 3444 3103 3516 Cypriane
3132 3448 3471 3505 Antiocheno
3494 3492 3507 3517 ,
3539 3449 3615 3505 de

2001 3544 2109 3600 quo
2122 3531 2233 3600 jam
2263 3532 2415 3588 nobis
2443 3534 2734 3604 agendum.

2004 3664 2148 3720 XXX
2161 3665 2342 3721 Vll.—
2361 3684 2429 3723 ns
2456 3684 2501 3724 s.
2528 3684 2768 3727 cvrnuut
2798 3688 3117 3730 ANTIOCHI-1M
3144 3693 3507 3746 Ptl-ZNITENTIA,
3541 3695 3610 3736 ενι·

2143 3775 2277 3815 ALIIS
2303 3776 2501 3818 DUOBUS
2530 3779 2765 3819 LlBBLLlS
2790 3782 2859 3821 AD
2889 3783 2997 3823 EUI
3025 3785 3458 3827 PERTINENTIBUS.

2072 3893 2242 3962 Supra
2273 3897 2447 3950 conati
2474 3912 2660 3954 sumus
2691 3899 2918 3968 probare
2949 3899 3277 3972 Cyprianum
3312 3908 3608 3964 Antioche-

1998 3998 2127 4037 num
2177 4000 2283 4039 non
2331 4000 2453 4041 esse
2491 3985 2764 4044 hominem
2815 3988 3139 4058 fabulosum,
3175 4004 3230 4049 ut
3275 3999 3608 4057 existimavit

1996 4073 2316 4131 Oxoniensis
2360 4077 2555 4134 editor.
2603 4079 2761 4137 Nunc
2813 4081 3200 4141 consideranda
3253 4090 3408 4145 nobis
3455 4093 3600 4149 illius

1997 4162 2306 4222 Ptenitentia
2325 4171 2439 4226 sive
2459 4170 2759 4241 Confessio;
2783 4173 2928 4244 quod
2952 4192 3086 4246 opus
3112 4176 3277 4235 latine
3306 4182 3507 4238 editum
3534 4186 3603 4241 ab

1995 4258 2201 4327 Anglis,
2233 4276 2406 4330 graece
2430 4271 2485 4318 et
2512 4263 2671 4317 latine
2700 4265 3021 4337 vulgaudum
3050 4269 3322 4328 duximus.
3356 4276 3596 4345 Agemus

1995 4352 2154 4405 etiam
2186 4351 2253 4407 de
2278 4353 2489 4408 duobus
2510 4353 2634 4409 aliis
2663 4355 2883 4424 libellis,
2912 4375 3105 4429 nempe
3131 4361 3469 4419 Conuersione
3493 4365 3595 4421 Ju-

1992 4442 2138 4496 stina:
2163 4454 2209 4498 et
2237 4442 2500 4516 Cypriani,
2519 4448 2862 4520 etutriusque
2887 4450 3158 4520 Passione,
3187 4471 3345 4527 quos,
3366 4459 3596 4528 conjun-

1991 4546 2077 4591 cte
2096 4553 2215 4593 cum
2238 4539 2583 4597 Confessione
2612 4560 2679 4598 ex
2708 4554 2921 4600 vetusto
2942 4547 3126 4602 codice
3158 4551 3327 4604 sancti
3349 4550 3598 4608 Audoeni

1992 4627 2439 4701 thotomagensis
2465 4642 2670 4701 erutos,
2690 4648 2794 4689 non
2823 4636 2890 4689 ita
2917 4637 3124 4707 pridem
3151 4639 3259 4696 duo
3284 4642 3479 4698 eruditi
3507 4645 3590 4700 vi-

1990 4722 2059 4789 ri,
2085 4722 2148 4777 D.
2177 4723 2490 4780 Edmundus
2511 4725 2749 4781 Martene
2777 4736 2831 4781 et
2854 4726 2912 4780 Ι).
2935 4726 3164 4785 Ursinus
3192 4731 3405 4790 Durand
3429 4734 3597 4794 latine

1990 4813 2271 4871 ediderunt
2297 4825 2426 4871 tom.
2459 4832 2517 4871 tn
2538 4814 2789 4872 Thesauri
2818 4818 3208 4876 Anecdotorum.

2063 4909 2398 4965 Existimavit
2438 4909 2495 4966 S.
2542 4908 2830 4980 Gregorius
2880 4911 3250 4973 Nazianzenus
3287 4916 3596 4977 Confessio-

1991 5015 2112 5054 uem
2143 5000 2209 5056 ab
2259 5002 2374 5071 ipso
2406 5015 2645 5072 martyre
2685 5000 2939 5072 scriptam
2978 5004 3163 5065 fuisse.
3207 5012 3294 5065 Ait
3334 5011 3479 5068 enim
3532 5012 3591 5069 in

1992 5090 2138 5147 Orat.
2171 5108 2297 5147 xrnt
2327 5093 2401 5164 (p.
2452 5091 2603 5162 278),
2657 5093 2807 5150 illum
2836 5113 2857 5148 ε
2879 5098 3003 5153 vitae
3042 5113 3154 5155 suae
3203 5102 3591 5175 turpitudinem

1989 5186 2145 5255 longa
2190 5188 2434 5241 oratione
2466 5187 2857 5257 proscindisse,
2887 5202 2942 5246 ut
2973 5190 3144 5263 ipsam
3173 5209 3388 5265 quaque
3421 5197 3592 5254 scele-

1988 5295 2109 5335 rum
2168 5278 2562 5336 confessionem
2622 5280 2732 5336 Deo
2772 5287 3010 5341 muneris
3074 5287 3195 5343 loco
3232 5288 3473 5359 offerret,
3525 5307 3592 5349 ac

1988 5372 2169 5426 multis
2223 5387 2410 5426 eorum
2451 5373 2542 5443 qui
2587 5374 2655 5428 ab
2693 5374 2932 5444 improba
2981 5389 3034 5432 et
3073 5380 3333 5451 ﬂagitiosa
3373 5382 3591 5439 vivendi

1989 5464 2196 5519 ratione
2217 5464 2455 5519 animum
2499 5474 2789 5533 revocant,
2822 5467 2887 5523 ad
2929 5469 3118 5525 melius
3146 5476 3469 5544 sperandum
3499 5478 3586 5533 via

1986 5560 2262 5613 existeret.
2298 5575 2316 5609 ι
2351 5558 2495 5612 Idem
2553 5557 2712 5613 etiam
2765 5561 3078 5618 existimant
3121 5564 3495 5623 Tillemontius
3533 5579 3591 5625 et

1985 5650 2075 5721 qui
2106 5650 2294 5722 triplex
2325 5650 2452 5705 illud
2474 5660 2876 5709 monumentum
2904 5660 3206 5727 vulgarunt.
3226 5660 3353 5725 Sed,
3374 5662 3587 5732 quomi-

1988 5758 2088 5798 nus
2117 5741 2200 5797 his
2227 5745 2512 5809 assentiar,
2542 5744 2783 5798 detinent
2811 5761 2897 5802 me
2924 5765 3027 5802 non
3056 5751 3228 5806 solum
3254 5754 3473 5823 magica:
3493 5771 3586 5810 ar-

1992 5838 2061 5889 tis
2110 5835 2323 5905 quidam
2364 5834 2586 5891 cllecttts
2644 5833 2876 5894 fabulam
2933 5841 3238 5900 redolentes
3267 5887 3281 5909 ,
3330 5846 3424 5902 sed
3472 5846 3588 5918 ipsa

1986 5926 2147 5983 ctiam
2195 5928 2518 5999 magicaruttt
2567 5927 2939 5997 operationum
2988 5932 3142 6007 longa
3203 5935 3493 6011 descriptio
3536 5946 3594 5995 et
