4200 6262
662 320 766 378 179

663 439 943 508 exrprisitzr
970 439 1035 493 de
1076 437 1297 507 singulis
1330 434 1579 490 vitiorum
1613 434 1797 488 formis
1821 433 2073 502 ambages
2100 474 2112 495 ,
2139 446 2259 501 qua:

662 548 886 604 prorsus
912 531 1115 603 frigida:
1146 531 1413 592 videntur,
1437 539 1491 585 et
1518 529 1726 584 curiosa
1749 529 1919 598 magis
1947 528 2259 583 considera.

661 630 811 682 tione
861 640 1018 694 quam
1050 634 1319 697 pungentc
1342 624 1558 679 intimos
1582 637 1772 679 sensus
1802 621 1991 678 dolore
2020 623 2263 681 contine-

660 721 729 776 ri.
765 718 969 773 Deinde
994 732 1121 772 vero
1153 718 1197 770 is
1221 717 1310 787 qui
1330 715 1655 788 Cyprianum
1678 715 1730 768 in
1760 713 1861 768 hoc
1880 713 2015 768 libre
2041 714 2262 783 loquen-

661 820 770 866 tem
795 808 995 863 inducit
1015 851 1028 872 .
1056 822 1161 863 non
1191 808 1419 864 obscure
1444 808 1642 863 indicat
1671 822 1731 863 se
1758 807 1808 861 in
1831 806 1948 876 ejus
1968 806 2262 861 sceleribus

662 901 981 959 enarrandis
1017 918 1123 955 non
1154 912 1299 956 certa
1326 916 1540 970 semper
1567 909 1622 954 et
1656 899 1928 968 explorata
1956 898 2105 966 sequi
2129 938 2142 959 ,
2166 895 2261 950 sed

662 996 817 1052 exiis
845 1008 965 1066 quas
993 1010 1021 1048 a
1050 995 1218 1064 magis
1250 994 1363 1049 fieri
1402 994 1606 1057 solent,
1636 991 1762 1061 quid
1786 989 2089 1061 Cyprianus
2118 991 2262 1059 egis-

660 1097 745 1144 set
772 1088 1061 1157 conjicere.
1112 1088 1201 1141 Ait
1241 1087 1385 1141 enim
1420 1085 1680 1140 Eusebius
1700 1083 1970 1155 Cypriane
2000 1101 2012 1136 :
2044 1102 2063 1133 ι
2090 1082 2265 1137 Probo

664 1183 1062 1237 confessionem
1115 1189 1256 1235 tuam
1286 1223 1300 1244 ,
1353 1195 1457 1249 qua
1503 1177 1630 1232 milii
1683 1177 1986 1247 impietates
2030 1185 2142 1230 ate
2170 1175 2267 1229 ad-

661 1274 858 1328 missas
909 1282 965 1327 et
996 1288 1102 1326 non
1150 1270 1414 1325 admissas
1455 1269 1737 1325 enarrasti.
1772 1286 1792 1319 ι
1821 1266 2121 1337 Numquam
2149 1267 2265 1320 haec

662 1367 970 1437 scripsisset
992 1369 1106 1434 ipse
1134 1363 1466 1436 Cyprianus;
1491 1362 1584 1417 sed
1607 1363 1743 1416 alius
1770 1362 1853 1415 bis
1879 1362 2054 1417 verbis
2080 1361 2267 1415 adme-

673 1471 762 1514 net
790 1474 849 1513 Se
879 1460 1079 1514 idcirco
1110 1468 1184 1513 tot
1214 1458 1419 1512 scelera
1458 1456 1726 1528 Cypriane
1760 1454 2102 1515 attribuisse,
2156 1471 2263 1510 non

662 1552 804 1623 quod
837 1554 1015 1606 omnia
1045 1554 1114 1607 ab
1136 1567 1203 1607 eo
1240 1552 1525 1607 commissa
1552 1559 1703 1605 certo
1738 1549 1934 1611 sciret,
1983 1547 2079 1601 sed
2120 1547 2263 1617 quod

663 1645 943 1715 pleraque,
976 1653 1161 1707 utpote
1187 1658 1214 1696 a
1248 1644 1418 1714 magis
1443 1641 1737 1712 perpetrari
1768 1640 1949 1705 solita,
1978 1640 2267 1696 celeberri-

664 1754 785 1793 mtts
816 1752 1002 1806 magus
1044 1737 1274 1791 evitasse
1308 1752 1412 1790 non
1459 1735 1753 1790 videretur.
1802 1734 1856 1789 in
1902 1748 2010 1804 quo
2046 1734 2263 1804 quidem

666 1831 866 1887 sinceri
889 1831 1168 1899 scriptoris
1196 1829 1377 1884 olficio
1400 1829 1612 1885 functus
1649 1838 1751 1894 est,
1779 1828 1866 1897 qui
1902 1827 2268 1884 fucumlecto-

664 1924 817 1979 ribus
845 1922 1022 1978 facere
1045 1921 1295 1985 noluerit,
1320 1921 1547 1991 siquam
1586 1922 1638 1975 in
1668 1920 1955 1975 scribendo
1997 1920 2266 1975 lii-entiam

664 2017 766 2071 sibi
808 2025 1069 2071 sumeret.
1109 2015 1365 2083 Quamvis
1406 2029 1534 2083 ergo
1567 2013 1667 2069 hoc
1704 2026 1840 2082 opius
1867 2026 1974 2067 non
2006 2014 2264 2083 scriptum

665 2108 737 2163 sit
774 2107 842 2161 ab
873 2107 988 2177 ipsa
1016 2105 1317 2177 Cypriane,
1362 2121 1467 2161 non
1499 2114 1676 2160 tamen
1721 2104 1860 2160 illius
1888 2105 2169 2160 conversio
2193 2104 2269 2159 fa-

664 2199 809 2255 bulis
845 2197 1233 2264 adscribenda;
1278 2213 1379 2253 nec
1417 2198 1464 2252 si
1488 2197 1609 2266 quis
1651 2195 1791 2251 hunc
1818 2206 2067 2250 eventum
2108 2197 2269 2266 elegit

667 2295 724 2347 in
751 2307 856 2358 quo
895 2291 1139 2347 ornando
1168 2301 1227 2346 et
1264 2287 1643 2358 amplificando
1679 2286 2013 2351 elaboraret,
2065 2286 2269 2343 idcirco

668 2387 908 2443 historia-
934 2400 1142 2441 summa
1184 2386 1236 2440 in
1279 2384 1641 2455 suspicionem
1668 2381 1938 2449 vocanda,
1973 2396 2096 2436 cum
2132 2396 2267 2451 pra:-

668 2480 856 2535 sertim
884 2478 1115 2547 scriptor
1154 2478 1244 2531 ille
1271 2476 1343 2531 nti
1385 2474 1624 2546 potuerit
1644 2473 2037 2543 antiquioribus
2082 2488 2271 2527 monu-

667 2574 868 2629 mentis
895 2589 1014 2645 quze
1040 2574 1294 2645 Cypriani
1328 2583 1380 2627 et
1404 2570 1628 2625 Iustina:
1656 2569 1898 2639 martyrii
1929 2578 2044 2623 acta
2064 2610 2079 2634 ,
2113 2576 2171 2622 ut
2195 2568 2272 2622 lc-

669 2667 847 2738 gimus
892 2666 992 2721 sub
1021 2665 1180 2721 finem
1226 2664 1387 2720 libelli
1427 2662 1495 2718 de
1539 2662 1815 2730 utriusque
1846 2662 2113 2730 passione,
2150 2681 2169 2714 ι
2203 2660 2271 2716 ab

670 2760 826 2815 initio
857 2776 1026 2831 usque
1058 2760 1109 2813 in
1133 2758 1293 2813 tinem
1323 2757 1521 2827 scripta
1553 2775 1571 2807 ι
1606 2754 1973 2810 continebant.

745 2853 895 2921 Quod
927 2860 1131 2923 spectat
1158 2851 1222 2906 ad
1264 2860 1473 2919 tempus
1502 2863 1610 2919 quo
1638 2848 1752 2903 haec
1791 2849 1993 2917 scripta
2039 2845 2269 2902 Confes-

673 2956 756 3007 sio
774 2993 789 3019 ,
823 2951 923 3006 etsi
951 2949 1077 3004 huic
1096 2949 1247 3018 Operi
1272 2946 1413 3000 nulla
1437 2959 1654 3015 prorsus
1676 2943 1815 3013 apud
1838 2941 2097 2997 editorem
2126 2942 2273 2996 0x0-

675 3047 916 3101 nien~em
947 3042 1099 3105 fides,
1128 3040 1256 3096 illud
1291 3048 1465 3093 tamen
1506 3038 1775 3092 existimat
1804 3036 2141 3090 Constantini
2168 3036 2266 3089 im-

676 3138 827 3208 perio
901 3134 1190 3205 antiquius.
1247 3130 1353 3187 Sed
1415 3129 1561 3201 quod
1610 3130 1661 3183 in
1718 3128 2100 3193 Conversione,
2151 3143 2273 3197 quae

676 3231 915 3302 ejusdem
946 3229 1223 3298 scriptoris
1264 3226 1427 3281 fcetns
1468 3226 1677 3280 videtur
1722 3239 1841 3279 esse
1866 3239 1928 3278 ac
1967 3224 2269 3291 Confessio,

673 3322 959 3379 Christiani
981 3329 1237 3374 vocantur
1262 3318 1487 3383 Galilaei,
1520 3318 1569 3371 id
1594 3332 1839 3386 magnam
1883 3318 2042 3372 habet
2083 3333 2271 3373 neces.

677 3416 963 3471 situdinem
993 3429 1113 3467 cum
1138 3419 1295 3465 actate
1316 3410 1509 3464 Juliani
1543 3410 1898 3479 imperatoris.
1926 3427 2081 3480 quem
2112 3427 2274 3467 nemo

680 3509 851 3564 nescit
898 3506 997 3560 hoc
1036 3504 1253 3559 nomine
1294 3501 1628 3556 Chrisuanos
1663 3501 1878 3555 solitum
1900 3502 2225 3570 compellare
2256 3523 2269 3557 :

680 3601 811 3656 satis
838 3596 1076 3669 apposita
1109 3594 1353 3649 videntur
1378 3594 1441 3650 ad
1468 3593 1568 3646 hoc
1597 3604 1803 3661 tempus
1833 3609 1951 3663 qua:
1975 3594 2024 3647 in
2048 3606 2273 3663 utroque

680 3693 862 3748 libr-llo
907 3691 971 3745 de
1012 3688 1259 3745 inanibus
1311 3686 1527 3757 magicm
1557 3687 1685 3747 altis
1733 3686 1783 3740 in
1812 3685 2145 3742 Christianos
2182 3703 2272 3743 co-

671 3789 884 3845 natibus
900 3787 1167 3858 leguntur.

749 3880 865 3934 Non
899 3888 1094 3949 pttgttztl
1119 3890 1236 3929 cum
1269 3872 1452 3928 saeculi
1492 3873 1634 3927 tertii
1687 3872 1941 3928 institutis
1985 3876 2272 3932 commissa

678 3966 919 4029 Justinte
946 3968 1251 4024 monasterii
1292 3967 1556 4036 Virginum
1597 3965 2009 4034 administratio,
2050 3977 2109 4021 ut
2143 3971 2274 4039 legi-

680 4082 802 4123 mus
851 4065 950 4119 sub
1014 4061 1172 4115 linetn
1227 4056 1638 4121 Cenversionis;
1694 4057 1956 4126 siquidem
2009 4059 2117 4127 jam
2162 4068 2269 4113 tum

680 4158 949 4216 eXstitisse
978 4150 1240 4223 ejusmodi
1281 4151 1542 4219 virginum
1574 4150 1817 4205 emnobia
1853 4152 2170 4221 perspicitur
2200 4168 2268 4207 ex

679 4252 798 4310 Vita
838 4249 894 4306 S.
928 4245 1164 4307 Antonii,
1192 4244 1279 4314 qui
1321 4258 1557 4298 sororem
1592 4258 1763 4306 suam,
1798 4252 1931 4299 teste
1958 4245 2266 4315 Athanasio,

682 4349 762 4415 (n.
793 4346 849 4410 3)
893 4342 945 4397 in
980 4340 1364 4412 parthenoncm
1397 4336 1724 4392 educandam
1754 4336 1975 4392 deduxit
1997 4339 2134 4394 circa
2178 4356 2271 4394 an-

678 4454 807 4493 num
836 4436 935 4491 ΞΠ
967 4452 980 4488 :
1009 4433 1101 4488 scd
1124 4432 1321 4488 szrculo
1344 4445 1535 4499 quarto
1560 4430 1728 4501 magis
1754 4446 1913 4502 quam
1958 4432 2114 4487 tertio
2144 4448 2267 4487 cen-

680 4532 825 4602 gruit
868 4527 1009 4600 quod
1068 4525 1252 4579 eadem
1300 4522 1506 4578 Justina
1558 4522 1781 4592 capillos
1823 4523 1932 4578 Deo
1975 4524 2271 4581 tetendisse

676 4623 874 4680 dicitur
904 4618 1002 4675 sub
1036 4619 1191 4673 linem
1216 4613 1604 4671 Confessionis.
1633 4614 1886 4670 Testatur
1914 4614 2270 4690 Hieronymus

671 4716 725 4770 in
748 4710 981 4783 Epistela
1007 4708 1076 4762 ad
1104 4707 1462 4771 Sabinianum,
1494 4721 1699 4761 morem
1731 4722 1851 4762 esse
1882 4708 1934 4761 in
1971 4707 2186 4781 IEgypti
2216 4721 2270 4767 et

678 4807 850 4879 Syria!
896 4803 1254 4866 monasteriis,
1284 4811 1341 4855 ut
1363 4811 1467 4855 tam
1490 4801 1639 4869 virgo
1667 4816 1825 4871 quam
1867 4803 2021 4858 vidua
2064 4821 2184 4876 qum
2211 4822 2270 4863 se

673 4894 784 4955 Dee
815 4898 1078 4962 voverint,
1116 4896 1320 4951 crinem
1355 4896 1800 4949 monasteriorum
1848 4897 2107 4951 matribus
2138 4898 2269 4956 offe-

667 5002 796 5049 rant
847 4989 1254 5047 desccandnm:
1303 4984 1444 5057 quod
1495 4984 1711 5058 quidem
1778 4987 1924 5043 addit
1988 4992 2268 5048 munditiei

668 5098 831 5141 causa
862 5081 996 5144 fieri,
1043 5081 1164 5151 quia
1215 5076 1477 5149 ejusmodi
1517 5077 1727 5132 femina:
1773 5094 1874 5135 nec
1920 5080 2134 5137 lavacro
2168 5099 2267 5139 nec

668 5176 793 5233 oleo
823 5174 1124 5229 utebantur.
1150 5172 1247 5227 Hic
1267 5182 1445 5225 autem
1473 5170 1771 5226 observabo
1800 5172 2060 5244 ejusmodi
2109 5176 2268 5248 virgi-

667 5281 769 5323 nes
818 5267 974 5336 longe
994 5265 1060 5317 ab
1088 5262 1193 5319 illis
1221 5262 1526 5331 discrepare
1554 5277 1686 5333 quas
1716 5263 1952 5335 synodus
1990 5248 2266 5339 Gangren-

670 5362 747 5418 sis
768 5358 1110 5415 anathemate
1153 5357 1466 5422 damnavit;
1494 5354 1562 5412 de
1593 5357 1783 5427 quibus
1807 5359 1967 5414 etiam
2015 5359 2261 5417 Theode-

665 5455 778 5510 sius
807 5452 985 5507 sanxit
1021 5466 1110 5505 an.
1144 5450 1251 5507 390
1274 5494 1287 5517 ,
1333 5469 1352 5503 ‹
1387 5458 1445 5504 ut
1471 5449 1680 5506 femina:
1704 5468 1821 5523 qua:
1848 5452 2049 5508 crinem
2082 5470 2259 5522 suum,

662 5554 851 5604 contra
878 5544 1086 5600 divinas
1135 5545 1504 5615 humanasque
1536 5544 1700 5613 leges,
1721 5543 1971 5599 instinctu
1991 5560 2262 5618 persuasa:

661 5638 1011 5712 professionis
1077 5636 1404 5695 absciderint
1436 5680 1450 5702 ,
1512 5635 1579 5691 ab
1623 5636 1865 5692 ecclesia:
1918 5637 2119 5693 foribus
2173 5652 2261 5693 aro

655 5742 1035 5793 eeantur.....;
1068 5729 1203 5783 adeo
1245 5727 1460 5799 quidem
1507 5735 1566 5782 ut
1610 5730 1917 5800 episeopus,
1957 5740 2113 5785 tonso
2168 5744 2260 5786 ca-

647 5823 758 5891 pite
811 5821 1062 5876 feminam
1111 5821 1155 5875 si
1191 5820 1412 5874 introire
1443 5820 1764 5892 permiserit,
1790 5821 1906 5893 ipse
1934 5824 2096 5879 etiam
2119 5840 2241 5881 cum

1878 312 2038 371 VITA
2082 307 2328 371 SANCTI
2367 306 2716 369 CYPRIANI.

3868 314 3977 370 180

2373 429 2678 498 lnrjusmodi
2755 431 3120 486 contuberniis
3190 439 3433 487 arceatur
3467 473 3482 498 ,
3534 452 3552 484 ι
3617 440 3720 487 etc.
3805 430 3973 504 (Cod.

2369 520 2574 577 Tlread.
2612 532 2723 577 tom
2758 538 2834 589 vr,
2863 539 2917 593 p.
2947 522 3077 594 61).
3116 524 3398 579 Existimat
3452 523 3814 580 Gothofredus
3859 540 3979 581 om-

2368 631 2490 670 nem
2525 630 2744 686 prorsus
2773 615 2994 671 radendi
3035 617 3224 687 capitis
3252 630 3458 672 morem
3503 632 3531 673 a
3580 617 3787 690 synodo
3825 617 3976 674 Gan-

2367 709 2548 778 grensi
2575 719 2629 764 et
2654 724 2683 764 a
2728 708 3035 764 Theodosio
3078 709 3131 764 in
3179 709 3393 764 feminis
3432 708 3601 765 fuisse
3639 709 3973 766 damnatum.

2369 803 2522 859 Unde
2559 806 2640 859 vir
2687 804 3029 860 doctissimus
3086 806 3136 859 in
3169 820 3371 860 morem
3395 820 3424 859 a
3448 806 3621 877 Syriae.
3669 815 3725 862 et
3753 806 3975 879 Egypti

2370 898 2733 961 monasteriis,
2762 913 2824 953 ac
2854 908 3034 968 postea
3063 897 3132 954 ab
3160 900 3276 954 aliis
3293 900 3542 965 ascitum,
3577 901 3720 956 velut
3766 899 3818 954 in
3865 918 3978 954 ma-

2369 1006 2532 1059 gnum
2566 992 2712 1045 nefas
2752 990 3039 1056 invehitur,
3072 1006 3138 1045 ac
3176 1007 3281 1046 non
3314 992 3432 1047 sine
3477 993 3676 1062 ingenti
3726 995 3976 1062 queritur

2370 1082 2556 1137 dolore
2590 1101 2609 1133 ε
2641 1084 2785 1151 quod
2833 1082 3047 1137 tandem
3075 1099 3254 1138 mores
3280 1085 3330 1137 in
3362 1094 3682 1153 potestatem
3709 1103 3858 1142 suam
3892 1090 3975 1142 lc-

2369 1189 2465 1243 gcs
2510 1176 2767 1229 humanas
2820 1184 2874 1229 et
2937 1175 3145 1229 divinas
3216 1175 3584 1247 perduxerint.
3646 1196 3664 1228 ι
3725 1178 3796 1234 At
3863 1180 3979 1232 luce

2372 1266 2569 1320 clarius
2598 1276 2682 1321 est
2708 1282 2809 1322 nec
2855 1267 3125 1338 synodum
3151 1266 3541 1335 Gangrensem,
3590 1284 3691 1325 nec
3732 1271 3980 1326 Theodo-

2371 1359 2512 1414 sium
2542 1359 2607 1413 ad
2636 1376 2730 1414 eas
2762 1360 2999 1429 virgines
3027 1363 3350 1428 respexisse,
3383 1376 3515 1428 quas
3544 1370 3769 1417 testatur
3796 1364 3981 1419 Hiero-

2374 1464 2587 1522 nymus,
2640 1453 2743 1507 etsi
2772 1452 2950 1506 crines
2983 1451 3287 1518 tenderent,
3325 1452 3504 1509 velato
3526 1463 3704 1508 tamen
3727 1470 3789 1509 ac
3820 1456 3982 1525 ligato

2372 1561 2494 1601 esse
2520 1546 2730 1615 capite;
2776 1547 2871 1599 sed
2904 1548 2971 1600 ad
3009 1546 3144 1601 alias
3176 1546 3336 1613 longe
3388 1547 3697 1609 dissimiles.
3739 1565 3883 1618 quat,
3927 1561 3985 1604 ot

2371 1640 2445 1693 ait
2476 1639 2716 1717 synodus
2760 1640 3112 1710 Gangrcnsis,
3147 1658 3165 1690 ι
3195 1652 3525 1710 pneceptum
3566 1641 3921 1711 snbjecrionis
3958 1664 3978 1695 ι

2374 1734 2761 1800 dissolvehant,
2818 1738 3094 1791 autem
3141 1747 3200 1792 τὸ
3244 1742 3528 1806 πρόσταγμα
3573 1754 3656 1800 τῖς
3716 1745 3984 1807 ὑποταγῆς.

2372 1830 2497 1899 quia
2522 1830 2729 1885 scilicet
2751 1831 2951 1885 intecto
2970 1831 3146 1899 capite
3168 1830 3509 1885 incedebant.
3551 1832 3705 1886 Unde
3730 1831 3985 1888 Theodo-

2372 1922 2505 1985 sius,
2527 1937 2649 1977 cum
2672 1923 2935 1991 ejusmodi
2958 1921 3174 1997 feminae
3196 1924 3264 1975 ab
3287 1920 3535 1977 omnibus
3555 1924 3720 1979 videri
3742 1936 3955 1995 possent
3970 1966 3989 1991 ,

2374 2016 2659 2086 episcopos
2680 2015 2875 2087 deponi
2898 2016 3052 2087 jubet
3098 2017 3145 2072 si
3174 2017 3453 2073 introitum
3484 2015 3589 2071 illis
3616 2019 3666 2072 in
3693 2017 3986 2073 ecclesiam

2372 2110 2766 2165 concesserint.

2446 2202 2579 2256 Cum
2604 2216 2733 2273 ergo
2778 2201 2974 2272 triplex
3018 2201 3147 2257 illud
3178 2212 3584 2258 monumentum
3624 2203 3865 2273 pluribus
3888 2218 3993 2259 sa:-

2373 2294 2479 2349 culi
2530 2296 2706 2364 quarti
2760 2295 2900 2349 notis
2950 2295 3219 2363 signatum
3264 2297 3355 2361 sit,
3384 2297 3569 2366 sicque
3599 2295 3780 2364 aliquo
3821 2297 3997 2352 inter-

2372 2389 2513 2442 vallo
2541 2389 2705 2444 distet
2744 2404 2772 2443 ι
2797 2389 3069 2461 Cypriane
3119 2389 3489 2454 Antiocheno,
3554 2388 3668 2443 ﬁeri
3710 2390 3880 2459 potuit
3926 2401 3993 2443 nt

2374 2481 2440 2536 ad
2470 2482 2707 2536 historia
2743 2496 3008 2535 summam
3044 2481 3300 2535 nonnulla
3346 2480 3571 2539 ornandi
3621 2490 3708 2534 aut
3757 2481 3995 2551 amplifi-

2374 2576 2529 2631 candi
2555 2591 2716 2631 causa
2744 2575 3094 2633 adderentur.
3135 2576 3395 2644 Disnlicet
3426 2576 3571 2629 cnim
3605 2574 3734 2628 mihi
3775 2574 3991 2630 Justina

2373 2684 2536 2740 super
2570 2671 2861 2726 fenestram
2896 2670 3113 2735 sedens,
3152 2669 3285 2722 dum
3310 2669 3593 2723 diaconum
3622 2665 3872 2722 Pra-linm
3915 2667 3993 2721 de

2378 2764 2673 2833 Evangelio
2710 2764 3063 2819 disserentem
3096 2763 3262 2826 audit,
3292 2777 3353 2815 ac
3405 2777 3496 2830 per
3533 2761 3817 2815 fenestram
3848 2776 3993 2828 qne—

2375 2855 2506 2912 tidie
2531 2857 2599 2911 ab
2621 2856 2810 2911 eodem
2844 2858 3072 2911 diacono
3100 2856 3252 2909 solita
3282 2856 3515 2909 edoceri.
3558 2854 3699 2908 Idem
3736 2853 3807 2909 de
3830 2853 3987 2908 'l‘be-

2374 2949 2454 3003 cla
2516 2948 2730 3003 Paulum
2778 2949 3027 3003 audiente
3052 2949 3248 3003 dictum
3302 2948 3354 3001 in
3381 2948 3538 3015 hujus
3560 2946 3782 3017 virginis
3841 2944 3983 2999 Vita.

2377 3043 2667 3111 Praeterea,
2699 3059 2818 3113 quae
2866 3044 3029 3097 latine
3057 3053 3259 3097 tantum
3292 3052 3499 3108 extant,
3535 3056 3639 3095 non
3691 3042 3819 3095 tanti
3859 3056 3987 3096 csse

2375 3136 2631 3190 momenti
2658 3134 2858 3189 debent
2885 3136 3067 3205 quanti
3095 3145 3237 3190 esset
3265 3148 3471 3205 gra-cns
3501 3135 3615 3205 ipse
3644 3144 3925 3189 contextus
3967 3153 3980 3185 :

2377 3244 2677 3295 nam,eum,
2699 3232 2916 3285 latinam
2942 3231 3306 3286 Cotrfessionis
3336 3230 3826 3300 interpretationem
3852 3244 3982 3283 cum

2376 3340 2552 3394 grmco
2608 3333 2840 3379 contexo
2887 3322 3195 3387 conferens,
3242 3324 3405 3376 multa
3455 3323 3800 3391 interpretem
3864 3320 3982 3374 de-

2378 3417 2622 3477 traxisse,
2655 3416 2817 3469 mnlta
2846 3416 3138 3481 addidisse,
3170 3415 3293 3471 etin
3324 3415 3570 3485 plurimis
3597 3430 3625 3468 a
3652 3430 3781 3469 vero
3812 3428 3980 3467 sensu

2377 3508 2655 3562 aberrasse
2698 3508 3178 3574 deprehenderim,
3236 3521 3421 3561 vereor
3465 3522 3531 3560 ne
3561 3505 3699 3560 idem
3733 3506 3785 3559 in
3843 3506 3985 3558 duas

2378 3602 2507 3653 alias
2539 3611 2718 3669 partes
2746 3601 3005 3654 evenerit.
3056 3600 3191 3655 Hinc
3222 3599 3351 3652 nihil
3407 3598 3645 3665 reperias
3672 3599 3721 3651 in
3753 3596 3977 3651 Concrr—

2376 3694 2515 3747 sione
2537 3694 2604 3746 de
2645 3693 2897 3762 prznclara
2933 3692 3023 3747 illa
3074 3706 3231 3760 prece
3276 3706 3378 3759 qua
3417 3690 3622 3745 Iustina
3671 3690 3975 3752 Dcinaram,

2379 3794 2511 3839 teste
2538 3784 2800 3854 Gregorio
2841 3783 3195 3848 Nazianzeno,
3229 3783 3279 3836 in
3316 3783 3431 3853 ipso
3455 3780 3764 3835 tcntationis
3785 3780 3982 3833 discri-

2378 3878 2522 3933 mine
2561 3879 2767 3943 orabat,
2800 3885 2856 3930 ut
2899 3877 3090 3946 virgini
3142 3875 3293 3945 virgo
3333 3860 3710 3938 succurreret;
3746 3873 3873 3925 nihil
3905 3874 3979 3927 dc

2377 3974 2671 4029 combustis
2702 3989 2727 4025 a
2752 3972 3019 4045 Cypriane
3046 3971 3264 4041 magicis
3294 3970 3445 4024 libris
3470 3979 3594 4024 ante
3624 3969 3976 4037 baptismum,

2377 4064 2511 4120 nihil
2540 4064 2607 4119 de
2646 4064 2849 4118 ostiarii
2904 4077 3147 4126 munere,
3199 4061 3341 4131 quod
3372 4061 3421 4115 ei
3480 4070 3598 4131 post
3651 4059 3975 4128 baptismum

2375 4155 2720 4210 commissum
2765 4164 2866 4209 est.
2902 4153 3099 4207 Eadem
3140 4150 3275 4206 forte
3314 4152 3381 4207 de
3405 4167 3563 4205 causa
3619 4151 3670 4205 in
3728 4149 3978 4207 Passieno

2376 4247 2621 4319 Cypriani
2669 4257 2716 4300 et
2753 4244 2973 4299 Inarime
3008 4245 3169 4315 judox
3208 4246 3297 4314 qui
3336 4258 3430 4298 eos
3468 4243 3756 4301 damnavit,
3790 4256 3975 4296 contcs

2374 4343 2610 4398 Orientis
2661 4342 2875 4407 dicitur,
2918 4350 2971 4395 ct
3020 4339 3349 4393 Diocletiano
3376 4337 3454 4391 sic
3500 4336 3726 4391 scribit:
3757 4334 3975 4389 Claudio

2377 4436 2727 4510 (Diocletiano
2760 4435 2879 4489 cod.
2937 4433 3175 4487 Colbert.
3200 4431 3241 4502 ),
3276 4432 3465 4485 Cwsari
3505 4446 3711 4501 magno,
3748 4439 3896 4483 term
3926 4438 3973 4482 et

2375 4534 2530 4586 maris
2558 4531 2784 4591 domino,
2816 4530 3051 4584 salutem.
3076 4528 3165 4583 Sic
3189 4530 3348 4581 etiam
3372 4532 3385 4575 t
3415 4525 3673 4597 yprianus
3687 4533 3740 4578 et
3759 4522 3972 4578 Justina

2377 4624 2691 4678 Damascum
2721 4632 3085 4682 accersuntur,
3120 4619 3364 4689 quamvis
3389 4618 3528 4686 apud
3567 4615 3813 4670 Photiutn
3843 4612 3974 4668 Jus-

2375 4718 2482 4771 tina
2504 4717 2613 4786 jam
2662 4720 2816 4769 antea
2848 4715 2900 4767 in
2919 4713 3057 4766 banc
3080 4712 3267 4765 urbem
3314 4711 3590 4779 migrasse,
3617 4717 3740 4761 tunc
3790 4714 3971 4760 autem

2373 4810 2517 4864 solus
2545 4808 2842 4881 Cyprianus
2867 4820 2933 4859 ce
2961 4804 3247 4874 perductus
3274 4801 3437 4856 fuiss‘e
3463 4802 3690 4854 dicatur.

2443 4901 2769 4974 Cyprianum
2819 4894 3174 4952 cnmJustina
3225 4908 3437 4963 passum
3484 4906 3605 4947 esse
3643 4886 3971 4944 Nicomedia:

2372 4995 2473 5050 sub
2498 4993 2824 5048 Diocletiano
2862 5000 2918 5047 et
2968 4990 3291 5044 Maximiano
3349 4999 3459 5041 tum
3511 5001 3630 5041 cum
3678 4982 3969 5039 Diocletia-

2372 5103 2472 5142 nus
2505 5085 2827 5141 Nicomcdia:
2858 5093 3183 5149 versaretur,
3213 5097 3277 5137 ex
3329 5080 3579 5135 Endocim
3636 5078 3778 5148 apud
3826 5077 3968 5132 Pho-

2371 5180 2501 5234 tium
2554 5175 2863 5234 testimonio
2917 5176 3257 5245 perSpicitur,
3311 5183 3366 5229 et
3408 5189 3471 5228 ex
3523 5173 3635 5242 ipsa
3691 5171 3965 5226 Passieno.

2369 5270 2520 5339 Quod
2554 5270 2596 5324 si
2632 5270 2769 5339 passi
2802 5276 2926 5323 sunt
2960 5269 3044 5322 die
3093 5267 3162 5321 26
3202 5265 3541 5336 septembris,
3583 5278 3689 5334 quo
3730 5264 3817 5317 die
3870 5279 3965 5317 eo-

2367 5378 2485 5417 rtnn
2543 5362 2735 5416 natalia
2786 5360 2958 5415 Latini
2997 5359 3289 5418 Celebrant,
3348 5356 3430 5410 vel
3461 5366 3518 5410 ut
3546 5355 3684 5425 apud
3722 5353 3961 5419 Grmcos,

2366 5454 2453 5509 die
2488 5454 2525 5508 2
2551 5454 2821 5518 octobris,
2882 5468 3104 5509 necesse
3137 5463 3241 5515 est,
3292 5461 3348 5505 ut
3387 5451 3637 5504 observat
3676 5449 3964 5504 Tillemon—

2367 5551 2493 5608 tius.
2528 5547 2578 5601 id
2607 5562 2747 5600 anno
2772 5544 2878 5601 504
2918 5547 3228 5615 contigisse.
3263 5544 3446 5613 Neque
3472 5541 3615 5598 enim
3662 5556 3805 5595 amre
3860 5540 3963 5595 503

2365 5642 2675 5709 contingere
2705 5639 2904 5708 potuit;
2954 5639 3074 5707 quia
3111 5637 3470 5692 Diocletianus
3518 5634 3619 5689 hoc
3648 5649 3793 5688 anno
3821 5634 3957 5688 circa

2364 5745 2603 5787 mensem
2658 5730 3001 5785 nevembrem
3049 5730 3233 5784 Romae
3287 5728 3619 5792 versabatur,
3652 5742 3752 5781 nec
3780 5741 3958 5793 perse-

2363 5827 2507 5884 cutio
2537 5834 2661 5882 ante
2690 5841 2888 5881 annum
2915 5825 3021 5880 304
3044 5824 3301 5879 adversus
3326 5823 3489 5878 laices
3510 5821 3709 5877 exarsit
3735 5838 3749 5887 ;
3786 5834 3956 5892 neque
