4222 6288
314 368 413 427 181

315 486 471 543 etiam
523 496 663 540 anno
715 484 844 552 505.
901 484 1023 556 quia
1070 485 1173 541 hoc
1227 500 1370 541 anno
1401 484 1761 543 Diocletianus
1787 486 1902 558 jam

314 594 495 638 mense
524 579 664 635 maio
691 578 973 649 imperium
996 578 1354 635 abdicaverat.

382 671 607 727 Videtur
660 681 819 727 :etate
890 682 1176 742 provectus
1224 670 1389 727 fuisse
1442 670 1742 743 Cyprianus
1792 683 1912 724 cum

312 762 822 834 vitamproChristo
847 762 1101 833 profudit.
1161 765 1346 820 Annos
1368 765 1579 835 triginta
1634 772 1789 817 natus
1834 776 1903 817 ex

310 855 536 928 Egypto
568 857 618 910 in
656 854 961 911 Chaldaeum
986 855 1255 926 profectus
1294 866 1396 918 est.
1452 856 1630 924 ibique
1656 868 1899 909 commeo

309 961 454 1011 ratus
477 951 638 1005 rediit
663 950 716 1005 in
748 950 997 1020 patriam,
1028 950 1115 1004 ubi
1141 951 1324 1005 multis
1354 951 1680 1005 facinoribus
1715 950 1908 1003 famam

308 1052 359 1099 et
395 1059 590 1099 nomen
632 1043 857 1112 adeptus
912 1054 1017 1111 est,
1076 1059 1138 1098 ac
1185 1046 1398 1098 tandem
1444 1045 1754 1117 aliquando,
1784 1057 1904 1098 cum

307 1136 518 1193 nefaria:
540 1136 676 1191 artis
701 1135 881 1190 irritus
926 1136 977 1188 in
1027 1130 1292 1191 Justitiam
1339 1146 1565 1192 conatus
1605 1137 1867 1193 sensisset
1896 1175 1910 1198 ,

306 1243 493 1297 nomen
532 1228 679 1282 dedit
708 1228 1014 1282 christianae
1062 1230 1331 1300 religioni.
1369 1229 1495 1284 Post
1521 1247 1720 1285 annum
1754 1244 1915 1299 pres-

305 1320 450 1394 byter
479 1320 658 1376 factus
705 1329 807 1385 est,
860 1332 915 1376 et
959 1322 1235 1376 sexdecim
1284 1323 1442 1378 annis
1492 1323 1543 1377 in
1586 1323 1691 1379 hoc
1743 1324 1912 1395 gradu

1797 1481 2396 1490 mm

907 1560 1360 1639 NOTITIA
1411 1566 1893 1639 CODICUM

2009 1566 2994 1641 [ANUSCBIPTORUM

1630 371 1848 429 INDEX
1882 371 2384 433 PB/EFATIONIS.

3519 382 3625 441 182

2024 492 2226 546 exactis
2257 490 2510 549 Anthimo
2535 492 2788 563 episcopo
2813 495 3091 550 successit.
3123 494 3354 551 Necesse
3381 502 3465 550 est
3490 510 3615 551 eum

2020 582 2071 637 in
2116 585 2423 654 episcopatu
2472 585 2656 656 plures
2693 601 2865 642 annos
2913 588 3236 653 traduxisse,
3291 605 3311 639 ‹
3350 587 3611 658 siquidem

2017 678 2306 733 multorum
2373 679 2535 734 corda
2592 680 2921 734 illuminabat
2969 696 3064 750 pvr
3119 679 3342 735 verbum
3413 681 3504 735 Dei
3562 690 3620 737 et

2019 772 2467 828 convertebatab
2517 772 2662 827 omni
2718 772 2906 828 ha-resi
2982 783 3038 827 et
3105 773 3334 839 augebat
3397 789 3614 844 gregem

2015 865 2231 919 Christi.
2276 884 2293 916 ι
2349 865 2631 919 Antbiunts
2670 874 2845 918 autem
2890 863 3138 936 Cypriani
3198 865 3451 921 decessor
3509 864 3618 934 0p-

2015 966 2123 1008 tato
2145 965 2502 1016 successerat.
2553 970 2714 1024 aquo
2763 954 3015 1011 Edtesius
3066 966 3122 1011 et
3161 955 3417 1010 Cledunia
3486 973 3609 1014 cum

2016 1053 2121 1107 ﬁlia
2156 1053 2361 1107 Iustina
2390 1051 2640 1115 bztptizati
2660 1061 2823 1118 sunt;
2858 1050 3114 1108 Edesius
3133 1053 3295 1109 etiam
3331 1054 3613 1124 presbyter

2017 1154 2248 1209 creatus,
2295 1161 2400 1216 quo
2455 1145 2751 1201 miniSIerio
2776 1161 2871 1216 per
2915 1161 3113 1201 annum
3165 1156 3222 1201 et
3271 1160 3486 1202 menses
3524 1161 3617 1202 sex

2017 1238 2330 1308 perfunctus
2358 1247 2459 1292 est.

2813 1452 3092 1459 m

764 1697 900 1776 QUI
943 1700 1051 1763 AD
1093 1700 1311 1765 HANC
1354 1702 1809 1767 EDITIONEM
1849 1704 2418 1769 ADORNANDAM
2460 1703 2826 1767 ADHIBITI
2869 1704 3155 1768 FUERE.

1635 1835 1987 1878 -—-—OO

1993 1853 2245 1866 ———

351 2023 680 2081 Contulerat
720 2024 976 2083 leuzius
1015 2040 1137 2082 cum
1183 2026 1462 2084 codicibus
1510 2025 1895 2098 manuscriptis
1997 2027 2279 2083 nianornm
2293 2027 2530 2085 suburbii
2552 2027 2611 2085 S.
2628 2028 2881 2085 Germani
2908 2036 3266 2096 asservatum,
3296 2028 3616 2086 Floriacen-

293 2115 506 2186 plurima
534 2116 806 2190 Cypriani
843 2134 1067 2188 operum
1098 2120 1236 2174 edita
1267 2120 1619 2188 exemplaria,
1648 2135 1769 2190 quae
1798 2134 1893 2174 no-

1999 2134 2149 2185 sem,
2205 2119 2696 2193 Moyssiacensem,
2764 2129 3030 2176 vetustum
3103 2120 3300 2177 librum
3353 2122 3445 2193 qui
3512 2120 3610 2177 fuit

293 2209 361 2267 bis
386 2212 669 2283 inspicere
696 2229 802 2269 non
835 2214 1005 2270 licuit.
1036 2213 1140 2271 Sed
1170 2229 1234 2271 ex
1263 2213 1380 2285 ejus
1424 2212 1565 2269 notis
1600 2208 1895 2269 exisimari
2000 2210 2301 2285 Raymundi
2324 2215 2559 2284 episcopi
2590 2215 2951 2283 Acconensis;
2984 2212 3120 2269 alios
3145 2214 3379 2285 denique
3402 2230 3467 2271 ex
3500 2230 3617 2270 mo-

294 2313 453 2374 potest
505 2315 781 2376 quantum
825 2305 1101 2361 industriae
1144 2322 1208 2361 ac
1254 2306 1457 2361 laboris
1488 2304 1539 2359 in
1571 2305 1672 2360 hoc
1700 2318 1898 2374 genere

299 2394 660 2466 insumpserit.
683 2396 837 2461 Nam.
863 2408 1059 2469 prtnter
1080 2398 1291 2454 codices
1312 2398 1399 2470 qui
1426 2397 1679 2463 Manutio,
1709 2397 1903 2452 Parne-

303 2487 397 2556 lio,
429 2490 670 2560 Rigaltio
698 2498 753 2546 et
791 2492 979 2562 Anglis
1010 2494 1125 2548 usui
1158 2492 1408 2558 fuerunt,
1438 2490 1624 2548 habuit
1653 2490 1904 2545 Balnzius

302 2594 353 2635 ac
374 2581 669 2652 diligenter
688 2597 808 2637 cum
839 2583 997 2638 editis
1022 2585 1249 2640 contulit
1276 2584 1457 2653 plures
1481 2601 1548 2639 ex
1574 2582 1900 2638 bibliotheca

304 2671 449 2744 Regia
470 2717 487 2742 ,
521 2676 575 2728 in
605 2675 687 2730 bis
714 2684 979 2730 vetustum
1012 2677 1250 2731 codicem
1278 2677 1366 2747 qui
1397 2677 1521 2731 olim
1551 2676 1646 2730 fuit
1675 2676 1732 2731 S.
1762 2674 1899 2729 Mar-

302 2765 383 2821 tini
434 2766 941 2824 Tornaceusismx
991 2770 1313 2825 bibliOIheca
1365 2781 1541 2825 autem
1589 2769 1899 2825 Colbertina

301 2856 507 2916 codices
547 2861 669 2923 157,
704 2860 829 2924 782,
862 2860 993 2928 801,
1016 2862 1184 2922 2442.
1212 2872 1269 2919 et
1291 2863 1713 2919 vetustissimum
1738 2861 1901 2928 1505,

301 2952 373 3023 qui
406 2952 512 3006 fuit
550 2951 678 3006 olim
719 2952 1058 3009 bibliotheca:
1087 2954 1349 3018 Thoante,
1401 2964 1456 3010 et
1489 2956 1652 3009 alium
1695 2955 1785 3023 qui
1810 2953 1903 3009 fuit

301 3042 413 3098 olim
496 3043 713 3114 collegii
764 3044 1028 3100 Fuxeusis
1061 3061 1162 3101 :ex
1212 3044 1530 3101 bibliotheca
1589 3045 1901 3114 Remigiana

301 3150 452 3193 unum
483 3137 935 3200 vetustissimtnn.
961 3147 1014 3193 et
1036 3139 1198 3193 alium
1231 3140 1584 3195 recentiorem
1614 3156 1814 3195 :uuum
1837 3154 1901 3194 ex
1928 3170 1939 3175 -

302 3230 624 3286 monasterio
651 3231 708 3288 S.
744 3231 984 3305 Dionysii
1016 3234 1066 3288 in
1093 3234 1281 3289 eadem
1318 3236 1449 3291 urbe
1476 3254 1491 3290 :
1519 3236 1702 3307 plores
1740 3235 1902 3290 etiam

301 3332 403 3380 tum
430 3341 496 3379 ex
535 3324 592 3380 S.
628 3324 859 3380 Victoris
893 3326 1232 3394 Parisiensis,
1265 3338 1375 3382 tum
1406 3344 1471 3384 ex
1508 3329 1676 3398 ipsius
1706 3328 1903 3385 Baluzii

304 3414 640 3472 bibliotheca.
671 3417 765 3475 His
791 3418 928 3474 adde
973 3418 1359 3491 Se'guerianum
1402 3432 1528 3477 ante
1555 3438 1726 3477 annos
1757 3423 1903 3479 mille

302 3508 554 3578 scriptum
580 3552 596 3575 ,
640 3509 965 3566 Beccensem
986 3551 1001 3574 ,
1034 3512 1408 3569 Divionensem
1432 3555 1445 3575 ,
1477 3513 1859 3569 Corheiensem
1882 3556 1898 3583 ,

299 3595 848 3670 Gratianopolitannm
914 3602 1197 3658 clarissimi
1246 3605 1344 3658 viri
1418 3604 1675 3676 Gaspnris
1717 3606 1897 3672 Boni,

297 3688 714 3764 Burgundicum,
746 3694 1145 3764 Fossatensem,
1178 3696 1586 3763 Carnotensem,
1618 3697 1902 3752 Lamnnia-

297 3799 413 3841 num
439 3826 453 3850 ,
502 3784 1001 3857 Compendtensem
1027 3831 1041 3854 ,
1092 3788 1430 3845 Pithaaanum
1461 3833 1475 3858 ,
1508 3790 1862 3847 Sorbonicum
1890 3834 1903 3854 ,

298 3875 802 3950 Monasteriensem,
834 3896 975 3936 nunc
999 3880 1217 3937 Parisiis
1244 3882 1295 3937 in
1325 3882 1642 3938 bibliotheca
1657 3882 1912 3953 Augusti-

2002 2307 2256 2362 nasteriis
2302 2306 2360 2362 S.
2390 2306 2652 2377 Arnulpbi
2681 2308 2955 2372 Metensis,
2986 2306 3048 2362 S.
3077 2306 3352 2362 Michaelis
3381 2307 3432 2361 in
3463 2309 3613 2378 peri-

2003 2398 2125 2453 culo
2153 2397 2333 2460 maris.
2365 2398 2424 2455 S.
2466 2397 2722 2454 Germani
2763 2413 2793 2452 a
2839 2397 3046 2459 Pratis.
3096 2398 3152 2453 S.
3187 2397 3364 2466 Galli,
3416 2397 3613 2456 Montis

2006 2491 2064 2547 S.
2089 2490 2265 2562 Eligii.
2300 2492 2565 2548 Pri-terea
2599 2491 2777 2547 missa:
2802 2490 2868 2545 ad
2903 2490 3176 2546 Baluziutn
3200 2489 3417 2547 fuerunt
3449 2494 3612 2548 varia:

2005 2582 2270 2639 lectiones
2296 2592 2564 2653 excerpta:
2605 2600 2674 2638 ex
2715 2582 2989 2639 codicibus
3023 2583 3313 2647 Vaticanis,
3355 2591 3417 2638 ut
3467 2592 3612 2653 patet

2004 2691 2069 2730 ex
2100 2679 2216 2745 ejus
2263 2677 2404 2731 natis
2436 2676 2500 2730 ad
2544 2676 2833 2745 Epistulam
2882 2675 3139 2747 Cypriani
3181 2691 3366 2731 XLVIII.
3414 2674 3493 2729 Ex
3533 2676 3615 2730 bis

2003 2779 2179 2829 autem
2196 2766 2487 2828 eodicibus,
2510 2782 2642 2837 quos
2661 2769 3046 2834 recensuitnns,
3068 2769 3310 2823 nonnulli
3338 2767 3405 2822 ab
3425 2767 3611 2837 Anglis

2005 2856 2156 2912 citari
2181 2858 2353 2913 solent
2376 2877 2389 2912 :
2418 2857 2511 2912 sed
2542 2868 2719 2914 tamen
2733 2857 2811 2912 sic
2836 2858 2938 2913 illis
2954 2861 3117 2913 utitur
3140 2859 3182 2913 Β
3198 2859 3410 2923 iluzius,
3433 2869 3491 2913 ut
3515 2871 3610 2913 eos

2005 2948 2298 3002 contulisse
2317 2963 2438 3001 cum
2462 2950 2620 3004 editis
2640 2960 2731 3003 aut
2758 2948 2951 3004 saltem
2976 2949 3315 3005 consuluisse
3341 2950 3608 3003 videatur.

2080 3040 2438 3096 Adbibuimus
2485 3042 2647 3095 etiam
2695 3041 2760 3094 ad
2803 3054 2965 3109 opera
3019 3039 3292 3110 Cypriano
3341 3038 3610 3109 adscripta

2008 3144 2222 3188 veteres
2262 3132 2427 3188 libros
2471 3147 2538 3187 cx
2589 3130 2909 3187 bibliotheca
2956 3129 3142 3201 Regia,
3175 3145 3239 3187 ex
3280 3121 3609 3197 Coibertina,

2007 3241 2073 3281 ex
2106 3224 2431 3290 Sorbonica,
2463 3222 2733 3279 Victorina
2778 3233 2835 3279 et
2872 3223 3343 3294 Sangermanensi.
3395 3223 3500 3280 Sed
3543 3223 3610 3279 ad

2006 3334 2069 3374 ea
2098 3335 2217 3390 qua:
2269 3319 2488 3388 majoris
2528 3328 2655 3371 sunt
2688 3318 2883 3388 pretii,
2912 3326 3162 3372 accurate
3188 3316 3525 3372 emendanda
3555 3327 3611 3373 et

2003 3412 2309 3484 castiganda
2343 3426 2535 3483 magno
2578 3412 2631 3466 in
2658 3411 2844 3479 primis
2881 3410 3000 3467 usui
3047 3409 3265 3466 fuerunt
3318 3419 3426 3466 tres
3472 3412 3612 3466 anti-

2003 3510 2249 3581 quissimi
2296 3508 2554 3574 codices,
2622 3506 2968 3576 Remigianus
3016 3520 3154 3560 unus
3210 3503 3279 3559 ad
3324 3505 3608 3575 epistolam

2005 3602 2137 3659 Celsi
2165 3602 2231 3655 ad
2272 3600 2534 3672 Vigitium,
2567 3608 2621 3653 et
2656 3600 2762 3653 duo
2792 3598 3289 3669 Sangormaneuses
3312 3599 3379 3652 ad
3412 3598 3608 3652 librum

2009 3699 2071 3753 de
2101 3696 2475 3769 Singularitate
2503 3692 2813 3748 Clericorum
2841 3700 2894 3745 et
2923 3688 3312 3758 Expositionem
3357 3691 3409 3742 in
3453 3690 3611 3757 Sym-

2012 3790 2203 3846 bolum.
2956 3783 3017 3837 D.
3052 3781 3223 3837 PBUD.
3251 3781 3464 3839 MAMN.

1253 3977 3593 4009 ___________________.__—-—-——-—-—————-—

1458 4083 1839 4167 INDEX
1901 4076 2434 4164 CAPITUM

450 4217 643 4296 QUJE
688 4218 771 4283 IN
814 4219 1378 4300 PREFATIONE,
1423 4226 1528 4287 ET
1574 4227 1772 4287 VITA
1817 4225 1880 4285 S.
1927 4221 2333 4292 CYPRIANI,
2379 4218 2590 4283 NUNC
2634 4215 2950 4281 PRIMUM
2994 4215 3464 4297 ADORNATA,

1657 4325 2247 4389 CONTINENTUR.

1611 4457 2306 4501 -αοθο--ι-

676 4591 952 4665 Prwfatie,
981 4591 1037 4645 in
1054 4608 1182 4665 qua,
1198 4600 1313 4664 post
1338 4601 1656 4647 «numeratos
1676 4591 1840 4647 sancti
1855 4588 2101 4662 Cypriani
2112 4605 2322 4659 operum
2344 4589 2611 4658 editiones,
2643 4590 2709 4645 de
2724 4587 2788 4645 S.
2818 4585 3066 4660 Martyris
3091 4591 3328 4649 doctrina

772 4663 1006 4740 pluribus
1028 4663 1313 4740 disseritur.
1428 4735 1440 4740 _
1661 4736 1673 4740 _
1724 4735 1742 4740 Α
2078 4732 2117 4740 _
2185 4733 2199 4740 _
2267 4734 2281 4740 _
3367 4666 3496 4740 Pag.
3556 4671 3609 4728 9.

488 4752 506 4792 ι
672 4732 927 4807 Cypriani
975 4737 1239 4791 sententia
1266 4736 1333 4790 de
1351 4735 1557 4790 unitate
1575 4744 1631 4790 et
1661 4733 2037 4807 infallibilitate
2078 4732 2379 4807 Ecclesiae.7
2684 4803 2694 4807 _
2840 4802 2853 4807 _
2949 4802 2984 4807 __
3045 4805 3054 4807 _
3444 4732 3469 4740 ”
3513 4750 3535 4807 ί
3553 4746 3625 4801 15

484 4824 521 4862 ιι
677 4802 1014 4862 Refelluntur
1057 4807 1146 4876 qui
1195 4807 1475 4877 episcopos
1520 4808 1659 4878 apud
1715 4806 2041 4879 Cyprianum
2104 4806 2226 4875 jure
2276 4805 2514 4860 divinoa
2555 4802 2885 4875 presbyteris
2931 4802 3186 4877 distingui

734 4889 925 4942 negant
936 4915 949 4930 .
3545 4889 3619 4942 22

478 4966 535 5004 ιιι
992 4948 1528 5021 EcclesiaeRomanae
1548 4965 1577 5004 a
1610 4950 1667 5005 S.
1694 4950 1963 5021 Cypriane
1979 4963 2195 5021 semper
2217 4949 2450 5021 agnitus.
2699 5016 2713 5021 _
2913 5018 2935 5021 77
3038 5019 3049 5021 7
3543 4893 3616 5015 ἐξ

480 5036 534 5077 Iv
686 5020 780 5093 De
798 5020 1128 5093 diasentiune
1154 5021 1211 5077 S.
1240 5019 1493 5093 Cypriani
1518 5036 1638 5093 cum
1668 5016 2042 5093 S.'S'tepliano.
2073 5016 2283 5074 Nullum
2311 5020 2570 5089 baptisma
2601 5016 2881 5090 probatum
2903 5018 3199 5092 Stephano,

732 5092 834 5161 ηίεῐ
860 5091 999 5161 qm"!
1021 5108 1086 5146 ex
1119 5090 1427 5161 mescripta
1458 5108 1485 5145 a
1508 5090 1724 5148 Christo
1752 5094 1918 5146 forma
1946 5092 2126 5146 datum
2144 5099 2307 5145 esset.
2382 5160 2385 5161 7
3002 5090 3015 5092 τ
3186 5090 3189 5091 ν
3540 5103 3611 5159 27

483 5179 519 5217 ν
687 5161 745 5219 S.
774 5160 1075 5234 Cyprianus
1123 5160 1446 5220 sententiam
1471 5163 1898 5219 adversariorum
1950 5164 2128 5217 minus
2155 5160 2433 5217 intellexit.
2462 5161 2537 5217 De
2562 5161 2829 5232 baptismo
2872 5164 2930 5219 in
2983 5161 3183 5222 Christi

737 5235 972 5290 nomine.
1005 5234 1263 5304 Stephani
1305 5235 1568 5289 sententia
1623 5245 1737 5290 orta
1770 5235 1836 5287 ab
1866 5235 2154 5302 Apostolis.
2198 5303 2203 5304 7
2256 5301 2270 5304 Α
2356 5302 2365 5304 7
2438 5301 2449 5304 7
2558 5303 2565 5304 7
3541 5248 3605 5301 7,1

482 5320 537 5360 Vi
686 5305 891 5374 Quibus
910 5301 1257 5377 potissimum
1303 5314 1386 5360 rat
1405 5306 1601 5361 οιιίιιιιδ
1627 5322 1746 5361 sese
1762 5305 1820 5362 S.
1850 5304 2146 5377 Cyprianus
2177 5301 2494 5377 defenderit.
2523 5303 2633 5359 Nec
2658 5316 2989 5361 sacramenta
3019 5322 3046 5359 a
3076 5323 3190 5363 ma-

740 5377 806 5431 lis
827 5378 879 5430 in
908 5375 1145 5431 Ecclesia
1166 5377 1559 5441 administrata,
1582 5394 1681 5433 nec
1703 5375 2043 5433 traditionem
2065 5375 2271 5442 rejecit.
3543 5389 3613 5443 55

468 5463 539 5503 ru
675 5447 1151 5519 Conﬁrtnationem
1183 5465 1286 5502 non
1309 5448 1586 5504 confundit
1618 5450 1673 5505 S.
1709 5452 2006 5519 Cyprianus
2027 5463 2147 5500 cum
2177 5444 2513 5514 itnpositione
2534 5462 2787 5503 manuum
2819 5449 2871 5504 in
2904 5449 3182 5508 haireticos

735 5520 1044 5573 redeuntes.
1074 5518 1551 5574 Cooﬁrmationetn
1582 5521 1593 5571 i
1640 5530 1722 5584 ter
1750 5518 2079 5574 Suet-amenta
2108 5525 2371 5570 numerat.
3547 5530 3617 5585 39

460 5604 551 5646 "tl
690 5590 1026 5647 Ptenitentite
1051 5601 1444 5644 sacramentum
1475 5606 1538 5645 ex
1560 5591 1599 5647 S
1641 5592 1888 5661 Cypriani
1922 5588 2242 5644 testimoniis
2268 5586 2593 5661 defunditur.
2628 5589 2797 5658 Quam
2819 5595 3184 5650 necessarium

743 5662 1087 5732 judicaverit,
1114 5675 1273 5729 quam
1313 5671 1501 5717 sancte
1550 5659 1914 5717 administrari
1941 5661 2168 5715 voluerit
2194 5659 2514 5715 ostenditur.
2545 5660 2811 5716 Nonnulla
2863 5663 3006 5720 illius
3048 5666 3188 5722 dicta

741 5735 1090 5798 explicantur.
3555 5742 3627 5798 η

478 5820 526 5859 Ix
682 5750 1181 5877 liiiiiiiiiiiinxiiica
1206 5811 1333 5859 ante
1360 5803 1418 5861 S.
1442 5803 1766 5877 Cyprianum
1800 5803 2137 5876 gravissimis
2155 5802 2469 5860 criminibus
2495 5812 2684 5875 negata
2711 5803 2870 5863 fuerit
2893 5810 3200 5867 communio

742 5884 864 5947 post
902 5874 1296 5945 pmnitenliam.
1488 5874 1501 5877 ⁷
1527 5874 1539 5877 ⁷
1810 5874 1820 5876 ἡ
2570 5874 2588 5875 ί
3568 5885 3638 5939 47
