4200 6262
1187 423 1571 556 DIVI
1661 425 2385 627 THASCII
2479 364 3201 557 c.4201th

871 722 3520 1074 CYPRIANI

1433 1229 1767 1316 EPISGOPI
1803 1227 2431 1316 GARTHAGINENSIS
2456 1232 2549 1315 ΕΤ
2586 1231 2969 1316 MARTYRIS

1774 1456 2625 1611 OPERUM

1325 1746 1658 1822 PARS
1726 1748 2187 1826 PRIMA.
2246 1778 2355 1803 -
2409 1752 3128 1829 EPISTOL/E.

1576 1983 2168 2019 -——————:=

1031 2195 1046 2226 ¹
1081 2189 1417 2249 EPISTOLA
1455 2188 1687 2246 PRIMA.

1129 2349 1197 2389 AD
1228 2346 1475 2388 DONATUI
1504 2340 1553 2385 ³.

580 2467 811 2545 (lirasm.,
838 2479 1046 2544 Pamei.,
1071 2494 1155 2552 ep.
1172 2496 1230 2552 n_..
1246 2478 1430 2552 Bigaix
1450 2490 1530 2552 ep.
1557 2490 1593 2526 ι.
1616 2473 1799 2537 Oxon.,
1821 2462 1973 2538 Lipsf,
2001 2472 2132 2522 liber

1105 2540 1171 2594 de
1197 2540 1366 2595 Gratia
1389 2540 1530 2602 Dei.)

555 2671 947 2731 ARGUIENTUI.
973 2704 1049 2714 —
1071 2672 1379 2727 Promiserat
1406 2669 1609 2725 Donato
1652 2667 1939 2741 Cyprianus
1963 2685 2155 2724 sermo-

628 2761 743 2800 nem
782 2762 836 2802 se
881 2761 994 2799 cum
1023 2745 1115 2801 illo
1143 2744 1433 2799 habitarunt
1482 2741 1547 2797 de
1589 2740 1736 2797 rebus
1783 2741 2007 2808 divinis;
2043 2742 2157 2812 jam

2170 1983 2224 2027 9

2174 2188 2227 2248 A

2230 1986 2832 2024 ςῖι--ᾑ

2325 2187 2586 2258 promissis
2610 2188 2902 2247 admonitus
2923 2193 3193 2266 satisfecit,
3221 2210 3284 2249 ac
3309 2195 3482 2252 multis
3519 2196 3735 2268 gratiam
3770 2197 3869 2254 Dei

2329 2298 2419 2350 per
2447 2280 2764 2349 Baptismum
2794 2285 3035 2341 collatam
3074 2288 3469 2352 commendans.
3517 2299 3762 2360 quantum
3805 2293 3869 2345 sit

2326 2381 2549 2426 mutatus
2583 2375 2645 2426 ob
2685 2374 2773 2429 illo
2807 2376 3079 2447 signiﬁcat,
3111 2388 3160 2434 et
3189 2379 3477 2435 adoculum
3516 2383 3871 2438 demonstratis

2328 2465 2505 2519 mundi
2530 2467 2799 2533 erroribus,
2845 2470 2914 2523 ad
2949 2481 3291 2535 contemptum
3331 2473 3472 2542 ejus,
3517 2473 3586 2527 ad
3610 2473 3870 2530 assiduam

2331 2559 2545 2626 denique
2574 2560 2834 2616 lectionem
2862 2572 2908 2616 et
2937 2563 3213 2617 orationem
3242 2565 3557 2620 adhortatur.

2339 2737 2378 2793 l.
2409 2737 2671 2795 Cecnnos
2704 2737 3002 2814 Cyprianus
3049 2738 3256 2795 Donato
3302 2738 3548 2796 salutem.
3593 2739 3734 2796 Bene
3775 2739 3873 2796 ad-

1777 2880 2158 2940 LECTIONES
2204 2879 2617 2940 VARIAN'I‘ES.

621 2996 649 3027 ⁸
672 2996 744 3062 Ad
756 2996 1010 3062 penatum
1032 2999 1102 3062 de
1136 2999 1391 3062 erroribus
1425 2999 1588 3062 mundi
1635 3004 1689 3048 et
1733 3003 2016 3062 contemptu
2042 3001 2151 3062 ejus

558 3057 724 3111 Camb.
750 3060 878 3113 Dun.
912 3060 1039 3114 Vict.
1091 3061 1170 3114 De
1191 3061 1445 3126 disciplina
1467 3062 1528 3112 ad
1551 3057 1963 3113 Donatum-Voss.
2008 3057 2145 3112 4.'de

2256 2996 2423 3049 Gratia
2444 2998 2557 3048 Dei.
2588 2999 2744 3051 Oxon.
2774 2997 2915 3049 Gold.

1796 3169 2041 3227 STEPH.
2075 3171 2159 3226 BA
2168 3170 2345 3229 LUle
2376 3171 2607 3228 ΝΟΤᾸΞ.

635 3282 704 3317 ³⁶⁹
732 3280 915 3338 Erts'r.
934 3282 1203 3340 I.—Hanc
1234 3284 1517 3351 epistolam
1534 3284 1733 3339 habent
1756 3299 1945 3340 omnes
1971 3283 2162 3339 editio-

562 3367 658 3409 nes
699 3361 753 3408 et
783 3353 1025 3424 plerique
1051 3356 1170 3410 libri
1192 3366 1422 3410 veteres.
1455 3355 1570 3411 Non
1599 3365 1745 3410 extat
1773 3365 1948 3410 tamen
1979 3357 2029 3410 in
2056 3373 2162 3410 uno

565 3424 904 3498 bibliotheca;
931 3424 1144 3498 liegiaa,
1173 3426 1226 3481 in
1268 3442 1373 3482 uno
1401 3426 1710 3498 monasterii
1732 3438 1900 3481 sauctt
1931 3427 2157 3498 Remigii

565 3494 867 3558 Remensis,
893 3495 947 3552 in
966 3494 1175 3552 duobus
1193 3499 1504 3552 monasterii
1528 3497 1998 3564 Cotnpentliensis,
2019 3499 2070 3553 in
2091 3494 2161 3554 co

562 3581 722 3639 quem
754 3564 912 3639 habui
941 3582 1006 3623 ex
1058 3569 1382 3639 monasterio
1408 3569 1578 3639 sancti
1625 3568 1897 3623 Michaelis
1935 3571 1984 3623 in
2020 3570 2160 3639 peri»

564 3636 689 3692 culo
723 3638 887 3708 maris
906 3681 921 3704 ,
955 3653 1126 3708 neque
1150 3638 1365 3696 demum
1398 3639 1451 3694 in
1479 3638 1813 3695 Corbeiensi.
1842 3639 1995 3705 Qttod
2021 3636 2157 3695 ideo

563 3701 928 3765 annotandum
978 3701 1100 3765 esse
1142 3712 1430 3766 arbitratus
1473 3726 1591 3767 sum
1620 3712 1739 3778 quia
1790 3701 1885 3766 viri
1902 3711 2153 3767 doctissi-
2185 3701 2233 3760 Β

566 3795 685 3834 mus
709 3778 957 3836 Nicolaus
977 3781 1261 3851 Rigaltins,
1298 3781 1435 3836 haud
1463 3782 1627 3837 dubie
1658 3782 1807 3850 lapsu
1851 3784 2152 3847 memoria},

562 3852 649 3905 vel
692 3866 785 3918 per
830 3854 1263 3922 incogitantiam,
1299 3853 1350 3907 in
1401 3852 1867 3908 observationibus
1922 3855 2033 3909 suis
2087 3854 2155 3908 ad

564 3937 728 3995 opera
767 3926 936 3977 sancti
973 3924 1226 3995 Cypriani
1273 3923 1439 3979 refert
1479 3926 1659 3992 plures
1687 3925 1866 3979 varias
1897 3924 2159 3981 lectiones

565 3993 724 4117 istilus
762 3993 1098 4063 epistolae'ex
1142 3995 1328 4051 codice
1355 3996 1700 4062 Corbeiensi,
1734 3996 1785 4050 in
1825 4011 1932 4068 quo
1960 4012 2022 4052 ea
2051 4012 2156 4051 non

585 4079 634 4117 ta
675 4075 813 4117 etnr.

585 4075 813 4118 labetur.

640 4133 876 4190 Primum
905 4135 991 4190 illa
1023 4135 1199 4191 locum
1226 4136 1438 4193 obtinet
1468 4138 1519 4191 itt
1544 4139 1728 4195 multis
1753 4138 2028 4194 codicibus
2058 4154 2158 4193 an-

569 4205 728 4277 tiquis
752 4244 768 4267 ,
794 4206 847 4261 in
894 4205 1188 4263 Veronensi
1216 4208 1467 4263 nimirum
1496 4211 1735 4266 omniutn
1768 4210 2157 4275 vetustissimo,

570 4277 622 4349 in
649 4277 998 4349 seguieriano
1039 4280 1163 4334 item
1204 4279 1598 4349 antiqtti~simo,
1633 4282 1684 4335 in
1714 4281 1922 4337 duobus
1950 4280 2161 4337 Vatica-

570 4346 679 4421 nis,
698 4346 749 4402 in
803 4350 1075 4421 omnibus
1107 4350 1173 4421 iis
1201 4346 1395 4421 quibus
1426 4366 1553 4405 usus
1582 4366 1665 4407 est
1707 4351 2024 4409 Gnillehnus
2052 4351 2166 4407 Mo-

566 4418 775 4493 rellius,
810 4422 862 4474 in
884 4435 949 4475 eo
990 4420 1080 4488 qui
1122 4418 1233 4476 fuit
1264 4420 1565 4493 Raymnndi
1615 4424 1851 4492 epist-uni
1886 4426 2166 4478 Acconen-

568 4488 665 4563 sis,
712 4500 766 4544 ut
810 4500 1120 4546 annotatum
1173 4488 1362 4561 reperi
1400 4508 1558 4547 manu
1606 4488 1841 4549 Simonis
1880 4494 2164 4563 Gonlartii,

570 4561 657 4637 qni
683 4575 748 4616 eo
776 4576 902 4616 usus
928 4572 1013 4637 est
1030 4604 1045 4630 ,
1077 4573 1131 4617 et
1161 4563 1213 4617 in
1237 4564 1514 4637 ivigtntiet
1545 4580 1651 4619 uno
1676 4581 1862 4637 eorum
1897 4581 2018 4620 cum
2050 4561 2168 4637 qui;

572 4630 672 4685 bus
690 4646 808 4706 ego_
815 4633 1017 4706 contuli
1048 4650 1206 4706 opera
1236 4630 1373 4691 beati
1401 4634 1667 4706 Martyris.
1698 4635 1869 4693 Immo
1896 4638 1951 4691 in
1978 4630 2167 4693 codice

570 4701 742 4776 sancti
770 4701 937 4776 Eltgii
978 4701 1368 4776 Attrcbatensis
1397 4707 1465 4761 ita
1507 4701 1763 4776 scriptum
1796 4708 1898 4762 vidi
1927 4708 1980 4762 in
2014 4709 2165 4765 calce

571 4771 727 4848 istius
751 4771 994 4843 epistolae
1034 4792 1048 4831 :
1083 4775 1307 4848 Explicit
1331 4777 1495 4846 prima
1523 4771 1753 4848 epistola.

646 4842 797 4921 illam
815 4854 1032 4921 sanctus
1062 4842 1386 4921 Augustinus
1418 4842 1647 4921 citat,”
1667 4864 1838 4920 eaque
1869 4848 2165 4921 fragmenta

570 4913 733 4990 refert
780 4917 833 4969 in
877 4913 1191 4990 librati/de
1214 4917 1458 4990 Doctrina
1487 4913 1799 4987 Christiana,
1847 4913 2082 4990 capi”.
2113 4930 2169 4977 et

578 4987 628 5041 in
659 4985 907 5043 Sermone
932 4988 1037 5063 512
1056 5031 1068 5046 .
1097 4988 1149 5043 in
1173 5004 1307 5044 nova
1324 4988 1573 5063 editione
1600 5008 1715 5063 pag.
1750 4985 1926 5048 {256.
1945 4992 2167 5063 Cypria-

574 5072 809 5132 numqne
870 5060 1105 5129 graviter
1165 5060 1509 5132 reprehendit
1548 5060 1689 5132 quod
1748 5063 1893 5117 illam
1940 5060 2166 5132 spumeo

575 5130 862 5185 verborum
885 5132 1090 5185 ambitu
1134 5131 1410 5203 ornaverit
1440 5148 1454 5196 ;
1486 5130 1608 5203 quia
1652 5135 1901 5189 nimirum
1926 5130 2162 5203 putabat,

577 5209 635 5254 ttt
679 5215 893 5275 opinor.
927 5217 1147 5275 regnum
1182 5202 1306 5275 Dei,
1336 5211 1417 5275 Aut
1443 5202 1619 5259 verbis
1671 5214 1791 5259 utar
1817 5202 2029 5275 Snlpitii
2064 5204 2164 5260 Se-

583 5270 696 5327 veti
744 5274 795 5326 in
826 5270 1050 5343 prologo
1092 5274 1208 5329 libri
1236 5272 1299 5327 de
1336 5271 1451 5327 Vita
1482 5275 1660 5330 Sancti
1688 5275 1898 5330 Martini
1918 5270 1934 5341 ζ
1959 5292 2065 5330 non
2112 5277 2164 5330 itt

577 5343 881 5412 eloquentia
926 5344 1125 5417 sediin
1178 5343 1281 5400 fide
1335 5355 1601 5417 constare.
1641 5348 1752 5417 Ego
1782 5362 1909 5401 vero
1956 5362 2163 5402 mecum

576 5427 953 5484 s:t~penumero
990 5415 1281 5473 admiratus
1327 5431 1446 5473 sum
1478 5415 1621 5472 illam
1654 5415 1931 5485 Augustini
1972 5433 2166 5473 censu-

577 5499 690 5559 ram
744 5486 796 5541 iu
850 5489 949 5542 bac
994 5488 1396 5559 epistola.qn:e
1448 5498 1555 5543 tcta
1603 5490 1671 5544 de
1724 5490 1835 5544 Deo
1877 5500 1959 5544 est
1999 5500 2053 5543 et
2080 5505 2164 5543 re-

578 5555 869 5630 prebensio
916 5555 1125 5630 mor—nm
1155 5555 1525 5629 corruptorum
1547 5568 1599 5613 et
1626 5562 2039 5630 depravatornm
2068 5576 2168 5616 sae-

575 5626 682 5682 Cnli
703 5669 719 5702 ._
750 5629 1193 5700 reprehendi-tuis
1216 5626 1531 5700 gravitatem
1565 5642 1622 5686 et
1661 5626 2024 5702 eloquentiam
2054 5647 2167 5685 ser-

578 5700 773 5772 monis.
806 5712 1074 5771 tamquam
1106 5703 1149 5754 si
1203 5715 1289 5755 res
1320 5703 1410 5757 llei
1454 5700 1796 5758 electissimis
1838 5705 2015 5758 verbis
2044 5719 2165 5772 gra-

579 5770 919 5843 vissimisque
936 5770 1223 5828 sententiis
1245 5773 1513 5827 rhetorice
1532 5789 1727 5827 ornare
1756 5772 1836 5829 ias
1862 5792 1967 5829 non
1994 5770 2160 5831 esset.

571 5837 853 5913 ϐψω-τῃδὶ
884 5844 1089 5913 uSpiam
1138 5856 1273 5913 opus
1317 5854 1401 5899 est
1446 5844 1786 5913 eloquentia,
1834 5845 1885 5901 id
1938 5862 2065 5901 vero
2110 5848 2162 5902 itt

571 5909 781 5980 primis,
809 5929 928 5968 mea
953 5909 1190 5982 quidem
1232 5909 1743 5984 sententia,’palam
1788 5928 1872 5974 est
1918 5918 2163 5975 obtinere

2266 3287 2465 3342 debere
2505 3286 2557 3340 in
2586 3284 3069 3354 compositiOnilttts
3093 3283 3162 3340 ad
3191 3283 3529 3353 maiestatem
3556 3291 3611 3337 et
3638 3280 3862 3354 gloriam

2264 3359 2458 3411 summi
2513 3357 2604 3411 Dei
2664 3356 3054 3417 pertinentibus
3080 3397 3095 3420 ,
3144 3356 3411 3425 quamvis,
3445 3362 3504 3408 ut
3545 3355 3619 3407 ait
3649 3363 3869 3409 sanctus

2266 3428 2500 3483 llilarius
2531 3430 2581 3481 iu
2635 3428 2770 3481 libro
2798 3443 2836 3483 tt
2865 3428 2929 3480 de
2960 3426 3227 3491 Trinitate,
3263 3425 3330 3481 ad
3372 3441 3433 3481 ea
3480 3441 3601 3494 qum
3630 3425 3720 3479 Dei
3743 3436 3871 3479 sunt

2264 3499 2576 3567 exequenda
2608 3513 2790 3555 sermo
2834 3500 3009 3553 omnis
3052 3498 3295 3553 infirmus
3321 3499 3411 3553 sit.
3444 3495 3868 3567 ltomiMacarins

2266 3569 2466 3625 Mucius
2498 3572 2548 3624 in
2597 3572 2905 3638 praefatione
2951 3570 3017 3625 ad
3048 3584 3263 3625 carmen
3293 3583 3448 3624 suum
3481 3570 3547 3621 de
3565 3566 3869 3635 Triumpho

2263 3640 2449 3695 Crneis
2488 3659 2499 3693 :
2528 3639 2734 3712 Negare
2761 3658 2861 3695 non
2886 3642 3069 3707 ausim,
3099 3640 3288 3711 inquit,
3312 3656 3422 3695 eam
3451 3654 3556 3712 esse
3579 3638 3868 3712 divinarum

2262 3729 2429 3765 rerum
2455 3714 2553 3766 vim
2584 3709 2734 3783 atque
2764 3713 3079 3779 dignitatem,
3116 3709 3340 3766 ut‘nullo
3366 3709 3499 3781 ston
3521 3710 3872 3783 asseqnipos-

2260 3784 2416 3837 simus
2467 3801 2566 3837 non
2610 3778 2775 3839 tamen
2807 3778 2878 3837 ita
2907 3792 3149 3838 remotam
3185 3799 3381 3844 censeo.
3413 3778 3470 3835 ist
3507 3778 3868 3836 Camdeuisin.

2262 3855 2599 3910 accessibilem
2621 3872 2756 3909 rear.
2787 3852 2917 3909 Nam
2939 3898 2953 3918 ,
2989 3863 3045 3908 ut
3074 3856 3148 3909 ait
3190 3854 3515 3907 Novatianus
3538 3853 3588 3905 in
3624 3851 3762 3904 libro
3796 3852 3866 3907 de

2262 3925 2548 3991 Trinitate,
2574 3927 2641 3979 ad
2666 3927 2988 3995 cogitandam
3028 3935 3074 3978 et
3097 3927 3165 3978 ad
3194 3924 3525 3995 eloquendum
3560 3921 3655 3976 Dei
3676 3924 3865 3992 majes-

2266 4007 2437 4063 tatem,
2469 4008 2516 4051 et
2547 3999 2830 4065 eloquentia
2855 3999 3018 4052 omnis
3040 3998 3216 4051 merito
3238 4008 3379 4049 muta
3407 4004 3478 4048 est
3515 4004 3561 4049 et
3597 4009 3736 4047 mens
3757 3996 3866 4048 exi-

2266 4086 2367 4139 gtta
2407 4079 2500 4123 est.
2550 4069 3065 4141 Exentplishtalibns
3120 4067 3273 4141 plena
3326 4073 3452 4141 sunt
3482 4065 3685 4141 omnia:
3731 4066 3864 4132 Quis

2270 4135 2518 4210 umquam
2548 4135 2890 4210 reprehendit
2921 4135 3279 4210 eloquentiam
3330 4138 3382 4192 in
3405 4208 3413 4210 Α
3435 4146 3621 4210 saneto
3656 4135 3867 4210 Joanne

2262 4205 2651 4282 Chrysostotno
2669 4209 2695 4262 ‘l
2720 4210 2844 4279 quid
2868 4205 3129 4265 eruditius
3158 4221 3246 4264 aut
3275 4208 3485 4282 acutius
3532 4205 3864 4282 Apologetico

2265 4279 2579 4337 Tertulliani
2606 4283 2630 4336 ?
2657 4283 2746 4351 qui
2769 4324 2783 4346 ,
2820 4295 2873 4336 ut
2905 4284 2975 4334 ait
3028 4294 3244 4335 sanctus
3274 4280 3635 4350 Hieronymus
3668 4280 3718 4331 in
3749 4279 3866 4348 cpi-

2266 4354 2402 4408 stola
2431 4356 2496 4405 ad
2524 4351 2771 4421 Magnum
2790 4356 3049 4407 adversus
3077 4351 3417 4407 Iovinianum
3438 4393 3450 4410 .
3486 4359 3733 4421 cunctam
3757 4365 3863 4403 ste-

2268 4423 2375 4478 cttli
2424 4418 2665 4479 continet
2700 4423 3040 4489 disciplinam
3077 4440 3089 4476 :
3125 4424 3251 4491 quid
3300 4423 3599 4493 elegantius
3651 4418 3865 4478 Octavio

2272 4493 2484 4548 Minucii
2518 4494 2715 4550 Felicis
2740 4496 2764 4547 ?
2796 4493 2975 4564 Neque
3003 4495 3239 4549 Arnobio
3280 4509 3373 4547 sua
3392 4491 3570 4548 'del’uit
3599 4493 3865 4559 eloquen-

2273 4565 2365 4619 tia.
2393 4565 2650 4621 Lactantii
2703 4566 2870 4620 libros
2921 4565 3208 4619 divinarum
3240 4564 3625 4619 Institutionum
3675 4576 3866 4617 limites

2268 4639 2613 4692 consentiunt
2655 4636 2955 4692 Tullianam
2995 4637 3355 4707 elaqnentiam
3387 4633 3727 4707 redolereE
3757 4636 3864 4707 iam

2270 4707 2673 4778 lucubrationes
2699 4709 2868 4763 sancti
2900 4704 3209 4778 Hieronymi
3229 4752 3244 4768 .
3270 4716 3448 4763 tamen
3468 4706 3567 4778 etsi
3596 4704 3639 4759 is
3667 4706 3716 4758 in
3743 4706 3863 4778 epi-

2269 4780 2402 4834 stola
2436 4780 2505 4833 od
2538 4777 2927 4834 Panmtochium
2972 4775 3171 4833 scribat
3219 4776 3663 4833 dissimulandum
3692 4786 3747 4831 et
3777 4775 3865 4830 l‘tt-

2268 4850 2514 4922 giendam
2565 4866 2685 4906 esse
2715 4851 2913 4922 eloquii
2946 4860 3280 4922 venustatem
3311 4849 3363 4922 in
3418 4849 3863 4922 interpretatione

2269 4921 2661 4978 ecclesiastica.
2705 4920 2863 4989 quam
2920 4921 3032 4989 ipse
3081 4921 3266 4975 vitavit
3320 4921 3371 4973 in
3422 4920 3864 4989 interpretatione

2191 5013 2237 5077 ρ
2272 4991 2537 5077 librorum
2563 5009 2732 5077 sacrae
2758 4994 3079 5077 Seriphum,
3112 4991 3393 5077 rhetoricae
3417 5001 3592 5073 tamen
3623 4989 3865 5077 liuscnlis

2273 5063 2468 5130 ubique
2491 5064 2762 5119 abundant
2794 5073 2846 5115 et
2876 5059 3155 5117 ambitiosa
3186 5063 3491 5132 eloquentia
3518 5103 3532 5123 ,
3563 5072 3615 5114 et
3644 5059 3861 5115 illorum

2271 5136 2359 5206 qui
2385 5133 2485 5189 hoc
2506 5138 2770 5191 scribendi
2791 5151 2987 5206 genere
3003 5144 3222 5206 utuntur
3241 5134 3609 5188 defensionem
3627 5132 3866 5206 suscepit

2272 5205 2324 5259 in
2351 5206 2538 5260 eadem
2595 5204 2818 5277 epistola
2849 5206 2917 5259 ad
2966 5205 3231 5277 Magnum.
3282 5206 3361 5260 Ex
3391 5220 3499 5275 quo
3550 5204 3860 5259 neceSSario

2271 5276 3065 5347 consequiturreprehensioni
3116 5278 3378 5332 obnoxios
3424 5290 3546 5329 esse
3609 5286 3862 5329 auctores

2271 5348 2666 5403 ecclesiasticos
2705 5347 2944 5402 melioris
2975 5346 3046 5379 ³⁷⁸⁵
3077 5358 3239 5411 notze,
3271 5348 3314 5402 si
3356 5360 3580 5401 censura
3612 5360 3640 5397 a
3673 5354 3862 5399 sancto

2272 5418 2569 5489 Augustino
2623 5421 2727 5474 lata
2776 5419 3033 5473 adversus
3088 5420 3224 5473 hanc
3280 5418 3545 5489 Cypriani
3576 5416 3860 5489 epistolam

2265 5487 2411 5559 justa
2463 5500 2624 5545 estac
2680 5491 2933 5553 legitima.
2982 5491 3157 5557 Quare
3213 5487 3585 5557 amplectenda
3640 5487 3862 5559 omnino

2270 5556 2400 5615 inihi
2432 5559 2640 5633 videtur
2672 5563 2928 5616 Laetantii
2957 5556 3222 5617 sententia
3244 5556 3334 5633 qui
3388 5560 3517 5633 (lib.
3558 5575 3610 5621 ν.
3639 5559 3807 5628 cap.i
3838 5556 3858 5628 )

2269 5633 2343 5685 ait
2396 5632 2674 5687 scientiam
2724 5633 3021 5688 litterarum
3066 5650 3168 5689 non
3203 5631 3361 5687 modo
3390 5631 3520 5686 nihil
3553 5644 3751 5685 nocere
3778 5644 3863 5684 re-

2269 5702 2451 5774 ligioni
2479 5714 2639 5774 atque
2664 5705 2886 5774 jnstitim
2906 5747 2920 5767 ,
2945 5704 3040 5761 sed
3071 5705 3233 5759 etiam
3281 5709 3535 5773 prodesse
3578 5701 3862 5774 quamplu-

2269 5772 2463 5829 riinum
2504 5772 2567 5830 si'
2595 5777 2639 5830 is
2666 5772 2758 5844 qui
2803 5791 2896 5832 eas
2935 5776 3181 5832 didiCet-it
3210 5772 3291 5830 sit
3322 5775 3607 5829 virtutibus
3655 5772 3859 5844 instru:

2267 5848 2403 5902 ctior
2429 5858 2482 5901 ct
2510 5841 2736 5926 veritaie
2759 5849 3072 5926 sapientior.
3110 5847 3281 5902 Etiam
3329 5847 3373 5900 is
3411 5845 3500 5913 qui
3544 5841 3860 5926 anntrl185

2268 5919 2573 5989 procuravit
2612 5913 2899 5976 editionem
2952 5919 3207 5974 Venetam
3258 5932 3482 5987 opermn
3533 5914 3702 5969 sancti
3749 5913 3861 5971 Cv-
