4222 6288
378 283 482 340 195

1571 287 1703 345 DIVI
1745 287 2060 344 (.‘YPRIANI
2104 289 2436 348 EPISTULA
2476 290 2516 347 1.

3587 294 3692 350 ιθι

376 415 586 464 montes,
621 398 825 454 Donate
866 398 1203 455 charissime.
1235 399 1365 455 Nam
1411 410 1466 455 et
1517 402 1829 472 promisisse
1886 418 1972 456 me
2000 409 2047 468 Α
2080 404 2131 458 in
2168 406 2398 473 quietem
2426 403 2697 458 solemnes
2738 414 2801 458 ac
2849 409 3013 458 statas
3056 398 3183 458 anui
3211 401 3236 441 ιι
3270 400 3566 458 fatiscentis
3607 404 3692 458 iu-

375 491 616 554 memini,
636 501 687 545 et
716 489 973 546 reddendi
1006 491 1376 562 tempestivum
1409 507 1626 562 prorsus
1648 493 1974 564 hoctetnpus

378 594 495 654 est,
548 600 669 639 cum
710 594 761 652 ιι,
821 584 1130 655 indulgente
1177 585 1467 652 vindemia,
1520 588 1727 642 solutus
1766 588 1977 642 animus

2081 496 2265 551 ducias
2308 496 2524 551 Sortitur
2557 507 2602 549 ε.
2637 494 2809 551 Locus
2854 495 3014 551 etiam
3060 510 3180 551 cum
3222 495 3309 551 die
3356 496 3607 551 convenit
3637 505 3696 552 et

2084 588 2384 644 mulcendis
2420 588 2666 644 sensibus
2695 603 2759 642 ac
2786 587 3028 644 fovendis
3053 587 3121 644 ad
3153 588 3306 645 leues
3338 604 3499 645 auras
3545 588 3694 646 blan-

1603 746 1994 804 LECTIONES
2021 746 2439 805 VARIANTES.

443 865 468 926 9
494 862 631 926 Quod
670 866 762 914 Ar.
802 874 917 915 aen.
969 863 1096 916 Bad.
1140 865 1187 914 5.
1216 866 1323 926 Quo
1366 864 1526 916 Lamb.
1554 864 1637 915 Eb.
1666 862 1770 915 Lin.
1800 867 1906 915 Nc.
1933 866 1979 915 1.

378 925 514 986 Spir.
545 925 669 977 Tha.
703 936 832 980 Voss.
884 927 1012 978 Vict.
1038 930 1146 987 Quo
1186 927 1388 977 indultis
1434 928 1693 979 vindemiis
1732 928 1983 980 resolutus

383 991 731 1104 νῗιιςὲΐέωω
752 1053 887 1103 Lam.
914 1054 1038 1103 Ben.
1064 1050 1209 1103 liber.
1235 1051 1336 1103 Lin.
1377 1052 1497 1104 NC.-
1522 1053 1569 1104 1.
1616 1055 1735 1117 Reg.
1760 1056 1901 1104 Voss.
1928 1052 1975 1100 4.

2087 863 2187 915 Sed
2205 860 2348 914 male.
2375 864 2524 914 Ratas
2542 873 2675 916 Iv‘oss.
2712 861 2841 916 Vict.

2150 932 2171 957 α
2201 928 2446 977 Sortiatur
2471 927 2607 978 Lam.
2632 926 2756 979 Bad.
2804 928 2853 977 5.

2150 932 2171 957 ο
2201 928 2446 977 Sortiatur
2471 927 2607 978 Lam.
2632 927 2756 979 Bad.
2804 928 2853 977 5.
2903 927 3044 979 Ebor.
3062 927 3165 979 Lin.
3204 929 3311 981 ΝΟ.
3341 930 3386 981 1.
3409 931 3529 983 Ben.
3555 938 3695 984 F088.

2091 987 2216 1040 Vict.
2250 989 2453 1041 VassJ.
2498 989 2727 1040 Feriatur
2758 988 2881 1039 Thu.

1573 1185 1816 1242 STEPII.
1868 1184 2144 1243 BALUZII
2194 1186 2427 1243 NOTAE.

372 1303 550 1375 priani
600 1304 671 1359 ita
716 1303 948 1370 loquitur
988 1307 1043 1358 in
1083 1302 1397 1373 prmiatione
1444 1318 1538 1358 sua
1574 1320 1588 1357 :
1619 1301 1796 1371 quuo
1844 1305 1978 1358 enim

374 1377 504 1431 satis
544 1376 717 1430 animo
747 1376 881 1443 ferre
907 1392 1224 1447 nequaquam
1265 1392 1469 1447 possum
1490 1376 1822 1429 recentiorum
1850 1392 1978 1445 quo-

374 1447 619 1501 rumdam
666 1463 849 1501 novam
875 1447 1105 1501 Itteresim
1124 1489 1139 1512 ,
1170 1448 1256 1515 qui
1284 1446 1480 1500 nullum
1525 1448 1771 1501 arationis
1798 1448 1977 1515 ﬂorem

374 1528 640 1586 sequentes
666 1528 848 1590 putant
876 1518 1013 1590 quod
1045 1517 1265 1590 expolita
1293 1517 1833 1590 limAataquetractatur
1850 1518 1975 1590 ela-

375 1591 501 1661 quia
526 1591 595 1644 rei
621 1587 783 1661 sacrm
818 1589 1093 1661 admodum
1122 1589 1337 1659 oﬁicere.
1362 1587 1429 1642 Et
1472 1589 1627 1659 paulo
1650 1598 1801 1659 post:
1840 1587 1979 1642 Nam

2160 1304 2373 1358 Donate.
2458 1302 2650 1359 Donati
2702 1318 2895 1360 nomen
2965 1304 3389 1375 vulgatissitnnm
3451 1315 3569 1363 erat
3638 1307 3692 1365 in

2085 1376 2302 1434 Africa.
2329 1384 2387 1429 ut
2434 1376 2596 1430 etiam
2636 1377 2893 1441 scriptum
2934 1387 3017 1430 est
3049 1377 3100 1431 in
3149 1378 3326 1446 capite
3371 1379 3530 1433 tertio
3575 1379 3697 1446 epi-

2081 1447 2235 1500 slol:e
2284 1446 2534 1517 secundm
2585 1447 2754 1500 sancti
2806 1447 3087 1517 Augustini
3120 1449 3189 1501 ad
3235 1447 3494 1503 Eleusium
3523 1493 3535 1505 .
3563 1450 3689 1505 Gla-

2081 1518 2214 1569 rium
2252 1526 2298 1570 et
2328 1512 2543 1571 Felices.
2576 1517 2832 1585 Sequenti
2882 1512 3104 1585 surculo,
3151 1517 3460 1574 Lactantius
3496 1522 3689 1577 librum

2084 1589 2147 1641 de
2185 1587 2435 1643 Mortibus
2468 1587 2858 1642 Persecutorum
2889 1590 3102 1656 scripsit
3149 1589 3213 1643 ad
3250 1591 3513 1646 Donatum
3563 1608 3697 1648 con-

376 1658 426 1714 ἐξ
457 1660 792 1731 eloquentiam
811 1678 917 1715 rem
939 1658 1293 1715 mediantesse
1319 1658 1633 1729 agnoscunt,
1654 1658 1757 1728 qua
1779 1670 1824 1712 et
1845 1672 1980 1714 recte
2010 1667 2057 1726 Β
2087 1658 2346 1714 fossorem
2370 1700 2384 1721 ,
2432 1659 2581 1713 illum
2605 1660 2819 1731 ipsum,
2857 1671 2912 1731 ut
2960 1660 3170 1731 opinari
3201 1662 3321 1716 licet
3346 1703 3361 1728 ,
3392 1663 3476 1718 cui
3503 1662 3701 1720 dicavit

380 1733 460 1786 uti
493 1743 540 1786 et
572 1733 703 1785 male
733 1748 1022 1802 possumus,
1053 1732 1175 1803 quis
1190 1731 1371 1803 mentis
1405 1747 1610 1799 compos
1641 1731 1804 1784 dicere
1829 1732 1980 1785 audet

379 1819 490 1857 non
536 1803 719 1857 debere
764 1804 1015 1873 dogmatis
1068 1802 1353 1873 christiani
1380 1806 1688 1873 professores
1716 1802 1768 1855 in
1808 1802 1984 1873 defen-

380 1874 557 1929 denda
584 1876 793 1930 veritate
818 1890 877 1927 ea
904 1876 977 1928 uti
1003 1890 1106 1942 qua
1137 1873 1191 1927 in
1221 1872 1513 1928 extollendo
1557 1872 1783 1934 falsitate
1812 1872 1984 1927 omnes

383 1946 530 2001 abusi
576 1956 693 2001 sunt
718 1944 929 2016 gentiles
956 1945 981 1997 ?
1011 1945 1083 1999 Ita
1114 1946 1274 2016 etiam
1321 1944 1489 1998 sensit
1505 1943 1751 2016 Joannes
1781 1943 1982 2016 Maldo—

382 2026 546 2071 natus
558 2014 798 2072 scribens
817 2017 881 2069 ad
907 2015 1124 2072 Petrum
1151 2014 1426 2070 Madurum
1455 2014 1593 2070 :Cur
1614 2016 1769 2079 enim,
1790 2015 1980 2080 inquit.

384 2086 622 2143 Christus
648 2104 749 2142 non
782 2086 963 2142 habeat
987 2088 1221 2141 meliores
1265 2096 1492 2140 oratores
1516 2103 1669 2156 quam
1707 2086 1942 2156 diabolus
1959 2089 1985 2142 ?

385 2158 450 2212 In
488 2160 676 2213 eadem
704 2174 916 2229 quoque
951 2159 1243 2229 sententia,
1270 2158 1433 2229 fuisse
1458 2155 1735 2229 Joannem
1766 2155 1984 2213 Sichar-

385 2230 516 2285 dum
550 2230 714 2301 liquet
753 2227 839 2284 exT
863 2230 1173 2301 pruriatione
1197 2227 1316 2301 ejus
1349 2227 1415 2282 ad
1455 2228 1623 2301 libros
1657 2228 1982 2301 Recognitio-

388 2316 515 2354 num
541 2300 709 2356 sancti
761 2298 1075 2356 Clementis.
1102 2299 1261 2354 Extat
1293 2298 1344 2353 in
1385 2299 1653 2354 volumine
1681 2298 1985 2353 Gratianum

386 2370 463 2426 Μ.
498 2373 712 2442 Antonii
764 2371 1036 2442 Majoragii
1084 2372 1257 2425 oratio
1304 2369 1564 2442 adversus
1613 2386 1709 2425 eos
1759 2372 1848 2440 qui
1890 2386 1982 2425 or-

389 2441 587 2497 nandae
629 2444 888 2499 orationis
939 2441 1173 2497 studium
1217 2452 1271 2496 et
1300 2441 1511 2497 dicendi
1542 2442 1862 2511 elegantiam
1906 2443 1981 2495 νίς

390 2524 643 2582 tnpcrant
664 2555 679 2575 .
706 2530 999 2585 eornuzque
1021 2513 1325 2584 opinionem
1346 2522 1508 2585 vocat
1532 2511 1806 2585 ba'resitn.
1842 2513 1982 2568 Pan-

390 2585 478 2640 lus
507 2601 718 2654 quoque
753 2583 1025 2640 Cortcsius
1053 2583 1103 2639 iu
1133 2584 1394 2654 protentio
1422 2583 1540 2638 libri
1570 2586 1651 2639 sui
1694 2585 1985 2639 sententia-

391 2671 515 2710 rum
537 2656 757 2711 damnat
780 2672 873 2711 eos
901 2656 1179 2726 theologos
1207 2656 1303 2726 qui
1334 2654 1633 2726 disserendi
1666 2654 1982 2723 elegantiam

391 2741 425 2781 a
483 2727 751 2797 theologia
799 2725 1107 2796 Sejungunt.
1139 2725 1206 2780 Et
1259 2725 1606 2797 nihilominus
1654 2741 1845 2797 terum
1902 2737 1986 2781 est

390 2797 541 2867 quod
564 2798 640 2851 ait
668 2795 885 2852 sanctus
921 2797 1278 2867 Hieronymus
1306 2797 1356 2849 in
1371 2796 1607 2867 epistola
1626 2796 1689 2849 de
1710 2795 1849 2850 Filia
1867 2812 1986 2866 pro-

390 2866 518 2941 digo
546 2867 611 2941 ad
642 2867 836 2941 Papam
863 2866 1167 2941 Damasum,
1194 2867 1246 2941 i_n
1273 2866 1654 2941 ecclesiasticis
1684 2867 1845 2941 rebus
1874 2883 1984 2941 non

386 2935 570 3010 qtitrri
608 2935 770 2993 verba
816 2939 931 3010 sed
954 2936 1277 3010 sensusmlta
1309 2937 1666 3010 etiamseusit
1705 2935 1989 2992 Faustinus

389 3005 683 3081 épiscotnts
714 3010 765 3064 in
795 3008 1109 3079 prad'atiOue
1137 3008 1255 3081 libri
1301 3008 1365 3061 de
1414 3005 1548 3061 Fide
1598 3017 1781 3081 natura
1810 3010 1987 3081 “Aria-

393 3064 501 3136 isbs
535 3064 643 3134 :ln
670 3064 845 3145 causa,
880 3082 1084 3148 inquit,
1107 3078 1228 3149 ﬁdei
1265 3095 1366 3132 non
1385 3094 1673 3132 sermonum
1703 3079 1987 3134 sublimitas
2012 3064 2060 3127 C

392 3151 705 3220 requirenda
756 3162 828 3207 est
869 3192 885 3217 ,
927 3151 1132 3222 quando
1174 3153 1288 3221 ipsa
1352 3150 1463 3204 sala
1520 3150 1807 3203 testimonia
1855 3150 1994 3221 sufﬁ-

397 3225 558 3277 ciunt.

474 3293 597 3349 l.-—
616 3292 754 3349 Bene
776 3294 1043 3349 admones.
1077 3291 1134 3347 In
1162 3292 1299 3347 libro
1320 3291 1555 3347 Fuxensi
1584 3292 1840 3360 scriptum
1864 3301 1948 3348 est
1977 3309 1990 3347 :

409 3365 540 3420 Vere
585 3367 844 3428 admones,
897 3376 951 3420 et
1006 3367 1057 3419 in
1113 3365 1385 3433 margine.
1442 3364 1547 3417 Alii
1591 3362 1989 3419 dicunt:Bene.

402 3437 555 3492 lianc
581 3452 742 3505 porro
770 3438 1051 3493 lectionem
1081 3450 1204 3490 esse
1244 3434 1557 3505 meliorem,
1592 3443 1788 3503 pra-ter
1806 3444 1993 3490 aucto-

404 3504 614 3564 ritatetn
648 3518 885 3564 veterum
935 3506 1352 3575 exemplarium,
1408 3504 1660 3572 probatur
1705 3506 1864 3561 etiam
1894 3522 1990 3560 au-

403 3588 649 3634 ctorttate
676 3579 853 3634 Ruﬁni
902 3578 954 3631 in
1014 3578 1233 3647 prologo
1281 3576 1627 3630 llomiliarum
1657 3575 1904 3642 Origenis
1938 3581 1992 3631 in

408 3648 685 3716 Numeros,
732 3650 869 3718 apud
901 3648 1188 3705 Henricnm
1224 3647 1487 3718 Valesitnn
1538 3648 1589 3702 in
1642 3649 1995 3702 annotationi-

404 3721 507 3777 bus
526 3722 591 3774 ad
620 3717 895 3776 Historiam
909 3718 1317 3775 Ecclesiasticam
1339 3717 1553 3773 Eusebii
1572 3721 1588 3777 l
1600 3734 1716 3787 pag.
1738 3718 1888 3788 129),
1905 3718 1991 3772 ιιΙιί

405 3792 485 3847 sic
530 3792 794 3846 habt-tur:
830 3791 960 3848 Utar
999 3790 1159 3845 verbis
1202 3792 1321 3856 tibi,
1351 3789 1531 3858 frater,
1561 3789 1691 3843 beati
1732 3791 1990 3858 martyris.

412 3881 432 3915 ι
452 3862 594 3917 Bene
620 3865 885 3929 admones,
904 3862 1099 3917 Donate
1127 3862 1439 3916 charissime.
1465 3859 1602 3914 Nam
1642 3871 1687 3915 et
1706 3861 1995 3928 promisisse

406 3951 490 3989 me
510 3936 767 3989 memini.»
799 3934 861 3988 Et
892 3934 1051 4003 paulo
1081 3943 1205 4005 post
1236 3950 1297 4005 τι
1312 3929 1418 4005 Sed
1441 3932 1713 4005 reddenda:
1733 3932 1992 4001 pollicita-

408 4007 534 4060 tioni
567 4023 667 4061 non
723 4003 1097 4076 tempestivum,
1129 4013 1182 4056 ut
1220 4004 1307 4058 ille
1336 4004 1416 4076 ai_t_
1431 4044 1445 4067 ,
1479 4003 1568 4076 sed
1602 4010 1995 4076 tempestuosum‘

407 4078 554 4148 nobis
587 4088 783 4148 tempus
804 4073 863 4131 ac
885 4077 1143 4130 turbidum
1166 4076 1291 4147 fuit.
1325 4094 1342 4125 ι
1379 4073 1459 4148 Es
1495 4073 1578 4127 his
1612 4075 1822 4148 interim
1856 4075 1992 4129 beati

405 4147 659 4220 Cypriani
687 4144 890 4220 verbis
922 4148 1101 4220 colligi
1160 4144 1315 4220 posse
1365 4144 1575 4198 videtur
1618 4144 1765 4220 illum
1800 4148 1853 4199 in
1896 4148 1995 4199 hac

408 4216 635 4289 epistola
665 4219 994 4288 respondere
1043 4218 1092 4271 ei
1122 4232 1227 4288 qua
1278 4216 1509 4271 Donatus
1537 4231 1658 4289 eum
1698 4217 1995 4289 admonue-

408 4284 493 4345 nn
521 4292 593 4345 uti
644 4284 922 4361 promissis
964 4304 1049 4361 ac,
1082 4284 1301 4359 recepto
1345 4302 1443 4361 suo
1495 4284 1848 4361 satisfaceret.
1878 4285 1993 4361 Non

408 4360 534 4416 inde
579 4357 755 4417 tamen
799 4360 975 4431 colligi
1021 4360 1181 4415 debet
1207 4357 1509 4429 epistolium
1550 4357 1692 4431 quod
1726 4358 1994 4431 l’aruelius

408 4433 613 4514 invenit
645 4434 697 4516 in
726 4436 910 4515 codice
929 4428 1356 4516 Cumberonensi
1382 4428 1671 4516 ,ouodtlrttc
1718 4444 1816 4510 nos
1848 4430 1992 4516 inv‘e-
2019 4455 2073 4516 D

411 4503 588 4559 nimus
625 4504 788 4560 etiam
832 4507 883 4558 in
929 4503 1097 4560 veteri
1143 4503 1280 4557 libro
1327 4502 1414 4570 qui
1445 4499 1553 4554 fuit
1598 4499 1869 4554 Francisci
1909 4499 1998 4554 Pi-

412 4574 567 4640 tbmi,
592 4576 735 4642 inde,
762 4576 998 4644 inquam,
1022 4573 1197 4643 eulligi
1220 4587 1325 4626 non
1347 4570 1814 4644 debetcpistolimn
1847 4571 1994 4644 il=ud,

412 4647 651 4717 in.cnjus
679 4640 853 4701 fronte
886 4649 1114 4716 positum
1140 4640 1440 4717 estnomen
1477 4640 1661 4696 Donati
1684 4644 1748 4696 ad
1775 4640 1999 4714 Cypria—

412 4714 898 4779 nnm'scribentis.
936 4732 1055 4773 esse
1107 4714 1523 4770 admonitionem
1568 4729 1672 4783 qna
1725 4724 1998 4783 permotus

412 4788 710 4860 Cyprianus
733 4789 871 4843 hanc
893 4788 1168 4860 epistolam
1197 4787 1260 4860 ad
1292 4801 1411 4860 eum
1440 4784 1600 4860 dedit.
1633 4783 1755 4860 Non
1785 4784 1999 4839 dubita-

414 4854 510 4915 bat
561 4861 826 4915 Pamelins
873 4854 997 4926 quin
1065 4859 1330 4927 legitiums
1389 4856 1574 4909 Donati
1626 4854 1789 4927 ftetns
1831 4864 1993 4922 esset,

413 4945 641 5002 eamque
678 4932 997 4987 sententiam
1049 4926 1201 4984 faeile
1245 4927 1522 5002 amplexus
1573 4937 1655 4981 est
1705 4926 2002 5002 illustrissi-

417 4998 858 5058 mus'cardinalts
890 5002 1149 5056 Baronius
1195 5002 1245 5054 in
1286 4998 1569 5053 Annalibus
1624 4998 1996 5052 ecclesiasticis.

414 5074 520 5129 Alii
549 5074 678 5129 illud
703 5083 760 5129 ut
787 5072 1025 5138 spurimn
1056 5072 1376 5143 reiecerunt,
1401 5085 1629 5143 quorum
1650 5068 1999 5143 egoopinioni

414 5146 663 5201 lubenter
702 5145 923 5199 accedo.
956 5146 1021 5199 Et
1057 5139 1233 5197 tamen
1281 5143 1515 5196 arbitror
1548 5141 1686 5204 istic,
1724 5140 1796 5193 uti
1826 5139 2001 5194 fecere

414 5216 683 5287 Rigaltius
721 5228 775 5272 et
801 5216 1086 5287 episcopus
1121 5215 1474 5287 Oxonieusis,
1508 5226 1629 5287 e_s~e
1662 5209 1997 5287 ponendum,

415 5282 670 5358 ne'quam
709 5282 853 5341 mihi
868 5282 1246 5358 negligentiam
1275 5285 1516 5340 curiosus
1533 5282 1700 5338 lector
1739 5282 2001 5353 imputare

414 5361 605 5433 possit.
628 5358 718 5415 Sic
742 5373 871 5433 ergo
911 5359 1071 5413 habet
1096 5376 1110 5433 ς

490 5430 723 5486 Donatus
760 5424 1042 5502 (Igpriana.
1084 5429 1246 5502 Credo
1288 5440 1335 5484 te
1378 5426 1592 5502 retinere
1624 5468 1637 5490 ,
1687 5424 2002 5502 sanctissime

417 5502 703 5575 Cypriane,
748 5497 861 5575 qua:
896 5501 1038 5557 nobis
1067 5500 1217 5575 fuerit
1260 5500 1410 5575 apud
1436 5508 1678 5575 oratores
1703 5497 1997 5575 garrulitas,

420 5567 549 5630 unus
591 5567 789 5633 sensui.
831 5590 932 5629 una
964 5567 1222 5644 cogitatio,
1252 5567 1514 5644 individua
1560 5567 1782 5624 dilectio.
1834 5567 2003 5634 Quare

420 5661 522 5700 non
544 5656 590 5700 et
617 5646 669 5700 in
694 5646 866 5700 divina
891 5646 1100 5701 lectione
1127 5645 1199 5695 ita
1230 5643 1413 5696 animis
1437 5643 1755 5703 roborantur,
1779 5650 1867 5691 aut
1901 5655 2002 5692 non

418 5734 481 5771 ea
501 5717 867 5789 sempergnabis
900 5716 998 5789 fuit
1026 5714 1286 5788 cogitatio,
1318 5713 1447 5767 sicut
1488 5713 1920 5783 pramittebamus,
1947 5720 2001 5763 ut

417 5788 574 5847 simul
598 5787 913 5843 crederemus
935 5787 960 5842 ?

2088 1732 2247 1785 etiam
2276 1731 2473 1785 librum
2504 1731 2567 1784 dc
2596 1728 2688 1784 Ira
2718 1728 2834 1784 Dei.
2871 1728 3059 1786 Persio
3104 1732 3249 1787 enim
3298 1732 3351 1787 in
3383 1748 3445 1787 ea
3479 1743 3700 1790 senten-

2091 1802 2161 1855 tia
2190 1816 2350 1870 quam
2395 1800 2628 1869 prompsi
2661 1817 2782 1855 cum
2836 1801 3057 1857 ederem
3086 1802 3280 1857 librum
3335 1803 3399 1857 de
3444 1804 3698 1862 Mortibus

2092 1870 2502 1926 Persecutorum.
2537 1872 2663 1925 Scio
2694 1873 2866 1927 virum
2896 1872 3163 1942 optimum
3193 1884 3245 1928 et
3276 1875 3407 1929 mihi
3446 1891 3699 1933 reveren-

2086 1946 2212 1997 dum
2267 1943 2541 1997 Nicolaum
2577 1945 2654 1998 Le
2683 1942 2894 2015 Nourry
2932 1944 3088 2015 aliter
3133 1945 3392 2012 sensisse,
3418 1955 3474 2002 et
3521 1948 3699 2002 nona-

2088 2022 2198 2086 ttnn
2229 2015 2312 2069 cui
2341 2014 2628 2082 inscriptus
2660 2024 2743 2069 est
2774 2013 2909 2069 liber
2934 2014 2997 2069 de
3023 2013 3114 2068 Ira
3147 2015 3236 2070 Dei
3265 2025 3482 2086 putasse
3526 2016 3694 2077 fuisse

2087 2085 2358 2140 diversum
2407 2086 2475 2138 ab
2519 2102 2585 2140 eo
2611 2086 2766 2146 (alius
2799 2101 2992 2140 nomen
3045 2094 3191 2141 extat
3235 2088 3287 2141 in
3335 2088 3489 2144 initio
3518 2089 3638 2145 libri
3667 2106 3699 2146 a

2089 2171 2177 2211 me
2220 2156 2368 2213 editi.
2392 2155 2642 2212 Diversos
2671 2167 2852 2211 autem
2887 2156 3050 2213 fuisse
3075 2156 3199 2212 hinc
3234 2173 3292 2214 se
3334 2159 3568 2225 probare
3596 2176 3698 2225 pu—

2090 2227 2222 2281 tavit
2251 2227 2335 2281 vir
2358 2229 2595 2295 optimus
2624 2227 2764 2294 quod
2812 2242 2878 2282 ex
2904 2227 3041 2283 libro
3071 2228 3135 2282 de
3164 2227 3251 2282 Ira
3300 2227 3395 2283 Dei
3440 2227 3698 2288 manifes-

2089 2307 2200 2352 tum
2225 2298 2297 2351 sit
2331 2299 2593 2353 Donatum
2624 2298 2708 2353 cui
2736 2297 2945 2353 dicatus
2976 2308 3059 2355 est
3105 2297 3271 2354 fuisse
3303 2312 3549 2356 recenter
3568 2318 3701 2358 con-

2089 2384 2304 2424 versum
2327 2368 2391 2424 ad
2416 2369 2733 2439 religionem
2761 2368 2994 2435 Christi,
3025 2371 3165 2438 quod
3202 2370 3271 2427 de
3300 2371 3405 2427 alio
3452 2372 3557 2428 dici
3590 2391 3696 2431 non

2090 2455 2251 2509 posse
2273 2440 2366 2493 ait.
2407 2440 2620 2495 Erravit
2665 2442 2720 2494 in
2772 2440 2990 2495 nomine
3016 2442 3097 2495 vir
3119 2443 3470 2498 clarissimus.
3500 2443 3701 2500 Trans-

2088 2512 2211 2566 tulit
2258 2511 2323 2564 atl
2373 2512 2635 2566 Donatum
2661 2528 2723 2566 ea
2763 2527 2884 2581 qtae
2936 2512 3274 2580 pertinebant
3302 2513 3367 2568 ad
3400 2514 3699 2571 Demetria-

2092 2599 2218 2636 num
2242 2624 2256 2646 ,
2286 2583 2370 2658 cui
2410 2583 2618 2658 dicatus
2643 2593 2731 2637 est
2773 2583 2909 2658 liber
2959 2581 3295 2658 de__0pi/i_cio
3340 2583 3433 2640 Dei
3453 2627 3469 2650 ,
3500 2604 3563 2642 ex
3592 2603 3700 2658 quo

2088 2662 2299 2709 constat
2333 2653 2731 2709 Demetrianum
2766 2654 2952 2707 rudem
2979 2652 3155 2709 adhuc
3192 2654 3359 2711 fuisse
3390 2652 3696 2714 nostrorum

2090 2725 2485 2815 mysteriorum.
2503 2724 2674 2815 έ--δτι
2697 2723 2931 2815 Δυοῐίιιιιιε.
2957 2723 3014 2815 Ιιι
3033 2726 3219 2782 codice
3233 2729 3411 2815 sancti
3436 2731 3697 2815 arnulplti

2090 2795 2343 2917 getensis
2355 2797 2614 2866 scriptum
2634 2805 2718 2851 est
2743 2814 2756 2850 :
2775 2795 2911 2851 Bene
2928 2796 3192 2864 admones,
3225 2802 3385 2868 frater
3402 2795 3700 2858 charissima

2145 2878 2311 2917 anule.

2145 2878 2311 2920 onate.

2163 2934 2471 3012 Indulgente
2494 2937 2771 3012 vindemia.
2831 2937 3113 3012 Eunodins
3132 2939 3273 3012 λιιι).
3297 2956 3373 3005 Ix,
3425 2944 3584 3012 epist.
3612 2943 3649 2998 2
3679 2962 3698 3003 :

2093 3006 2336 3082 Sit_in_ter
2358 3024 2449 3061 nos
2478 3009 2701 3078 felicium
2728 3010 3096 3082 vindemiarum
3125 3009 3233 3082 uice
3271 3006 3598 3082 colloquium.

2167 3076 2435 3132 Solentnes
2476 3076 2538 3132 ac
2569 3090 2746 3133 statas.
2784 3081 3003 3135 Multum
3046 3080 3252 3134 variant
3307 3083 3358 3135 in
3416 3076 3537 3139 'huc
3581 3085 3701 3142 loco

2101 3148 2222 3203 libri
2254 3158 2486 3204 veteres.
2515 3149 2740 3218 Quidam
2779 3151 2922 3206 enim
2953 3151 3150 3205 habent
3174 3159 3391 3207 statutas
3422 3170 3517 3218 pro
3537 3168 3698 3219 ratas.

2098 3220 2186 3273 alii
2217 3230 2357 3273 ratas
2381 3229 2634 3288 tutasque,
2666 3222 2750 3277 vel
2783 3232 2923 3276 ratas
2951 3230 3175 3276 tantum.
3208 3221 3356 3278 Unus
3386 3240 3514 3280 vero
3540 3227 3700 3285 habet

2099 3290 2439 3370 solemnes_ac
2466 3301 2613 3370 ratas
2633 3332 2647 3349 .
2683 3301 2750 3370 et_
2777 3308 2935 3362 supra
2968 3293 3282 3370 lineamﬂvel
3308 3306 3543 3370 statutas.
3588 3298 3701 3370 Ego

2100 3361 2329 3438 przl'l'et't)
2356 3361 2641 3438 lectionem
2663 3361 2950 3438 vulgatam,
2973 3379 3092 3438 quae
3113 3363 3240 3438 mihi
3267 3366 3481 3438 videtur
3497 3361 3698 3438 optima

2098 3442 2153 3488 et
2189 3432 2506 3487 certissima.
2557 3432 2690 3488 Nam
2729 3432 2919 3489 Cicero
2961 3435 3093 3490 dixit
3132 3435 3324 3490 alit-ubi
3379 3432 3604 3495 solemne
3653 3453 3700 3498 et

2097 3513 2287 3580 statum
2312 3504 2622 3580 sacri/icium
2678 3504 2734 3580 In
2768 3505 2887 3575 lege
2910 3521 2967 3580 tu
2997 3504 3130 3580 Cod.
3163 3508 3228 3580 de
3261 3507 3586 3580 Dilatianib.,
3617 3513 3695 3569 leo

2096 3576 2239 3645 gitur
2264 3592 2276 3628 :
2305 3574 2474 3648 Feria:
2484 3577 2700 3648 suntque!
2725 3574 3000 3648 repentium
3024 3578 3102 3631 vel
3125 3579 3392 3634 solemnes.
3416 3574 3699 3641 Solemnes

2098 3644 2274 3700 autem
2296 3644 2663 3716 jurisconsulti
2683 3644 2913 3702 cas'esse
2930 3649 3078 3702 aiunt
3096 3664 3219 3716 quae
3238 3661 3363 3705 sunt
3379 3652 3699 3710 anniversa-

2098 3663 2274 3700 autcm
2322 3663 2663 3701 urtsconsutu
2683 3663 2775 3700 cas
2792 3663 2913 3702 esse
2930 3663 3078 3702 aiunt
3096 3664 3219 3716 quae
3238 3663 3363 3705 sunt
3379 3666 3699 3710 anniversa-

2098 3716 2191 3771 ria:
2208 3733 2271 3789 ac
2296 3663 2571 3787 tegimine.
2594 3716 2754 3772 Recte
2782 3719 2941 3788 igitur
2968 3718 3264 3789 Cyprianus
3289 3720 3435 3777 dixit
3461 3722 3700 3781 inducias

2096 3789 2211 3864 sive
2204 3788 2384 3864 ferias
2400 3788 2669 3864 solemnes
2683 3804 2746 3842 ac
2767 3798 2956 3853 statas,
2974 3788 3108 3864 quas
3123 3789 3242 3864 ideo
3257 3799 3424 3846 statas
3442 3795 3699 3864 appellari

2097 3860 2172 3929 ait
2202 3856 2395 3913 Festus
2413 3859 2536 3928 quia
2557 3868 2706 3912 certo
2728 3856 3032 3929 statutoqu'e
3058 3859 3147 3915 die
3161 3856 3526 3919 observantur
3566 3866 3699 3923 Vide

2098 3928 2423 3983 Macrohinm
2468 3929 2559 3982 lib.
2600 3945 2617 3982 ι
2659 3928 2902 3996 Saturn.,
2948 3928 3108 3996 caput
3146 3931 3233 3997 16,
3260 3944 3314 3988 et
3344 3932 3589 3993 Juretum
3629 3939 3700 3993 ad

2099 3999 2465 4077 §ymmachum
2485 4039 2501 4062 ,
2534 3999 2627 4077 lib.
2682 4015 2761 4068 ιιι,
2792 4002 2954 4072 epist.
2980 4000 3083 4069 21,
3121 4003 3187 4058 ad
3228 4004 3375 4061 illum
3414 4010 3620 4077 locum,
3650 4024 3699 4065 et

2099 4070 2341 4140 feriarum
2368 4071 2613 4139 reliquia'.

2172 4139 2340 4196 Lacus
2371 4142 2543 4197 etiam.
2572 4141 2762 4198 Cicero
2810 4143 2862 4198 in
2903 4142 3038 4200 libro
3066 4146 3129 4200 de
3158 4147 3312 4204 claris
3357 4148 3655 4209 Oratoribus
3680 4172 3699 4210 :

2101 4210 2228 4276 Sed,
2248 4229 2348 4282 qua
2363 4214 2566 4291 [acilius
2585 4231 2769 4291 sermo
2781 4216 3084 4291 explicetur.
3100 4290 3103 4291 ν
3118 4218 3344 4277 sedentes
3364 4264 3378 4285 ,
3408 4224 3452 4277 si
3481 4224 3696 4291 videtur,

2098 4284 2675 4366 agamus.ﬁl.'nm.idem
2715 4284 3000 4366 placuisset
3031 4289 3133 4343 illis
3147 4299 3301 4366 ,__t_um
3341 4293 3394 4346 in
3425 4284 3696 4366 propatulo

2100 4367 2304 4432 praptcr
2320 4354 2556 4432 Platonis
2570 4365 2807 4432 statuam_
2797 4360 3129 4432 consedimus.
3151 4354 3531 4432 Hieronymus,
3553 4365 3643 4420 lib.
3661 4383 3696 4421 ιι

2099 4426 2164 4501 ad
2174 4441 2357 4501 versus
2375 4426 2715 4501 Jt_n'itti:mntn
2738 4428 3026 4501 {Platonici
3037 4448 3233 4501 quoque
3244 4441 3292 4487 et
3309 4426 3471 4487 Sioici
3493 4426 3547 4487 in
3573 4444 3697 4491 tent-

2102 4499 2303 4568 plorum
2334 4496 2457 4552 locis
2486 4508 2532 4552 ct
2562 4500 2836 4562 porticibus
2863 4496 3209 4555 versabantur.
3236 4502 3484 4560 Rusticus
3513 4505 3696 4562 diaco-

2102 4582 2204 4624 nus
2235 4571 2284 4643 in
2318 4568 2627 4643 praefatimte
2655 4570 2846 4643 dialogi
2864 4572 3127 4643 adversus
3155 4573 3452 4643 Acephalus
3482 4592 3496 4629 :
3522 4577 3695 4634 Silen-

2102 4643 2224 4692 tium
2257 4639 2356 4693 laci
2379 4650 2425 4693 et
2455 4642 2693 4710 temporis
2718 4639 3045 4696 commoditas
3068 4653 3115 4696 et
3145 4639 3413 4699 commune
3451 4650 3698 4703 constitu-

2103 4721 2207 4792 tum
2234 4721 2284 4836 ῗε
2310 4710 2376 4765 ab
2405 4712 2520 4766 aliis
2540 4712 2686 4766 rebus
2712 4713 2855 4781 ferite
2878 4712 3136 4767 nobiscum
3164 4715 3364 4771 interim
3390 4731 3697 4775 concurrunt

2103 4798 2228 4835 simu
2261 4824 2269 4833 .

2101 4798 2250 4835 ειηιιιι
2261 4824 2269 4833 .

2176 4854 2509 4933 lt‘atiscentis_
2625 4853 2879 4933 est__l'essi
2911 4862 2976 4933 _et
3002 4853 3264 4933 labentis,
3310 4870 3365 4913 ut
3409 4862 3547 4933 apud
3579 4863 3698 4920 Vir-

2100 4924 2286 5003 gilium
2325 4936 2378 4979 ct
2416 4926 2690 5003 Uvidiumi
2723 4924 2869 5003 Hanc
2911 4925 3376 5003 |_cctionctn,_qu:e
3417 4924 3615 5003 optima
3643 4945 3699 4992 ct

2105 4995 2378 5050 verissima
2408 5006 2512 5062 est,
2544 5010 2649 5050 non
2679 4995 2856 5052 inveni
2884 4997 2984 5051 nisi
3015 4998 3067 5052 in
3094 5014 3200 5054 uno
3229 4995 3365 5057 libro
3387 4995 3510 5059 meo
3527 5007 3696 5063 veteri

2102 5066 2325 5148 optimo.
2360 5066 2576 5148 _Reliqui
2604 5081 2792 5148 omnes
2816 5077 3084 5148 et_otnnes
3105 5071 3370 5148 editiones
3396 5074 3592 5148 habent
3616 5079 3699 5148 fu-

2103 5139 2327 5212 tigantis.
2357 5136 2658 5212 Lucretius,
2695 5139 2829 5193 libro
2856 5137 2945 5202 Ill,
2976 5141 3200 5208 loquens
3238 5143 3306 5200 de
3334 5145 3532 5212 anima,
3572 5136 3697 5206 cum

2103 5208 2327 5335 dartlisset
2354 5224 2471 5264 eam
2497 5223 2595 5264 ceu
2625 5211 2824 5265 fumant
2856 5211 3074 5267 dissolvi
3106 5216 3155 5269 in
3178 5215 3315 5272 altas
3342 5218 3483 5275 aeris
3512 5208 3693 5289 auras,

2103 5295 2129 5334 a
2212 5295 2225 5333 ι
2255 5320 2270 5335 .
3586 5315 3604 5327 υ

2102 5295 2270 5344 aautt,
3586 5315 3604 5327 .

2413 5403 2570 5454 Simul
2593 5415 2699 5455 tevo
2722 5402 2852 5455 fessa
2872 5402 3070 5457 fatiscit.

2103 5510 2171 5566 Et
2193 5509 2284 5566 lib.
2315 5527 2347 5565 v
2367 5511 2497 5566 dicit
2519 5511 2698 5566 omnia
2738 5510 2875 5566 vinci
2897 5512 2965 5567 ab
2984 5527 3125 5580 arvo,
3150 5514 3311 5573 etiam
3333 5531 3458 5575 saxa
3484 5530 3538 5577 et
3558 5522 3693 5580 altas

2106 5593 2300 5650 turres,

2229 5692 2291 5743 Et
2309 5692 2515 5745 delubra
2536 5694 2686 5746 deum
2710 5695 3066 5763 simulacraque
3090 5700 3221 5753 fessa
3242 5701 3416 5755 fatisci.

2104 5780 2342 5841 Similem
2373 5794 2611 5838 errorem
2630 5785 2683 5839 in
2708 5784 2840 5838 Actis
2869 5796 3166 5846 sanctarum
3186 5799 3467 5866 martyrum
3500 5792 3693 5868 Perpe.
