4222 6288
360 297 473 359 903

1769 306 2136 371 ESPISTOLA
2176 312 2262 387 1..

3562 320 3671 384 206

361 416 486 522 inde
527 429 704 474 rerum
758 418 893 522 intra
926 426 976 479 te
1000 420 1289 494 iacentium
1339 421 1531 490 lacies;
1577 431 1666 490 et.
1700 428 1868 485 oculis
1900 431 1950 486 in
1979 437 2033 494 Α
2058 447 2150 489 ora
2203 442 2515 505 convertas,
2573 436 2937 498 celebritatem
2977 440 3217 500 oll'cades
3261 444 3411 501 omni
3462 446 3654 522 solitu-

361 511 571 567 divcrsa
626 513 910 581 porrectis,
946 516 1059 585 ipse
1088 531 1116 571 a
1166 517 1394 573 terrenis
1443 520 1780 576 contactibus
1825 522 1960 579 liber

361 604 668 660 ﬂuctuantis
695 606 880 661 mundi
924 608 1162 664 turbines
1222 609 1429 666 intuere
1465 629 1477 665 :
1522 612 1629 679 jam
1675 615 1856 669 smculi
1908 622 1962 671 ct

361 697 474 768 ipse
513 698 859 754 misereberis
913 700 1093 773 tuique
1133 701 1436 758 admonitus
1479 713 1531 759 et
1558 705 1677 775 plus
1708 711 1759 762 in
1790 708 1957 764 Deum

362 798 565 860 gratus,
618 790 826 862 majore
875 792 1055 848 laetitia
1086 793 1228 864 quod
1282 796 1519 851 evaseris
1576 797 1957 868 gratulabcris.

355 882 529 939 Cerne
574 894 630 939 tu
676 893 704 921 ιι
747 883 941 941 itinera
1009 886 1307 944 latronibus
1360 888 1578 955 clausa,
1626 891 1795 947 maria
1861 892 1957 949 ob-

354 988 505 1031 sessa
538 976 906 1046 prtedonibus,
953 987 1176 1035 cruento
1205 980 1431 1036 horrore
1477 988 1778 1038 castrorum
1820 982 1962 1040 bella

353 1067 555 1139 nbique
609 1067 783 1125 divisa
840 1068 892 1123 ι’.
941 1069 1119 1127 Madet
1165 1070 1318 1127 orbis
1353 1078 1540 1129 mutuo
1564 1074 1856 1146 sanguine;
1906 1083 1962 1133 et

353 1160 705 1219 homicidium
735 1206 752 1231 ,
803 1178 924 1221 cum
980 1163 1267 1221 admittunt
1312 1164 1510 1236 singuli
1544 1207 1561 1236 ,
1603 1167 1807 1223 crimen
1845 1176 1959 1238 est,

349 1256 525 1311 virtus
565 1263 788 1312 vocatur
846 1271 969 1313 cum
1021 1257 1233 1327 publice
1311 1257 1533 1328 geritur.
1587 1258 1961 1330 Impunitatem

351 1350 652 1409 sceleribus
690 1352 957 1424 acquirit,
986 1367 1092 1409 non
1138 1352 1462 1410 innocentia:
1496 1353 1635 1411 ratio
1666 1397 1680 1424 ,
1706 1353 1801 1412 sed
1856 1371 1963 1414 sa:-

349 1444 501 1500 vitize
520 1456 543 1484 ο
568 1446 901 1517 magnitudo.

426 1537 546 1597 VII.
572 1539 713 1610 Jam,
758 1540 803 1597 si
844 1540 914 1598 ad
954 1540 1112 1600 urbes
1161 1539 1310 1614 ipsas
1358 1538 1545 1601 oculos
1582 1539 1610 1580 ἀ
1651 1550 1773 1601 tuos
1796 1552 1959 1617 atque

2063 524 2188 579 dine
2234 527 2545 585 tristiorem.
2599 530 2824 588 Paratur
2875 533 3224 606 gladiatorius
3268 537 3461 605 ludus,
3506 546 3567 594 ut
3593 539 3665 594 li-

2065 618 2299 675 bidinem
2352 622 2651 679 crudelium
2697 626 2955 682 luminmn
3003 629 3511 699 sanguis‘oblectet.
3562 631 3668 687 Im-

2064 712 2240 781 pletur
2322 713 2373 768 in
2449 730 2666 771 succum
2718 728 2741 755 °
2783 720 2918 776 cibis
2989 720 3297 778 fortioribus
3344 738 3558 795 corpus,
3613 729 3673 780 et

2064 805 2263 861 arvince
2301 809 2431 863 toris
2477 810 2843 867 membrorum
2900 813 2919 851 ί
2975 815 3143 871 moles
3182 816 3397 872 robusta
3425 817 3672 888 pingues-

2068 897 2169 964 cit,
2222 909 2279 953 ut
2330 901 2601 972 saginatus
2657 904 2709 959 in
2753 920 2967 977 poenam
2999 906 3213 965 cliarius
3244 919 3448 981 pereat.
3491 904 3668 967 Homo

2066 992 2327 1049 occiditur
2397 997 2447 1050 in
2499 997 2730 1055 hominis
2771 1002 3126 1072 voluptatem;
3198 1016 3251 1059 et
3301 1013 3357 1060 ut
3398 1004 3516 1074 quis
3543 1020 3671 1075 pos-

2064 1084 2135 1139 sit
2179 1086 2428 1144 occidcre
2473 1090 2661 1160 peritia
2707 1101 2821 1162 est,
2869 1110 2998 1149 usus
3034 1105 3145 1162 est,
3184 1113 3284 1154 ars
3328 1106 3431 1153 est.
3477 1096 3669 1155 Scelus

2065 1191 2174 1232 non
2224 1187 2431 1237 tantum
2483 1184 2717 1253 geritur,
2771 1185 2869 1242 sed
2898 1194 2952 1243 et
3003 1187 3244 1245 docetur.
3295 1188 3434 1257 Quid
3487 1196 3667 1261 potest

2064 1269 2441 1343 inhumanius,
2494 1276 2620 1347 quid
2672 1278 2917 1335 acerbius
2955 1279 3096 1335 dici?
3138 1280 3429 1351 Disciplina
3473 1290 3557 1337 est
3602 1289 3665 1338 ut

2066 1363 2334 1433 perimere
2359 1367 2479 1438 quis
2505 1369 2707 1440 possit,
2737 1378 2793 1427 et
2821 1372 2992 1443 gloria
3029 1381 3114 1429 est
3154 1372 3297 1444 quod
3342 1374 3557 1444 perimit
3609 1384 3665 1431 ε.

2065 1454 2205 1524 Quid
2239 1457 2405 1528 illud,
2444 1474 2545 1517 oro
2587 1470 2676 1529 te,
2711 1463 2872 1534 quale
2915 1472 2999 1521 est
3024 1464 3116 1521 ubi
3144 1481 3205 1522 se
3246 1464 3373 1522 ieris
3404 1465 3667 1537 objiciunt

2062 1564 2200 1621 quos
2223 1568 2384 1610 nemo
2411 1554 2702 1624 damnavit,
2749 1566 2908 1615 aetate
2958 1559 3201 1633 integra,
3264 1560 3491 1617 honesta
3531 1559 3666 1619 satis

1604 1656 1992 1721 LECTIONES
2029 1661 2449 1726 VARIANTES.

419 1773 449 1807 α
483 1773 672 1827 Cernes
694 1777 748 1826 tu
772 1772 867 1825 Ar.
899 1776 1041 1826 Pem.

416 1836 445 1875 ὶι
466 1836 657 1889 Diﬂ'usa
678 1839 769 1888 Ar.
789 1838 927 1889 Lam.
951 1836 1093 1889 Ebar.
1120 1846 1239 1889 Ben.

413 1903 436 1933 ο
463 1900 581 1951 Vitii
604 1900 712 1951 Litt.

417 1963 446 2003 «ι
464 1964 540 2012 Ad
563 1965 716 2014 urbes
738 1962 905 2014 oculos
922 1962 1043 2015 120d.
1071 1962 1119 2013 1.

414 2029 441 2059 θ
465 2025 659 2077 Siccam
687 2025 826 2091 Spir.
850 2036 987 2079 ch.

1979 1758 2031 1821 Β
2070 1779 2143 1853 __f
2168 1782 2248 1853 ᾼᾶ
2270 1787 2476 1853 _rui_nam
2514 1790 2735 1853 corporis
2770 1789 3125 1853 membrorum
3166 1799 3283 1853 Ben.
3309 1789 3444 1842 Lam.
3508 1789 3656 1843 Ebor.

2062 1846 2216 1960 gr
2261 1849 2309 1898 1.
2355 1848 2422 1901 Et
2452 1846 2635 1904 arvina:
2679 1852 2807 1905 roris
2860 1853 2995 1920 Spir.
3040 1856 3175 1906 Rern.
3225 1852 3424 1908 Assidui
3470 1857 3656 1908 nidoris

2129 1973 2157 2015 ε
2194 1972 2418 2028 Peremlt
2437 1975 2578 2031 Foss.

1611 2112 1856 2173 STEPH.
1883 2114 2158 2180 BALUZII
2182 2125 2415 2187 NOTAE.

345 2230 587 2300 etregnis
607 2244 763 2300 regna
777 2228 974 2283 collisa.
1002 2224 1493 2300 Mattlnnusllossus
1532 2225 1625 2282 lib.
1659 2243 1697 2294 ι,
1720 2228 1887 2299 Epist.
1916 2248 1934 2287 ι

343 2299 416 2371 ad
446 2298 748 2371 Philippum
774 2300 1144 2371 Parmenscm;
1187 2300 1237 2371 in
1267 2314 1369 2369 qua
1392 2298 1624 2368 disputat
1654 2300 1721 2355 de
1748 2298 1931 2358 mundi

342 2368 469 2440 fuga
499 2368 661 2443 atque
697 2379 1041 2442 contemptu:
1086 2368 1236 2436 Quod
1265 2368 1319 2422 tu
1351 2386 1547 2443 quoque
1570 2380 1624 2424 ut
1653 2371 1795 2442 plene
1815 2389 1933 2443 per-

342 2443 540 2515 cipias,
580 2460 612 2497 a
654 2443 847 2515 cteteris
876 2444 1105 2498 animum
1133 2458 1222 2496 oro
1262 2457 1535 2513 parumper
1579 2452 1745 2496 averte
1786 2455 1935 2515 atque

343 2513 505 2567 veluti
549 2515 603 2569 in
648 2514 851 2570 sublimi
896 2515 1101 2585 specula
1132 2530 1261 2583 pone
1287 2524 1437 2585 atque
1482 2514 1754 2579 constitue,
1800 2513 1936 2570 unde

341 2599 451 2656 uno
477 2595 665 2656 spectes
691 2595 736 2641 et
762 2584 939 2640 cernas
981 2586 1167 2639 intuitu
1222 2601 1334 2654 quas
1385 2584 1621 2639 deorsum
1675 2586 1758 2656 hic
1800 2586 1931 2640 inter

342 2655 577 2728 homines
617 2657 907 2712 miseranda
933 2665 982 2711 et
1024 2665 1177 2728 tetra_
1201 2666 1462 2728 geruntur.
1496 2656 1604 2728 iSic
1643 2655 1935 2714 Mercurius

340 2727 490 2797 apud
514 2728 805 2783 Lucianum
833 2729 886 2783 in
912 2725 1397 2797 contemplantibus
1426 2727 1611 2782 volens
1648 2728 1934 2785 ostendere

337 2796 603 2854 Cbaronti
633 2814 696 2853 ea
722 2813 840 2869 qua:
876 2798 929 2853 in
955 2798 1097 2869 orbe,
1129 2796 1392 2869 terrarum
1435 2797 1665 2869 ﬁebant,
1705 2813 1829 2854 eum
1878 2801 1936 2855 in

336 2870 622 2924 excelsum
644 2867 879 2924 montem
908 2868 1187 2925 arboribus
1206 2868 1431 2925 densum
1451 2867 1697 2937 deducit,
1724 2878 1783 2924 ut
1806 2869 1934 2927 inde

335 2940 530 3011 omnia
557 2940 738 2995 videre
769 2940 961 3011 possit.

420 3008 908 3066 Homicidianicum
924 3010 1217 3067 admittunt.
1234 3009 1439 3068 Seneca
1463 3026 1478 3066 :
1498 3008 1583 3066 Ea:
1604 3019 1935 3068 senatuscon-

338 3055 507 3155 sul-tis
527 3055 1478 3155 ρὶὲὶὶἓὲᾶὲὶὲ”ε”ἑὲί’ίῖ”έὲὖὶι”’ὲέἑεῗὲὲὶᾶἶι“ἓζ
1498 3055 1581 3137 ’ἓῖ
1604 3055 1937 3155 ﬁliai};
1962 3055 2009 3122 Ο

339 3152 535 3208 bentur‘
554 3152 711 3227 vetita
734 3155 989 3226 privatim.
1036 3155 1091 3209 In
1130 3154 1391 3227 comoedia
1421 3152 1638 3227 Queroli
1681 3152 1939 3227 scriptum

342 3232 434 3281 est
464 3224 741 3282 neminem
759 3226 941 3283 dicere
966 3241 1151 3281 verum
1170 3268 1184 3292 ,
1219 3235 1272 3281 et
1309 3224 1497 3280 falsum
1526 3225 1711 3281 dicere
1735 3224 1936 3284 crimen

342 3310 456 3368 non
509 3312 629 3354 esse
651 3338 665 3362 ,
721 3299 865 3368 quia
896 3312 1179 3353 commune
1220 3306 1335 3362 est,
1379 3296 1433 3351 id
1460 3305 1542 3352 est
1580 3298 1739 3368 vulgo
1767 3299 1854 3364 lit,
1884 3307 1939 3355 et

344 3366 474 3440 ideo
494 3368 695 3424 licitum
715 3366 992 3440 est.Vettts
1012 3377 1197 3423 auctor
1214 3368 1559 3423 altercationis
1582 3366 1875 3440 Synagogte
1890 3380 1938 3426 et

346 3435 612 3513 Ecclesiae,
632 3440 793 3497 fol.“
817 3458 831 3494 τ
852 3438 957 3513 Sed
969 3441 1207 3513 quoniam
1226 3456 1331 3513 nios
1348 3450 1471 3505 erat,
1481 3435 1671 3513 crimen
1684 3435 1786 3513 non
1796 3435 1931 3513 erat.

436 3509 605 3567 Virtus
641 3524 865 3568 vocatur.
919 3508 1226 3567 Lactantius
1272 3509 1365 3565 lib.
1407 3525 1458 3577 ι,
1492 3525 1612 3579 cap.
1652 3508 1720 3566 18
1756 3528 1768 3562 :
1821 3511 1934 3578 Quo

348 3582 522 3650 plures
547 3585 772 3639 homines
797 3584 1099 3708 aqlixerint,
1146 3584 1498 3652 spoliaverint,
1539 3581 1845 3649 occiderint,
1876 3599 1935 3638 ea

348 3667 403 3706 se
429 3656 693 3708 nobiliores
731 3664 778 3708 et
805 3672 830 3708 ε
855 3656 1044 3708 uriores
1072 3663 1270 3708 nutant.
1301 3662 1347 3708 et
1374 3654 1541 3707 inanis
1570 3654 1746 3708 αισι-ἕω
1770 3654 1934 3708 specie

348 3667 403 3706 se
429 3656 693 3710 nobiliores
731 3664 778 3710 et
805 3654 1044 3709 clariores
1072 3663 1270 3725 putant,
1301 3662 1347 3708 et
1374 3654 1541 3707 inanis
1569 3654 1746 3725 gloria:
1770 3654 1934 3723 specie

349 3727 486 3794 capti
514 3727 781 3781 sceleribus
808 3726 913 3781 suis
942 3723 1122 3779 nomen
1147 3726 1342 3779 virtutis
1379 3723 1664 3794 imponunt.
1701 3723 1928 3794 Seneca,

350 3794 579 3853 Hercule
608 3797 816 3854 furente
845 3816 857 3852 :
898 3796 1207 3867 Prosperum
1241 3812 1301 3867 ac
1333 3796 1457 3864 felix
1474 3795 1637 3850 scelus
1665 3797 1825 3849 virtus
1848 3812 1934 3850 vo-

350 3879 513 3924 catur.
548 3869 714 3937 Idem,
742 3869 973 3925 Hercule
999 3865 1166 3923 Oeteo
1198 3885 1212 3921 :
1257 3865 1442 3920 Vitium
1487 3868 1735 3932 impotens
1774 3868 1932 3923 virtus

351 3948 575 3995 vocatur.
603 3941 850 3997 Lucanus
877 3940 969 3995 lib.
994 3956 1046 3993 ιε
1075 3938 1363 4009 Scelerique
1384 3937 1608 4009 nefando
1638 3954 1818 3993 nomen
1838 3939 1933 3993 erit

349 4011 525 4083 virtus.
554 4013 754 4068 Auctor
779 4011 1033 4083 Epistolge
1061 4008 1309 4083 secunda:
1330 4008 1397 4083 ad
1421 4008 1654 4083 Amicum
1684 4020 1934 4081 aegrotum

350 4080 675 4155 interiopera
703 4078 1011 4152 Hieronymi
1039 4078 1327 4155 :lttjuriant
1348 4082 1528 4155 fecisse
1547 4081 1706 4155 vir_tus
1727 4078 1822 4155 ζει.

426 4151 633 4209 ἾΙῘᾘ-
656 4151 1005 4210 Celebritatem
1062 4151 1258 4208 Contra
1310 4151 1364 4206 in
1426 4151 1663 4221 Epistola
1734 4151 1932 4209 Zosimi

348 4238 501 4298 papa":
543 4227 608 4281 ad
647 4225 973 4298 Hesychium
1023 4239 1042 4278 :
1081 4222 1455 4298 Monac/torum
1506 4221 1749 4298 solitudo
1795 4224 1934 4298 omni

350 4293 630 4368 [recusatio
646 4293 831 4368 major.
852 4296 1005 4360 Nam,
1022 4305 1077 4351 ut
1097 4296 1171 4350 ait
1195 4293 1551 4368 Hieronymus
1567 4294 1619 4349 in
1648 4293 1926 4368 Epitaphio

352 4366 642 4440 glarcellae,
697 4364 1079 4440 monachorum
1125 4375 1243 4440 erat
1280 4364 1571 4440 immodica
1620 4364 1928 4440 multitudo.

349 4437 555 4512 Quippe
581 4436 862 4507 monachi,
906 4436 1422 4512 quibusinterdictze
1454 4445 1623 4512 erant
1657 4437 1928 4512 civitates,

349 4507 561 4567 deserta
610 4512 727 4567 loca
759 4521 811 4567 et
835 4507 1014 4565 vastas
1042 4509 1356 4564 solitudines
1380 4508 1532 4579 sequi
1572 4519 1733 4579 atque
1778 4507 1931 4564 habi-

349 4589 463 4637 tare
478 4582 751 4654 jubcntur.
785 4592 954 4654 utest
998 4579 1288 4654 inmCodice
1316 4579 1709 4654 Tlteodosiano.
1742 4579 1931 4654 Hiero-

348 4650 542 4724 nymus
572 4656 625 4709 in
654 4653 891 4724 Epistula
928 4654 997 4707 ad
1041 4650 1308 4706 Rusticum
1348 4652 1651 4705 monachum
1679 4651 1929 4724 scripsit:

351 4723 489 4791 Quid
515 4723 861 4780 desideramus
900 4724 1101 4780 urbium
1115 4724 1462 4850 ({requentiam
1492 4724 1578 4794 qui
1606 4724 1670 4776 de
1704 4723 1934 4793 singula-

351 4799 499 4850 ritate
525 4799 827 4850 censemur?
854 4797 960 4850 Sed
991 4796 1087 4850 ista
1156 4795 1414 4850 iscinlina.
1442 4804 1499 4848 ut
1525 4795 1691 4849 ferme
1718 4793 1931 4850 accidit.

345 4799 499 4851 ritate
525 4799 827 4852 censemur?
854 4797 960 4851 Sed
991 4796 1087 4850 ista
1115 4793 1414 4866 disciplina,
1442 4804 1499 4848 ut
1525 4795 1691 4849 ferme
1718 4793 1931 4860 accidit,

347 4866 404 4921 in
449 4868 720 4924 diversum
764 4877 964 4923 mutata
1018 4867 1116 4922 fuit
1165 4867 1510 4937 sequentibus
1561 4866 1931 4937 temporibus,

346 4946 403 4993 et
427 4940 675 4995 monachi
705 4941 994 5011 paulatim,
1019 4938 1219 4993 relictis
1244 4936 1462 5011 aedibus
1492 4937 1636 5011 suis,
1674 4937 1736 5011 in
1772 4936 1934 5011 urbes

347 5007 737 5067 commearunt.
763 5011 875 5066 Non
906 5009 1103 5065 damno
1134 5009 1484 5080 posteriorem
1531 5007 1670 5080 hanc
1718 5008 1935 5080 institu-

347 5081 546 5137 tionem
565 5125 580 5150 ,
605 5097 726 5138 cum
755 5083 920 5138 sciam
939 5124 954 5147 ,
985 5096 1089 5137 una
1115 5078 1169 5136 et
1197 5082 1306 5137 sola
1339 5079 1461 5136 ﬁdei
1487 5079 1671 5149 regula
1714 5078 1935 5151 irrel‘or-

345 5154 526 5208 mabili
568 5163 839 5222 manente,
860 5164 921 5211 ut
947 5153 1305 5210 Tertullianus
1331 5155 1426 5216 ait,
1472 5160 1665 5206 caetera
1711 5164 1938 5207 conver-

344 5225 572 5280 sationis
597 5233 652 5281 et
679 5225 972 5295 disciplinae
997 5224 1281 5280 admittere
1309 5224 1600 5295 novitatem
1634 5222 1935 5295 correctio-

346 5295 450 5349 nis.
485 5297 609 5369 Scio
635 5293 891 5369 praeterea
917 5306 969 5352 et
995 5310 1209 5369 mecum
1230 5304 1373 5369 totus
1396 5294 1545 5369 orbis
1568 5293 1670 5349 scit
1700 5294 1933 5365 ingentia

344 5366 970 5440 commoda'provenisse
989 5366 1293 5440 reipublica:
1314 5366 1616 5440 christiana;
1645 5380 1715 5421 ex
1743 5380 1934 5421 mona-

344 5436 571 5494 chorum
614 5436 753 5496 inter
777 5454 877 5496 nos
920 5436 1269 5495 habitantium
1315 5437 1720 5494 conversatione
1766 5445 1821 5493 et
1867 5452 1937 5494 ex

343 5510 538 5580 studiis
566 5526 753 5567 eorum
795 5513 850 5567 in
879 5524 1241 5577 communem,
1273 5524 1496 5580 eamque
1533 5523 1806 5580 magnam,
1835 5509 1936 5566 Ec-

351 5572 537 5652 clesiae
552 5583 854 5639 utilitatem.
874 5582 979 5640 Sed
999 5597 1028 5635 a
1050 5596 1136 5636 me
1163 5572 1533 5637 obtinere-non
1563 5572 1935 5652 possum'quin

342 5650 598 5710 damnem
624 5656 920 5713 sarabaitas
938 5652 1196 5726 quosdam
1218 5662 1272 5707 et
1298 5650 1594 5723 gyrovagos
1623 5653 1711 5726 qui
1737 5667 1796 5708 se
1818 5650 1936 5708 ere-

344 5726 507 5797 mitas
535 5741 657 5784 esse
681 5728 861 5797 aiunt,
891 5723 1103 5797 et'nihil
1124 5724 1301 5797 minus
1327 5731 1480 5791 sunt,
1524 5723 1655 5781 cum
1685 5723 1935 5797 frequen-

344 5794 562 5853 tissime
606 5794 978 5873 derelinquant
1018 5794 1343 5873 solitudines
1375 5808 1501 5851 suas
1540 5804 1596 5852 et
1635 5794 1796 5853 urbes
1822 5794 1935 5873 fre:-

344 5877 612 5940 quentent
659 5866 846 5948 aperte
910 5878 1097 5930 contra
1151 5868 1274 5926 vitae
1325 5868 1550 5927 lormam
1608 5882 1790 5942 quam‘
1818 5866 1933 5942 sibi

2037 2245 2498 2326 prmscripserunt.
2531 2246 2665 2326 Illud
2710 2253 2763 2309 in
2804 2252 2990 2325 primis
3034 2267 3178 2325 serpe
3220 2254 3444 2312 miratus
3470 2270 3590 2315 sum
3614 2301 3632 2326 ,

2036 2314 2202 2372 fuisse
2226 2319 2379 2399 paulo
2408 2331 2531 2378 ante
2568 2324 2669 2399 hos
2685 2314 2964 2399 trecentos
2994 2314 3166 2382 annos
3212 2342 3377 2382 unum
3423 2314 3638 2399 episco;

2039 2388 2525 2470 pum,h.lo_annem
2560 2395 2805 2453 videlicet
2869 2397 3180 2470 episcopum
3228 2388 3630 2470 Giennensem,

2036 2459 2163 2525 qui,
2195 2459 2417 2540 dimisso
2442 2466 2785 2540 episcopatu,
2815 2459 2987 2539 palam
3015 2459 3071 2524 ei
3098 2470 3307 2537 publice
3351 2459 3626 2540 professus

2036 2542 2120 2589 est
2164 2551 2223 2592 se
2265 2539 2399 2593 velle
2442 2538 2642 2594 dueere
2685 2538 2847 2595 vitam
2902 2542 3272 2607 eremiticam,
3333 2538 3389 2597 et
3451 2552 3636 2602 tamen

2040 2615 2253 2686 semper
2277 2609 2545 2666 residebat
2585 2613 2635 2665 in
2660 2613 2805 2686 curia
2837 2613 3073 2686 Romana
3091 2623 3193 2686 ,_et
3220 2613 3308 2683 qui
3331 2616 3633 2672 secundum

2040 2678 2340 2735 institutum
2367 2697 2520 2736 suum
2550 2687 2731 2750 procul
2758 2684 2951 2740 abesse
2975 2683 3206 2739 debebat
3239 2678 3275 2736 ἐι
3308 2687 3631 2743 tractatione

2040 2750 2373 2823 negotiorum
2404 2753 2772 2823 publicorum,
2806 2769 2867 2811 se
2912 2763 3081 2809 totum
3141 2754 3303 2809 dabat
3342 2758 3635 2814 miscendis

2039 2820 2203 2875 rebus
2250 2822 2304 2878 in
2320 2820 2969 2897 Ainitiisﬂnefandiﬂillius
2995 2826 3300 2881 sebismatis
3342 2829 3484 2897 quod
3515 2839 3639 2897 post

2039 2899 2267 3017 atatem
2307 2893 2551 2966 Gregorii
2595 2895 2754 2967 Papae
2781 2895 2853 2952 XI
2874 2904 3120 2953 exortum
3164 2904 3248 2952 est
3290 2893 3375 2951 in'
3399 2893 3643 2956 Ecclesia

2186 2977 2308 3017 ana.

2186 2977 2308 3020 ana.

2114 3032 2284 3107 Homo
2321 3035 2585 3092 occiditur.
2627 3038 2830 3094 Seneca
2875 3036 3047 3107 Epist.
3076 3053 3149 3092 vn
3185 3054 3199 3090 :
3234 3034 3391 3091 Nunc
3433 3039 3638 3097 omissis

2040 3106 2192 3176 nugis
2216 3124 2357 3179 mera
2381 3109 2653 3163 homicidia
2680 3117 2816 3163 sunt.
2840 3106 2988 3165 Idem
3026 3109 3118 3164 lib.
3144 3124 3181 3172 ι,
3212 3107 3281 3164 de
3312 3108 3428 3164 Vita
3453 3111 3636 3179 beata,

2040 3189 2162 3252 cap.
2189 3179 2225 3233 2
2249 3198 2261 3236 :
2286 3177 2666 3235 Gladiatoribus
2710 3195 2868 3252 quare
2916 3183 3137 3252 populus
3174 3180 3412 3252 irascitur
3435 3191 3483 3235 et
3531 3177 3639 3237 tant

2040 3248 2213 3323 inique
2244 3260 2302 3306 ut
2336 3252 2580 3323 injuriam
2626 3248 2766 3321 putet
2802 3248 2939 3319 quod
2984 3248 3094 3305 non
3133 3251 3369 3323 libenter?
3391 3255 3641 3316 pereunt!

2041 3318 2306 3378 Contemni
2332 3318 2693 3393 se'judicat,'et
2720 3318 2882 3389 vultu,
2911 3330 3073 3393 gestu,
3115 3322 3301 3376 ardore
3336 3322 3399 3376 de
3435 3333 3644 3393 specta-

2041 3399 2148 3447 tore
2170 3395 2225 3448 in
2248 3394 2594 3450 adversarium
2639 3395 2864 3448 vertitur.
2902 3393 3264 3448 Tertulliath
3302 3393 3355 3448 in
3383 3394 3523 3449 libro
3562 3397 3634 3451 de

2038 3462 2370 3532 Spectaculis
2398 3483 2413 3519 :
2442 3464 2798 3534 Certequidem
2830 3464 3140 3533 gladiatores
3168 3466 3454 3520 innocentes
3474 3467 3527 3520 in
3556 3467 3641 3521 lu-

2038 3538 2161 3591 dum
2180 3539 2385 3592 veniunt
2410 3546 2467 3591 ut
2508 3537 2724 3603 publica:
2766 3536 3042 3603 voluptatis
3078 3536 3257 3591 hostiae
3283 3538 3430 3605 ﬁant.
3462 3536 3640 3593 Etiam

2037 3609 2120 3677 qui
2140 3611 2449 3663 damnantur
2474 3608 2748 3675 inludunt,
2776 3607 2923 3677 quale
2954 3616 3028 3661 est
3054 3615 3106 3659 ut
3144 3609 3208 3660 de
3242 3607 3427 3660 leviore
3454 3608 3641 3662 delicto

2034 3681 2090 3733 in
2121 3681 2401 3735 homicidas
2440 3680 2788 3734 emendatione
2823 3678 3112 3748 proﬁciant.
3162 3677 3230 3731 Et
3269 3678 3427 3745 paulo
3463 3687 3583 3745 post
3615 3695 3634 3731 :

2036 3750 2205 3806 Immo
2248 3753 2335 3822 qui
2378 3760 2584 3820 propter
2620 3748 2890 3822 homicida:
2917 3763 3144 3822 “pinnam
3191 3748 3631 3822 probandan:__ad

2035 3816 2380 3879 spectaculum
2424 3816 2576 3887 venit,
2621 3820 2757 3873 idem
2805 3819 3138 3890 gladiatorem
3161 3889 3164 3890 ν
3187 3816 3254 3869 ad
3300 3817 3632 3872 homicidium

2034 3894 2255 3965 ﬂagellis
2291 3904 2340 3948 et
2388 3893 2547 3965 bigis
2577 3891 2853 3965 compellit
2862 3891 3091 3943 invitum.
3118 3889 3288 3965 _Act_a_
3322 3896 3635 3965 sanctarum

2035 3958 2314 4035 Perpetuae
2350 3972 2406 4019 et
2436 3958 2728 4035 Felicitatis
2761 3978 2775 4014 :
2814 3958 2954 4035 Cum,
2973 3959 3188 4032 populus
3226 3958 3346 4012 illos
3382 3960 3435 4012 in
3464 3960 3633 4035 medio

2035 4032 2311 4101 postularet
2340 4045 2396 4089 ut
2431 4034 2603 4105 gladio
2628 4033 2909 4105 penetranti
2940 4033 2992 4085 in
3020 4047 3195 4085 eorum
3206 4032 3633 4105 _corp_ore_oculos

2035 4123 2155 4161 suos
2183 4110 2388 4161 cantites
2413 4101 2673 4160 homicidii
2714 4104 3037 4175 adiungeret,
3075 4111 3180 4159 etc.
3205 4101 3526 4159 Prudentius
3574 4104 3634 4160 in

2034 4177 2428 4250 Hamartigenia
2461 4195 2475 4232 :

2158 4271 2422 4335 Sanguinis
2453 4269 2656 4320 humani
2681 4267 2962 4333 spectacula
2985 4269 3210 4334 publicus
3234 4268 3336 4319 edit

2161 4335 2449 4385 Consessus.

2162 4396 2437 4447 Observant
2457 4395 2665 4447 hilarem
2690 4395 2753 4447 de
2777 4396 2957 4447 funere
2981 4394 3201 4458 plebem.

1957 4476 2014 4539 D
2045 4481 2187 4539 Idem
2218 4481 2311 4537 lib.
2344 4498 2382 4551 ι,
2411 4481 2655 4537 adversus
2683 4480 3055 4554 Symmachum
3086 4496 3105 4534 :

2129 4573 2371 4624 Funditur
2391 4573 2633 4623 humanus
2646 4571 2794 4624 latiali
2820 4575 2868 4621 in
2892 4572 3068 4622 funere
3093 4571 3314 4631 sanguis,

2132 4636 2503 4698 Conscssusque
2522 4636 2623 4686 illic
2644 4639 2951 4698 spectantem
2966 4633 3113 4684 solvit
3135 4636 3194 4682 ad
3218 4645 3353 4682 aram

2130 4700 2349 4750 Platonis
2364 4699 2469 4749 fera
2491 4708 2601 4749 vota
2621 4699 2716 4747 sui.

2110 4785 2243 4840 Vide
2272 4784 2604 4840 Lactantinm
2636 4781 2730 4838 lib.
2758 4798 2811 4847 v,
2848 4796 2966 4850 cap.
2992 4779 3093 4843 20;
3121 4778 3499 4836 Cassiodorum
3526 4778 3626 4838 lib.

2037 4872 2092 4925 ν,
2123 4857 2293 4927 Epist.
2320 4856 2421 4922 4‘3;
2451 4866 2503 4909 et
2538 4854 2804 4927 Muretum
2840 4854 2891 4907 in
2921 4851 3228 4927 ΔΕρίδιοιεξῃι
3276 4852 3628 4927 v‘t_I__Senc_c:c.

2113 4922 2251 4995 Quos
2281 4944 2424 4981 nemo
2459 4925 2737 4979 damnavit.
2785 4923 2839 4977 In
2871 4923 3117 4995 editione
3155 4922 3377 4995 Morellii
3434 4924 3631 4993 legitur

2037 4993 2161 5069 quos
2200 5016 2343 5054 nemo
2384 4996 2641 5053 damnavit
2672 4995 2739 5049 ad
2770 4996 2976 5050 bestias.
3015 4993 3120 5051 Sed
3152 4993 3293 5049 istud
3321 5004 3401 5050 cst
3432 5009 3630 5065 purum

2035 5071 2300 5197 ειίξὲῗὲιὶὲ
2311 5110 2531 5210 integra.
2575 5138 2835 5196 Pacuvius
2865 5138 3003 5210 apud
3033 5140 3094 5195 Λ.
3115 5138 3342 5195 Gellium
3368 5137 3464 5194 lib.
3512 5152 3633 5203 xm,

2037 5227 2156 5283 cap.
2205 5211 2277 5297 $8
2334 5199 2558 5268 :zﬁtate
2608 5214 2822 5285 integra,
2874 5199 3029 5282 [croci
3067 5212 3287 5282 ingenio,
3335 5210 3469 5280 facie
3507 5199 3634 5279 pre-1

2035 5300 2357 5412 θενῖιέἷιέῗῖἷῖ
2378 5357 2566 5428 forma.
2634 5355 2816 5413 Codex
2875 5352 3398 5424 Gratianopolitanus
3444 5350 3634 5421 ,habet

2035 5438 2264 5555 venigiié
2330 5499 2567 5570 pretiosa.
2619 5499 2761 5555 Infra
2838 5499 2889 5554 in
2949 5497 3084 5552 libro
3143 5498 3205 5570 (le
3246 5495 3439 5551 Habitu
3464 5474 3637 5567 virgis

2036 5590 2177 5645 nunt,
2202 5569 2449 5645 ptigit"):
2473 5572 2603 5645 :Aut
2628 5583 2758 5627 veste
2782 5571 3018 5645 pretiosa,
3041 5584 3114 5645 et
3149 5569 3329 5624 Paulo.

2120 5636 2364 5701 Viv'enies.
2430 5643 2698 5698 Pamelius
2776 5636 2970 5710 adjecit
3021 5641 3235 5710 juvenes
3291 5655 3359 5694 ex
3418 5636 3619 5710 codice

2035 5714 2471 5773 Camberoncnsi.
2510 5713 2703 5769 Verum
2730 5709 2853 5768 cum
2881 5729 2943 5767 ea
2968 5709 3257 5767 anctoritas
3294 5711 3364 5765 sit
3384 5709 3621 5780 singula-

2036 5792 2131 5856 ris,
2162 5796 2216 5845 et
2244 5804 2351 5845 non
2376 5794 2585 5844 constet
2628 5786 2712 5840 hic
2752 5785 2834 5851 agi
2865 5784 2933 5840 de
2954 5782 3237 5854 juvenibus
3262 5822 3277 5847 ,
3306 5781 3401 5856 sed
3429 5781 3497 5836 de
3534 5781 3619 5856 v_i_-

2034 5849 2387 5933 ris'l‘ortibus,
2419 5859 2536 5917 hcce
2571 5872 2676 5915 vox
2705 5849 2911 5915 sublata
2941 5849 3025 5914 est
3060 5855 3111 5911 in
3138 5849 3485 5929 sequentibus
3509 5851 3623 5911 edi«
