4250 6282
509 280 617 339 207

1941 274 2077 331 DIVI
2113 271 2436 332 CYPRIANI

3711 266 3821 325 208

507 398 708 462 forma,
738 399 889 451 veste
916 391 1182 473 pretiosa?
1210 390 1460 447 Viventes
1499 388 1553 445 in
1584 387 1888 445 ultroneum
1933 374 2095 444 limus
2122 395 2177 456 Α
2204 390 2297 444 tris
2350 397 2565 457 quoque
2621 380 2921 453 conSpicies
2971 379 3116 452 quod
3162 378 3253 435 tibi
3308 385 3365 434 et
3424 376 3597 434 dolori
3648 377 3720 433 sit
3765 386 3824 434 et

506 502 793 559 ornantur,
839 491 994 547 malis
1021 489 1131 544 suis
1175 487 1356 543 miseri
1385 485 1702 558 gloriantur.
1760 485 2003 557 Pugnant
2038 484 2103 539 ad

506 587 735 655 bestias,
791 600 899 641 non
945 582 1168 639 crimine
1197 623 1212 647 ,
1268 581 1365 638 sed
1413 580 1614 637 furore.
1658 580 1919 652 Spectant
1969 580 2108 636 tilios

504 697 636 739 suos
664 689 841 752 patres
869 696 884 734 :
918 677 1084 732 frater
1104 676 1157 731 in
1186 690 1349 731 cavea
1375 684 1486 743 est,
1514 682 1571 731 et
1594 689 1749 730 soror
1779 681 1975 744 prtesto
2004 682 2108 729 est.

504 774 577 830 Et
606 770 895 842 spectaCuli
920 770 1048 825 licet
1077 770 1306 840 pretium
1338 767 1535 839 largior
1560 766 1798 823 muneris
1826 776 2111 837 apparatus

506 858 833 928 amplificet,
858 865 917 912 ut
945 856 1270 912 maeroribus
1311 855 1423 911 suis
1454 862 1627 911 mater
1674 854 1916 921 intersit,
1961 852 2064 908 hoc
2092 894 2109 922 ,

502 950 645 1022 proh
671 950 826 1006 dolor
853 951 915 1004 αἱ
944 958 1117 1005 mater
1158 956 1211 1005 et
1233 947 1479 1013 redimit;
1511 956 1566 1003 et
1595 946 1649 1001 in
1672 953 1778 1000 tam
1803 944 1979 1015 impiis
2000 959 2117 1015 spe-

506 1048 733 1106 ctaculis
763 1056 981 1120 tamque
1009 1046 1142 1104 diris
1162 1057 1218 1104 et
1246 1046 1473 1104 funestis
1498 1045 1526 1085 δ
1562 1061 1687 1103 esse
1710 1061 1768 1103 se
1800 1060 1907 1102 non
1929 1051 2119 1118 putant

507 1141 678 1196 oculis
710 1150 731 1179 ο
761 1139 1077 1210 parricidas.

582 1231 715 1288 VIII.
749 1233 1012 1289 Converte
1066 1231 1193 1288 hinc
1237 1232 1417 1289 vultus
1459 1230 1528 1287 ad
1568 1230 1767 1287 diversi
1815 1229 1844 1267 (ί
1899 1239 2112 1301 specta-

508 1326 620 1385 culi
667 1340 777 1383 non
829 1326 1011 1382 minus
1087 1325 1395 1395 paenitenda
1462 1324 1707 1396 contagia
1751 1341 1767 1379 :

2211 479 2422 552 pudori.
2466 476 2775 532 Cothurnus
2802 482 2886 529 est
2923 472 3157 543 tragicus
3206 471 3379 541 prisca
3412 469 3651 525 facinora
3698 485 3819 526 car-

2212 576 2359 631 mine
2408 584 2430 609 υ
2476 585 2780 628 recensere.
2813 568 2889 624 De
2917 565 3219 637 parricidiis
3245 564 3265 595 ὀ
3287 573 3342 619 et
3379 565 3602 620 incestis
3628 562 3824 619 horror

2213 667 2485 738 antiquus,
2503 677 2758 734 expressa
2788 660 2853 715 ad
2890 660 3175 730 imaginem
3195 658 3435 714 veritatis
3463 658 3692 723 actione,
3730 672 3825 713 re-

2216 760 2476 829 plicatur,
2518 774 2605 824 ne,
2646 756 2856 814 saeculis
2911 753 3338 820 transeuntibus,
3371 753 3648 809 exolescat
3675 751 3820 825 quod

2223 855 2511 928 aliquando
2554 870 2561 877 '
2600 855 2948 911 commissum
3046 859 3148 907 est.
3247 849 3581 905 Admonctur
3691 855 3825 902 aetas

2223 949 2399 1005 onmis
2440 945 2624 1002 auditu
2656 944 2769 1000 fieri
2798 959 2955 1016 posse
2981 942 3122 1014 quod
3145 943 3338 999 factum
3370 949 3473 997 est.
3519 939 3821 1009 Numquam

2221 1040 2322 1097 aevi
2367 1039 2519 1095 senio
2562 1037 2757 1093 delicta
2788 1037 3116 1102 moriuntur,
3173 1048 3461 1104 numquam
3494 1031 3827 1102 temporibus

2221 1134 2425 1189 crimen
2465 1131 2740 1198 obruitur,
2792 1144 3081 1199 numquam
3109 1127 3285 1183 scelus
3315 1125 3585 1182 oblivione
3627 1125 3826 1196 sepeli-

2220 1234 2326 1281 tur.
2352 1224 2609 1294 Exempla
2632 1221 2769 1277 fiunt
2793 1237 2917 1293 quae
2944 1235 3065 1277 esse
3086 1221 3195 1290 jam
3223 1219 3460 1275 facinora
3479 1218 3823 1275 destiterunt.

1822 1322 1878 1378 in
1953 1306 2350 1379 thea-BTum
2410 1316 2642 1373 delectat
2695 1316 2750 1371 in
2814 1314 2993 1370 mimis
3063 1313 3451 1385 turpitudinum
3516 1311 3827 1384 magisterio

1759 1438 2144 1497 LECTIONES
2167 1434 2584 1496 VARIANTES.

576 1566 603 1597 ⁸
629 1567 726 1617 Pro
746 1564 918 1615 dolore
946 1562 1073 1614 Vict.

505 1631 521 1694 τ
576 1624 606 1666 ι)
630 1629 779 1695 puris
817 1625 1091 1695 sceleribus
1112 1626 1256 1695 Pam.
1287 1626 1425 1677 Voss.
1447 1624 1496 1677 2.
1517 1624 1659 1677 Ebor.
1680 1621 1784 1675 Lin.
1809 1631 1848 1675 Ν
1879 1624 1932 1674 C.
1958 1624 2003 1673 l.

506 1688 516 1753 ξ
580 1696 603 1723 α
630 1688 1009 1752 Oculipterique
1027 1702 1141 1739 mss.
1160 1693 1205 1739 et
1224 1688 1372 1750 impr.

577 1755 607 1795 d
632 1753 842 1804 Diversa
866 1753 1028 1804 Oxon.

2290 1561 2313 1590 θ
2359 1556 2529 1608 Prisco
2574 1554 2792 1607 carmine
2840 1553 2962 1604 trod.
2998 1553 3049 1603 3.
3098 1551 3336 1603 Facinora
3379 1552 3646 1602 carminum
3690 1550 3830 1603 Lam.

2225 1620 2503 1735 Eborb
2518 1621 2627 1671 NG.
2652 1621 2698 1670 1.
2726 1621 2848 1669 Ben.
2880 1617 2998 1667 Tltu.
3031 1614 3157 1667 Vict.
3200 1614 3369 1666 Prisca
3392 1616 3660 1665 carminum
3705 1615 3826 1665 faci~

2225 1697 2345 1735 nora
2509 1722 2521 1735 .

2225 1697 2345 1735 IlOI'il
2366 1697 2521 1735 οποη.

1736 1855 1976 1914 STEPH.
2018 1852 2286 1915 BALUZII
2323 1854 2557 1913 NOTAE.

513 1978 773 2035 tionibus.
802 1975 1136 2047 Quamquam
1166 1973 1326 2047 lectio
1370 1975 1721 2047 qutejuvenes
1749 1971 1912 2047 ha_be_t
1953 1981 2131 2042 potest

516 2043 919 2107 confirmari—ex
949 2043 1013 2101 iis
1046 2055 1288 2100 veterum
1313 2044 1445 2099 locis
1464 2060 1584 2113 qua:
1605 2043 1770 2100 refert
1795 2043 2129 2114 Bulengerus

515 2123 574 2178 in
597 2122 734 2176 libro
751 2120 813 2173 de
846 2116 1121 2172 Venatione
1145 2116 1269 2169 circi
1285 2157 1300 2180 ,
1332 2130 1450 2183 cap.
1474 2117 1528 2171 5.

593 2190 738 2262 (i)ln
755 2190 1041 2262 ultroneum
1067 2191 1243 2259 funus.
1256 2185 1322 2262 id
1355 2194 1459 2253 est,
1479 2201 1540 2243 se
1566 2188 1668 2257 ipsi
1688 2194 1877 2262 sponte
1895 2195 1961 2262 et
1986 2186 2128 2262 _u_ltro

519 2257 795 2320 destinant
848 2260 917 2315 ad
962 2257 1213 2314 mortem.
1256 2257 1439 2312 Funus
1476 2267 1655 2314 autem
1702 2258 1823 2313 istic
1864 2258 2129 2327 significat

519 2342 776 2392 mortem.
808 2330 1059 2395 cadaver,
1113 2343 1221 2385 non
1260 2343 1389 2384 vero
1433 2329 1694 2384 solemnia
1738 2330 2124 2398 exequiarum,

522 2406 601 2460 uti
618 2404 785 2458 fusius
804 2401 1150 2471 ostendemus
1174 2400 1241 2454 ad
1264 2398 1558 2471 Epistolam
1574 2397 1908 2471 xxxtCypria
1918 2401 1989 2454 ni.
2009 2400 2125 2453 Non

524 2477 669 2545 cepit
703 2489 836 2598 ergo
868 2486 1084 2527 sensum
1131 2470 1291 2539 hujus
1329 2471 1433 2527 loci
1477 2470 1818 2527 Lombertus.
1867 2470 1957 2525 Sic
1983 2472 2127 2525 enim

524 2546 724 2598 vertit:
806 2561 858 2598 es
879 2560 1000 2598 oens
1026 2544 1058 2596 ὰ
1078 2542 1130 2596 la
1157 2542 1287 2598 ﬂeur
1310 2541 1373 2595 de
1401 2542 1510 2596 leur
1536 2558 1681 2598 aaae.
1709 2542 1822 2597 bien
1856 2543 1994 2598 faits.
2018 2542 2127 2596 bien

524 2541 724 2601 vertit:
754 2541 858 2599 Des
878 2560 1000 2613 gens
1026 2544 1058 2596 ὰ
1078 2542 1130 2613 la
1156 2542 1287 2611 ﬂeur
1310 2541 1373 2595 de
1401 2542 1510 2613 leur
1536 2558 1681 2613 auge,
1709 2542 1822 2597 bien
1855 2543 1994 2611 faits,
2018 2542 2130 2596 bien

525 2626 715 2679 vastus.
742 2611 1040 2684 s‘aprestent
1069 2612 1132 2667 de
1157 2629 1286 2682 sang
1314 2612 1450 2683 froid
1470 2611 1616 2684 pour'
1636 2611 1769 2682 faire
1793 2628 2130 2668 eux-mesmes

530 2690 666 2759 ιριῃέ
701 2686 1039 2759 funérailles._
1133 2754 1145 2759 _
1268 2753 1330 2759 __
1403 2754 1417 2759 _
1448 2755 1460 2759 _
1671 2756 1681 2759 Δ
1755 2756 1765 2759 Δ
1895 2753 1929 2759 _
1957 2686 1972 2713 ι

604 2753 853 2829 Pugnant
906 2756 974 2829 ad
1022 2754 1223 2829 bestias.
1248 2753 1530 2829 __l_iigaltius
1559 2756 1839 2829 Ascripsit:
1889 2753 2131 2829 Pugnant

530 2829 602 2884 ad
623 2824 806 2884 bestias
830 2827 1018 2882 bestite.
1063 2824 1220 2892 Quod
1246 2825 1336 2881 ille
1362 2827 1493 2880 mihi
1524 2824 1733 2881 videtur
1761 2824 2033 2892 accepisse
2066 2843 2135 2881 ex

533 2900 881 2955 annotatione
926 2896 1205 2968 marginali
1273 2895 1476 2952 Nicolai
1529 2896 1688 2952 Fabri
1733 2895 2131 2968 adieditionem

533 2971 921 3033 I’amelianam,
947 2969 1037 3024 ubi
1055 2967 1146 3022 vir
1164 2967 1505 3039 doctissimus
1528 2969 1737 3038 scripsit
1764 2986 1777 3039 ς
1802 2967 2042 3039 Pugnant
2068 2968 2136 3021 ad

536 3043 722 3098 bestias
749 3042 939 3105 bestiae,
973 3056 1075 3094 non
1094 3038 1313 3105 nomine,
1344 3038 1434 3093 sed
1454 3038 1644 3108 furore.
1671 3038 1777 3095 Sed
1805 3038 1911 3094 non
1939 3040 2137 3095 indica-

2238 1974 2389 2029 sterii
2430 1972 2597 2029 sancti
2627 1972 2853 2044 Remigii
2879 1970 3183 2039 Remensis,
3212 1970 3517 2044 cognitione.
3548 1972 3675 2044 Qua:
3704 1969 3828 2026 dure

2238 2045 2521 2110 lectiones,
2554 2043 2804 2115 quamvis
2854 2044 3022 2109 falsm,
3061 2043 3352 2115 ostendunt
3397 2043 3677 2115 legendum
3706 2057 3828 2097 esse

2234 2118 2551 2242 contagione.
2576 2114 2919 2172 Confirmant
2937 2125 3114 2172 autem
3143 2115 3283 2171 hanc
3308 2114 3592 2171 lectionem
3614 2129 3675 2170 ea
3704 2129 3829 2185 qua:

2234 2203 2412 2242 Drance
2456 2197 2567 2242 unt.

2275 2197 2448 2244 racced
2456 2197 2567 2243 unt.

2234 2204 2567 2259 prmceuunt.

2308 2259 2630 2314 Parricidiis.
2689 2259 2764 2313 Ita
2810 2258 3066 2329 scriptum
3122 2258 3228 2313 vidi
3275 2258 3325 2312 in
3364 2257 3601 2314 editione
3630 2257 3828 2313 Morel-

2232 2331 2372 2386 liana
2400 2332 2526 2385 etin
2554 2329 2809 2385 tredecim
2855 2331 3129 2386 codicibus
3162 2329 3417 2399 antiquis.
3455 2329 3545 2383 Sic
3585 2330 3745 2383 etiam
3781 2330 3832 2385 in

2232 2418 2327 2457 suo
2382 2416 2441 2457 se
2469 2402 2660 2472 legisse
2691 2411 2917 2456 testatur
2943 2400 3245 2456 Gronovius
3271 2415 3392 2469 cap.
3423 2401 3458 2455 5
3512 2399 3836 2472 Observatio-

2234 2490 2355 2527 num
2394 2471 2613 2528 snarum
2647 2473 2702 2527 in
2741 2472 3085 2543 Scriptoribus
3118 2472 3517 2543 ecclesiasticis.
3540 2471 3672 2543 Alia:
3694 2471 3834 2543 _edig

2234 2546 2406 2599 tiones
2430 2552 2485 2599 et
2513 2544 2700 2599 decem
2735 2541 2866 2598 libri
2902 2553 3110 2599 veteres
3136 2542 3334 2597 habent
3373 2541 3667 2613 parricidis.
3694 2541 3835 2597 Illud

2234 2631 2447 2686 quoque
2472 2615 2685 2681 addam,
2713 2615 2962 2686 quamvis
2991 2614 3216 2686 fortasse
3241 2614 3310 2686 sit
3341 2622 3492 2686 extra
3523 2629 3672 2686 rem:
3702 2613 3833 2686 liie-

2237 2683 2522 2758 ronymum
2554 2688 2606 2740 in
2655 2685 2875 2756 Dialogo
2904 2686 3142 2758 adversus
3186 2684 3489 2758 Pelagianos
3518 2683 3837 2758 parricidam

2236 2754 2430 2813 vocare
2460 2773 2585 2813 eum
2606 2758 2693 2827 qui
2723 2754 2843 2811 cum
2872 2757 3040 2827 possit
3060 2754 3331 2827 hominem
3371 2755 3438 2810 dc
3485 2764 3659 2827 morte
3707 2754 3841 2810 libe-

2238 2844 2359 2885 rare
2388 2844 2492 2884 non
2542 2824 2753 2894 liberat,
2785 2838 2840 2882 et
2872 2824 2932 2882 in
2966 2828 3099 2881 libro
3136 2843 3172 2880 ιι
3212 2826 3452 2881 adversus
3500 2824 3838 2879 Iovinianum

2239 2900 2533 2971 parricidas
2575 2915 2641 2955 ex
2691 2901 2952 2971 sententia
2982 2898 3440 2971 Pythagoreorum
3482 2897 3571 2971 qui
3603 2897 3842 2971 abietem

2239 2967 2633 3042 quemcumque
2661 2969 3004 3042 succiderint.
3030 2967 3554 3042 Optatusautemin
3603 2967 3743 3042 libro
3769 2984 3844 3042 vit

2241 3039 2482 3097 adversus
2512 3042 2806 3096 Donatistas
2831 3041 2905 3095 ait
2931 3041 3078 3096 illum
3106 3056 3227 3096 esse
3257 3039 3580 3094 homicidam
3606 3041 3697 3110 qui
3723 3040 3844 3094 nul-

534 3114 615 3168 vit
637 3114 810 3167 locum
844 3102 983 3183 unde
1010 3110 1217 3183 accepit
1243 3102 1379 3183 hanc
1406 3102 1713 3183 lectionem.
1747 3112 1932 3183 A_t_ego
1954 3111 2136 3166 inveni
2162 3102 2207 3166 C
2243 3113 2292 3169 la
2319 3115 2641 3169 necessitate
2669 3122 2915 3183 cogente,
2938 3112 3084 3167 nulla
3100 3111 3365 3181 jussione,
3382 3110 3529 3165 nulla
3551 3102 3843 3183 poiestatc,

536 3185 613 3240 ita
644 3185 902 3253 scriptum
941 3180 1106 3236 fuisse
1141 3181 1200 3253 in
1245 3180 1381 3253 libro
1418 3180 1734 3253 Veronensi.
1780 3180 1979 3236 Vocem
2011 3197 2140 3237 vero

539 3255 732 3318 bestite,
756 3251 900 3322 'qute
948 3260 1096 3306 certe
1139 3251 1343 3322 inutilis
1370 3260 1453 3306 est
1491 3251 1543 3306 in
1571 3251 1675 3307 hoc
1698 3251 1818 3307 loco
1838 3293 1853 3316 ,
1884 3268 2059 3321 neque
2088 3255 2141 3307 in

539 3326 661 3380 aliis
688 3321 836 3379 libris
866 3322 1101 3391 antiquis
1137 3321 1316 3392 inveni
1348 3336 1534 3392 neque
1557 3323 1612 3376 in
1639 3323 1869 3392 antiquis
1890 3323 2142 3378 editioni-

539 3396 665 3451 bus.
697 3396 764 3449 Et
790 3393 934 3448 hunc
959 3406 1171 3461 quoque
1195 3391 1370 3445 locum
1394 3391 1679 3447 infeliciter
1703 3391 1861 3447 vertit
1887 3393 2145 3449 Lomber-

541 3477 651 3531 tus,
681 3480 787 3520 non
815 3478 911 3518 sua
938 3462 1115 3535 culpa,
1143 3461 1239 3535 sed
1252 3462 1391 3535 quia
1402 3464 1718 3535 exprimere
1736 3464 1905 3518 voluit
1926 3464 1976 3518 id
2003 3465 2144 3535 quod

544 3537 760 3607 legebat
809 3532 1159 3607 in‘editione‘
1200 3532 1436 3607 Rigaltii.
1478 3533 1568 3607 Sic
1614 3548 1742 3607 ergo
1792 3537 1950 3589 vertit
1991 3532 2145 3590 {Des

547 3603 709 3662 beates
763 3604 1066 3677 combattent
1109 3603 1242 3657 ainsi
1268 3612 1441 3677 contra
1489 3604 1577 3659 des
1629 3605 1819 3670 (restes,
1861 3622 1963 3660 non
2016 3624 2148 3677 pour

548 3679 725 3749 expier
756 3678 891 3731 leurs
939 3676 1139 3749 crimes,
1179 3676 1308 3749 mgis
1357 3690 1485 3742 pour
1520 3677 1750 3749 assouvir
1800 3676 2145 3749 laurifureur.

546 3744 723 3805 verus
746 3760 936 3804 sensus
952 3754 1038 3801 est
1062 3746 1195 3801 iste:
1223 3744 1467 3817 Pugnant
1486 3746 1805 3817 gladiatores
1830 3747 1895 3801 ad
1922 3744 2145 3817 bestias,

547 3821 604 3876 id
630 3829 713 3875 est
735 3835 857 3875 cum
885 3817 1093 3883 bestiis,
1123 3831 1228 3871 non
1255 3816 1501 3883 crimine,
1520 3817 1572 3872 id
1593 3828 1695 3883 est,
1722 3834 1825 3874 non
1857 3818 1924 3873 ad
1952 3821 2150 3876 bestias

549 3890 791 3946 damnati
814 3905 909 3959 pro
936 3890 1047 3943 suis
1074 3888 1410 3954 criminibus,
1435 3887 1530 3944 sed
1564 3888 1747 3945 furore
1765 3931 1779 3953 ,
1810 3900 1867 3944 ut
1902 3890 2152 3947 videlicet

551 3977 616 4017 se
639 3961 802 4016 fortes
829 3959 1110 4014 ostendant
1130 3967 1188 4030 et
1209 3959 1409 4027 peritos
1440 3960 1492 4014 in
1538 3970 1653 4014 arte
1688 3959 2021 4030 gladiatoria.
2049 3962 2153 4018 lie-

551 4044 639 4087 cte
661 4032 821 4101 igitur
841 4030 998 4098 Angli
1025 4029 1356 4101 sustulerunt
1378 4044 1577 4101 vocem
1593 4029 1761 4086 bestiae
1787 4033 1854 4087 ab
1883 4031 1984 4089 hoc
2009 4035 2149 4101 loco,

552 4098 918 4173 quoniamut
960 4098 1061 4169 ipsi
1091 4099 1259 4173 aiunt,
1289 4099 1522 4173 cummde
1568 4100 1873 4173 hominibus
1900 4114 2021 4173 agat
2058 4098 2154 4159 aui-

553 4169 693 4236 ctor,
724 4171 957 4244 minime
985 4169 1252 4244 putandus
1294 4179 1377 4226 est
1399 4170 1528 4244 illos
1579 4170 1768 4244 frigido
1808 4183 1865 4228 et
1913 4169 2154 4244 populari

555 4244 801 4299 convicio
826 4241 1024 4296 bestias
1050 4240 1367 4309 appellasse.
1397 4240 1605 4296 Ludum
1633 4240 1943 4298 bestiarium
1981 4240 2035 4301 et
2063 4247 2158 4303 beo

558 4315 867 4369 stiariorum
911 4311 1045 4366 dixit
1078 4310 1280 4366 Seneca
1336 4311 1504 4380 Epist.
1559 4329 1680 4368 LXVI
1738 4325 1791 4369 et
1845 4330 1976 4370 Lxx.
2027 4316 2158 4373 VItIC

558 4385 829 4457 eumdem,
852 4383 954 4457 lib.
979 4398 1038 4447 ιι,
1069 4382 1136 4437 de
1165 4380 1259 4435 Ira
1284 4381 1400 4457 Dei,
1428 4397 1544 4457 cap.
1592 4383 1647 4457 8,
1680 4394 1734 4457 c_t
1772 4385 2154 4457 Symmachum

556 4456 654 4513 lib.
678 4472 738 4519 ll,
771 4454 938 4524 Epist.
970 4468 1113 4516 XLVI,
1145 4467 1266 4524 cum
1294 4456 1435 4508 notis
1470 4453 1661 4510 Jureti.
1687 4453 1952 4512 Cmtérum
1972 4459 2159 4515 admo-

556 4501 664 4582 iteo
693 4501 981 4594 [iiga'ltium
1003 4526 1055 4579 in
1078 4501 1337 4579 addendis
1357 4526 1423 4579 ad
1445 4501 1850 4581 observatione;
2181 4501 2236 4561 Β

558 4612 623 4668 re.
648 4598 1054 4668 scriptumiesse
1106 4611 1274 4650 errore
1312 4612 1410 4666 pro
1446 4598 1620 4668 furore
1675 4599 1725 4652 in
1770 4599 1906 4655 libro
1958 4600 2162 4657 Nicolai

560 4666 934 4735 FabriiQuod
961 4682 1145 4721 verum
1176 4682 1281 4720 non
1308 4676 1411 4723 est.

636 4738 760 4793 Non
779 4740 1006 4791 crimine.
1046 4738 1315 4793 Arnobius
1360 4740 1452 4793 lib.
1482 4754 1555 4793 tt:
1587 4740 1880 4809 Inter/icere
1928 4760 1981 4798 se
2035 4745 2164 4801 alios

558 4809 755 4866 nullius
775 4809 837 4863 ob
864 4809 1027 4882 meriti
1044 4824 1271 4882 causam,
1293 4809 1382 4865 sed
1407 4811 1459 4864 in
1481 4822 1679 4882 gratam
1708 4814 2011 4882 voluptatem
2037 4832 2163 4871 con-

559 4897 833 4935 sessorum.
862 4879 1086 4934 Rufinus
1112 4879 1207 4935 lib.
1238 4894 1312 4949 XI,
1339 4895 1457 4951 cap.
1484 4879 1583 4937 18:
1620 4879 1904 4939 Vindictam
1922 4885 2034 4940 dari
2064 4904 2163 4943 non

559 4952 764 5007 crimini
797 4951 887 5006 sed
914 4953 1096 5019 furori.

637 5021 771 5077 VIII.
789 5052 861 5062 —
879 5020 1079 5075 Diversi
1112 5022 1405 5092 spectaculi.
1431 5021 1505 5079 Ita
1521 5034 1730 5082 veteres
1760 5026 1877 5082 libri
1908 5029 2017 5085 fere
2046 5043 2161 5086 om-

560 5109 664 5151 nes
685 5103 739 5149 ct
762 5104 973 5149 veteres
999 5092 1281 5172 editiones.
1301 5094 1411 5172 Pro
1431 5111 1535 5165 quo
1551 5097 1817 5172 Pamelius
1847 5109 1901 5155 et
1926 5100 2015 5155 alii
2041 5113 2157 5172 post

562 5180 695 5244 cum
741 5172 1037 5244 posuerunt
1093 5163 1310 5244 diversa.
1366 5163 1537 5244 Quam
1586 5168 2001 5244 lectionem,ine
2031 5163 2158 5244 quid

563 5235 926 5309 dissimulem,
954 5235 1132 5309 reperi
1174 5236 1227 5291 in
1256 5235 1471 5309 duobus
1491 5239 1723 5309 antiquis
1752 5235 2045 5299 codicibus.

558 5326 567 5362 l
607 5305 907 5385 _Contagia.
950 5305 1229 5385 Lu_ben_t_er_
1312 5308 1514 5379 arripio
1560 5305 1873 5385 occasiones
1929 5330 2047 5385 qum
2096 5331 2156 5371 se

562 5376 828 5456 oliorum:
846 5378 1165 5434 emendandi
1216 5378 1330 5456 loca
1387 5376 1626 5456 veterum
1676 5376 1993 5456 s_criptoruin
2035 5403 2154 5456 qua:

560 5449 698 5528 inihi
740 5449 995 5528 videnlur
1048 5465 1167 5528 esse
1217 5451 1526 5528 depravata.
1580 5453 1649 5528 I_i_t_
1687 5449 1923 5528 Epistola
1969 5449 2155 5528 quinta

562 5520 870 5596 llortnisdte
887 5519 1047 5591 Papa:
1075 5523 1143 5596 ad
1161 5519 1425 5594 cytiso—Opas
1460 5540 1550 5594 per
1584 5519 1884 5596 Hispaniam
1905 5519 2154 5584 constitu-

566 5602 645 5647 tos
688 5592 757 5646 ita
788 5593 944 5662 vulgo
994 5593 1250 5662 scriptum
1287 5592 1370 5650 eSt
1405 5592 1523 5649 :Ab
1568 5592 1708 5650 omni
1749 5614 1836 5653 vos
1876 5601 2155 5655 errantium

561 5665 916 5741 communione
944 5666 1205 5741 separetis,
1232 5676 1287 5720 et
1319 5667 1376 5741 in
1399 5666 1635 5741 margine
1661 5672 1978 5741 contagione.
2006 5671 2074 5727 At
2104 5673 2156 5727 in

560 5735 929 5815 vetustissimo
957 5744 1013 5815 et
1041 5735 1243 5815 optimo
1262 5736 1445 5815 codice
1468 5735 2157 5815 bibliotlteqc'Colbertinm

561 5806 740 5878 egitnr
763 5806 1091 5878 cognatione,
1117 5814 1172 5862 et
1200 5808 1251 5862 in
1280 5806 1551 5880 aliogitem
1578 5810 1944 5871 vetustissimo
1965 5829 2156 5877 mona-

2244 3186 2337 3241 sed
2366 3184 2548 3240 furore
2576 3182 2814 3247 adactus,
2843 3182 2910 3238 de
2935 3184 3209 3238 voluntate
3233 3197 3327 3236 sua
3351 3183 3533 3237 fecerit
3555 3182 3696 3251 quod
3722 3197 3846 3251 pro-

2245 3255 2432 3312 hibent
2475 3258 2641 3326 leges.
2676 3255 2867 3311 Widus
2914 3253 3209 3326 monachus
3241 3252 3555 3326 in__Epistola
3584 3253 3651 3306 ad
3685 3252 3843 3307 Heri-

2249 3328 2441 3381 bertum
2471 3324 2921 3398 archiepiscopum
2954 3327 3007 3380 in
3035 3325 3171 3379 libro
3201 3342 3238 3379 ι.
3274 3324 3717 3398 Miscellaneorum
3748 3339 3845 3379 no-

2248 3408 2480 3453 strorum
2523 3396 2652 3470 pag.
2698 3397 2841 3452 412:
2876 3396 3141 3450 Fraterno:
3178 3398 3354 3450 mortis
3386 3396 3574 3470 crimen
3621 3396 3845 3470 incurrit

2247 3470 2492 3593 quisquis,
2523 3466 2639 3523 cum
2659 3478 2817 3540 potest
2834 3509 2846 3529 ,
2880 3471 3089 3538 fratrem
3118 3484 3149 3520 a
3174 3476 3335 3522 morte
3359 3467 3564 3520 minime
3596 3466 3844 3537 defendit.

2249 3545 2366 3593 Anu
2393 3542 2509 3593 eius
2547 3541 2639 3593 lib.
2687 3554 2793 3593 vn.
2827 3538 3329 3593 Metamornhoseon
3370 3555 3383 3591 :
3418 3539 3497 3591 An
3521 3539 3724 3593 ianoras
3755 3554 3842 3592 eos

2249 3538 2509 3622 Apuleius
2547 3541 2639 3595 lib.
2661 3538 2793 3622 Evn,
2827 3538 3329 3622 Metamorpholseon
3370 3539 3497 3622 :.An
3521 3539 3724 3622 ignoras
3755 3554 3842 3621 eos

2249 3609 2401 3665 etiam
2423 3613 2507 3680 qui
2550 3612 2806 3666 morituris
2832 3611 3083 3664 auxilium
3121 3610 3345 3665 salutare
3384 3609 3696 3677 denegarint.
3723 3610 3847 3675 quia

2251 3694 2428 3737 contra
2454 3683 2610 3737 bonos
2630 3698 2791 3736 mores
2813 3681 2866 3735 id
2890 3683 3058 3751 ipsum
3084 3681 3323 3750 fecerint,
3351 3680 3509 3735 solere
3534 3680 3744 3751 puniri?

2327 3753 2545 3808 Horror.
2608 3754 2823 3808 Retinui
2887 3752 3024 3805 hanc
3078 3767 3304 3817 vocem,
3354 3752 3596 3820 quamvis
3665 3751 3845 3821 Angli,

2252 3826 2569 3881 auctoritate
2596 3836 2807 3894 sumpta
2838 3838 2905 3879 ex
2933 3822 3120 3878 codice
3150 3822 3403 3879 Gronovii
3424 3864 3439 3888 ,
3472 3823 3614 3894 illam
3644 3836 3854 3891 expun-

2253 3898 2430 3951 xerint
2459 3907 2513 3951 et
2542 3898 2661 3966 ejus
2699 3893 2816 3950 leco
2845 3894 3158 3966 scripserint
3185 3911 3346 3966 error,
3376 3908 3533 3964 quam
3567 3893 3853 3966 lectionem

2254 3968 2431 4038 reperi
2457 3964 2617 4023 etiam
2663 3967 2715 4021 in
2747 3965 2883 4020 libro
2910 3964 3160 4038 Fuxensi.
3195 3964 3302 4022 Sed
3330 3967 3400 4038 Ain
3439 3964 3688 4038 omnibus
3730 3966 3854 4038 aliis

2254 4036 2522 4109 antiquis.
2548 4038 2639 4108 qui
2665 4047 2786 4093 sunt
2813 4052 3039 4109 numero
3068 4036 3174 4109 duo
3199 4046 3254 4092 et
3292 4036 3476 4109 viginti
3503 4076 3518 4098 ,
3548 4044 3603 4089 et
3629 4036 3680 4090 in
3710 4036 3855 4109 anti-

2256 4110 2375 4179 quis
2386 4106 2718 4165 'editionibus
2739 4108 2997 4178 scriptum
3024 4115 3106 4162 est
3127 4108 3325 4163 horror.
3346 4106 3530 4177 Itaque
3551 4122 3656 4160 non
3682 4106 3855 4162 audeo

2257 4191 2465 4236 mutare
2491 4190 2678 4235 contra
2731 4189 2809 4234 tot
2852 4180 3215 4246 auctoritates,
3255 4182 3550 4249 praesertim
3582 4193 3703 4232 cum
3735 4192 3857 4233 cer-

2258 4260 2369 4305 tuin
2396 4254 2467 4307 sit
2504 4253 2643 4306 hanc
2680 4250 2964 4306 lectionem
3009 4251 3337 4306 constituere
3373 4250 3572 4305 bonum
3612 4262 3852 4304 sensum.

2261 4322 2350 4378 Sic
2377 4322 2516 4392 apud
2543 4322 2857 4378 Ciceronem
2882 4322 2933 4375 in
2950 4328 3195 4394 oratione
3220 4340 3313 4394 pro
3345 4321 3539 4394 Milone
3568 4320 3730 4375 scribi
3761 4318 3860 4375 de-

2260 4394 2388 4449 bere
2414 4391 2641 4464 offerunt
2671 4402 2844 4464 tamen
2866 4394 3057 4446 oratori
3086 4391 3313 4464 horroris
3343 4391 3556 4463 aliquid,
3590 4406 3694 4464 non
3727 4406 3859 4464 vero

2261 4460 2483 4535 terroris,
2512 4465 2763 4520 observat
2791 4463 3075 4535 Dionysius
3101 4460 3435 4535 Lambinusj
3456 4460 3610 4531 Apud
3643 4462 3859 4535 Avitum

2266 4534 2641 4634 Viennensem.
2676 4537 2846 4634 Epist:
2883 4532 2967 4600 vi,
3012 4534 3234 4634 legitur:
3283 4534 3409 4602 Quis
3436 4549 3554 4634 ergo,
3591 4532 3717 4586 mihi
3743 4550 3859 4601 per-

2265 4607 2479 4661 suadere
2498 4616 2705 4660 conetur
2721 4603 2846 4675 post
2872 4603 3330 4675 errores'funerum
3355 4603 3683 4675 sepulchrum
3710 4619 3859 4675 posse

2266 4678 2543 4747 mandari?
2573 4693 2668 4747 pro
2693 4674 2800 4747 quo
2850 4677 3109 4746 scriptum
3156 4685 3239 4731 est
3281 4674 3518 4747 horreres
3552 4675 3616 4747 in
3671 4674 3860 4747 codice

2266 4746 2552 4803 Marnmsii.
2573 4744 2778 4803 Contra
2800 4747 2851 4801 in
2884 4744 3052 4802 libello
3080 4747 3296 4801 Precum
3323 4746 3615 4801 Marcellini
3642 4754 3687 4797 et
3714 4744 3833 4799 Fau
3850 4776 3862 4786 -

2266 4820 2408 4887 stini,
2441 4836 2563 4875 cum
2609 4821 2662 4875 in
2692 4819 2926 4889 editione
2957 4818 3165 4888 vulgata
3188 4818 3394 4889 legatur
3418 4817 3553 4889 quod
3570 4828 3765 4889 moveat
3790 4816 3862 4870 ad

2268 4890 2550 4958 horrorem,
2570 4892 2622 4946 in
2640 4888 2956 4962 quibusdam
2976 4887 3198 4962 velustis
3214 4887 3488 4962 codicibus
3505 4887 3761 4962 scriptum
3778 4896 3866 4942 est

2266 4962 2403 5031 quod
2448 4958 2739 5018 moveat'ab
2783 4977 2970 5015 errore.
3017 4960 3113 5015 Hie
3145 4962 3355 5015 interim
3388 4961 3535 5015 locus
3561 4958 3863 5031 utilis_esse

2265 5028 2462 5102 poterit
2490 5034 2557 5089 ad
2588 5032 2952 5089 emendandos
3000 5031 3205 5087 similes
3241 5047 3455 5088 errores
3499 5030 3587 5087 ubi
3631 5028 3863 5084 defuerit

2264 5106 2555 5160 aueloritas
2578 5114 2818 5160 veterum
2849 5104 3258 5173 exemplarium.

2336 5174 2653 5247 Magisterio.
2710 5175 2891 5231 Prima
2945 5172 3120 5229 fronte
3183 5174 3312 5247 mihi
3371 5172 3656 5230 videbatur
3711 5188 3864 5247 men-

2261 5245 2386 5301 dum
2417 5244 2538 5303 esse
2562 5248 2614 5302 in
2643 5246 2745 5301 hoc
2779 5246 2897 5300 loco
2922 5254 2974 5298 et
3013 5244 3409 5301 emendandum
3440 5247 3512 5299 ita
3541 5258 3663 5300 esse
3694 5253 3752 5299 ut
3780 5244 3865 5299 le-

2258 5329 2473 5389 geretur
2503 5318 2867 5389 magisterium.
2891 5314 3033 5389 gam
3064 5321 3133 5371 ita
3161 5318 3414 5387 scriptum
3430 5316 3549 5389 vidi
3575 5317 3627 5370 in
3652 5314 3864 5370 duobus
3906 5352 3917 5357 -

2259 5386 2494 5460 antiquis
2547 5386 2850 5460 codicibus.»
2891 5386 3086 5460 Verum
3137 5386 3326 5444 omnes
3374 5387 3463 5441 alii
3518 5396 3859 5460 repugnant,

2258 5457 2491 5531 itemque
2518 5474 2707 5515 omnes
2724 5458 3011 5531 editiones.
3036 5459 3274 5531 Denique
3297 5459 3529 5530 penitius
3558 5457 3864 5531 inspicienti

2259 5527 2611 5601 qutd'dicere
2644 5529 2871 5584 voluerit
2913 5527 3211 5601 Cyprianus
3259 5527 3733 5601 persuasummihi
3764 5527 3867 5601 fuit

2260 5598 2409 5673 illum
2431 5602 2719 5673 scripsisse
2736 5598 3051 5673 magisterio,
3087 5601 3158 5657 ita
3205 5598 3473 5657 ut'dicere
3513 5600 3742 5673 voluerit
3767 5598 3863 5673 de-

2261 5671 2445 5729 lectari
2476 5671 2873 5729 multitudinem
2905 5686 3026 5727 cum
3054 5673 3197 5729 videt
3220 5674 3411 5728 mimos
3440 5672 3659 5728 actitare
3695 5671 3867 5740 turpi-

2263 5745 2494 5809 tudines,
2524 5755 2580 5800 et
2620 5743 2909 5815 histriones
2949 5743 3148 5815 ﬂagitia
3180 5753 3589 5814 repraesentare.
3629 5741 3868 5815 ldiqnod

2262 5816 2377 5887 fieri
2416 5817 2491 5875 ait
2540 5813 2913 5891 turpitudinum
2966 5812 3280 5890 magisterio,
3321 5815 3374 5875 id
3423 5824 3526 5883 est,
3570 5812 3870 5887 magisterio
