4222 6288
388 340 494 397 9.09

1829 348 2165 409 EPISTOLA
2202 353 2244 408 l.

3584 359 3693 416 210

381 460 467 516 vel
496 459 620 532 quid
647 460 792 518 domi
815 461 1043 535 gesserit
1074 458 1484 537 recognoscere,
1516 464 1601 523 vel
1634 466 1759 538 quid
1787 480 1976 540 gerere
2002 469 2057 530 A
2080 480 2153 538 et,
2183 470 2521 529 lenocinante
2548 471 2617 528 ad
2640 473 2765 530 vitia
2794 470 3367 546 publicte’auctoritatis
3392 477 3692 551 malo,qute

383 553 551 625 possit
607 554 817 612 audire.
860 554 1196 612 Adulterium
1265 556 1492 613 discitur
1554 559 1681 617 dum
1726 561 1969 630 videtur;

2081 563 2272 635 pudica
2327 565 2555 621 fortasse
2603 565 2672 621 ad
2734 567 3096 640 spectaculum
3163 578 3406 626 matrona
3462 585 3691 643 proces-

1610 676 1853 734 STLPH.
1892 678 2163 737 BALUZII
2198 681 2426 738 NOTAE.

381 793 657 863 impudica:
683 794 827 861 artis,
858 804 916 850 ut
948 796 999 851 in
1022 795 1262 865 Epistola
1281 811 1366 851 ιιι
1381 795 1447 851 ad
1482 795 1834 864 Euchratium,
1866 805 1981 854 arte

380 881 529 940 qute
551 866 821 940 magistra
851 875 934 940 est
965 867 1351 940 turpitudinum
1390 867 1754 923 docendarum
1774 911 1788 933 ,
1840 869 1982 940 quod

379 937 532 991 mimi
587 937 825 1008 magistri
882 939 989 993 sint
1054 937 1503 994 Ostendendarnm
1567 937 1978 1008 turpitudinum.

377 1008 535 1082 plani
562 1019 693 1082 tetas
720 1008 918 1082 lasciva
960 1025 1215 1082 magnam»
1255 1010 1581 1082 voluptatem
1627 1011 1871 1080 capiebat
1907 1027 1977 1067 ex

380 1080 471 1134 illa
502 1078 716 1134 licentia
740 1078 1092 1137 theatrorum.
1124 1079 1254 1136 Inde
1293 1078 1546 1150 estquod
1572 1078 1981 1138 cum'castiores

380 1165 503 1222 esse
536 1159 795 1222 oporteat_
816 1151 970 1206 ludos
999 1162 1275 1222 spectante
1295 1167 1520 1208 censore
1539 1194 1551 1211 .
1578 1161 1634 1207 ut
1663 1154 1738 1206 ait
1764 1153 1980 1209 Flavius

382 1219 646 1291 Vopiscus
676 1222 728 1275 in
756 1219 965 1285 Carino,
1011 1219 1133 1278 cum
1165 1224 1234 1278 Μ.
1267 1223 1491 1279 Porcius
1513 1221 1666 1287 Cato,
1694 1232 1754 1278 ut
1780 1224 1870 1278 lib.
1913 1224 1976 1288 ll,

379 1307 502 1363 cap.
556 1292 628 1349 10
674 1301 897 1349 testatur
946 1293 1194 1349 Valerius
1238 1294 1518 1361 Maximus,
1557 1295 1713 1349 ludos
1765 1294 1981 1350 (lorales

377 1372 671 1435 spectaret,
691 1364 913 1432 populus
931 1373 989 1419 ut
1015 1365 1191 1420 mimae
1218 1364 1547 1421 nudarentur
1568 1366 1838 1435 postulare
1857 1382 1981 1421 eru-

378 1434 515 1499 buit,
546 1445 601 1489 et
627 1450 693 1489 eo
718 1435 1030 1492 discedente
1051 1478 1064 1500 ,
1095 1452 1216 1490 mox
1245 1436 1427 1490 laetitia
1457 1434 1665 1504 publica
1692 1436 1980 1493 subsecuta

379 1515 486 1561 est.
517 1504 574 1561 In
597 1505 956 1563 celebratione
986 1507 1130 1563 enim
1157 1507 1401 1562 ludorum
1429 1507 1715 1574 lioralium,
1745 1517 1802 1562 ut
1823 1508 1982 1563 tradit

380 1575 713 1643 Lactantius,
742 1576 957 1633 feminae
977 1578 1315 1634 nudabantur
1341 1578 1406 1632 ad
1431 1579 1702 1634 lasciviam
1724 1579 1979 1646 iuvenum
2005 1605 2015 1622 ι

378 1646 658 1704 hominum
708 1648 878 1705 oculis
903 1649 1241 1719 explendam.
1287 1648 1439 1716 Quod
1476 1650 1635 1705 etiam
1664 1651 1715 1704 in
1744 1649 1979 1719 Epistola

380 1720 1038 1811 Lxstx_testuttir§eneca.
1075 1721 1208 1777 Hinc
1234 1735 1364 1792 ergo
1387 1721 1685 1776 illustratur
1715 1722 1863 1776 locus
1882 1720 1980 1791 Cy—
2008 1751 2056 1811 Β

379 1791 557 1860 priani
586 1792 746 1859 paulo
772 1792 1073 1848 obscurior.

455 1862 778 1935 Adulterium
821 1863 1054 1935 discitur.
1089 1863 1295 1920 Seneca
1354 1863 1528 1935 Epist.
1584 1880 1659 1919 vu
1688 1881 1701 1916 :
1735 1862 1984 1935 Homines

381 1949 498 1987 cum
528 1934 707 1988 docent
727 1934 953 1989 discunt.
1004 1934 1220 1992 Certum
1250 1944 1332 1991 est
1359 1934 1513 1991 ludos
1556 1935 1772 1990 ﬂoralcs
1822 1934 1983 1989 fuisse

385 2004 542 2075 ludos
568 2005 937 2075 impudentiae,
965 2015 1020 2062 et
1038 2008 1308 2063 licentiam
1333 2007 1646 2063 theatralem
1675 2006 1841 2061 fuisse
1876 2005 1982 2059 im-

382 2074 718 2148 moderatam
748 2086 803 2132 ct
830 2076 1088 2133 inﬁnitam
1128 2078 1267 2148 apud
1300 2078 1591 2140 Romanos,
1646 2078 1841 2131 multas
1873 2077 1983 2131 illic

385 2146 751 2215 turpitudines
780 2148 1116 2215 criminosas,
1150 2146 1346 2204 multas
1378 2151 1428 2203 in
1458 2149 1782 2219 spectaculis
1808 2148 1982 2217 impu-

380 2219 596 2282 ritates,
627 2220 928 2275 utSalviani
953 2222 1131 2277 verbis
1154 2228 1291 2285 utar,
1322 2222 1583 2275 committi
1610 2219 1980 2275 consuevisse.

383 2288 446 2364 in
481 2288 810 2364 theatrorum
836 2292 1215 2364 impudicitiam
1239 2292 1599 2364 sicinvebilur
1625 2290 1983 2346 Tertullianus

385 2360 483 2433 lib.
503 2361 565 2433 de
581 2360 858 2433 Spectact.,
877 2360 925 2416 cI
956 2364 1056 2417 l7:
1088 2364 1338 2418 Similiter
1365 2363 1735 2433 impudicitiam
1759 2378 1978 2424 omnem,

386 2430 580 2501 inquit,
602 2430 1071 2503 antolirijubemur.
1097 2433 1208 2488 Hoc
1226 2435 1381 2506 igitur
1400 2430 1550 2489 modo
1571 2435 1723 2488 etiam
1740 2451 1770 2486 a
1786 2432 1982 2506 theatro

385 2518 704 2577 separantur,
737 2506 875 2577 quod
901 2515 972 2559 est
998 2504 1621 2577 privatumconsistorium
1651 2504 1985 2577 impudicitia:

387 2572 474 2625 ubi
502 2574 632 2628 nihil
654 2572 917 2645 probatur,
962 2572 1115 2645 quam
1161 2577 1295 2645 quod
1325 2577 1446 2630 alibi
1476 2594 1577 2630 non
1604 2572 1867 2647 probatur.
1898 2572 1985 2628 lla

384 2660 589 2698 summa
627 2648 795 2714 gratia
822 2649 935 2714 ejus
969 2647 1031 2700 de
1067 2649 1311 2716 spurcitia
1359 2646 1636 2716 plurimum
1677 2646 1984 2700 concinnata

386 2724 479 2778 est,
513 2732 664 2785 quant
688 2717 952 2770 Atellanus
972 2719 1318 2786 gesticulator,
1348 2735 1498 2785 quam
1525 2719 1709 2770 mimus
1726 2717 1877 2770 etiam
1898 2732 1985 2783 per

385 2786 626 2839 mulieres
655 2797 993 2857 repraesentat
1021 2805 1199 2842 sexum
1257 2789 1464 2857 pudoris
1513 2787 1873 2849 exterminans,
1929 2795 1986 2840 ut

380 2857 599 2929 lucilius
628 2855 765 2910 domi
793 2874 943 2928 quam
973 2860 1027 2912 in
1052 2875 1203 2912 scena
1230 2855 1519 2914 erubescant
1547 2876 1567 2923 ;
1592 2874 1747 2929 quam
1774 2858 1987 2928 denique

387 2926 753 2982 Pantomimus
799 2926 830 2981 a
870 2930 1087 2999 pueritia
1114 2931 1306 2999 patitur
1332 2932 1385 2984 in
1415 2926 1649 2999 corpore,
1692 2937 1747 2982 ut
1799 2926 1986 2998 artifex

386 3013 519 3071 esse,
535 3000 712 3066 possit.
739 2990 1036 3069 Ipsa'etiam
1065 2990 1347 3071 prostibula
1378 2990 1594 3070 publica:
1619 2990 1843 3054 libidinis
1871 2990 1986 3053 hos-

386 3071 473 3148 tiu:
506 3070 559 3122 in
588 3086 736 3123 scena
761 3070 1131 3148 proferuntur,‘
1152 3073 1267 3148 plus
1297 3073 1494 3126 misera:
1531 3072 1582 3125 in
1611 3073 1880 3148 prazsentia
1908 3073 1985 3148 fe-

2087 801 2421 877 rescindendo
2449 804 2764 877 testationem
2812 804 2961 875 ejus?
2989 804 3260 877 Numquid
3304 822 3424 877 ergo
3461 818 3689 877 superest

2088 880 2141 948 ut
2168 872 2231 925 ab
2257 873 2383 948 ipsi}
2402 872 2933 948 ethnicisrespousum
2980 872 3311 948 ﬂagitémus?
3338 872 3380 932 Ῐ
3375 879 3434 933 lli
3456 872 3561 945 iam
3590 897 3685 933 no-

2088 891 2141 923 ut
2168 891 2231 925 aa
2257 891 2383 996 ιρδῖ
2402 891 2614 929 etumcts
2637 891 2933 944 responsum
2980 891 3311 948 ﬂagitamus?
3338 891 3432 933 lllt
3456 896 3561 945 1am
3590 897 3685 933 no-

2086 941 2160 996 bis
2181 959 2340 997 renun
2365 945 2486 1007 ient,
2516 961 2582 999 an
2613 946 2759 999 liceat
2788 946 3090 1002 Christianis
3132 951 3418 1014 spectaculo
3462 950 3557 1003 uti.
3595 953 3693 1004 At-

2084 1014 2171 1082 qui
2197 1014 2313 1090 hinc
2341 1016 2418 1069 vel
2457 1016 2677 1090 maxime
2706 1017 2995 1090 intelligunt
3020 1023 3210 1090 factum
3256 1020 3587 1074 christianum
3626 1024 3694 1077 de

2085 1085 2298 1163 repudio
2324 1088 2748 1163 spectaculorum.
2771 1085 2956 1163 itaque
2981 1085 3133 1160 negat
3154 1091 3420 1157 manifeste
3455 1093 3562 1163 qui,
3594 1111 3688 1163 per

2084 1156 2220 1232 quod
2238 1158 2734 1232 agnoscitrur,‘to_l_lit.
2759 1158 2896 1226 Quid
2916 1156 3085 1214 autem
3121 1163 3229 1231 spei
3249 1156 3478 1232 superest
3510 1164 3562 1218 in
3593 1156 3691 1219 hu-

2074 1228 2307 1300 jusmodi
2334 1229 2575 1284 homine?
2616 1227 2777 1283 Nemo
2801 1231 2855 1283 in
2898 1241 3065 1286 castra
3090 1227 3538 1300 hostium'transit,
3588 1237 3692 1290 nisi

2086 1299 2325 1375 projeclis
2352 1301 2510 1375 armis
2532 1300 2661 1375 suis,
2691 1300 2791 1354 nisi
2820 1301 3075 1375 destitutis
3099 1304 3259 1375 signis
3287 1314 3332 1358 et
3351 1299 3691 1360 sacramentis

2088 1369 2336 1442 principis
2364 1373 2462 1434 sui,
2490 1372 2587 1426 nisi
2612 1380 2790 1441 pactus
2817 1374 2973 1428 simul
3002 1369 3185 1442 perire.
3224 1383 3303 1429 An
3329 1375 3420 1429 ille
3442 1378 3693 1442 recogita-

2084 1440 2152 1512 v_it
2190 1457 2247 1494 eo
2269 1450 2491 1509 tempore
2511 1443 2574 1496 de
2603 1442 2732 1506 Deo,
2761 1445 2957 1512 positus
2978 1440 3086 1500 illic
3116 1445 3201 1500 ubi
3217 1446 3345 1500 nihil
3365 1456 3436 1501 est
3458 1447 3521 1500 de
3548 1440 3690 1502 Deo?

2089 1507 2300 1590 Pacem,
2331 1507 2532 1590 opinor,
2562 1507 2830 1590 habebit'in
2843 1516 3014 1590 animo
3036 1518 3342 1590 contendens
3359 1534 3452 1586 pro
3477 1519 3683 1590 auriga,

2088 1582 2387 1648 pudicitiam
2412 1584 2616 1649 ediscet,
2648 1585 2888 1639 attonitus
2930 1587 2986 1639 in
3035 1589 3237 1643 mimos.
3272 1582 3439 1642 Immo
3467 1588 3520 1641 in
3548 1582 3688 1642 omni

2085 1654 2377 1730 spectaculo
2404 1654 2786 1730 nullummagis
2815 1656 3118 1730 scandalum
3141 1668 3389 1730 occurret,
3411 1675 3566 1728 quam
3577 1661 3688 1730 ipse

2084 1722 2172 1776 ille
2198 1725 2464 1798 mulierum
2490 1734 2537 1778 et
2571 1722 2795 1798 virorum
2819 1729 3107 1781 accuratior
3162 1729 3331 1782 cultus
3356 1722 3384 1783 τ’
3405 1722 3521 1798 ipsa
3564 1722 3687 1784 con-

2084 1794 2270 1869 sensio,
2302 1796 2415 1869 ipsa
2444 1797 2499 1849 in
2529 1797 2793 1869 favoribus
2813 1805 2909 1869 aut
2934 1800 3242 1869 conspiratio
3271 1809 3357 1852 aut
3391 1794 3637 1855 dissensio
3666 1845 3683 1866 ,

2083 1865 2214 1939 inter
2240 1866 2385 1939 sede
2405 1865 2701 1922 commercio
2723 1868 2971 1939 scintillas
3001 1865 3268 1923 libidinum
3296 1869 3683 1939 conﬂabellant.

2085 1934 2254 2011 Nemo
2281 1936 2494 2011 denique
2518 1938 2889 2011 in_spectaculo
2914 1939 3137 1993 ineundo
3177 1940 3321 2011 prius
3340 1934 3548 2011 cogitat.
3583 1944 3686 1996 nisi

2084 2007 2317 2083 videriet
2338 2009 2522 2083 videre.
2555 2007 2660 2083 Sed
2689 2009 2916 2079 tragoedo
2940 2007 3250 2083 vociferante
3291 2007 3686 2083 exclamationes

2083 2078 2175 2132 ille
2200 2079 2430 2149 alicujus
2460 2077 2737 2146 Propheta:
2761 2077 3072 2135 retractabit}
3105 2080 3251 2136 Inter
3292 2081 3685 2148 cﬂ‘cminationis

2085 2148 2263 2204 modos
2292 2148 2558 2203 Psalmum
2587 2167 2756 2206 secum
2780 2153 3208 2217 comminiscetur,
3247 2163 3294 2207 et
3323 2169 3441 2207 cum
3481 2155 3687 2208 athleta:

2084 2221 2375 2294 agent,rille
2394 2222 2626 2294 dicturus
2655 2231 2726 2276 est
2771 2223 3210 2294 repercutiendum
3234 2240 3336 2278 non
3365 2240 3509 2289 esse;
3541 2236 3689 2293 pote-

2084 2293 2151 2345 rit
2176 2301 2221 2346 et
2243 2293 2305 2346 de
2333 2292 2679 2347 misericordia
2701 2292 2888 2347 moveri
2910 2292 3108 2362 defixus
3125 2296 3178 2349 in
3197 2310 3395 2349 morsus
3419 2292 3685 2360 ursorum,

2083 2372 2131 2415 et
2168 2364 2408 2434 spongias
2436 2364 2776 2419 retiariorum.
2804 2364 3007 2418 Avertat
3035 2365 3172 2420 Deus
3195 2383 3228 2420 a
3251 2368 3354 2420 suis
3376 2376 3569 2419 tantam
3590 2382 3684 2419 vo-

2085 2434 2294 2498 luptatis
2314 2435 2540 2489 exitiosa:
2588 2435 2938 2504 cupiditatem.
2970 2436 3136 2504 Quale
3164 2447 3236 2491 est
3291 2437 3424 2491 enim
3473 2438 3535 2490 de
3577 2436 3681 2489 Ec-

2084 2506 2237 2559 clesia
2268 2505 2362 2560 Dei
2390 2506 2443 2559 in
2474 2505 2664 2560 diaboli
2687 2506 2950 2561 ecclesiam
2974 2507 3211 2563 tendere?
3253 2508 3317 2562 de
3357 2508 3502 2566 ccclo.
3546 2508 3684 2569 quod

2085 2576 2249 2649 aiunt,
2282 2578 2335 2630 in
2361 2578 2596 2649 canunt?
2620 2577 2737 2649 illas
2754 2593 2935 2631 manus
2957 2595 3081 2649 quas
3100 2579 3169 2632 ad
3216 2579 3492 2633 Dominum
3531 2588 3684 2631 extu-

2087 2647 2241 2721 leris,
2259 2648 2580 2721 postmodum
2606 2648 2865 2702 laudando
2878 2647 3180 2721 histrionem
3212 2650 3471 2721 fatigare?
3500 2665 3564 2703 ex
3582 2663 3686 2721 more

2085 2733 2185 2791 quo
2204 2718 2367 2791 Amen
2382 2720 2435 2773 in
2458 2720 3005 2791 sanctuntprotuleris,
3035 2718 3325 2791 gladiatori
3335 2720 3682 2791 testimonium

2085 2786 2316 2853 reddere,
2339 2794 2423 2850 Εὶς
2440 2795 2615 2853 αἰῶνας
2644 2789 2734 2844 alii
2759 2791 2962 2845 omnino
2987 2786 3155 2846 dicere
3180 2792 3279 2846 nisi
3305 2791 3412 2845 Deo
3443 2790 3686 2845 Christo?

2089 2857 2180 2912 Sic
2223 2860 2384 2914 etiam
2430 2860 2669 2933 Cyrillus
2728 2860 3246 2933 Hierosolymitanus
3303 2862 3357 2915 in
3418 2862 3683 2933 Catcches.

2088 2939 2305 2999 mystag.
2334 2946 2386 2996 ι,
2418 2930 2575 2985 docet
2612 2930 2946 2986 Christianos
2974 2930 3297 3001 spectaculis
3321 2930 3682 3001 renuntiasse.

2088 3013 2210 3072 c_um
2270 3001 2322 3054 in
2388 3001 2663 3072 Baptismo
2738 3001 2948 3071 pompis
3010 3000 3215 3056 diaboli
3281 3000 3680 3072 renuntiarunt.

2093 3068 2483 3152 Postea-dicis,’
2508 3072 2700 3152 inquit,
2740 3068 3212 3152 transirent”:
3242 3086 3431 3127 unus.
3481 3070 3686 3152 Pompa

386 3141 663 3205 minarum,
706 3136 886 3212 quibus
916 3143 1036 3197 solis
1069 3136 1309 3207 latebant,
1344 3159 1530 3212 perque
1588 3136 1752 3196 omnis
1798 3136 1983 3207 celatis,
2013 3136 2059 3199 C
2090 3156 2207 3196 vero
2236 3142 2446 3203 diaboli.
2479 3136 2787 3197 theatrorum
2838 3143 3071 3207 insaniae,
3117 3159 3359 3211 equorum
3408 3158 3585 3197 cursus
3618 3136 3686 3196 'in

389 3212 555 3266 omnis
584 3212 847 3282 dignitatis
874 3229 965 3266 ora
1003 3213 1426 3277 transducuntur,
1457 3214 1616 3281 locus,
1657 3214 1833 3281 stipes,
1882 3213 1988 3266 elo-

390 3284 551 3356 gium,
570 3285 728 3356 etiam
747 3284 925 3353 quibus
952 3301 1080 3356 opus
1107 3301 1208 3338 non
1234 3295 1327 3351 est,
1359 3285 1681 3355 praedicatur.
1720 3283 1881 3356 Taceo
1923 3284 1987 3338 de

393 3354 624 3423 reliquis,
654 3371 712 3409 ea
743 3372 855 3425 qua:
879 3356 929 3409 in
961 3354 1174 3409 tenebris
1201 3366 1248 3410 et
1280 3356 1534 3425 speluncis
1561 3356 1668 3409 suis
1693 3355 1987 3409 delitescere

388 3424 613 3491 decebat,
663 3444 727 3481 ne
757 3423 911 3480 diem
960 3423 1381 3482 contaminarent.
1437 3423 1707 3480 Erubescat
1758 3436 1983 3493 senatus,

390 3496 680 3551 erubescant
706 3498 909 3552 ordines
938 3515 1129 3553 omnes.
1174 3497 1313 3568 [pste
1353 3498 1461 3552 illa:
1495 3496 1705 3568 pudoris
1732 3498 1813 3551 sui
1852 3498 1984 3550 inte-

389 3569 683 3635 remptrices
719 3569 780 3622 de
819 3570 1036 3640 gestibus
1064 3570 1170 3624 suis
1192 3567 1260 3623 ad
1293 3570 1455 3624 lucem
1481 3578 1527 3623 et
1550 3567 1796 3640 populum
1824 3585 1985 3638 expa-

392 3648 640 3693 vescentes
682 3638 833 3694 semel
881 3656 1015 3695 anno
1042 3640 1355 3695 erubescunt.
1386 3639 1536 3705 Quod
1565 3638 1609 3694 si
1654 3639 1798 3693 nobis
1822 3640 1987 3694 omnis

390 3709 712 3778 impudicitia
730 3712 1013 3766 execranda
1042 3721 1135 3775 est,
1168 3728 1259 3765 cur
1308 3709 1455 3765 liceat
1498 3710 1678 3764 audire
1710 3726 1826 3781 qua:
1849 3710 1989 3779 loqui

391 3795 495 3834 non
517 3781 676 3835 licet?
698 3781 822 3837 Cum
847 3783 996 3835 etiam
1027 3783 1385 3835 scurrilitatem
1407 3791 1455 3836 et
1484 3797 1631 3835 onme
1658 3797 1845 3834 vanum
1872 3797 1986 3835 ver-

391 3851 510 3906 bum
538 3852 820 3917 iudicatum
855 3871 887 3906 a
915 3852 1024 3906 Deo
1056 3854 1296 3917 sciamus,
1342 3869 1432 3906 cur
1479 3868 1621 3919 atque
1645 3853 1792 3907 liceat
1820 3852 1990 3906 videre

390 3938 504 3996 quae
533 3924 702 3993 facere
719 3925 973 3996 ﬂagitium
994 3924 1109 3978 est?
1138 3924 1332 3979 lnsitus
1360 3934 1479 3996 erat
1505 3923 1842 3977 ethnicorum
1858 3925 1991 3996 “ani-

392 3994 497 4048 mis
522 4002 701 4049 tactus
733 3994 886 4050 amor
929 3994 1279 4060 theatrorum,
1328 4002 1386 4049 ut
1430 3994 1628 4064 plures,
1674 4000 1811 4049 teste
1852 3994 1987 4049 Ter-

393 4064 640 4132 tulliano,
670 4082 699 4119 a
727 4065 1153 4122 Christianorum
1191 4077 1334 4121 seeta
1364 4066 1533 4127 mauis
1562 4065 1853 4135 periculum
1889 4080 1989 4119 vo—

394 4135 634 4207 luptatis,
697 4152 858 4207 quam
926 4139 1048 4191 vita:
1102 4148 1372 4191 avocaret.
1433 4135 1543 4191 Nec
1603 4136 1825 4190 deerant
1898 4135 1988 4207 qui

393 4205 729 4278 Christianos
748 4210 1148 4277 existimarent,
1196 4208 1487 4278 expeditum
1529 4208 1677 4260 morti
1698 4223 1856 4278 genus
1879 4248 1895 4272 ,
1922 4205 1990 4259 ad

396 4277 527 4332 hanc
556 4278 939 4334 obstinationem
964 4277 1281 4333 abdicatione
1305 4279 1620 4347 voluptatum
1649 4277 1859 4341 erudiri,
1891 4293 1989 4347 quo

392 4350 600 4417 [acilius
626 4352 777 4405 vitam
807 4360 1150 4414 contemnant,
1188 4351 1464 4416 amputatis
1507 4349 1653 4419 quasi
1695 4348 1991 4402 retinaculis

394 4423 508 4491 ejus
539 4420 724 4490 (lbid.,
757 4438 875 4492 cap.
903 4424 928 4476 l
959 4430 1013 4477 et
1034 4421 1116 4492 9.).
1160 4420 1415 4489 Quamvis
1449 4433 1625 4492 autem
1653 4420 1991 4492 imper-missa

395 4490 914 4585 essentChristia'u‘is
959 4490 1284 4585 spectacula,
1341 4506 1443 4585 neq
1480 4490 1650 4585 ‘hujus
1699 4490 1992 4585 Religionis
2018 4525 2072 4585 Β

398 4561 572 4617 hacin
596 4579 654 4617 re
677 4566 939 4620 severitas
968 4561 1215 4620 ethnicos
1236 4565 1381 4633 ipsos
1423 4562 1645 4619 lateret:
1687 4561 1995 4633 residebant

400 4642 576 4689 tamen
610 4635 879 4690 interdum
902 4638 952 4689 in
982 4631 1600 4690 nonnullis'Christianis
1642 4631 1801 4702 hujus
1841 4633 1990 4699 vitii,

399 4704 452 4759 id
474 4714 577 4770 est,
607 4709 1033 4775 spectaculorum
1066 4706 1287 4772 amoris,
1310 4704 1476 4760 veluti
1496 4704 1741 4774 quaedam
1758 4704 1908 4759 librae
1939 4705 1993 4758 in

401 4777 596 4845 quibus
625 4778 919 4834 evellendis
951 4793 1056 4832 non
1086 4778 1326 4848 segniter
1354 4777 1536 4848 Sancti
1586 4775 1996 4848 Patreselabo-

400 4857 607 4904 rarunt.
631 4848 775 4903 Inter
801 4850 1065 4904 rationum
1089 4846 1382 4912 momenta,
1407 4847 1599 4916 quibus
1618 4847 1692 4901 uti
1720 4846 1994 4911 solebant,

398 4918 611 4990 videtur
666 4920 794 4975 illutl
848 4920 1196 4976 memorabile
1225 4920 1369 4990 quod
1419 4933 1486 4973 ex
1546 4917 1997 4989 promissionibus

398 4988 655 5060 Baptismi
685 4990 974 5059 ducebant,
1019 4999 1162 5045 utex
1216 4988 1426 5046 duobus
1468 4988 1825 5058 locupletibus
1853 4990 2002 5043 testi-

399 5060 501 5115 bus
528 5063 759 5131 perspici
790 5071 986 5132 potest,
1018 5062 1351 5117 'l‘ertulliano
1371 5072 1424 5116 et
1452 5060 1653 5132 Cyrillo
1691 5060 2001 5132 Hierosoly-

397 5135 624 5199 mitano,
658 5130 888 5204 Quorum
918 5136 1119 5203 primus
1142 5136 1219 5188 sic
1240 5134 1473 5204 loquitur
1501 5130 1555 5186 in
1585 5131 1721 5185 libro
1750 5132 1815 5204 de
1853 5130 1999 5198 Bap-

399 5204 551 5257 tismo
579 5202 699 5272 cap.
732 5202 834 5258 24:
867 5202 1000 5271 Quot
1030 5205 1199 5258 adlmc
1225 5202 1387 5259 modis
1416 5204 1784 5274 perorabimus,
1805 5202 1998 5274 inquit,

398 5274 617 5328 nihilex
646 5275 726 5329 his
750 5292 867 5345 qua:
908 5276 1211 5346 spectaculis
1249 5272 1577 5346 deputantur,
1620 5275 1863 5346 placitum
1884 5272 2003 5346 Deo

398 5360 528 5410 esse,
560 5355 650 5399 aut
677 5344 962 5414 congruens
986 5345 1081 5399 Dei
1103 5348 1279 5411 servis,
1317 5344 1463 5415 quod
1512 5344 1728 5399 Domino
1760 5345 2004 5412 placitum

401 5433 503 5470 non
532 5418 628 5483 sit,
656 5418 697 5470 si
723 5420 894 5471 omnia
925 5428 1131 5487 prapler
1156 5417 1412 5471 diabolum
1434 5417 1683 5480 instituta,
1729 5426 1774 5469 et
1800 5431 1863 5469 ex
1887 5416 2003 5468 dia-

401 5488 504 5542 boli
530 5489 677 5542 rebus
708 5486 956 5543 instructa
980 5490 1369 5541 monstravimus
1397 5488 1421 5540 ?
1447 5488 1572 5541 nihil
1603 5489 1734 5540 enim
1760 5503 1861 5541 non
1893 5486 2007 5539 dia-

401 5559 506 5612 boli
532 5570 624 5626 est,
652 5560 905 5628 quidquid
931 5557 1029 5612 Dei
1060 5573 1161 5611 non
1189 5567 1280 5623 est,
1308 5558 1386 5611 vel
1422 5558 1529 5612 Deo
1559 5558 1793 5628 displicet
1844 5573 1861 5611 :
1915 5558 2008 5610 hoc

404 5630 503 5684 erit
534 5647 721 5700 pompa
769 5631 984 5695 diaboli,
1012 5631 1252 5683 adversus
1293 5646 1444 5697 quant
1491 5630 1545 5682 in
1595 5629 1858 5700 signaculo
1888 5628 2011 5697 fidei

404 5701 682 5770 ejeramus.
736 5701 887 5768 Quod
923 5712 1095 5755 autem
1140 5700 1413 5769 ejeramus,
1454 5717 1612 5770 neque
1656 5702 1811 5768 facta,
1852 5715 2011 5770 neque

404 5769 569 5842 dicto,
600 5789 756 5842 neque
776 5775 906 5839 visu,
926 5787 1087 5840 neque
1114 5780 1384 5842 prospectu
1420 5769 1731 5842 participare
1777 5769 2011 5842 debemus

404 5840 872 5900 Cteterum'nonne
897 5840 1148 5916 ejeramus
1199 5851 1247 5898 et
1298 5840 1631 5897 rescindimus
1672 5840 2009 5912 signaculum,

2092 3212 2463 3282 hippodromis,
2516 3215 2803 3268 venationes
2839 3214 2894 3268 in
2918 3214 3073 3281 circo,
3105 3223 3151 3268 et
3197 3213 3395 3284 reliqua
3438 3214 3683 3279 huiusce-

2090 3285 2229 3338 modi
2252 3286 2469 3350 vanitas,
2499 3285 2564 3339 de
2588 3301 2689 3354 qua
2715 3285 2917 3339 liberari
2942 3301 2995 3340 se
3033 3284 3296 3353 postulans
3338 3294 3545 3338 sanctus
3573 3284 3680 3337 Deo
3765 3316 3777 3327 ι

2090 3355 2263 3409 dicit:
2299 3359 2494 3410 Averte
2536 3353 2723 3410 oculos
2778 3369 2950 3418 meos,
3004 3372 3072 3410 ne
3115 3353 3331 3410 videant
3392 3356 3683 3409 vanitatem

2092 3424 2264 3496 (Psal.
2296 3442 2475 3492 cxvrn,
2507 3427 2622 3494 57).
2657 3424 2739 3479 Ne
2764 3427 2852 3479 tibi
2872 3427 3040 3480 studio
3068 3435 3114 3480 et
3140 3426 3282 3479 cordi
3306 3426 3684 3481 sit'theatriin-

2089 3498 2255 3560 sauia,
2284 3498 2371 3551 ubi
2390 3498 2676 3566 conspicias
2696 3498 2965 3550 mimorum
2994 3498 3299 3567 petulantias
3328 3498 3467 3551 omni
3500 3505 3682 3551 contu-

2089 3568 2243 3621 melia
2272 3578 2317 3623 et
2347 3568 2591 3623 dedecore
2617 3568 2955 3633 abundantes,
2983 3566 3131 3638 atque
3165 3566 3573 3638 eﬂ‘eminatorum
3605 3567 3684 3619 ri-

2090 3655 2263 3711 rorum
2309 3641 2498 3711 furoris
2538 3651 2586 3693 et
2634 3635 3092 3711 amentiteplenas
3142 3638 3459 3711 saltationes.
3501 3635 3688 3711 Neque

2091 3709 2183 3763 illa
2224 3708 2398 3764 eorum
2444 3712 2531 3779 qui
2567 3711 2621 3764 in
2675 3709 2980 3763 circensibus
3030 3708 3381 3762 venationibus
3416 3722 3524 3762 sese
3562 3708 3684 3775 feris

2092 3790 2371 3851 exponunt,
2400 3789 2454 3833 ut
2477 3782 2733 3849 infelicem
2760 3779 2931 3833 alvum
2958 3779 3316 3842 demulceam;
3343 3779 3440 3851 qui
3476 3785 3687 3851 utveno

2094 3848 2220 3904 trem
2260 3852 2511 3905 alimentis
2537 3848 2811 3915 deliniant,
2840 3851 2939 3920 ipsi
2969 3865 3144 3903 revera
3192 3848 3379 3920 ventris
3411 3848 3685 3902 immitium

2093 3921 2317 3990 ferarum
2362 3921 2602 3990 pabulum
2648 3921 2811 3989 fiunt:
2843 3918 2992 3989 atque
3021 3931 3075 3974 ut
3101 3920 3284 3974 rectius
3344 3918 3533 3982 dicam,
3559 3928 3686 3987 apro

2093 4001 2264 4045 ventre
2289 4008 2436 4061 quem
2463 4008 2618 4045 unum
2643 3990 2810 4044 Deum
2834 4000 3099 4054 noverunt,
3133 3991 3398 4061 propriam
3438 3991 3591 4061 vitam
3630 3991 3686 4043 in

2094 4060 2431 4133 prmcipitium
2464 4062 2807 4133 singularibus
2844 4063 3201 4117 certaminibus
3234 4060 3501 4132 objiciunt.
3538 4060 3687 4131 Fuge

2094 4134 2245 4187 etiam
2274 4150 2515 4203 equorum
2539 4134 2810 4200 curricula,
2841 4133 2978 4203 quod
2998 4150 3208 4203 prorsus
3228 4133 3467 4188 insanum
3497 4142 3568 4187 est
3594 4149 3686 4184 sn-

2094 4205 2339 4275 pinasque
2363 4206 2561 4259 animas
2599 4205 2771 4276 dejicit
2801 4205 3165 4273 spectaculum.
3195 4203 3323 4276 Haec
3347 4205 3481 4276 enim
3516 4204 3689 4257 omnia

2095 4274 2287 4347 diaboli
2310 4292 2512 4347 pompa;
2545 4274 2784 4330 existunt.
2816 4275 2924 4331 Nec
2948 4274 3244 4347 omittenda
3281 4290 3401 4347 quae
3438 4274 3690 4347 leguntur

2096 4346 2148 4418 i_n
2172 4344 2319 4401 libro'
2337 4348 2400 4401 de
2430 4344 2768 4416 Spectaculis,
2800 4347 2891 4417 qui
2918 4346 2974 4403 S.
3002 4345 3274 4418 Cypriano
3304 4344 3683 4418 adscribitur;

2096 4416 2205 4472 Sed
2231 4428 2285 4471 ut
2310 4423 2372 4473 de
2400 4415 2496 4472 hoc
2515 4434 2677 4474 scema
2712 4415 3101 4488 inquinamento
3126 4417 3460 4488 inuerecunda
3500 4415 3693 4467 transi-

2100 4498 2206 4543 tum
2229 4490 2450 4561 faciant,
2478 4490 2651 4561 inquit
2694 4486 2880 4544 auctor
2908 4505 2962 4559 p.
2995 4487 3132 4543 δάιε
3168 4486 3335 4561 Ριιάει
3362 4488 3553 4555 referre
3576 4499 3691 4553 qua:

2099 4557 2359 4629 dicuntur,
2390 4557 2723 4629 pudel‘etiam
2749 4557 2989 4613 accusare
3006 4572 3122 4681 quae
3159 4557 3308 4625 ﬁunt,
3360 4564 3691 4626 argumento-

2099 4648 2211 4681 rum
2239 4632 2499 4681 stronhas.
2540 4631 2890 4681 adulterorum
2933 4628 3007 4681 [αι
3029 4628 3190 4681 acias.
3223 4625 3494 4679 mulierum
3520 4627 3691 4681 imau—

2098 4648 2211 4686 rum
2239 4625 2499 4698 strophas,
2540 4631 2890 4685 adulterorum
2931 4625 3190 4698 fallacias,
3223 4625 3494 4679 mulierum
3520 4627 3692 4695 impu-

2099 4704 2320 4767 dicitiae,
2354 4702 2563 4757 scuriles
2578 4704 2748 4772 jocos,
2772 4701 3022 4772 parasitos
3044 4697 3301 4772 sordidos,
3327 4698 3693 4772 ipsosquoque

2101 4774 2494 4844 patresfamilias
2526 4768 2739 4844 togatos
2773 4768 3202 4844 modostupidos,
3253 4768 3403 4844 modo
3428 4768 3691 4844 obscenos,

2102 4836 2153 4899 in
2184 4836 2415 4898 omnibus
2435 4836 2667 4907 stolidos,
2699 4843 2751 4895 in
2783 4836 3428 4895 ontnibus'inverecundos.
3458 4836 3528 4892 Et
3577 4854 3697 4891 cum

2102 4917 2230 4969 nulli
2261 4917 2522 4970 hominum
2550 4921 2636 4965 aut
2664 4913 2836 4983 generi
2856 4920 2943 4965 aut
2983 4911 3311 4983 professioni
3334 4910 3398 4964 ab
3437 4910 3698 4983 improba-3

2102 5004 2218 5041 rum
2244 4988 2456 5041 istorum
2504 4981 2734 5037 sermone
2762 4992 3022 5054 parcatur,
3057 4981 3118 5036 ab
3155 4981 3384 5054 omnibus
3423 4990 3590 5054 tamen
3628 4981 3699 5033 ad

2104 5060 2448 5125 spectaculum
2500 5050 2812 5110 convenitur.
2868 5052 3145 5109 Commune
3195 5052 3413 5125 dedecus
3460 5050 3695 5125 delectat,

2105 5123 2274 5182 videre
2292 5126 2371 5182 vel
2388 5142 2745 5197 recognoscere
2769 5127 2871 5180 otia
2887 5127 2964 5181 vel
2991 5125 3215 5197 discere.
3236 5123 3564 5197 Concurritur
3592 5123 3699 5175 illic

2106 5200 2174 5252 ad
2218 5198 2461 5270 pudorem
2506 5194 2765 5268 publicum
2813 5197 3098 5270 lupanaris,
3149 5196 3217 5250 ad
3236 5194 3555 5249 obscenitatis
3586 5209 3703 5270 nut-

2108 5265 2388 5341 gistérium,
2417 5285 2480 5341 ne
2505 5265 2629 5339 quid
2653 5278 2843 5323 secreto
2870 5265 3252 5341 minus'agatun
3269 5277 3421 5336 quam
3458 5265 3595 5341 quod
3648 5265 3703 5341 iu

2110 5334 2309 5410 publica
2339 5334 2587 5405 discitur;
2635 5350 2681 5393 et
2710 5341 2840 5393 inter
2860 5341 2997 5408 ipsas
3039 5334 3172 5410 leges
3206 5334 3424 5410 docetur
3456 5334 3703 5410 quidquid

2112 5405 2301 5483 legibus
2330 5410 2670 5466 interdicitur.
2706 5410 2841 5483 Quid
2879 5405 3017 5463 inter
3057 5405 3163 5483 hinc
3191 5405 3511 5483 Christiunus
3535 5405 3707 5474 ﬁdelis

2110 5476 2259 5553 facit,
2293 5484 2376 5536 cui
2408 5483 2533 5536 vitia
2562 5497 2663 5553 non
2695 5476 2808 5536 licet
2851 5496 2941 5553 nec
2988 5478 3231 5553 cogitare,
3276 5478 3400 5542 quid
3426 5476 3708 5553 oblectatur

2111 5544 2401 5610 simulacris
2418 5552 2662 5614 libidinis,
2681 5560 2737 5605 ut
2760 5553 2812 5604 in
2837 5551 2963 5621 ipsis
2981 5544 3215 5621 deposita
3226 5547 3527 5621 verecundia
3541 5544 3708 5621 auda-

2115 5626 2315 5694 cior/int
2333 5624 2401 5677 ad
2416 5622 2826 5677 crimina?Discil
2840 5616 2886 5676 et
2901 5616 3068 5691 facere
3081 5620 3204 5694 dum
3221 5618 3500 5694 consuescit
3514 5616 3729 5694 viduis;

2188 5682 2447 5750 Matrona.
2502 5693 2689 5749 Mulier
2729 5709 2849 5762 qua:
2896 5682 2949 5746 in
2996 5691 3395 5746 matrimonium
3433 5682 3719 5814 mw

2188 5768 2389 5814 nvenit-
2424 5775 2483 5814 ut
2519 5766 2594 5814 ait
2615 5767 2680 5814 A.
2708 5763 2937 5814 Gellius.
2969 5763 3067 5814 sed
3099 5764 3151 5814 in
3187 5761 3373 5814 primis
3408 5773 3483 5814 no

2116 5768 2390 5832 convenit,
2424 5775 2483 5820 ut
2519 5766 2680 5820 aitA.
2708 5761 2937 5831 Gellius,
2969 5763 3067 5819 sed
3099 5764 3151 5819 in
3187 5761 3373 5833 primis
3395 5773 3483 5833 tto

2118 5839 2276 5912 primi
2305 5829 2530 5906 ordinis,
2549 5850 2654 5893 non
2683 5851 2716 5893 e
2740 5829 2929 5909 plebe.
2950 5833 3102 5895 Unde
3140 5829 3205 5896 in'
3228 5832 3364 5891 libro
3394 5829 3522 5895 Tert
