4250 6282
536 354 643 419 211

1938 354 2079 414 om
2115 354 2438 441 nveniam
2492 412 2501 422 .
2533 390 2538 395 -

3713 364 3719 371 ’
3743 361 3862 427 212

535 483 721 546 serat,
786 472 855 532 de
891 470 1198 547 spectaculo
1255 470 1542 531 revertitur
1603 470 1893 545 impudica.
1946 470 2137 530 Adhuc
2162 472 2218 536 Α
2241 486 2369 531 suos
2411 481 2438 520 ε
2488 485 2624 544 quos
2679 479 3005 532 venerantur
3037 472 3317 533 imitantur
3340 515 3358 547 ,
3399 475 3538 536 fiunt
3564 476 3780 539 miseris
3800 489 3858 539 et

536 567 760 638 deinde,
775 581 983 623 morum
1004 563 1380 637 quantalabes,
1402 580 1521 637 qua:
1537 564 1856 637 probrorum
1872 562 2133 634 fomenta,

538 681 665 739 quae
714 663 965 720 alimenta
994 670 1020 700 ιι
1050 661 1331 730 vitiorum,
1380 661 1712 718 histrionicis
1764 661 2003 734 gestibus
2046 663 2135 718 in-

537 757 771 830 quinari,
827 755 1010 811 videre
1062 763 1250 811 contra
1297 753 1471 811 foedus
1538 756 1733 827 jusque
1780 754 2037 811 nascendi
2102 754 2131 795 ι’

516 848 857 935 ‘patientiam
883 847 1103 905 incestae
1130 846 1475 918 turpitudinis
1497 846 1855 903 elaboratam!
1897 846 2129 903 Evirau-

542 953 633 999 tur
676 953 885 1006 mares,
947 940 1119 996 honor
1170 938 1347 997 omnis
1384 946 1439 995 et
1481 938 1633 1010 vigor
1686 954 1846 994 sexus
1893 940 2134 996 enervati

542 1036 792 1109 corporis
818 1034 1083 1092 dedecore
1108 1034 1368 1105 mollitur,
1396 1035 1621 1105 plusque
1651 1033 1761 1090 illic
1788 1033 1962 1103 placet
1990 1034 2136 1105 quis-

544 1130 670 1203 quis
712 1129 885 1185 virum
935 1128 991 1184 in
1018 1127 1274 1184 feminam
1316 1127 1487 1197 magis
1541 1125 1782 1197 fregerit.
1833 1126 1893 1181 ln
1923 1126 2136 1183 laudem

535 1222 738 1280 crescit
810 1232 833 1261 ο
866 1237 933 1278 ex
975 1222 1231 1289 crimine,
1286 1230 1340 1278 et
1402 1221 1626 1292 peritior
1673 1217 1702 1258 ἀ
1770 1235 1876 1293 quo
1932 1220 2139 1293 turpior

536 1314 827 1389 judicatur.
855 1313 1136 1385 Spectatur
1171 1313 1278 1383 hic,
1326 1312 1462 1384 proli
1496 1312 1684 1369 nefas!
1733 1324 1787 1369 et
1824 1313 2051 1370 libenter
2083 1324 2131 1373 θ.

538 1407 682 1478 Quid
711 1423 818 1462 non
849 1408 1018 1478 possit
1041 1406 1270 1463 suadere
1295 1406 1386 1476 qui
1417 1405 1537 1462 talis
1561 1407 1677 1463 est?
1708 1406 1891 1463 Movet
1919 1421 2134 1476 sensus,

536 1499 742 1557 mulcet
766 1498 1008 1565 affectus,
1036 1509 1312 1571 expugnat
1336 1499 1463 1555 boni
1493 1499 1727 1570 pectoris
1754 1500 2139 1557 conscientiam

538 1593 854 1660 fortiorem;
878 1607 977 1648 nec
1001 1591 1152 1648 deest
1175 1591 1354 1663 probri
1381 1590 1704 1650 blandientis
1733 1594 2044 1661 auctoritas,
2085 1601 2143 1649 ut

540 1683 729 1740 auditu
755 1683 1001 1740 molliore
1030 1684 1298 1755 pernicies
1332 1684 1639 1741 hominibus
1658 1685 1903 1756 obrepat.
1943 1686 2141 1758 Expri-

2239 564 2490 636 religiosa
2520 561 2550 601 ¹ι
2576 564 2794 625 delicta.

2312 659 2405 716 IX.
2433 660 2479 718 Ο
2506 661 2552 720 si
2580 662 2777 734 possis,
2809 661 2866 719 in
2888 662 2979 719 illa
3008 663 3224 720 sublimi
3254 666 3472 736 specula
3493 668 3842 741 constitutus,

2240 756 2427 813 oculos
2467 766 2585 813 tuos
2635 757 2876 813 inserere
2919 759 3179 826 secretis,
3223 759 3507 818 recludere
3560 763 3845 831 cubiculo-

2241 865 2360 906 rum
2411 849 2671 906 obductas
2720 849 2898 918 fores,
2941 858 2995 905 et
3041 849 3110 905 ad
3152 853 3540 911 conscientiam
3585 856 3850 915 luminum

2242 941 2541 1014 penetralia
2590 941 2802 997 occulta
2853 944 3140 999 reserare!
3169 944 3401 1015 aspicias
3456 947 3527 1004 ab
3564 948 3856 1020 impudicis

2239 1036 2353 1109 geri
2396 1035 2538 1107 quod
2584 1050 2683 1091 nec
2714 1037 2883 1107 possit
2925 1038 3170 1108 aspicere
3216 1038 3369 1096 frons
3419 1040 3438 1079 ί
3501 1043 3728 1115 pudica,
3773 1045 3851 1101 vi-

2241 1128 2369 1185 deas
2411 1128 2553 1200 quod
2583 1129 2789 1185 crimen
2822 1130 2892 1185 sit
2920 1140 2976 1186 et
3009 1129 3229 1201 videre,
3283 1133 3465 1190 videas
3516 1136 3660 1208 quod
3690 1137 3852 1194 vitio-

2240 1237 2361 1279 rum
2405 1221 2587 1281 furore
2641 1223 2917 1279 dementes
2984 1236 2998 1274 ι
3087 1225 3321 1294 gessisse
3400 1242 3466 1284 se
3539 1239 3745 1301 negant
3797 1243 3855 1291 et

2242 1328 2431 1386 gerere
2474 1313 2730 1371 festinant
2782 1331 2797 1371 :
2834 1313 3149 1373 libidinibus
3203 1316 3408 1375 insanis
3445 1319 3502 1374 in
3559 1320 3708 1377 viros
3752 1326 3856 1382 viri

2242 1414 2546 1477 proruunt;
2612 1406 2751 1461 liunt
2802 1421 2924 1477 quae
2973 1421 3073 1463 nec
3114 1406 3220 1463 illis
3274 1406 3303 1445 ιι
3368 1419 3596 1480 possunt
3639 1412 3855 1485 placere

2244 1500 2335 1572 qui
2361 1500 2579 1556 faciunt.
2623 1498 2853 1555 Illentior
2876 1500 2981 1557 nisi
3018 1500 3153 1556 alios
3184 1501 3275 1573 qui
3301 1501 3422 1559 talis
3448 1514 3535 1561 est
3580 1504 3849 1579 increpat.

2245 1592 2455 1664 Turpes
2481 1592 2649 1664 turpis
2671 1592 2914 1663 infamat,
2937 1601 2993 1649 et
3012 1593 3250 1650 evasisse
3268 1609 3329 1650 se
3350 1596 3628 1653 conscium
3647 1600 3844 1670 credit,

2245 1687 2401 1759 quasi
2447 1687 2775 1743 conscientia
2826 1687 2955 1743 satis
3011 1700 3120 1743 non
3177 1686 3265 1743 sit.
3304 1687 3475 1745 Iidem
3528 1690 3583 1747 in
3631 1693 3850 1764 publico

536 1790 697 1838 munt
717 1780 1039 1852 impudicam
1063 1778 1347 1848 Venerem,
1370 1778 1672 1836 adulterum
1691 1779 2141 1848 Martem,Jovem
2171 1824 2220 1886 Β
2250 1789 2611 1851 accusatores,
2666 1782 2721 1837 in
2765 1780 2976 1838 occulto
3009 1780 3111 1849 rei,
3158 1781 3211 1839 in
3243 1783 3565 1854 semetipsos
3591 1800 3855 1846 censores

536 1873 695 1931 illum
726 1888 902 1938 suum,
928 1887 1035 1927 non
1055 1872 1221 1944 magis
1260 1888 1427 1944 regno
1456 1888 1617 1946 quam
1646 1874 1790 1930 vitiis
1817 1874 2138 1946 principem,

540 1966 602 2024 in
625 1974 866 2021 terrenos
890 1978 1105 2020 amores
1144 1980 1267 2021 cum
1296 1966 1427 2036 ipsis
1452 1968 1566 2024 suis
1604 1965 1919 2025 fulminibus
1945 1967 2141 2025 arden-

536 2067 686 2127 tem,
714 2074 856 2115 nunc
884 2060 939 2115 in
966 2060 1367 2132 plumasploris
1409 2062 1684 2120 albescere
1727 2063 1747 2103 ι
1779 2108 1794 2134 ,
1868 2082 2010 2123 nunc
2032 2052 2137 2123 au-

540 2168 641 2213 reo
666 2153 837 2210 imbre
862 2153 1118 2224 defluere,
1154 2170 1299 2212 nunc
1325 2156 1381 2212 in
1408 2172 1695 2228 puerorum
1722 2158 2137 2232 pubescentium

539 2256 728 2318 raptus
761 2246 1023 2305 ministris
1048 2248 1234 2306 avibus
1258 2250 1527 2321 prosilire.
1555 2252 1748 2320 Quaere
1765 2253 1881 2324 jam
1900 2270 2043 2311 nunc
2068 2270 2136 2311 an

540 2340 717 2413 possit
761 2355 882 2398 esse
919 2341 1010 2413 qui
1057 2349 1269 2416 spectat
1313 2344 1521 2418 integer
1570 2346 1658 2403 vel
1706 2347 1951 2419 pudicus.
2000 2348 2140 2406 Deos

2246 1876 2449 1948 pariter
2495 1884 2550 1932 et
2576 1883 2835 1933 nocentes
2875 1893 2889 1929 :
2919 1875 3174 1931 damnant
3216 1874 3347 1932 foris
3374 1877 3521 1948 quod
3546 1877 3691 1936 intus
3717 1895 3851 1952 ope-

2245 1976 2461 2036 rantur;
2494 1968 2784 2025 admittunt
2809 1969 3042 2025 libenter
3088 1967 3233 2039 quod
3274 1983 3401 2025 cum
3448 1969 3764 2029 admiserint
3822 1973 3845 2014 ι

2243 2062 2637 2119 criminantur:
2670 2058 2890 2116 audacia
2929 2075 3150 2131 prorsus
3193 2076 3317 2116 cum
3359 2061 3501 2119 vitiis
3538 2063 3737 2120 faciens
3774 2075 3849 2137 ιη,

2244 2166 2299 2213 et
2344 2154 2676 2226 impudentia
2729 2168 3033 2225 congruens
3087 2153 3395 2225 impudicis.
3450 2154 3589 2213 Nolo
3642 2158 3858 2219 mireris

2240 2265 2363 2324 quae
2419 2250 2710 2320 loquuntur
2752 2246 3098 2318 hujusmodi;
3147 2262 3243 2304 ore
3292 2248 3387 2306 illo
3456 2248 3713 2322 quidquid
3744 2251 3857 2323 jam

2242 2361 2381 2404 voce
2427 2341 2753 2415 delinquitur
2807 2340 2990 2397 minus
3035 2345 3140 2413 est.

3398 2406 3411 2415 ‘i
3424 2403 3497 2417 -~.;~I

1771 2458 2157 2525 LECTIONES
2193 2454 2608 2520 VARIANTES.

606 2572 636 2601 ⁸
660 2569 981 2623 Incitamenta
1001 2570 1129 2625 Vict.

603 2630 950 2697 bLegemque
977 2634 1212 2686 nascendi
1239 2642 1371 2687 Voss.
1406 2636 1456 2688 4.

616 2698 643 2728 ο
668 2696 732 2747 Ει
747 2696 941 2751 laudem
956 2701 1273 2751 consequitur
1302 2698 1429 2751 Vict.

538 2757 573 2817 ‘\
611 2758 644 2799 ιι
659 2760 732 2822 ΕΟ
747 2762 951 2822 peritior
966 2761 1093 2811 Bod.
1110 2757 1161 2811 5.

623 2824 650 2853 θ
675 2820 912 2872 Libenter
937 2824 1203 2874 admittitur
1232 2832 1363 2876 Voss.
1397 2824 1446 2877 ι.

572 2922 573 2925 η
610 2881 638 2921 1
659 2881 1122 2948 ﬂorescere-Spir.
1136 2888 1273 2948 Rem.

550 2949 573 2959 "
604 2952 641 2994 is
666 2945 786 3003 Cum
806 2946 929 3001 deos
955 2945 1094 3004 Vtiss.
1118 2947 1167 2999 4.

2313 2572 2346 2617 h
2379 2571 2572 2623 Miseris
2587 2568 2825 2633 religiosa
2842 2567 2971 2633 30d.
2996 2566 3045 2617 5.

2319 2636 2336 2676 ἱ
2367 2636 2509 2687 Mens
2531 2636 2664 2685 Lam.
2684 2628 2734 2684 Ν
2760 2632 2814 2682 σ.
2840 2631 2889 2693 1.
2908 2628 3053 2681 Ebor.

2320 2711 2334 2750 l
2362 2699 2634 2748 Gementes
2668 2693 2808 2757 Spir.
2851 2696 2989 2746 Rem.
3027 2694 3169 2746 Eras.

2316 2762 2347 2800 ιι
2371 2761 2476 2812 lllis
2496 2762 2614 2822 ipsis
2636 2760 2784 2808 Pam.

2251 2855 2258 2877 ε
2320 2823 2342 2862 1
2370 2824 2434 2874 Et
2457 2819 2577 2873 alios
2602 2835 2714 2872 cum
2738 2819 3025 2869 admiserint
3045 2821 3175 2871 Mor.

2316 2888 2355 2916 ω
2379 2886 2477 2937 Pro
2499 2886 2729 2952 conviciis
2732 2882 2938 2952 faciens
2979 2884 3125 2935 Erae.
3164 2881 3361 2937 Faveas
3401 2885 3538 2939 Lam.
3561 2893 3683 2941 Ben.
3712 2890 3860 2948 Ebor.

2253 2949 2495 3003 Conviciis
2515 2948 2700 3000 faciens
2721 2946 2860 3010 Spir.
2885 2946 3023 2998 Rem.

1753 3059 1994 3120 STEPH.
2036 3058 2307 3119 BALUZII
2330 3056 2556 3117 NOTAE.

550 3184 618 3239 de
637 3180 816 3261 Pallio
860 3179 1087 3261 legimus
1106 3183 1385 3261 matronas
1453 3176 1573 3234 sine
1619 3175 1760 3233 stola
1805 3176 2143 3261 redargutas,
2177 3198 2222 3261 ρ
2335 3174 2595 3261 Vit-uram
2619 3171 3115 3261 feminamgegerit.
3142 3170 3860 3261 Infra‘Episinbaocens

554 3256 685 3325 quia
710 3252 845 3325 stola
873 3249 990 3306 erat
1018 3250 1226 3325 insigne
1237 3258 1643 3325 matronarum,
1654 3264 1835 3325 quam
1848 3250 2024 3305 mariti
2050 3249 2146 3325 da-

555 3319 863 3382 bantnovis
892 3321 1093 3390 nuptis,
1140 3329 1199 3374 ut
1218 3319 1376 3375 docet
1405 3320 1565 3375 etiam
1605 3319 1798 3375 Cicero
1824 3321 1877 3375 in
1918 3320 2156 3375 secunda

557 3395 895 3464 Philippica:
931 3402 985 3447 et
1014 3392 1068 3446 in
1098 3390 1261 3464 Libro
1297 3391 1538 3446 secundo
1560 3391 1818 3464 ejusdem
1838 3390 2157 3446 Tertulliani

557 3467 630 3520 ad
661 3461 884 3521 Uaorem
925 3472 1137 3518 notatur
1164 3461 1315 3516 dives
1367 3471 1628 3516 matronae
1679 3462 1896 3517 nomine
1953 3463 2153 3518 inflata.

558 3538 635 3595 Et
656 3536 795 3605 apud
821 3532 1071 3603 Ruﬁnum
1096 3534 1189 3597 lib,
1214 3547 1231 3586 ι
1260 3537 1312 3605 in
1342 3530 1534 3605 Oscam
1557 3551 1569 3587 :
1591 3531 1782 3605 Mulier
1813 3548 1928 3604 qua:
1967 3545 2158 3587 matro-

556 3603 766 3663 nalibus
791 3606 1078 3661 illustratur
1093 3603 1396 3677 insignibus.
1420 3604 1477 3659 ln
1494 3604 1644 3659 Actis
1671 3606 1937 3675 passionis
1956 3614 2161 3677 sancta-

555 3694 683 3736 rum
724 3679 1006 3748 Perpetuus
1039 3685 1095 3731 et.
1138 3674 1432 3748 Felicitatis
1484 3677 1557 3730 ita
1599 3674 1854 3746 scriptum
1877 3686 1993 3731 est:
2029 3675 2161 3748 Ubia

559 3747 1075 3822 Perpetua'lionesta
1130 3747 1402 3801 liberaliter
1444 3748 1692 3822 instituta,
1751 3757 1985 3822 matrona
2042 3747 2156 3822 licet

563 3818 749 3892 nupta,
784 3819 974 3875 habens
1018 3828 1535 3892 patremetmatrem.
1568 3818 1624 3873 In
1663 3819 1767 3892 boc
1794 3820 1913 3892 loco
1958 3820 2158 3875 intelli-

564 3889 743 3964 gendo
772 3889 1029 3946 laboravit
1049 3891 1222 3946 Lucas
1251 3889 1581 3964 Holstenius,
1614 3891 1746 3945 vitio
1790 3891 2044 3945 nimirum
2072 3892 2157 3945 in-

566 3962 978 4033 ierpunctionis,
1000 3978 1121 4017 cum
1141 3963 1213 4017 sit
1232 3962 1512 4031 legendum
1534 3980 1546 4015 :
1572 3972 1824 4028 matrona,
1842 3964 1958 4016 licet
1978 3972 2157 4032 nupta,

562 4040 756 4089 habens
786 4044 982 4102 putrem
1026 4045 1072 4087 et
1112 4044 1342 4086 matrem.
1380 4033 1517 4088 Hinc
1560 4033 1861 4088 matronalis
1912 4034 2160 4088 sedulitas

559 4107 703 4176 apud
732 4104 1080 4176 Columellam
1106 4105 1157 4158 in
1186 4102 1497 4174 Prwfatione
1522 4104 1645 4159 libri
1667 4105 1990 4171 duodecitui;
2013 4106 2157 4175 apud

563 4175 803 4233 Plinium
829 4176 922 4230 lib.
948 4192 1000 4240 v,
1025 4175 1304 4246 Epist._16,
1334 4176 1633 4231 matronalis
1671 4177 1931 4246 gravitas;
1956 4178 2009 4229 in
2029 4177 2165 4231 libro

568 4248 810 4307 secundo
838 4246 1150 4301 Tertulliani
1180 4244 1248 4300 de
1285 4247 1442 4301 Cultu
1487 4244 1826 4313 feminarum,
1859 4250 2165 4301 matronalia

576 4321 933 4375 decoramenta
961 4357 975 4380 ,
1005 4327 1058 4373 ct
1101 4318 1245 4387 (cria:
1271 4318 1579 4372 matronales
1604 4319 1658 4373 in
1682 4319 1819 4373 libro
1847 4320 1910 4372 tle
1935 4317 2165 4373 Idolola-

565 4394 688 4446 tria.
721 4389 1063 4460 Lampridius
1089 4390 1143 4444 in
1165 4390 1210 4445 ll
1223 4388 1552 4459 eliogabalo:
1580 4388 1748 4444 Facta
1773 4400 1889 4445 sunt
1912 4390 1976 4446 S.
2005 4391 2064 4445 (1.
2095 4392 2165 4444 ri-

570 4463 747 4519 dicula
772 4464 834 4516 de
862 4461 1055 4533 legibus
1083 4461 1471 4515 matronalibus.
1503 4460 1735 4532 Elegans
1761 4472 1843 4517 est
1883 4472 1938 4517 et
1973 4464 2165 4533 dignus

570 4535 765 4591 relerri
806 4532 954 4589 locus
1000 4532 1314 4588 Columellas
1352 4533 1421 4588 de
1472 4535 1678 4589 maritis
1726 4533 1793 4589 ad
1838 4533 1989 4591 villas
2040 4532 2166 4589 suas

2261 3264 2361 3319 quo
2384 3245 2534 3302 modo
2581 3243 2856 3319 masculus_
2880 3245 3154 3319 frangatur
3193 3243 3551 3319 ingrfeniinam.
3584 3243 3862 3310 Salvianus

2261 3314 2357 3376 lib.
2386 3334 2483 3387 vn,
2522 3331 2640 3386 cap.
2677 3317 2784 3371 ωε
2815 3314 2945 3371 Cum
2989 3314 3122 3370 enim
3148 3314 3443 3376 muliebrem
3492 3321 3717 3378 [cubitum
3770 3330 3863 3382 viri

2262 3398 2538 3466 sumerent,
2562 3389 2807 3466 et‘magis
2843 3403 2997 3466 quam
3025 3388 3260 3466 mulieres
3301 3392 3519 3466 gradum
3547 3394 3859 3466 frangerent.

2261 3462 2538 3534 Arnobius
2577 3459 2670 3534 lib.
2703 3476 2780 3525 ll,
2836 3462 3060 3534 vigerent
3112 3459 3368 3534 virilitatis
3416 3459 3688 3534 πρώιον-θ’
3713 3479 3757 3522 et
3808 3472 3862 3524 in

2264 3534 2494 3610 [animum
2512 3530 2822 3610 feminarum
2870 3530 3184 3610 deliciasque
3235 3532 3453 3610 mollire.
3482 3530 3863 3610 Hieronymus

2263 3607 2319 3678 in
2347 3601 2586 3678 Epistula
2607 3600 2673 3678 ad
2693 3601 3040 3678 lleliodorum
3062 3619 3075 3653 :
3096 3600 3295 3678 Histria
3315 3608 3507 3675 fractus
3525 3610 3578 3661 in
3594 3600 3860 3678 feminam.

2265 3672 2624 3749 Tertullianus
2646 3673 2699 3726 in
2722 3672 2890 3749 Libro
2909 3672 2977 3728 de
2999 3672 3363 3749 Spectaculis:
3398 3678 3527 3744 Quae
3574 3672 3774 3749 privata
3818 3695 3864 3737 et

2304 3746 2480 3819 ropria
2506 3752 2827 3819 suntscenaz,
2857 3744 3087 3819 degustet
3110 3755 3155 3800 et
3186 3746 3327 3814 ﬂexu
3361 3744 3588 3819 corporis
3633 3755 3867 3809 mollitia:

2322 3812 2483 3894 eneris
2513 3825 2559 3870 et
2578 3812 2749 3869 Liberi
2764 3812 3378 3894 immolant.Lactantius
3399 3812 3491 3894 lib.
3512 3837 3587 3889 vr,
3609 3839 3729 3894 cap.
3758 3826 3862 3882 20:

2268 3889 2591 3960 Histrionum
2642 3902 2839 3958 quoque
2892 3888 3135 3954 impudici
3162 3899 3326 3943 motus
3355 3892 3476 3960 quid
3504 3888 3647 3947 aliud
3673 3888 3773 3950 nisi
3801 3900 3863 3951 li-

2268 3959 2670 4036 bidiiiesaocettt
2696 3969 2745 4036 et
2771 3960 3032 4036 instigant,
3064 3975 3278 4036 quorum
3306 3959 3546 4036 enercata
3566 3981 3780 4036 corpora
3817 3979 3864 4022 ci

2269 4036 2325 4089 in
2353 4031 2645 4106 muliebrem
2688 4031 3312 4106 incessuinmliabitumque
3339 4034 3538 4089 mollita
3580 4031 3865 4106 impudicas

2269 4105 2487 4177 fcminas
2516 4101 2794 4177 inhonestis
2824 4101 3428 4177 gestibusmentiuntur?
3458 4101 3688 4162 Sanctus
3728 4114 3862 4165 Ant-

2268 4173 2482 4231 brosius
2540 4173 2593 4227 in
2622 4173 2905 4247 Epistula,
2926 4175 2992 4247 ad
3017 4244 3023 4247 Α
3051 4174 3327 4247 Sabinum
3349 4177 3659 4247 episcopqu
3690 4202 3700 4235 :
3729 4182 3865 4247 Quid

2269 4249 2442 4318 “ique
2472 4257 2573 4298 ιαῃι
2596 4246 2823 4313 deforme
2860 4244 3042 4318 visibili
3069 4244 3357 4312 spectaculo
3384 4244 3565 4317 iquan—i
3600 4244 3861 4306 histrioni-

2269 4316 2590 4374 cos'sinuare
2611 4328 2780 4386 gestus
2809 4325 2855 4368 et
2885 4316 3216 4386 ['entineousu
3243 4316 3443 4373 mollire
3470 4323 3718 4375 membra?
3735 4326 3864 4379 l’ru-

2269 4391 2486 4445 dentius
2513 4391 2566 4443 in
2589 4387 2986 4457 [latitartigenia
3020 4405 3033 4439 :
3068 4385 3242 4456 Turpe
3265 4391 3616 4446 semivirorum
3641 4396 3863 4451 nnmbra

2271 4462 2510 4516 theatrali
2535 4469 2726 4529 spectat
2756 4459 2998 4528 uertigine
3026 4460 3169 4528 ferri.
3200 4460 3270 4514 Et
3289 4461 3423 4516 intra
3451 4479 3465 4516 :
3501 4464 3690 4519 Cornus
3729 4470 3863 4521 mol-

2273 4532 2455 4608 lescere
2471 4533 2610 4608 cultu
2639 4532 2819 4608 heroas
2864 4531 3405 4608 o‘etulosaColumella
3447 4536 3499 4588 in
3550 4536 3865 4608 Prw/“alioue

2305 3818 2315 3827 σ

575 4585 849 4676 signasti
869 4585 1793 4675 suauitate.insanitur;
1819 4585 1997 4677 capi]
2022 4585 2169 4660 {iiii
2191 4585 2245 4647 1)
2272 4585 2555 4661 Linus...
2582 4603 2651 4657 de
2688 4602 3026 4677 Agricultura
3056 4585 3862 4665 .i.........’.’.'.ii..;51:513.;

569 4677 787 4730 cundias
821 4679 990 4747 itaque
1012 4678 1119 4730 viro
1160 4677 1206 4731 si
1255 4678 1407 4731 etiam
1432 4687 1667 4731 matrona
1712 4679 1993 4743 comitetur,
2023 4680 2169 4749 cujus

570 4758 629 4801 rit
657 4749 935 4815 sexus,,ita
952 4749 1154 4802 animus
1179 4757 1250 4802 est
1271 4749 1554 4803 delicatior.
1590 4750 1928 4814 Quamobrem
1953 4754 2168 4804 amanti-

574 4827 677 4873 tate
701 4819 877 4890 aliqua
906 4819 1208 4873 demerendo
1231 4822 1348 4886 erit,
1371 4837 1469 4890 quo
1501 4823 1772 4889 patientius
1809 4831 2028 4875 moretur
2053 4838 2168 4876 cum

581 4892 712 4963 viro.
738 4889 795 4944 In
821 4890 1007 4945 libello
1027 4890 1249 4944 Precum
1274 4889 1564 4946 Marcellini
1586 4902 1631 4946 et
1648 4893 1884 4946 Faustini
1910 4893 2167 4963 scriptum

581 4970 666 5016 est
694 4962 977 5016 Damasum
1005 4976 1197 5032 papam
1227 4963 1281 5017 in
1321 4972 1524 5019 tantum
1550 4979 1581 5017 a
1615 4967 1872 5018 matronis
1914 4962 2167 5019 dilectum

574 5032 745 5104 fuisse
770 5042 826 5087 ut
854 5048 1038 5086 earnm
1063 5034 1412 5104 auriscalpius
1439 5035 1728 5091 diceretur.
1762 5035 1866 5091 Sed
1890 5035 2001 5091 haec
2032 5039 2167 5091 scri-

562 5101 836 5158 bellantur
848 5104 917 5158 ab
938 5104 1257 5176 adversariis
1276 5101 1413 5176 ejus.
1438 5108 1590 5176 Apud
1612 5107 1854 5162 Ovidium
1875 5109 1965 5163 lib.
1992 5123 2025 5161 ιι
2050 5108 2165 5162 Me-

572 5177 856 5249 tamorpli.,
900 5184 968 5249 _et
1017 5175 1110 5237 lib.
1140 5190 1251 5249 _xvr
1303 5175 1602 5247 Fastorum,
1662 5188 1774 5233 tum
1826 5180 1985 5234 etiam
2026 5180 2165 5249 apud

568 5244 765 5301 Silium
820 5246 1080 5312 Italicum,
1128 5246 1266 5303 Juno
1323 5258 1544 5304 vocatur
1587 5244 1841 5305 matrona
1910 5244 2159 5307 tonantis.

571 5314 712 5391 νίζε
740 5316 1058 5373 Lambinum
1084 5320 1151 5373 ad
1171 5318 1447 5374 Horatium
1469 5321 1564 5377 lib.
1593 5337 1671 5391 tn,
1700 5323 1791 5378 od.
1823 5324 1879 5378 2.

642 5385 932 5443 Revertitur
994 5392 1276 5461 impudica.
1344 5393 1481 5446 Infra
1537 5394 1590 5447 in
1649 5385 1785 5448 libro
1844 5395 1907 5448 de
1973 5393 2165 5450 Habitu

576 5456 851 5539 Virginum
884 5476 1002 5539 pag.
1035 5456 1176 5539 179:
1235 5464 1497 5529 Quantum
1524 5480 1556 5539 a
1594 5467 1853 5536 proposito
1895 5484 1985 5521 suo
2027 5472 2165 5539 virgo

559 5528 732 5607 deficit
750 5528 1164 5607 ,quando'pudica
1177 5528 1292 5604 qna:
1312 5545 1509 5591 venerat
1522 5528 1778 5607 inmunia:
1794 5539 2030 5592 discedit?
2048 5528 2166 5595 δίῖι-

563 5604 756 5681 vianus
776 5604 870 5659 lib.
890 5619 964 5681 vi,
986 5620 1105 5681 cap.
1131 5609 1165 5663 ὅ
1188 5622 1209 5681 :_
1223 5607 1405 5678 Itaque
1426 5610 1477 5662 in
1496 5604 1603 5662 illis
1618 5610 1922 5680 imaginibus
1937 5613 2163 5681 [ornica-

564 5674 760 5755 tionum
778 5679 943 5755 omnis
969 5674 1108 5748 plebs
1124 5679 1294 5733 animo
1317 5674 1670 5755 jornicatur,et
1686 5674 1770 5755 qui
1794 5688 1924 5752 [orte
1937 5674 2003 5736 iul
2015 5700 2163 5755 spec-

563 5748 791 5819 taculum
818 5751 934 5817 puri
958 5761 1218 5819 venerant,
1245 5748 1533 5806 ac‘tlteatro
1570 5748 1804 5807 adulteri
1826 5748 2159 5812 revertuntur.

552 5844 581 5897 λ.
632 5818 913 5897 Eruantur
934 5835 1118 5897 mares.
1146 5818 1329 5897 COdex
1364 5824 1666 5897 Lmtiensis,
1697 5823 1977 5883 Hebetatur
2006 5830 2162 5884 maris

555 5888 723 5969 honor
746 5892 802 5949 in
826 5889 1133 5970 hominibus,
1159 5904 1207 5955 et
1231 5894 1394 5969 vigor,
1420 5905 1537 5972 ett:2
1568 5956 1584 5972 ,

2272 4680 2439 4733 fuisse
2479 4685 2663 4746 gestus
2697 4674 3144 4746 ell'eminatorum,
3190 4678 3331 4744 quod
3360 4690 3391 4730 a
3437 4686 3625 4733 natura
3675 4697 3863 4737 sexum

2279 4751 2413 4804 viris
2438 4745 2756 4823 denegatum
2785 4745 3033 4823 muliebri
3072 4750 3622 4823 tnot_u__metrtirentur,
3646 4752 3864 4823 decipe-

2278 4829 2509 4890 rcntque
2539 4818 2727 4944 genios
2753 4818 3131 4888 spectantium.
3183 4817 3314 4874 Vide
3354 4820 3738 4889 Quintilianum
3767 4817 3860 4880 ἰώ.

2278 4908 2333 4944 ιι.
2375 4908 2492 4944 ean.
2578 4927 2591 4941 .

2275 4908 2672 5092 :gofpperliiior
2720 4976 2821 5033 quo
2874 4960 3087 5032 turpior.
3119 4959 3342 5019 Phaedra
3399 4962 3687 5038 Hippolyto
3726 4968 3865 5040 apud

2326 5052 2351 5091 v
2415 5051 2545 5092 tum.

2326 5051 2545 5093 νωιυιιι.

2460 5146 2609 5212 Pejor
2637 5144 2882 5197 adulterio
2907 5145 3063 5210 turpis
3087 5144 3282 5198 adulter
3301 5147 3460 5201 obest.

2352 5254 2614 5332 Religiosa
2682 5254 2888 5332 delicta.
2958 5254 3266 5311 Lactantius
3334 5257 3429 5332 lib;
3478 5273 3518 5332 ι,
3583 5272 3701 5332 cap.
3748 5258 3866 5316 20:

2282 5326 2420 5402 Quid
2450 5327 2693 5402 mirumsi
2723 5325 2795 5402 ab
2815 5327 2911 5402 liae
2936 5337 3081 5402 gente
3110 5332 3345 5402 universa
3369 5330 3570 5402 ﬂagitia
3595 5325 3868 5388 manarunt

2268 5399 2408 5469 apud
2433 5413 2588 5467 quam
2615 5399 2727 5468 ipsa
2747 5397 2868 5450 vitia
2891 5399 3128 5469 religiosa
3154 5401 3299 5454 sunt?

2343 5469 2511 5546 lX.—-—
2523 5470 2683 5546 Quasi
2694 5469 3158 5546 conscientia.'fres
3170 5472 3294 5527 libri
3308 5482 3520 5546 veteres
3531 5475 3823 5546 praeferunt
3844 5520 3859 5546 ,

2274 5544 2422 5618 quasi
2453 5541 2815 5595 conscientiam
2861 5556 3006 5596 suam
3054 5558 3157 5598 non
3180 5560 3330 5617 posse
3353 5541 3574 5618 effugere
3598 5550 3723 5602 satis
3765 5541 3867 5604 non

2267 5616 2354 5669 sit.

2341 5684 2674 5764 Hujusmodi.
2725 5685 2828 5764 0_re
2870 5684 2982 5740 illo.
3047 5687 3219 5744 Antea
3271 5689 3550 5762 legebatur
3588 5693 3861 5764 Iiujnsmo-

2269 5758 2321 5831 ili
2349 5757 2563 5831 oregillo.
2593 5759 2850 5826 Qumdam
2874 5769 3055 5814 vetera
3083 5757 3416 5831 exemplaria
3445 5778 3532 5818 me
3557 5757 3861 5821 docuerunt

2267 5828 2412 5884 hunc
2437 5828 2614 5907 locum
2640 5832 2713 5884 ita
2733 5844 2853 5887 esse
2894 5828 3327 5907 conStituenduin
3362 5843 3417 5890 et
3459 5835 3841 5907 interpungen~

2166 5974 2185 5993 ι
2266 5908 2412 5961 dum.
2438 5901 2506 5961 Et
2530 5903 2604 5961 ita
2625 5911 2750 5964 ante
2773 5917 2862 5968 me
2874 5913 3156 5966 monuerat
3182 5903 3483 5967 Gronovius
3500 5901 3846 5968 libftnfllii-
