4222 6288
407 330 525 411 215

1831 342 2167 403 EPISTOLA
2203 341 2248 402 Ι.

3614 357 3720 419 214

413 459 448 495 ι’
487 456 557 515 Χ.
588 455 695 516 Sed
727 455 844 525 tibi,
894 462 1017 529 post
1060 455 1347 517 insidiosas
1402 456 1547 528 vias,
1595 468 1715 532 post
1770 461 2010 523 diversas
2036 465 2325 530 Annum”
2358 444 2620 538 supplicia
2662 467 2816 540 plura
2872 485 3033 543 quam
3082 472 3347 532 membra.
3394 474 3526 546 Quis
3585 478 3727 535 inter

414 552 545 611 orbe
575 559 689 607 toto
742 549 1066 622 multiplices
1112 565 1353 623 pugnas,
1411 560 1532 622 post
1578 556 1883 623 spectacula
1926 558 2015 614 vel

415 654 635 703 cruenta
664 644 749 700 vel
798 644 994 715 turpia,
1049 652 1172 715 post
1208 643 1491 700 libidinum
1520 646 1713 716 probra
1742 648 1828 704 vel
1858 649 2015 721 lupa-

414 740 636 799 naribus
661 740 948 812 prostituta
978 738 1063 794 vel
1085 738 1399 795 domesticis
1437 739 1732 810 parietibus
1766 741 2010 814 obsepta,

412 848 645 906 quorum
690 847 801 902 quo
847 831 1112 888 secretior
1158 830 1350 901 culpa,
1406 831 1578 903 major
1628 832 1848 889 audacia
1901 842 2009 902 est,

410 926 592 985 forum
645 925 874 981 fortasse
916 923 1161 980 videatur
1211 924 1483 992 immune,
1527 925 1671 997 quod
1697 926 1768 981 ab
1809 926 2016 997 injuriis

409 1018 805 1079 lacessentibus
848 1018 1112 1085 liberum,
1169 1019 1333 1076 nullis
1379 1018 1645 1076 malorum
1681 1022 2018 1078 contactibus

411 1112 706 1184 polluatur.
761 1109 893 1167 Illuc
932 1110 1106 1168 aciem
1158 1118 1307 1167 tuam
1336 1110 1513 1168 ﬂecte.
1566 1112 1728 1169 Plura
1755 1113 1867 1170 illic
1896 1128 2016 1184 qua:

412 1204 700 1262 detesteris
724 1203 969 1261 invenies
984 1244 1001 1271 ,
1047 1204 1217 1276 magis
1241 1203 1429 1261 oculos
1454 1214 1573 1262 tuos
1598 1205 1726 1262 inde
1748 1205 2013 1263 divertes.

410 1295 607 1355 Incisa:
649 1305 775 1353 sunt
835 1296 963 1353 licet
1010 1295 1157 1367 leges
1194 1295 1478 1352 duodecim
1534 1297 1760 1367 tabulis,
1814 1307 1871 1355 et
1919 1315 2018 1369 pu-

411 1386 555 1446 blice
595 1402 707 1444 aere
744 1385 970 1465 praefixo
1016 1395 1044 1425 ει
1082 1384 1202 1459 jura
1239 1388 1554 1459 praescripta
1602 1387 1631 1428 ιι
1686 1390 1830 1457 sint,
1876 1391 2018 1446 inter

412 1479 565 1552 leges
618 1480 765 1552 ipsas
818 1478 1178 1552 delinquitur,
1230 1480 1372 1537 inter
1422 1482 1543 1553 jura
1591 1494 1861 1554 peccatur.
1931 1486 2018 1542 ln-

423 1574 674 1631 nocentia
719 1587 820 1630 nec
866 1573 979 1631 illic
1027 1573 1117 1630 ubi
1163 1572 1471 1631 defenditur
1494 1586 1819 1634 reservatur.
1852 1577 2020 1636 Saavit

425 1667 661 1724 invicem
684 1665 1108 1725 discordantium
1162 1667 1361 1736 rabies,
1392 1677 1447 1723 et
1498 1667 1639 1726 inter
1684 1678 1834 1743 togas
1886 1687 2019 1743 pace

412 1769 598 1832 rupta,
643 1759 821 1817 forum
847 1758 1029 1816 litibus
1067 1760 1238 1831 mugit
1284 1760 1567 1827 insanum,
1599 1762 1754 1835 basta
1804 1764 1913 1821 illic
1965 1772 2020 1823 et

2119 559 2237 617 hate
2290 575 2422 617 vero
2476 564 2792 621 subveniat?
2833 566 3098 624 Patronus
3138 569 3198 624 οἳ
3261 572 3643 642 praevaricatur
3670 585 3727 630 et

2118 653 2336 725 decipit.
2369 655 2580 712 Judex?
2625 658 2721 714 sed
2748 662 3066 717 sententiam
3118 659 3148 699 τι
3188 664 3391 741 vendit.
3444 665 3543 734 Qui
3575 666 3729 723 sedet

2118 747 2345 802 crimina
2395 748 2762 807 vindicaturus
2791 752 3060 822 admittit,
3116 764 3172 811 et
3216 765 3276 811 ut
3300 771 3428 813 reus
3466 759 3728 815 innocens

2118 847 2323 910 pereat,
2356 839 2415 896 fit
2441 855 2644 897 nocens
2668 842 2854 913 judex.
2902 843 3161 917 Flagrant
3196 848 3396 920 ubique
3424 848 3635 917 delicta,
3669 861 3726 907 et

2120 934 2321 1003 passim
2375 935 2693 992 multiformi
2748 952 2946 1009 genere
2996 941 3252 1010 peccandi
3305 958 3402 1013 per
3457 943 3729 1012 improbas

2121 1034 2330 1082 mentes
2356 1041 2555 1083 nocens
2585 1029 2733 1086 virus
2761 1039 3042 1100 operatur.
3068 1031 3169 1088 Hic
3198 1042 3581 1089 testamentum
3603 1035 3731 1090 sub-

2115 1116 2273 1188 jicit,
2344 1118 2433 1175 ille
2490 1119 2685 1177 falsum
2732 1123 2950 1193 capitali
3003 1123 3192 1179 fraude
3255 1124 3582 1191 conscribit;
3644 1124 3731 1182 hic

2124 1221 2379 1268 arcentur
2432 1213 2838 1271 haereditatibus
2869 1217 3056 1286 liberi,
3112 1217 3223 1273 illic
3266 1218 3423 1275 bonis
3463 1218 3732 1274 donantur

2121 1303 2324 1369 alieni;
2372 1305 2621 1361 inimicus
2672 1306 2968 1375 insimulat,
3021 1308 3375 1366 calumniator
3416 1310 3728 1381 impugnat,

2120 1398 2273 1454 testis
2303 1398 2544 1455 infamat.
2594 1398 2892 1472 Utrobique
2917 1413 3192 1473 grassatur
3240 1415 3263 1442 ε·
3306 1405 3360 1459 in
3392 1405 3726 1461 mendacium

2121 1492 2408 1549 criminum
2458 1490 2479 1530 ί
2528 1493 2833 1565 prostitutae
2889 1495 3038 1551 vocis
3085 1497 3290 1553 venalis
3332 1498 3572 1566 audacia,
3607 1515 3729 1555 eum

2121 1583 2336 1640 interim
2368 1594 2623 1641 nocentes
2654 1601 2755 1641 nec
2804 1601 2928 1643 cum
2972 1587 3354 1645 innocentibus
3403 1600 3630 1660 pereunt
3680 1602 3729 1645 Β.

2121 1676 2312 1745 Nullus
2385 1678 2453 1736 de
2515 1680 2721 1751 legibus
2797 1689 2973 1737 metus
3051 1692 3163 1751 est;
3257 1679 3325 1740 de'
3380 1686 3669 1756 quaesitore
3711 1727 3727 1751 ,

2121 1767 2191 1825 de
2232 1768 2411 1840 judice
2452 1785 2617 1839 pavor
2679 1770 2883 1828 nullus.
2947 1771 3103 1841 Quod
3157 1782 3333 1844 potest
3382 1774 3572 1832 redimi
3621 1792 3727 1833 non

420 1852 635 1925 gladius
683 1860 740 1910 et
785 1851 1026 1909 carnifex
1076 1860 1273 1922 praesto
1313 1860 1417 1921 est,
1471 1853 1669 1925 ungula
1718 1854 2016 1929 effodiens,
2046 1898 2095 1960 Β
2124 1862 2360 1919 timetur.
2413 1864 2549 1921 Esse
2573 1864 2685 1935 jam
2711 1864 2854 1920 inter
2895 1873 3154 1922 nocentes
3197 1866 3477 1923 innoxium
3522 1868 3730 1925 crimen

416 1946 678 2020 equuleus
702 1946 1021 2016 extendens,
1046 1946 1185 2019 ignis
1214 1961 1467 2019 exurens,
1492 1948 1560 2006 ad
1572 1948 1805 2010 hominis
1820 1967 2018 2025 corpus

2121 1967 2206 2016 est
2269 1957 2318 2014 ιι.
2374 1958 2544 2017 Malos
2609 1958 2851 2032 quisquis
2924 1974 3034 2017 non
3103 1960 3341 2018 imitatur
3400 1960 3418 2000 ί
3485 1963 3727 2020 offendit.

1698 2070 2080 2134 LECTIONES
2117 2075 2532 2137 VARIANTES.

480 2190 514 2260 εξ
534 2190 738 2260 Publice
760 2202 862 2260 aere
884 2191 1088 2260 prtetixo
1108 2191 1250 2260 gem.
1271 2191 1406 2260 liam.
1429 2188 1520 2242 Eb.
1559 2193 1610 2247 N
1650 2190 1705 2244 C.
1743 2192 1935 2248 l.ross.
1971 2195 2022 2249 2.

419 2253 631 2319 Publica
656 2264 787 2319 Voss.
810 2253 860 2303 4.
884 2252 1092 2305 Praallxa
1111 2252 1253 2319 Spir.
1273 2254 1409 2307 Rem.

484 2312 517 2354 b
542 2315 835 2379 Proscripta.
858 2319 995 2379 illan.

486 2382 513 2411 ο
538 2377 781 2429 Patronus
801 2378 992 2429 scilicet
1016 2387 1149 2430 Voss.
1172 2379 1223 2429 ι.

483 2440 516 2480 d
540 2439 703 2490 Iudex
727 2443 1025 2492 sententiam
1074 2450 1206 2493 Voss.
1242 2439 1294 2492 ι.

485 2502 764 2576 fluimicus
822 2504 1069 2576 insimulat
1095 2542 1109 2564 ,
1152 2502 1494 2576 calumniéﬁul‘a
1538 2506 1795 2574 impugnat
1837 2517 2011 2576 ῑθδιθει

422 2566 626 2618 infamat
647 2579 839 2631 verum,
863 2566 1050 2632 ubique
1081 2572 1330 2630 grassatur
1361 2565 1484 2620 Vict.

2193 2196 2215 2235 ί
2243 2198 2466 2251 Criminis
2512 2198 2619 2267 Rig.
2645 2200 2786 2252 Pent.
2812 2197 2938 2250 Bod.
2962 2200 3012 2250 5.
3043 2200 3185 2250 Voss.
3208 2196 3255 2248 2.
3282 2195 3390 2250 Lin.
3415 2197 3556 2264 Spir.
3582 2201 3720 2252 Rem.

2127 2262 2693 2377 Mgnéu‘tiiornoeentibus
2747 2326 3042 2377 innocentes
3068 2327 3287 2387 pereunt
3318 2325 3453 2376 Lam.
3478 2324 3602 2378 Ben.
3628 2327 3720 2380 Ar.

2127 2389 2176 2440 Ν
2181 2388 2236 2438 C.
2261 2388 2309 2438 1.

2184 2449 2216 2488 h
2237 2450 2464 2503 Criminis
2483 2454 2564 2502 est
2585 2453 2748 2504 Oxon.

2189 2512 2209 2554 ί
2237 2512 2391 2567 Malus
2413 2515 2635 2581 quisquis
2647 2513 2766 2566 dum
2786 2525 2886 2566 non
2906 2513 3126 2565 imitatur
3144 2510 3289 2566 Ebor.
3312 2514 3453 2568 Lam.

1639 2675 1883 2734 STEPH.
1922 2679 2194 2742 BALUZII
2232 2686 2461 2745 ΝΟΤᾸΞ.

415 2798 596 2847 sertat.
628 2802 748 2859 cap.
806 2788 895 2859 l2.
938 2786 1207 2844 Praeterea
1238 2787 1325 2843 hae
1347 2787 1468 2843 dure
1512 2797 1803 2859 postremae
1845 2807 2009 2850 voces

411 2858 713 2933 perperam
727 2858 1123 2933 coniunguntur
1166 2873 1288 2912 cum
1320 2858 1757 2933 antecedentibus
1788 2862 1840 2917 in
1896 2866 2013 2920 vul-

411 2928 561 3001 fgatis
589 2928 934 2992 editionibus,
952 2943 1074 2982 cum
1097 2943 1215 2998 quae
1227 2943 1394 3001 supra
1412 2929 1662 3001 dicuntur
1675 2933 1873 2989 nullam
1888 2950 2011 2991 cum

414 2998 507 3063 liis
529 3001 753 3057 vocibus
805 3000 1196 3056 connexionem
1226 2998 1476 3055 habeant.
1531 3000 1675 3056 Nihil
1716 3004 1860 3059 enim
1906 3007 2015 3062 illic

413 3073 676 3142 scriptum
704 3078 790 3127 est
815 3071 886 3127 de
911 3086 1024 3142 ore.
1051 3070 1327 3142 Erasmus,
1356 3070 1641 3139 Manutius,
1662 3081 1717 3128 et
1740 3074 2014 3133 Pamelius

416 3140 705 3200 ediderunt
732 3159 822 3197 ore
861 3141 954 3196 illo
984 3142 1199 3212 polluto.
1224 3140 1335 3198 Sed
1357 3142 1499 3200 banc
1548 3153 1871 3212 postremam
1923 3163 2015 3204 vo-

417 3230 536 3270 cem
564 3229 739 3284 neque
791 3210 999 3268 veteres
1029 3212 1155 3289 libri
1178 3254 1194 3278 ,
1229 3214 1273 3266 si
1318 3228 1481 3268 unum
1531 3210 1789 3286 excipias,
1818 3233 2015 3289 agnos-
2043 3210 2088 3274 C

416 3295 569 3349 cunt,
594 3282 768 3349 neque
790 3294 1003 3339 veteres
1030 3282 1316 3338 editiones.

493 3303 569 3349 nt,
594 3303 679 3339 110(
703 3303 768 3340 ue
790 3303 1003 3339 VClCl‘CS
1030 3303 1316 3338 ευιιιυιιθδ.

493 3303 819 3430 X.-—_)nter_
836 3357 970 3426 leges
983 3355 1139 3430 ipsa}.
1165 3354 1629 3430 Hieronymuslib.
1646 3374 1683 3425 ι,
1708 3361 1901 3430 pag.4,
1928 3362 2022 3417 ad-

416 3443 616 3504 versus
649 3424 1037 3504 Jovinian‘um;
1068 3424 1307 3492 Quotidie
1327 3424 1634 3504 moechorum
1672 3424 1896 3501 sanguis
1940 3435 2020 3504 ef-

420 3499 693 3572 fundetur,
722 3498 984 3573 adulteria
1002 3497 1556 3573 daptnantur,_et_inter
1598 3500 1730 3573 leges
1782 3497 1923 3573 ipsas
1969 3497 2021 3557 et

422 3568 625 3646 secures
651 3568 1018 3646 actribunalia
1041 3569 1449 3646 ﬂagranslibido
1498 3568 1814 3646 dominatur:
1858 3573 2015 3646 Sym-

423 3641 654 3695 machus
682 3640 807 3712 Lib.
834 3654 892 3712 ιι.
923 3637 1184 3712 Episl._52
1212 3656 1226 3692 :
1255 3637 1369 3712 ῌοε
1425 3640 1593 3712 legum
1642 3642 1795 3697 inane
1838 3637 2021 3702 nomen

419 3726 684 3789 vocamus.
718 3710 1242 3789 Yalet'itis.Maxim_us
1272 3709 1389 3789 Lib.
1420 3709 1495 3789 ix,
1548 3727 1682 3789 cap.‘
1721 3715 1776 3782 1,
1826 3715 2019 3789 Legum

426 3783 616 3837 victrix
638 3782 877 3837 audacia.
919 3780 1121 3852 Seneca
1155 3780 1380 3836 Hercule
1405 3780 1710 3852 furente'ait
1733 3780 1882 3840 arma
1899 3780 2023 3841 'vin-

422 3868 553 3909 cere
580 3855 747 3922 leges.
789 3854 856 3908 Et
880 3852 1019 3922 apud
1038 3851 1355 3908 Ciceronem
1382 3851 1433 3907 in
1460 3853 1713 3911 Oratione
1739 3871 1838 3922 pro
1866 3858 2018 3913 Milo-

425 3941 496 3983 ne
525 3944 538 3980 :
575 3925 744 3981 Silcnt
771 3924 905 3997 leges
926 3927 1055 3979 inter
1081 3940 1248 3980 arma.
1279 3923 1500 3981 Ovidius
1524 3926 1615 3982 lib.
1649 3942 1699 3994 ν,
1734 3926 1971 3984 Tristiutn
2000 3947 2020 3987 :

540 4040 898 4107 Nonmeluunt
918 4041 1079 4105 leges,
1096 4041 1194 4107 sed
1218 4042 1352 4107 cedit
1382 4042 1566 4107 viribus
1581 4057 1795 4107 aequum,

634 4102 876 4167 Victaque
902 4102 1108 4167 pugnaci
1122 4105 1233 4167 jura
1249 4106 1340 4155 sub
1365 4102 1680 4168 eusejaceui.

423 4187 479 4264 l__n
504 4187 625 4243 Tito
650 4188 802 4264 Livio
830 4187 1080 4264 vero_lib.
1099 4205 1195 4264 Διιᾼς
1225 4188 1347 4243 lam
1372 4191 1477 4264 regi
1506 4192 1658 4264 leges,
1690 4209 1790 4247 non
1821 4211 2015 4264 regere.

423 4259 630 4335 Seneca
655 4260 745 4335 lib.
774 4275 827 4314 ιι
853 4259 1226 4335 ιΙθλξζειιθίίοἱίε
1253 4275 1372 4332 cap.
1403 4259 1474 4317 28
1509 4279 1521 4314 :
1550 4259 1745 4332 Legum
1776 4259 2017 4335 praesidio

426 4331 513 4403 qui
540 4332 819 4402 plurimum
843 4332 897 4385 in
920 4331 1038 4403 illas
1068 4331 1397 4403 peccaverunt
1425 4331 2018 4403 protegunturJTacitus

427 4401 521 4459 lib.
547 4419 560 4455 I
586 4402 892 4463 Annalium,
911 4401 1151 4456 Invalida
1175 4401 1341 4470 legum
1360 4401 1583 4458 aua'iliof
1597 4413 1652 4459 et
1676 4406 1808 4460 infra
1834 4424 1847 4460 :
1879 4407 2019 4462 Victa

428 4482 499 4549 est
525 4474 634 4549 sine
666 4473 833 4549 -dubio
864 4472 966 4549 legs.
1017 4471 1165 4549 _C_itat_
1209 4490 1368 4543 porro
1395 4475 1537 4530 hunc
1565 4473 1814 4546 Cypriani
1840 4478 2016 4534 locum

428 4543 747 4613 Agohardus
782 4586 796 4610 ,
828 4543 921 4598 sed
956 4544 1105 4599 valde
1136 4544 1492 4609 decurtatum,
1524 4559 1581 4601 ut
1609 4543 1829 4604 aSSolet.

2115 2799 2196 2875 ira
2224 2802 2395 2875 Epist.
2426 2819 2538 2867 Vlll,
2567 2820 2688 2875 pag.
2722 2806 2791 2861 l6
2822 2823 2835 2860 :
2866 2804 3107 2871 Quamvis
3129 2811 3484 2875 torquerentur
3525 2805 3580 2860 in
3608 2820 3719 2861 ser-

2118 2873 2191 2926 vis
2201 2873 2327 2945 _Dei
2337 2877 2452 2945 jam
2472 2873 2814 2931 non‘membra
2837 2877 2926 2932 sed
2947 2877 3179 2931 vulnera.

2198 2942 2574 3015 Testamentum
2591 2948 2815 3015 subjicit.
2838 2947 3069 3014 Quidam
3090 2946 3305 3002 codices
3322 2946 3522 3001 habent
3534 2947 3697 3001 subdit
3709 2977 3727 2990 -

2118 3012 2206 3086 cit.
2230 3014 2319 3069 alii
2341 3016 2616 3081 substituit,
2642 3012 2693 3072 id
2716 3029 2800 3073 est
2819 3058 2835 3084 ,
2864 3012 3139 3086 supponit.
3188 3015 3434 3072 Valerius
3462 3017 3724 3073 Maximus

2120 3082 2211 3158 ιιι).
2245 3101 2325 3158 Ix,
2355 3102 2474 3156 cap.
2504 3088 2574 3141 ιε
2607 3087 2735 3142 Cum
2773 3082 2985 3158 falsunf
3015 3096 3366 3158 testamentum
3409 3088 3618 3158 quidam
3668 3092 3725 3144 in

2123 3153 2686 3227 erciasubjecissent.
2722 3153 2787 3212 Α.
2811 3157 3018 3214 Gellius
3041 3157 3134 3212 lib.
3161 3173 3215 3225 v,
3246 3172 3364 3227 cap.
3410 3153 3443 3213 9
3473 3175 3486 3210 :
3521 3158 3727 3214 Sortem

2126 3229 2344 3301 nominis
2360 3229 2548 3301 [alsam
2572 3229 2774 3301 subjici.
2800 3228 2972 3284 Julius
2999 3227 3194 3283 Paulus
3221 3227 3314 3282 lib.
3350 3244 3409 3301 tv
3438 3246 3459 3301 :7
3488 3229 3723 3301 sentem.

2129 3300 2211 3353 tit.
2235 3299 2267 3353 7
2302 3316 2317 3357 :
2349 3298 2471 3354 Non
2494 3298 2690 3354 tantum
2712 3301 2755 3354 is
2775 3301 2860 3368 qui
2898 3308 3254 3353 testamentum
3274 3300 3504 3368 subjecit.
3533 3298 3725 3355 Cicero

2127 3369 2180 3423 in
2210 3370 2533 3435 Paradoxis,
2562 3371 2887 3425 Testamenta
2915 3370 3159 3438 subjecta.
3192 3369 3462 3425 Arnobius
3491 3370 3587 3425 lib.
3637 3388 3676 3426 ιι
3706 3389 3721 3427 :

2126 3438 2332 3495 Idcirco
2364 3442 2563 3496 animas
2601 3442 2739 3495 misit
2762 3451 2818 3495 ut
2847 3441 3047 3494 viarum
3075 3441 3191 3495 alite
3239 3440 3540 3508 infestarent
3586 3459 3723 3496 ntea-

2128 3520 2229 3579 tus,
2269 3514 2388 3567 alia:
2415 3513 2882 3568 circumscriberent
2911 3512 3107 3573 nescios
3137 3520 3438 3583 testamenta
3466 3529 3724 3583 suppone-

2123 3591 2235 3637 rent
2262 3584 2414 3656 falsa.
2444 3584 2754 3640 Lactantius
2795 3583 2911 3637 Lib.
2935 3598 2989 3647 v,
3008 3598 3129 3652 cap.
3181 3582 3215 3638 9
3249 3600 3281 3656 εξ
3314 3580 3439 3636 Non
3478 3580 3614 3656 enim
3660 3584 3726 3639 de

2125 3654 2296 3710 nostra
2317 3656 2406 3710 sed
2426 3656 2487 3710 de
2505 3656 2713 3710 illorum
2734 3671 2945 3711 numero
2974 3670 3173 3723 semper
3198 3654 3422 3708 existunt
3443 3654 3531 3724 qui
3558 3655 3724 3709 luere-

2125 3725 2307 3781 ditates
2326 3736 2551 3797 captant,
2582 3735 2885 3782 testamenta
2912 3736 3225 3795 supponunt.
3251 3724 3721 3782 Testamentorum

2131 3797 2356 3853 insidias
2388 3796 2520 3853 dixit
2541 3799 2745 3853 Plinius
2776 3797 2872 3853 lib.
2902 3812 3059 3860 nix,
3081 3810 3201 3864 cap.
3232 3796 3288 3850 1.

2198 3867 2389 3924 Nullus
2412 3871 2475 3925 de
2501 3870 2692 3939 legibus
2725 3877 2907 3923 metus.
2926 3866 3298 3939 Cassiodorus
3318 3866 3372 3939 in
3400 3865 3723 3924 Prmlatione

2123 3940 2405 3995 Variarum
2439 3957 2451 3992 :
2485 3937 2686 3994 Deinde
2722 3955 2886 3993 mores
2934 3953 3118 4010 pravos
3165 3937 3380 4010 corrigis
3419 3938 3721 4010 auctoritate

2122 4011 2352 4079 rectoris,
2372 4010 2646 4064 audaciam
2672 4010 2889 4081 frangis,
2907 4007 3138 4081 timorem
3155 4007 3344 4079 legibus
3364 4008 3721 4081 reddis.T.Li-

2108 4082 2241 4171 .vius
2265 4081 2358 4138 lib.
2384 4097 2423 4136 ιι
2441 4082 2576 4137 dixit
2595 4084 2684 4154 jus
2708 4083 2756 4136 vi
2782 4080 3036 4136 obrutum.
3064 4080 3316 4137 Horatius
3332 4080 3428 4138 lib.
3454 4096 3493 4149 ι,
3516 4089 3618 4137 sat.
3644 4083 3678 4139 3
3702 4102 3716 4137 .

2306 4172 2423 4223 Jura
2448 4176 2650 4225 inventa
2673 4178 2811 4224 metu
2842 4171 3009 4235 injusti
3044 4170 3236 4224 fateare
3260 4185 3471 4224 necesse
3497 4178 3592 4225 est.

2195 4257 2271 4312 De
2292 4259 2573 4330 qutesuore.
2607 4259 2694 4330 qui
2721 4259 3077 4330 quaestionum
3106 4257 3313 4330 judicia
3341 4268 3559 4330 exercet
3581 4300 3595 4322 ,
3628 4260 3720 4330 qui

2121 4329 2435 4399 capitalibus
2460 4328 2673 4399 judiciis
2703 4328 2899 4400 praeest
2928 4372 2945 4397 ,
2997 4338 3056 4384 ut
3104 4329 3339 4400 loquitur
3390 4328 3719 4400 Pomponius

2122 4402 2305 4474 litigi,
2326 4400 2477 4474 D.Ade
2513 4399 2723 4474 Origine
2735 4402 2895 4474 juris.
2916 4399 3231 4474 Ammianus
3255 4399 3599 4474 Marcellinus
3619 4400 3712 4474 lib.

2121 4471 2317 4537 XXIX,
2362 4472 2437 4527 ait
2475 4470 2779 4544 quaesitoris
2822 4472 3151 4544 iniquitatem
3183 4470 3435 4544 omnibus
3463 4483 3583 4544 esse
3611 4470 3717 4525 cri-

2125 4544 2353 4615 minibus
2396 4540 2716 4615 graViorem.
2745 4540 3068 4600 Prudentius
3100 4541 3154 4597 in
3180 4540 3430 4597 Carmine.
3445 4540 3513 4597 de
3541 4550 3717 4597 sancto

496 4614 638 4669 Inter
718 4625 882 4686 togas.
922 4614 1071 4686 infra
1127 4616 1181 4669 in
1237 4616 1398 4671 Libro
1444 4617 1683 4675 adversus
1738 4610 2450 4686 Demetria-DHippolyto':

422 4702 545 4758 num
577 4702 694 4758 pag.
730 4684 838 4741 219
869 4701 882 4740 :
910 4684 1120 4740 Hostem
1142 4687 1364 4756 quereris
1390 4704 1650 4758 exurgere,
1681 4692 1828 4758 quasi
1873 4701 1920 4745 et
1965 4692 2009 4747 si

422 4757 580 4830 [tostis
606 4757 756 4830 desit,
788 4773 895 4812 esse
924 4774 1029 4830 pas;
1056 4758 1185 4830 inter
1197 4758 1336 4827 ipsas
1378 4771 1520 4830 togas
1572 4757 1745 4830 possit.
1804 4762 2008 4818 Seneca

422 4828 581 4903 lib.“
606 4829 674 4884 de
720 4827 800 4882 lra
841 4827 965 4903 cap.
1081 4846 1096 4884 :
1124 4828 1268 4903 Inter
1294 4827 1445 4903 istos
1465 4827 1589 4899 quos
1636 4844 1828 4903 togatos
1874 4835 2011 4890 uides

420 4901 560 4954 nulla
590 4917 694 4969 pax
715 4909 808 4954 est.
841 4899 1197 4955 Tertullianus
1222 4900 1512 4955 inlibrodc
1544 4899 1708 4956 Pallio
1736 4923 1749 4958 :
1782 4903 1912 4960 Plus
1938 4916 2012 4960 to-

415 4987 494 5047 ga:
519 4972 690 5047 trusere
714 4970 1199 5047 republicamquam
1222 4972 1629 5047 lorica:.Flortts
1652 4975 1742 5030 lib.
1785 4993 1857 5043 tv,
1890 4991 2011 5047 cap.

418 5041 496 5118 l2
519 5084 531 5095 .
564 5041 731 5118 Tagus
758 5053 806 5096 et
826 5043 1038 5118 stBttiortt
1061 5045 1216 5098 armis
1241 5045 1359 5114 iura
1381 5045 1628 5118 uiderunt.
1656 5047 1788 5101 Illud
1806 5041 2015 5118 quoque

429 5114 710 5168 admoneri
737 5129 842 5168 non
876 5117 1226 5184 incongruum
1254 5126 1357 5183 est,
1382 5116 1435 5170 in
1459 5115 1642 5173 codice
1694 5114 2022 5175 ’l‘orriaec'nsi

414 5185 752 5241 bibliotheca:
781 5186 940 5261 regis:
967 5188 1225 5256 scriptum
1253 5187 1558 5261 esseglnter
1588 5207 1725 5261 reges
1748 5207 1868 5260 pace
1884 5207 2017 5261 rup-

413 5266 483 5319 ta.
512 5268 566 5312 ct
595 5272 754 5327 supra
808 5257 1031 5321 lineam,
1062 5260 1140 5313 uel
1182 5268 1343 5329 togas.
1378 5259 1484 5314 Sed
1528 5257 1685 5315 etiam
1740 5257 2018 5317 lcetiouem

416 5338 641 5402 cetist
671 5343 794 5383 esse
811 5329 1174 5402 falsissimam,
1204 5330 1435 5399 itemque
1461 5347 1579 5386 eam
1610 5348 1728 5402 qua:
1771 5341 1916 5387 extat
1964 5332 2018 5387 in

419 5399 457 5453 li
475 5401 571 5455 bro
602 5399 858 5476 Fuxeusi,
881 5403 1014 5454 inter
1041 5408 1242 5472 treugas
1269 5417 1392 5472 pace
1420 5413 1570 5476 rupta
1589 5444 1605 5471 ,
1626 5399 1886 5461 'nondum
1940 5405 2020 5458 in-

412 5480 575 5526 vento
598 5472 857 5527 vocabulo
883 5480 1212 5541 treugarum.

389 5553 393 5556 '
495 5544 660 5617 Quam
736 5543 979 5617 membra.
1031 5542 1191 5617 Alia}
1258 5544 1545 5617 editiones’
1598 5545 1795 5602 habent
1864 5562 2024 5617 quant

430 5616 660 5669 membra
680 5625 822 5668 sunt.
856 5614 945 5670 Sic
973 5613 1134 5688 etiam
1169 5615 1360 5688 legitur
1381 5618 1430 5670 in
1454 5618 1692 5688 quinque
1714 5613 2038 5673 libris'vete-

434 5688 603 5740 ribus.
642 5688 708 5739 At
759 5700 881 5758 eum
912 5702 1015 5739 vox
1045 5687 1130 5740 illa
1174 5687 1360 5758 ultima
1396 5703 1500 5742 non
1528 5687 1673 5744 extet
1711 5691 1763 5743 in
1818 5690 2037 5758 reliquis

446 5755 857 5830 exemplaribus
882 5756 1330 5830 antiquisquibus
1369 5774 1494 5814 usus
1525 5775 1641 5815 sum
1669 5776 1767 5815 nec
1792 5760 1844 5814 in
1872 5755 1978 5830 plut
1997 5760 2039 5814 i-

447 5827 895 5900 busAnglicanis,
923 5837 976 5884 et
1004 5829 1167 5884 dictio
1212 5828 1283 5900 sit
1328 5829 1620 5900 elegantior
1661 5827 2036 5900 absque—voce

448 5898 566 5970 illa,
593 5915 753 5971 quam
776 5908 905 5970 puto
925 5914 1046 5958 esse
1075 5915 1140 5958 ex
1175 5898 1515 5972 glossemate,
1541 5917 1659 5960 eam
1690 5898 1899 5961 susluli.
1950 5903 2034 5960 ln-

2272 4732 2393 4783 lnde
2414 4731 2589 4783 furens
2609 4733 2840 4795 quaesitor
2863 4731 2934 4779 ait
2959 4743 2970 4777 :
2993 4729 3123 4795 iam,
3149 4733 3327 4795 tortor,
3353 4729 3416 4779 ab
3436 4741 3533 4779 uno

2270 4795 2477 4846 Desine.
2505 4793 2709 4875 Sivana
2732 4802 2812 4845 est
2830 4793 3055 4855 quaestio,
3077 4798 3238 4843 morte
3255 4794 3436 4856 agitur.

2118 4901 2287 4957 Aliud
2320 4910 2403 4959 est
2430 4900 2663 4958 officium
2693 4896 2994 4972 quaesitoris
3021 4898 3162 4972 apud
3186 4900 3459 4959 lulianum
3486 4907 3721 4957 anteces-

2121 4987 2326 5029 sorem.

2208 5046 2358 5113 Quod
2421 5044 2827 5123 potestur-edim.
2887 5044 2945 5100 ln
2997 5043 3118 5123 lege
3138 5044 3309 5123 Salica
3336 5049 3419 5101 tit.
3462 5061 3548 5123 ut,
3601 5058 3720 5123 ma-

2135 5132 2235 5171 nus
2263 5132 2391 5187 quae
2408 5115 2622 5187 praecidi
2642 5115 2901 5172 debuerat
2923 5115 3217 5174 semiudum
3246 5117 3416 5187 legem
3440 5116 3721 5173 redimitur

2126 5184 2320 5256 pretio.
2356 5184 2424 5241 Et
2448 5184 2563 5240 Lib.
2594 5203 2671 5243 ιιι.
2700 5187 3094 5259 Capitularium,
3110 5204 3230 5259 cap.
3260 5184 3347 5257 l0,
3377 5203 3533 5258 poena
3562 5203 3719 5243 cons-

2130 5259 2618 5331 tituituradversus
2635 5258 2910 5331 pcrjUrum
2935 5271 2989 5314 ut
3016 5259 3201 5329 perdat
3220 5259 3549 5331 manunich
3579 5258 3720 5314 redi—

2124 5337 2254 5382 mat.
2289 5328 2424 5385 Vide
2472 5328 2743 5402 Notas—att
2776 5328 3087 5402 Reginonem
3115 5345 3245 5402 pag.
3289 5330 3413 5402 595.
3442 5329 3510 5384 Et
3541 5339 3719 5385 tamen

2125 5408 2298 5474 erant
2334 5401 2578 5474 quaedam
2629 5401 2996 5474 peccata'quae
3014 5416 3130 5474 non
3158 5401 3577 5474 redimebantur,
3625 5417 3719 5457 ve-

2140 5471 2236 5525 luti
2260 5470 2443 5543 siquis
2465 5470 2753 5543 perjurium
2779 5470 2992 5528 fecisset
3012 5471 3165 5541 lib.v,
3184 5470 3573 5543 Capitularium,
3594 5487 3715 5541 cap.

2143 5542 2349 5615 196.78i
2378 5542 2494 5615 quis
2517 5542 2634 5615 pust
2659 5558 2840 5613 pacem
2875 5544 3063 5615 factam
3084 5558 3205 5599 cum
3241 5542 3455 5600 inimico
3476 5558 3573 5597 suo
3594 5558 3717 5615 eum

2140 5614 2394 5685 occiderit
2434 5614 2527 5668 lib.
2556 5631 2629 5678 vr,
2652 5630 2772 5685 cap.
2820 5615 2946 5669 272.
2976 5614 3054 5670 llli
3083 5616 3225 5670 enim
3253 5630 3470 5672 manum
3493 5614 3719 5685 perdere

2139 5684 2357 5755 debent,
2391 5701 2562 5755 neque
2589 5686 2667 5740 eis
2694 5689 2816 5741 licet
2840 5701 2956 5741 eam
2986 5685 3270 5743 redimere.

2210 5753 2671 5829 Malosquisquis.
2753 5756 2966 5812 Tacitus
3052 5755 3167 5812 Lib.
3235 5774 3288 5813 tv
3363 5755 3715 5813 Annalium:

2138 5825 2314 5882 Etiam
2344 5825 2509 5901 gloria
2537 5825 2595 5882 ac
2617 5829 2775 5885 virtus
2800 5829 3024 5901 infensos
3053 5829 3217 5897 habet,
3249 5838 3303 5901 ut
3331 5831 3481 5901 nimis
3508 5845 3570 5883 ea;
3598 5843 3720 5901 pro-

2140 5901 2327 5971 pinquo
2375 5898 2571 5957 diversa
2616 5898 2864 5973 arguens.
2907 5898 3179 5973 Castigare
3222 5900 3362 5960 enim
3382 5898 3638 5974 videtur!
3660 5906 3706 5942 πί
