4250 6282
505 317 615 375 215

1872 310 1939 367 Dl
1950 310 2011 371 Vl
2050 308 2366 368 CYPRIANI

3700 303 3813 364 216

499 432 835 490 Consenscrc
893 432 1011 504 jura
1056 429 1317 501 peccatis,
1370 435 1425 484 et
1484 427 1647 497 cmpit
1719 426 1920 482 licitum
1982 425 2333 487 csseAdam
2391 437 2415 473 ις
2470 427 2703 495 veneni,
2760 427 2873 494 ubi,
2914 427 2968 483 in
3025 426 3251 484 lethalcs
3296 440 3487 483 succos
3525 426 3811 484 dulcedine

500 527 643 597 quod
693 527 974 597 publicum
1013 535 1115 581 est.
1161 524 1291 592 Quis
1345 522 1454 578 illic
1500 538 1678 578 rerum
1730 521 1935 592 pudor,
1977 535 2097 591 qua:

503 638 627 679 esse
679 624 848 694 possit
891 621 1190 692 integritas,
1241 619 1329 676 ubi
1381 619 1470 690 qui
1524 619 1777 673 damnent
1825 615 2099 686 improbos

502 714 739 778 desunt,
788 713 887 768 soli
924 712 995 767 ibi
1022 719 1049 748 ει
1080 712 1168 783 qui
1211 711 1535 767 damnentur
1583 710 1923 766 occurrunt?

578 805 668 861 XI.
711 805 813 862 Sed
841 848 856 872 ,
891 821 956 861 ne
994 820 1093 861 nos
1133 803 1407 860 videamur
1436 803 1463 842 ι)
1496 804 1693 875 eligere
1733 803 1960 857 fortasse
1999 816 2099 873 pe-

504 898 647 973 jora,
681 909 735 953 et
762 899 937 953 studio
973 897 1283 954 destruendi
1312 912 1407 968 per
1440 912 1504 953 ea
1535 896 1716 952 oculos
1762 906 1880 950 tuos
1906 895 2104 949 ducere

509 1006 738 1062 quorum
774 991 939 1045 tristis
967 1001 1123 1062 atque
1150 990 1481 1047 aversandus
1506 999 1755 1061 aspectus
1784 1004 1877 1043 ora
1903 999 1957 1044 et
1980 987 2101 1042 vul-

513 1096 598 1141 tus
628 1086 974 1141 conscientim
1022 1085 1260 1141 melioris
1299 1083 1555 1149 offendat,
1585 1084 1695 1154 jam
1743 1083 1836 1137 tibi
1865 1082 1955 1137 illa
1986 1097 2105 1151 qua:

513 1178 815 1248 ignorantia
858 1177 1134 1233 smcularis
1179 1178 1317 1231 bona
1360 1177 1610 1246 Opinatur
1656 1174 1956 1230 ostendam.
1990 1174 2108 1229 Illic

510 1270 673 1324 etiam
706 1268 953 1339 fugienda
984 1269 1301 1340 conSpicics.
1336 1267 1484 1334 Quos
1512 1266 1745 1322 honores
1782 1276 1936 1337 putas
1964 1279 2107 1331 esse,

510 1377 649 1433 quos
681 1361 870 1424 fasces,
905 1377 1063 1431 quam
1106 1361 1433 1416 afﬂuentiam
1479 1362 1529 1414 in
1559 1359 1782 1426 divitiis,
1815 1374 1971 1429 quam
2017 1374 2112 1428 po-

514 1456 735 1509 tentiam
786 1455 836 1507 in
879 1454 1073 1508 castris
1123 1465 1169 1522 ο,
1212 1454 1264 1507 in
1325 1452 1639 1524 magistratu
1696 1466 1946 1521 purpura:
1989 1465 2112 1521 spc-

516 1547 677 1614 ciem,
736 1545 786 1601 in
827 1546 1125 1616 principatu
1177 1544 1203 1583 (ι
1261 1545 1491 1602 licentiae
1554 1552 1898 1615 potestatem,
1947 1544 2114 1598 malo-

517 1654 637 1692 rum
697 1637 1082 1693 hlandientium
1138 1637 1285 1692 virus
1335 1636 1601 1692 occultum
1654 1644 1736 1691 est
1783 1645 1840 1691 et
1893 1646 1916 1674 ε
1974 1637 2114 1692 arri-

515 1730 693 1785 dentis
733 1730 981 1801 nequitia:
1034 1728 1197 1783 facies
1240 1727 1456 1799 quidem
1489 1728 1605 1783 laeta
1627 1770 1642 1796 ,
1673 1726 1767 1783 scd
1797 1707 2116 1784 calamitatis

520 1820 782 1879 abstrusa:
828 1822 883 1891 ,ί
973 1820 1287 1877 illccebrosa
1369 1818 1628 1887 fallacia;
1711 1821 1881 1875 instar
1944 1823 2115 1892 quod-
2145 1819 2193 1879 B
2223 1820 2427 1881 assecla
2482 1818 2745 1876 fmdavit.
2817 1817 2969 1875 Tunc

2202 536 2426 592 aspersa
2456 522 2743 578 calliditate
2770 521 2987 578 fallendi
3009 536 3202 591 sapore
3234 521 3522 589 medicato,
3550 521 3807 593 poculum

2203 612 2415 668 videtur
2435 628 2560 670 esse
2587 612 2728 685 quod
2758 614 3020 680 sumitur;
3043 613 3133 669 ubi
3180 622 3338 684 epota
3385 629 3472 670 res
3512 624 3593 669 cst
3623 654 3637 678 ,
3681 629 3813 685 per-

2205 707 2377 765 uicies
2411 706 2599 763 hauSIa
2628 717 2919 777 grassatur.
2939 707 3148 778 Quippe
3173 708 3324 764 illum
3345 709 3496 763 vides
3531 710 3644 780 qui,
3671 710 3813 765 ami-

2204 807 2295 855 ctu
2331 800 2558 854 clariore
2601 802 2940 871 conSpicuus,
2976 800 3181 873 fulgere
3224 802 3325 857 sibi
3363 803 3574 858 videtur
3599 805 3651 859 in
3683 820 3817 876 pur-

2208 910 2361 966 pura.
2414 894 2617 962 Quibus
2643 895 2745 951 hoc
2789 894 2814 932 ιι
2861 896 3107 951 sordibus
3159 899 3291 951 emit
3325 905 3381 951 ut
3428 897 3647 969 fulgeat,
3679 914 3815 970 quos

2208 988 2571 1059 arrogantium
2626 987 2793 1044 fastus
2846 990 2993 1059 prius
3044 987 3331 1060 ipertulit,
3367 1005 3502 1061 quas
3556 992 3818 1059 superbas

2210 1077 2357 1134 fores
2396 1080 2686 1134 matutinus
2752 1081 3012 1135 salutator
3094 1080 3329 1144 obsedit,
3413 1092 3545 1150 qttot
3598 1092 3816 1137 tumen-

2220 1172 2349 1228 tium
2394 1171 2407 1221 i
2477 1172 2865 1229 contumeliosa
2906 1172 3124 1241 vestigia
3176 1175 3203 1209 ι
3275 1173 3504 1242 stipatus
3548 1173 3599 1227 in
3645 1174 3817 1229 clien-

2213 1264 2343 1318 tium
2397 1277 2597 1319 cuneos
2633 1261 2649 1299 ι
2686 1272 2810 1318 ante
2855 1262 3167 1333 pra-cessit,
3211 1270 3267 1317 ut
3306 1263 3480 1331 ipsum
3518 1263 3677 1319 etiam
3728 1280 3821 1321 sa-

2214 1356 2439 1412 lutatum
2485 1366 2524 1392 τε
2570 1371 2754 1412 comes
2826 1356 3167 1427 postmodum
3211 1371 3408 1428 pompa
3465 1359 3817 1428 praecederet,

2215 1452 2444 1507 obnoxia
2476 1468 2581 1507 non
2620 1450 2844 1517 homini,
2877 1450 2970 1506 sed
2999 1451 3282 1521 potestati!
3329 1467 3502 1521 neque
3528 1452 3672 1507 enim
3709 1454 3817 1509 coli

2217 1543 2455 1599 moribus
2495 1543 2692 1599 meruit
2734 1543 2846 1608 ille,
2896 1541 2991 1598 sed
3039 1540 3291 1598 fascibus.
3356 1542 3559 1598 llorum
3588 1543 3825 1614 denique

2219 1636 2400 1691 videas
2452 1636 2627 1692 exitus
2666 1644 2873 1706 turpes,
2932 1650 3056 1689 cum
3099 1648 3298 1704 auceps
3344 1644 3645 1705 temporum
3705 1636 3824 1705 pal-

2220 1736 2374 1799 pator
2409 1728 2689 1794 abscessit,
2736 1741 2857 1783 cum
2917 1726 3105 1797 privati
3150 1726 3288 1781 latus
3333 1725 3534 1782 nudum
3580 1727 3827 1785 desertor

3064 1818 3311 1874 lacerata:
3385 1818 3577 1875 domus
3656 1819 3826 1893 plaga:

1744 1936 2125 1997 LECTlONES
2171 1940 2258 1997 VA
2267 1936 2382 1996 RIA
2391 1936 2590 1992 NTES.

588 2058 613 2119 ξι
640 2056 740 2106 Soli
766 2057 849 2119 ubi
874 2057 1008 2105 Lam.
1044 2054 1192 2119 Ebor.
1217 2054 1312 2119 Au.
1348 2050 1634 2119 Tltu._l:2ras.
1656 2051 1830 2119 Morel.
2043 2055 2095 2105 4.

583 2115 737 2168 1>Sed
776 2118 1027 2168 videamus
1074 2118 1208 2166 Lam.
1253 2117 1395 2166 Ebor.
1440 2115 1549 2165 ΝΕ.
1592 2116 1638 2165 1.
1694 2115 1795 2166 Nos
1859 2115 2125 2167 videamus.

530 2181 660 2237 Bod.
687 2182 735 2229 5.
773 2184 959 2232 Manut.
987 2180 1159 2229 Morel.

591 2249 612 2308 (ἦ
641 2242 819 2308 Rigalt.
845 2242 1005 2308 onuu‘a
1028 2239 1852 2308 per_iiuerrog_._repetitas_scutati}.

590 2307 619 2347 ιι
646 2301 1012 2367 magistratibus
1029 2301 1089 2339 '—
1105 2301 1584 2364 PriucitiatibUSNC.
1610 2303 1659 2353 1.
1686 2301 1772 2355 Eb.
1803 2305 1935 2353 Lam.

594 2373 616 2400 θ
642 2369 704 2418 Et
723 2365 873 2418 omitt.
902 2369 1059 2418 Oxon.

592 2431 613 2469 τ
640 2430 935 2482 Calamitalis
957 2431 1195 2480 abstrusa:
1226 2430 1365 2479 Pem.
1398 2436 1529 2478 Voss.
1550 2427 1703 2488 2,sed
1725 2426 1886 2480 orrriss.

2302 2056 2327 2093 ε
2351 2051 2608 2114 Cuiusdam
2629 2060 2759 2102 voss.
2786 2049 2835 2099 2.

2297 2116 2327 2183 ξι
2346 2112 2540 2183 Quibus
2560 2113 2811 2183 hoieLr'oss.
2852 2112 2902 2161 4.

2299 2181 2315 2217 i
2346 2178 2490 2227 Prius
2511 2176 2680 2228 omittit
2704 2185 2834 2226 Voss.
2900 2208 2907 2215 .

2300 2244 2314 2293 i
2348 2241 2467 2301 Qua:
2490 2246 2765 2291 tomentum
2790 2235 2915 2288 Bod.
2932 2235 3073 2301 Spir.
3115 2240 3233 2288 Rea.
3262 2238 3400 2289 Foss.

2295 2305 2323 2341 ιι
2349 2299 2722 2354 Contumeliosis
2742 2299 3081 2362 vestigiis'Ar.
3102 2299 3516 2362 Ben.Lam.Ebor.

2297 2366 2316 2403 1
2349 2367 2568 2425 Stipaltts
2586 2363 2837 2412 clientium
2854 2359 2994 2422 Spir.
3018 2364 3160 2413 Eras.
3183 2361 3381 2424 Cuneis,
3409 2364 3565 2413 Oxon.

2292 2430 2330 2458 ω
2354 2424 2682 2477 Salutantium
2698 2424 2860 2493 Lamb.
2881 2428 3024 2475 Eras.

1768 2534 2009 2593 STEPH.
2050 2535 2322 2593 BALUZII
2359 2534 2585 2591 ΝΟΤΑΞ.

532 2659 679 2713 aiunt
710 2656 1018 2713 Lactantim
1049 2654 1163 2709 Lib.
1193 2671 1244 2719 γ,
1276 2668 1394 2723 cap.
1422 2653 1457 2710 9
1486 2670 1501 2716 :
1556 2661 1612 2708 et
1651 2651 2010 2725 Hieronymus
2065 2652 2119 2707 in

533 2729 768 2797 Epistula
798 2729 864 2780 ad
893 2726 1145 2799 Virginem
1160 2724 1389 2799 exulem)
1416 2725 1656 2799 quisquis
1673 2723 1741 2777 ab
1760 2723 1878 2793 ejus
1894 2737 2120 2799 conver-

530 2794 738 2855 satione
764 2794 1029 2853 dissentit.
1050 2797 1233 2867 Sculp.
1260 2794 1492 2853 Severus
1518 2794 1632 2849 Lib.
1660 2811 1715 2857 tt,
1737 2810 1907 2850 sacra:
1941 2794 2121 2850 Histo—

532 2874 628 2926 ri:e
655 2889 666 2924 :
699 2871 898 2939 Quippe
923 2886 1117 2939 semper
1137 2869 1342 2921 inimica
1356 2868 1620 2921 virtutibus
1648 2867 1766 2920 vitia
1792 2875 1941 2939 sunt,
1967 2875 2011 2920 et
2027 2882 2122 2937 op-

534 2944 643 2995 timi
670 2944 852 3011 quique
874 2941 935 2993 ab
963 2938 1208 3011 improbis
1231 2941 1376 3010 quasi
1396 2939 1757 3011 expuobrantes
1783 2938 2116 3011 aspiciuntar.

534 3013 632 3068 Est
657 3007 821 3075 enim,
851 3023 909 3066 ut
940 3007 1049 3065 Lib;
1075 3027 1132 3075 ιι,
1160 3007 1382 3078 caule;
1417 3007 1470 3063 et
1497 3007 1610 3062 Lib.
1655 3024 1732 3074 tn,
1766 3022 1885 3078 cap.
1911 3010 1942 3063 7
1973 3050 1987 3075 ,
2046 3009 2121 3068 ait

533 3084 913 3152 Quintilianus,
946 3082 1190 3152 qumdam
1223 3084 1477 3138 virtutum
1510 3084 1862 3154 vitiorumque
1913 3087 2128 3150 vicinia,

537 3159 605 3212 Et
632 3158 861 3223 Seneca,
895 3157 1061 3226 Epist.
1094 3171 1219 3220 xcv,
1250 3156 1323 3209 ait
1362 3155 1482 3208 vitia
1514 3156 1613 3209 sub
1633 3155 1884 3209 virtutum
1913 3160 2130 3220 neruine

534 3230 796 3298 obrepere
826 3239 879 3281 et
909 3229 1011 3281 illis
1042 3227 1279 3280 immixta
1312 3226 1522 3298 trahere
1548 3241 1733 3298 secum
1781 3226 1918 3282 illas.
1967 3227 2134 3291 Vere-

536 3317 641 3368 que
673 3296 812 3353 dixit
839 3298 902 3352 Τ.
937 3298 1114 3352 Livius
1142 3297 1277 3349 tuala
1313 3296 1771 3368 honis‘adhairere
1800 3311 1854 3355 et
1899 3305 1951 3358 in
2006 3307 2132 3360 ani-

536 3366 935 3424 mishmninum
954 3368 1253 3438 potentiora
1276 3382 1418 3422 esse.
1450 3366 1582 3423 Vide
1621 3372 1686 3423 A.
1735 3369 1963 3428 Gelliqu
2009 3375 2130 3433 Lib.

536 3457 623 3499 v1.
650 3443 841 3511 cap,l.

602 3508 758 3580 Carpit
816 3511 1006 3565 licitum
1050 3526 1177 3565 esse.
1213 3508 1574 3564 Tertullianus
1631 3510 1683 3565 in
1742 3511 1877 3569 libro
1917 3516 1984 3571 de
2026 3516 2134 3573 Co-

537 3599 667 3639 rona
705 3603 717 3638 :
750 3584 853 3638 Sed
900 3583 1034 3652 quod
1060 3598 1160 3636 non
1211 3580 1500 3649 prohibetur
1529 3581 1664 3635 ultro
1690 3585 1992 3652 permissum
2040 3600 2132 3643 est.

538 3655 709 3708 Immo
737 3653 1029 3723 prohibetur
1055 3652 1191 3723 quod
1218 3668 1322 3705 non
1343 3652 1479 3723 ultro
1518 3654 1818 3722 permissum
1846 3668 1939 3711 est.
1969 3658 2137 3713 Sanc-

541 3738 627 3780 tus
678 3726 991 3781 Ambrosius
1025 3722 1075 3778 in
1106 3723 1346 3794 Epistola
1380 3722 1445 3776 ad
1477 3723 1762 3778 Paternum
1792 3745 1803 3780 :
1850 3726 2139 3785 Prwteudis

543 3799 675 3870 enim
698 3800 748 3851 in
772 3797 951 3870 litteris
968 3798 1065 3870 tuis
1080 3797 1199 3870 quia
1222 3794 1520 3870 permissum
1548 3796 1642 3870 hoc
1673 3797 1844 3852 divino
1876 3804 1999 3870 jure
2018 3818 2141 3856 con-

540 3869 749 3923 nubium
776 3869 1067 3941 Imjusmodi
1095 3866 1393 3938 pignoribus
1420 3867 1747 3941 emistimatar
1777 3886 1833 3922 eo
1874 3866 2009 3941 quod
2038 3889 2141 3927 non

541 3942 871 4010 pro/libitum.
916 3940 1022 4007 ligo
1045 3949 1209 3992 autem
1236 3948 1284 3991 et
1313 3938 1621 4007 prohibitum
1649 3955 1839 3994 assero.
1887 3938 1953 3996 Et
1982 3945 2141 4011 paulo

542 4021 695 4081 ptht.‘
720 4011 868 4076 Quod
890 4011 933 4062 si
956 4010 1068 4063 ideo
1094 4012 1561 4081 permissumputas
1589 4011 1709 4080 quia
1735 4010 2022 4078 specialiter
2039 4030 2141 4069 non

540 4080 614 4136 est
645 4082 972 4148 prohibitum,
1020 4096 1107 4154 nec
1134 4081 1264 4132 illud
1293 4080 1600 4154 prohibitum
1630 4097 1860 4136 sermone
1906 4084 2031 4154 legis
2056 4102 2139 4139 re-

544 4155 711 4223 perias
738 4168 799 4202 ne
829 4162 973 4216 pater
1017 4150 1177 4223 ﬁliam
1210 4167 1355 4203 suam
1376 4151 1593 4223 (recipiat
1624 4168 1854 4223 uxorem.
1877 4192 1891 4205 .
1918 4196 1931 4207 .
1954 4150 2141 4209 'Num-

541 4221 665 4287 quid
688 4223 798 4275 ideo
826 4222 1090 4295 licetquod
1114 4237 1212 4274 non
1245 4232 1313 4274 cst
1334 4222 1661 4295 proltibilum.
1697 4221 2141 4295 Exjttdulgcntia

542 4297 686 4349 enim
706 4305 782 4346 est
814 4294 1185 4361 «prodeantque
1217 4291 1557 4361 permittitur,
1593 4302 1648 4345 ut
1684 4296 1755 4346 ait
1781 4291 2144 4351 Tertullianus

547 4367 597 4419 in
624 4366 757 4419 libro
787 4360 847 4416 de
878 4360 1239 4417 i'Irrltortatiouc
1283 4360 1559 4416 Custitatis.
1596 4363 1648 4416 [η
1681 4366 1941 4420 comoedia
2003 4370 2144 4431 Que-

543 4438 641 4490 roli
668 4437 923 4505 Scriptum
953 4446 1037 4488 est
1069 4433 1255 4505 falsum
1287 4434 1465 4486 dicere
1491 4451 1591 4486 non
1620 4450 1738 4487 esse
1760 4440 1982 4500 crimen,
2020 4440 2142 4505 quia

2230 2651 2461 2708 Fuxcnsi
2493 2648 2681 2707 codice
2709 2647 2907 2705 vidisse
2928 2649 3207 2719 scriptum,
3237 2658 3385 2719 epota
3410 2664 3490 2703 res
3539 2658 3630 2703 est.
3676 2646 3832 2717 Quod

2227 2739 2417 2780 verum
2440 2733 2548 2779 est.

2303 2794 2588 2849 Matutinus
2653 2792 2924 2847 salutator.

3002 2789 3256 2861 Virgilius
3302 2789 3399 2845 lib.
3460 2807 3518 2856 ιι,
3574 2805 3694 2863 pag.
3819 2832 3835 2858 ,

2228 2866 2271 2921 ϐ
2280 2866 2594 2937 eorgicorum
2618 2880 2632 2918 :

2415 2983 2469 3032 Si
2494 2996 2588 3031 non
2612 2983 2870 3044 ingentem
2894 2978 3078 3044 foribus
3098 2977 3386 3044 domusalta
3409 2978 3640 3044 superbis

2418 3045 2563 3095 Mane
2580 3040 2875 3093 salutantum
2900 3042 3019 3092 totis
3042 3042 3195 3093 vomit
3216 3041 3403 3091 edibus
3420 3040 3621 3090 undam.

2165 3114 2209 3176 C
2244 3131 2497 3187 Martialis
2519 3130 2612 3185 lib.
2639 3146 2689 3194 ι,
2716 3128 2895 3199 Epigr.
2921 3129 3027 3183 to:

2424 3221 2571 3272 Mane
2608 3219 2845 3271 salutator
2869 3217 3034 3268 limina
3055 3216 3191 3267 mille
3215 3221 3367 3267 teras.

2316 3306 2440 3361 Ideo
2494 3305 2747 3359 Horatius
2781 3300 3014 3372 'Epodon
3068 3299 3159 3367 xl}
3185 3302 3433 3372 scripsit,
3495 3300 3727 3372 Superba
3767 3300 3842 3353 ci-

2240 3379 2377 3431 vium
2400 3376 2680 3446 potentium
2703 3374 2901 3446 limina.
2924 3371 3252 3446 Claudianus
3293 3371 3389 3446 lib.
3423 3388 3462 3446 tu,
3487 3374 3538 3425 in
3560 3371 3802 3446 itu/iitum
3825 3390 3845 3427 :

2240 3443 2420 3502 Turba
2450 3448 2762 3501 salutantum
2806 3445 2937 3499 latas
2962 3443 3033 3497 ibi
3075 3444 3342 3513 perstrepit
3367 3445 3524 3498 (edes.
3559 3443 3635 3496 Eo
3663 3453 3842 3497 autem

2242 3526 2581 3589 processerat
2606 3517 2831 3589 ambitio
2853 3515 3240 3589 salutationum
3270 3517 3649 3589 matutinarum
3680 3516 3844 3589 utqui

2244 3584 2533 3660 cupiebant
2559 3603 2677 3660 esse
2707 3587 2863 3655 primi
2891 3587 3189 3660 salutantes
3214 3595 3422 3639 noctem
3445 3585 3657 3655 vigilem
3682 3584 3847 3660 duce-

2243 3655 2365 3716 rent
2412 3671 2535 3714 ante
2586 3659 2779 3728 jauuas
2809 3657 3160 3728 eminentium
3219 3664 3565 3725 potestatum,
3601 3664 3658 3709 ut
3687 3655 3848 3728 docet

2243 3725 2600 3803 Symmachus
2618 3730 2711 3784 lib.
2734 3745 2819 3803 _tv,_
2839 3725 3011 3803 Epist.
3041 3728 3403 3803 xut_._A_dnotat
3429 3727 3726 3803 Suetonius
3738 3726 3847 3803 Ca-

2246 3798 2465 3874 ligulam
2492 3811 2677 3856 natura
2710 3800 2951 3854 timidum
2977 3814 3040 3854 ac
3066 3798 3402 3874 diffidentem
3425 3798 3844 3874 salutatoribus

2245 3869 2575 3930 scrutatores
2620 3886 2836 3939 semper
2889 3870 3208 3939 opposuisse
3260 3869 3683 3935 acerbissimos,
3748 3870 3843 3923 sed

2248 3959 2365 3999 eain
2391 3943 2838 4001 consuetudinem
2866 3944 3117 3994 omissam
3141 3955 3261 3995 esse
3289 3956 3319 3993 a
3349 3940 3693 4009 Vespasiano.

2250 4016 2353 4071 lius
2375 4014 2732 4084 Lampridius,
2759 4015 2811 4066 in
2833 4011 2951 4066 Vita
2967 4011 3256 4067 Alexandri
3285 4012 3469 4067 Severi
3497 4011 3847 4084 scribitilﬁlum

2249 4083 2531 4140 admisisse
2578 4086 2899 4139 salutatores
2945 4084 3094 4153 quasi
3156 4098 3318 4137 unum
3367 4084 3438 4137 de
3490 4083 3846 4149 senatoribus,

2249 4168 2465 4227 patente
2488 4157 2626 4219 velo,
2656 4154 3124 4227 admissionalibus
3152 4155 3398 4227 remotis,
3429 4169 3554 4227 cum
3582 4162 3736 4227 antea
3764 4168 3850 4207 sa-

2253 4224 2423 4283 lutare
2457 4228 2750 4296 principem
2808 4242 2911 4279 non
2961 4226 3167 4287 liceret,
3196 4224 3336 4294 quod
3365 4239 3460 4279 eos
3508 4224 3692 4279 videre
3742 4240 3846 4278 non

2251 4309 2479 4366 poterat.
2512 4299 2781 4353 Salutatus
2808 4307 2996 4361 autem,
3033 4297 3202 4365 inquit
3233 4297 3369 4349 idem
3402 4305 3608 4355 auctor,
3649 4310 3851 4349 conses-

2249 4387 2363 4423 sum
2384 4370 2560 4423 abtulit
2587 4369 2818 4422 omnibus
2846 4368 3186 4428 senatoribus;
3213 4378 3363 4435 atque
3386 4368 3499 4420 ideo
3525 4366 3623 4419 nisi
3662 4367 3850 4419 boues--

2254 4452 2330 4494 tos
2361 4452 2406 4494 (t
2436 4441 2579 4493 boua'
2606 4440 2759 4507 [mute
2779 4439 3004 4491 homines
3033 4440 3097 4491 ad
3110 4439 3468 4491 salutationem
3499 4453 3601 4490 non
3622 4438 3848 4500 admisit,

546 4524 828 4583 cognitione
856 4518 955 4565 est.
987 4514 1039 4558 et
1066 4504 1385 4583 adulterium
1411 4521 1621 4583 quoque
1651 4522 1694 4583 ei
1714 4506 1853 4561 inten
1879 4525 1981 4583 non
2001 4504 2143 4583 θέεις,
2174 4510 2225 4571 D
2245 4514 2576 4583 jussitquc_ut
2606 4504 2766 4563 nemo
2804 4511 3124 4583 ingrediatur
3167 4509 3267 4561 nisi
3316 4509 3402 4577 qui
3440 4524 3494 4561 se
3535 4509 3852 4561 innocentem

546 4590 594 4632 et
623 4580 739 4630 ideo
768 4579 975 4630 lie.tum
1010 4593 1131 4629 esse
1153 4577 1274 4644 quia
1308 4591 1403 4629 nec
1434 4578 1663 4644 permitti
1721 4594 1817 4632 nec
1872 4581 2141 4648 prohiberi

549 4658 741 4719 potest:
771 4648 933 4701 Vetus
960 4658 1147 4701 auctor
1177 4648 1532 4719 Allercutiouis
1558 4663 1840 4718 synagogas
1869 4662 1923 4703 et
1955 4651 2142 4705 Eccle-

547 4715 641 4773 sia‘
677 4737 689 4772 :
716 4717 821 4773 Pro
846 4734 1029 4789 ntagno
1056 4718 1267 4772 crimine
1293 4715 1605 4787 objiciuntur
1640 4715 1802 4772 Jacob
1829 4731 2048 4788 quatuor
2077 4738 2141 4774 u-

546 4808 713 4845 xores.
748 4791 854 4845 Sed
882 4792 1127 4862 quoniam
1164 4805 1273 4843 mos
1296 4797 1423 4853 erat,
1453 4790 1642 4842 crimen
1668 4807 1768 4856 non
1797 4801 1924 4844 erat.
1987 4791 2143 4847 Nuuc

546 4873 717 4915 autem
739 4862 927 4915 crimen
944 4871 1038 4925 est,
1069 4862 1189 4929 quia
1215 4876 1323 4913 mos
1344 4876 1445 4912 non
1475 4870 1569 4913 est.

620 4932 788 4986 ΧΙ.-
804 4930 973 5001 Epota
996 4947 1077 4985 res
1097 4940 1186 4985 est.
1215 4930 1433 4984 Multum
1456 4932 1659 4985 variant
1678 4932 1727 4985 in
1750 4931 1854 4988 hoc
1892 4932 2146 4989 locolibri

552 5013 766 5059 veteres
787 5011 842 5060 ct
862 5012 1077 5076 veteres
1089 5001 1381 5076 editiones.
1414 5001 1469 5054 In
1498 5002 1815 5076 quihusdam
1844 5005 1986 5058 enim
2016 5006 2147 5076 legi-

547 5084 635 5129 tur
656 5083 803 5144 epota
825 5083 916 5127 est.
943 5074 995 5128 in
1027 5073 1150 5127 aliis
1197 5082 1419 5144 epotam,
1450 5074 1693 5141 epotaris,
1761 5085 2021 5142 epotatum
2052 5073 2145 5142 est,

549 5142 715 5200 immo
733 5145 901 5200 etiam
925 5144 1255 5215 epotaudum.
1284 5142 1618 5215 (Inmautcm
1652 5144 1814 5199 lectio
1844 5162 2002 5214 quant
2050 5162 2147 5203 nos

551 5216 887 5288 prmfcrimus
913 5213 1217 5288 reperiatur
1248 5214 1298 5288 i_n
1332 5213 1502 5268 multo
1527 5215 1767 5288 pluribus
1793 5213 2027 5288 antiquis
2056 5234 2149 5273 co-

549 5286 757 5341 dicibus
778 5301 939 5356 quam
969 5284 1114 5345 alia},
1146 5284 1467 5340 confirment
1490 5286 1648 5339 etiam
1681 5286 1824 5341 illam
1852 5284 2022 5344 codex
2050 5290 2150 5345 Se-

548 5357 939 5429 gnierianusct
989 5357 1251 5429 editiones
1278 5370 1399 5427 qum
1426 5356 1787 5412 Pamclianam
1844 5369 2151 5415 antecesse-

550 5428 695 5494 runt,
722 5428 1148 5483 existimavimus
1164 5428 1308 5482 illam
1333 5442 1454 5482 esse
1477 5429 1854 5483 revocandam.
1878 5429 2147 5486 (holerum

548 5502 670 5570 quia
697 5500 963 5553 l’amclius
997 5539 1011 5563 ,
1044 5508 1101 5553 ut
1126 5500 1347 5554 editioni
1376 5499 1731 5570 sumadderct
1774 5504 2149 5558 auctoritatem

548 5568 776 5637 alicujus
804 5570 1140 5632 vetustioris,
1171 5571 1449 5626 adnotavit
1470 5568 1722 5625 Graviunt
1754 5572 1826 5626 ita
1852 5575 2151 5629 rcsdtuisse

549 5641 692 5697 hunc
720 5643 892 5696 locum
921 5642 1254 5696 :monendos
1283 5650 1365 5696 cst
1389 5642 1556 5697 lector
1583 5641 1721 5697 istud
1756 5660 1861 5697 non
1908 5659 2028 5700 esse
2060 5659 2151 5700 ve—

548 5727 687 5767 rmn.
719 5712 851 5768 Nam
884 5714 934 5767 in
963 5712 1200 5767 editione
1222 5728 1340 5785 qua:
1357 5712 1555 5766 dicitur
1570 5712 1749 5767 Gravii
1773 5726 1958 5782 aperte
1981 5718 2153 5785 serip—

542 5808 545 5809 ν
570 5793 781 5855 umest,
814 5795 964 5851 epota
992 5800 1071 5839 res
1095 5795 1188 5846 est,
1217 5795 1271 5837 et
1298 5782 1349 5836 in
1372 5785 1635 5855 margine,
1660 5787 1989 5855 epotavimus.
2015 5782 2151 5843 Gro-

545 5854 755 5919 novius,
786 5856 854 5910 lib
934 5869 1033 5921 ιιι,
1086 5854 1365 5911 Observat.
1415 5869 1535 5924 cap.
1577 5854 1693 5926 2i,
1726 5867 1910 5915 monet
1977 5873 2036 5915 se
2097 5860 2149 5914 in

2253 4580 2464 4637 nor-erit.
2501 4581 2601 4634 Per
2629 4598 2911 4649 praeconem
2931 4581 3087 4633 edixit
3114 4590 3167 4632 ut
3196 4596 3341 4633 neuio
3371 4580 3614 4633 salutaret
3662 4580 3852 4644 princi-

2251 4671 2363 4723 pem
2390 4654 2474 4722 qui
2502 4670 2555 4706 se
2585 4658 2747 4723 furem
2789 4668 2897 4705 esse
2931 4661 3138 4723 nosset._
3162 4651 3377 4723 Contra,
3414 4649 3854 4723 Maximinusjuu

2250 4720 2476 4788 nior,'ut
2527 4720 2688 4777 tradit
2716 4723 2887 4777 Julius
2937 4721 3309 4791 Capitolinus,
3362 4722 3416 4774 in
3461 4720 3853 4774 salutationibus

2250 4795 2640 4863 superbissimus
2670 4805 2800 4860 erat,
2825 4803 2872 4849 et
2898 4810 3107 4847 ntanum
3135 4792 3425 4862 porrigebat
3448 4833 3462 4856 ,
3492 4801 3537 4844 et
3554 4807 3729 4863 genua
3757 4793 3855 4863 sibi

2250 4861 2473 4921 osculari
2493 4866 2797 4931 patiebatur,
2828 4861 3207 4934 nonnumquam
3257 4861 3410 4916 etiam
3460 4862 3635 4934 pedes.
3659 4861 3854 4934 Simile

2251 4938 2378 5007 quid
2408 4938 2545 5007 apud
2575 4936 2871 4992 Lucianum
2904 4937 2958 4988 in
2986 4932 3387 5007 Necromantia,
3420 4932 3739 5007 ubiuis-ridet
3756 4947 3852 4989 eos

2252 5003 2369 5077 qui,
2395 5003 2516 5063 cum
2549 5008 2602 5062 in
2636 5016 2901 5077 potestate
2921 5005 3196 5061 constituti
3214 5014 3429 5077 essent,
3447 5003 3631 5059 felices
3656 5004 3854 5077 ethea-

2253 5074 2336 5132 t’os
2364 5074 2656 5133 salutantes
2684 5094 2743 5134 se
2792 5079 3027 5133 facturos
3068 5085 3340 5146 putarent,
3391 5076 3435 5131 si
3492 5083 3680 5146 pectus
3719 5074 3853 5129 dex-

2252 5156 2465 5205 tramve
2492 5151 2826 5220 porrigentes
2851 5149 3044 5203 darent
3071 5145 3465 5202 osculandam.
3517 5145 3600 5220 De
3619 5216 3628 5220 Α
3650 5145 3855 5220 honore

2254 5229 2308 5291 ct
2332 5222 2454 5291 jure
2479 5216 2860 5276 szilutationum
2891 5219 3075 5291 multa:
3129 5226 3314 5291 extant
3356 5216 3853 5291 constitutionesin

2253 5287 2451 5347 Codice
2481 5291 2875 5347 Theodosiano.
2907 5289 3067 5344 Plura
3116 5289 3184 5344 de
3228 5291 3329 5345 hoc
3376 5299 3699 5356 argumento
3748 5287 3855 5347 dici

2253 5372 2495 5430 possent;
2527 5363 2620 5418 sed
2647 5365 2746 5417 ista
2773 5360 3205 5416 sulliciunt.Vide
3219 5360 3569 5415 nihilominus
3590 5358 3852 5418 Senecam

2254 5434 2428 5502 Epist.
2463 5449 2569 5495 χαις
2596 5444 2650 5488 et
2687 5433 2755 5489 Α.
2786 5433 3020 5489 Gellium
3047 5430 3164 5487 Lib.
3199 5448 3279 5502 tv,
3303 5440 3358 5487 et
3380 5430 3496 5484 Lib.
3529 5445 3607 5484 xx
3632 5437 3846 5501 ,cap.1;

2256 5501 2316 5560 et
2358 5514 2601 5560 sanctum
2627 5506 2979 5575 Augustinum
3020 5502 3131 5557 Lib.
3159 5519 3231 5571 Vt,
3255 5501 3488 5569 Confess.
3523 5515 3644 5571 cap.
3676 5503 3730 5554 1.

2328 5576 2527 5644 Auceps
2572 5567 2871 5646 temporum.
2928 5575 3029 5646 Qui
3078 5567 3288 5644 tempus
3337 5567 3655 5646 aucupatur,
3684 5579 3744 5625 nt
3777 5567 3861 5646 pit

2255 5645 2446 5702 Cicero
2468 5639 2529 5699 "in
2574 5639 2819 5700 Oratione
2860 5639 2970 5716 pro'
3002 5639 3206 5700 Roscio'
3240 5639 3498 5699 Amerino;
3531 5642 3584 5716 Id
3617 5656 3747 5716 vero
3774 5639 3855 5693 fa-

2256 5732 2381 5773 cere
2411 5716 2715 5787 palpatores
2741 5718 2792 5771 id
2842 5713 2925 5771 est
2966 5717 3272 5770 adulatores
3300 5723 3524 5770 constat.
3564 5714 3621 5768 In
3653 5713 3860 5782 aliquot

2256 5790 2488 5859 antiquis
2534 5788 2809 5843 codicibus
2848 5797 2903 5859 et
2932 5787 3254 5842 cditioniluts
3283 5787 3474 5859 legitur
3500 5802 3704 5859 anceps.

2330 5853 2535 5916 Assecla
2575 5860 2801 5932 [αἰιιιυὶι.
2862 5858 2916 5914 ld
2979 5868 3105 5925 est,
3161 5853 3363 5914 nudum
3410 5857 3551 5913 latus
3612 5853 3850 5926 reliquit,
