4222 6288
283 402 401 461 ξιτ

1737 411 2072 470 EPISTULA
2110 414 2151 469 l.

3477 402 3608 473 “ere

294 518 686 577 conscientiam
718 520 929 589 feriunt,
978 530 1104 579 tunc
1148 524 1226 581 rei
1259 521 1540 580 familiaris
1579 522 1896 579 exhaustaen
1925 534 1978 595 Α
2004 525 2103 581 hos
2140 526 2301 583 etiam
2354 527 2493 583 inter
2531 526 2743 583 divitias
2790 533 2913 583 suas
2966 523 3200 598 trepidos
3243 527 3589 598 cogitationis

296 614 492 669 damna
525 624 841 683 noscuntur,
874 616 1067 686 quibus
1109 616 1421 686 redemptus
1452 615 1598 671 lavor
1623 617 1786 687 vulgi,
1834 625 1891 672 et

297 707 516 762 caducis
559 716 719 779 atque
750 709 998 765 inanibus
1024 713 1165 767 votis
1203 710 1477 782 popularis
1514 726 1642 766 aura
1671 710 1890 781 quaesita

296 809 406 857 cst.
452 801 627 857 Stulta
659 818 884 873 prorsus
929 813 981 860 et
1015 819 1150 859 vana
1198 804 1408 875 jactura
1458 804 1483 843 ι)
1514 847 1529 873 ,
1587 804 1893 860 frustrantis

300 896 591 966 spectaculi
617 897 888 968 voluptate
934 897 987 952 id
1016 913 1207 968 parare
1234 899 1467 954 voluisse
1493 897 1637 970 quod
1666 913 1765 954 nec
1796 912 1891 969 po—

296 990 455 1060 pulus
483 991 751 1060 acciperet
773 1000 826 1046 et
852 992 1101 1061 perderet
1129 993 1490 1064 magistratus!

373 1082 486 1136 XII.
534 1082 641 1138 Sed
667 1093 721 1139 et
760 1098 892 1153 quos
925 1095 947 1122 ο
997 1083 1191 1141 divites
1240 1084 1477 1155 opinaris
1523 1084 1898 1139 continuantes

298 1176 529 1230 saltibus
572 1177 739 1231 saltus
780 1185 855 1245 et,
898 1176 965 1232 de
1012 1178 1247 1232 confinio
1280 1178 1601 1248 pauperibus
1640 1176 1891 1246 exclusis,

295 1268 503 1325 infinita
532 1282 597 1323 ac
622 1269 739 1325 sine
772 1268 1012 1324 terminis
1049 1285 1173 1325 rura
1206 1270 1363 1325 latius
1394 1270 1747 1340 porrigentes,
1777 1271 1892 1338 qui—

295 1362 400 1420 bus
426 1363 633 1432 argenti
673 1371 728 1418 et
755 1364 869 1418 auri
901 1364 1195 1421 maximum
1223 1362 1432 1434 pondus
1460 1372 1513 1417 et
1545 1361 1891 1432 pecuniarum

292 1454 597 1527 ingentium
648 1455 731 1512 vel
770 1457 1000 1512 extructi
1046 1471 1268 1529 aggeres
1304 1456 1388 1513 vel
1417 1456 1643 1515 defossae
1688 1465 1886 1523 strues,

1993 621 2211 675 incertae
2258 619 2562 675 sollicitudo
2610 619 2920 684 discruciat,
2969 634 3036 674 ne
3064 617 3245 688 prredo
3270 627 3467 685 vastet,
3518 633 3591 676 ne

1995 726 2281 784 percussor
2304 712 2537 779 infestet,
2570 726 2639 767 ne
2684 711 2897 765 inimica
2930 710 3188 781 cujusque
3229 709 3593 780 locupletioris

1995 804 2191 860 invidia
2220 802 2566 859 calumniosis
2612 802 2792 858 litibus
2836 803 3116 872 inquietet.
3149 800 3265 856 Non
3301 801 3455 856 cibus
3497 814 3582 856 se-

2000 895 2183 954 curod
2215 912 2504 954 somnusve
2555 896 2835 968 contingit.
2888 894 3133 965 Suspirat
3190 894 3280 949 ille
3323 895 3375 949 in
3403 895 3591 949 convi-

1998 994 2105 1054 vio,
2152 992 2297 1048 bibat
2345 991 2469 1046 licet
2512 1004 2755 1062 gemma;
2797 997 2851 1044 et
2905 1003 3027 1044 cum
3082 988 3255 1059 epulis
3298 988 3595 1044 marcidum

2002 1098 2198 1154 corpus
2246 1093 2394 1139 torus
2445 1081 2661 1136 mollior
2698 1080 2807 1135 alto
2833 1080 2952 1135 sinu
2979 1078 3279 1136 condiderit
3309 1090 3331 1116 ο
3372 1121 3388 1147 ,
3416 1079 3600 1150 vigilat

2001 1176 2053 1232 in
2107 1177 2321 1247 pluma;
2371 1190 2468 1231 nec
2514 1173 2761 1245 intelligit
2815 1174 2979 1229 miser
3033 1172 3276 1243 speciosa
3329 1172 3430 1229 sibi
3476 1187 3601 1230 esse

2000 1268 2276 1341 supplicia,
2308 1280 2439 1322 auro
2471 1281 2528 1322 se
2558 1266 2833 1336 alligatum
2887 1265 3078 1330 teneri,
3119 1273 3174 1321 et
3200 1263 3466 1335 possideri
3492 1279 3599 1321 maa

1997 1360 2078 1432 gis
2121 1375 2279 1431 quam
2332 1357 2605 1428 possidere
2662 1355 2874 1411 divitias
2957 1364 3116 1427 atque
3186 1370 3337 1427 opes.
3400 1355 3596 1426 Atque,

1996 1468 2030 1509 ο
2082 1452 2413 1509 detestabilis
2470 1449 2489 1488 ί
2542 1452 2758 1506 caecitas
2806 1449 3063 1506 mentium
3105 1458 3157 1506 et
3185 1448 3489 1522 cupiditatis
3517 1450 3601 1505 inv

1539 1590 1924 1650 LECTIONES
1962 1589 2371 1647 VARIANTES.

362 1712 393 1779 9
420 1711 675 1779 ῌκὴωεῑδί
689 1713 825 1779 Spir.
846 1717 994 1779 Rem._
1008 1716 1149 1765 Eros.

358 1770 393 1811 1‘
420 1774 624 1825 laetatio
646 1770 784 1828 Pein.
807 1780 945 1828 Voss.
971 1776 1020 1828 ‘2.

361 1839 390 1872 ο
419 1838 555 1896 Quod
571 1841 711 1890 Pem.
736 1843 864 1889 Mor.

2070 1714 2093 1741 ε’
2120 1710 2302 1762 Condat
2325 1710 2459 1761 Lam.
2484 1708 2627 1759 Ebor.
2652 1706 2758 1759 Lin.
2793 1710 2915 1759 Ben.
2938 1708 3177 1761 Condidit.

2066 1770 2087 1810 ί
2116 1773 2336 1823 Divitias.
2379 1770 2420 1822 Ο
2448 1770 2787 1835 detestabilis
2810 1770 2966 1835 ﬁber.
2994 1771 3113 1835 ALin.
3160 1774 3322 1835 Atque
3359 1772 3485 1822 adeo
3506 1773 3600 1822 de—

2005 1843 2124 1886 test.
2154 1837 2284 1897 me.
2311 1833 2559 1884 Instabilis
2582 1833 2846 1897 M_or.iNC.
2871 1835 2918 1883 1.
2945 1833 3257 1897 Ebor._sensu
3288 1835 3594 1897 procedente.

362 1894 635 1996 ﬁngentem:
656 1900 1124 1996 Lam.‘t£bor.LSpii'.
1163 1905 1301 1955 Rem.
1336 1903 1477 1953 Eros.
1503 1901 1718 1954 Securos
1743 1904 1884 1954 Voss.
1913 1933 1963 1996 Β
1998 1897 2153 1963 Opes.
2176 1896 2217 1949 Ο
2242 1897 2427 1948 detest.
2454 1894 2829 1949 Oxon.Divitias
2861 1900 3012 1959 atque
3035 1895 3267 1948 odetest.
3288 1894 3439 1949 'Gold.

295 1960 344 2011 Ξ.
377 1964 509 2014 Mor.
533 1963 774 2014 Securum
794 1964 931 2016 Voss.
969 1963 1018 2014 4.

1576 2070 1814 2128 8ΤΕΡ11.
1859 2069 2127 2127 BALUZII
2162 2069 2390 2127 NOTAE.

301 2185 381 2240 nti
410 2195 558 2259 recte
584 2186 911 2259 explicatum
939 2194 1022 2244 est
1049 2188 1105 2244 in
1130 2187 1371 2245 Editione
1398 2189 1714 2259 Anglicana.
1738 2187 1894 2256 Quod

300 2258 552 2329 evenisse
602 2258 915 2329 Aggippime
962 2260 1119 2315 matri
1170 2260 1397 2316 Neronis
1472 2258 1623 2315 notat
1678 2260 1896 2315 Tacitus

300 2327 421 2382 Lib.
451 2344 544 2383 xm
586 2327 891 2399 Annalium,
948 2332 1035 2387 ubi
1066 2330 1141 2386 ait
1175 2332 1441 2387 desertam
1490 2332 1633 2386 illam
1667 2330 1832 2385 fuisse
1865 2345 1896 2384 a

303 2399 460 2471 turba
488 2400 829 2455 salutantium
860 2412 1136 2471 postquam
1175 2412 1230 2458 et
1259 2402 1514 2459 excubias
1558 2402 1817 2457 militares
1841 2410 1899 2458 et

300 2469 602 2545 germanos
648 2469 906 2545 custodes
944 2469 1109 2545 _N‘eror
1156 2474 1400 2530 removit.
1440 2473 1796 2545 Hieronymus
1843 2472 1895 2527 in

299 2539 540 2610 Epistula
587 2544 655 2596 ad
684 2541 898 2598 Furiam
927 2543 996 2600 de
1017 2544 1284 2600 Viduitate
1310 2544 1569 2600 servanda
1597 2562 1610 2597 :
1641 2539 1752 2597 Nec
1774 2560 1897 2614 pro-

303 2622 515 2666 curator
562 2614 954 2680 calamistratus,
982 2632 1071 2670 nec
1119 2618 1372 2683 formosus
1411 2616 1778 2681 colluctaneus,
1806 2632 1897 2669 nec

303 2683 560 2738 candidus
589 2694 634 2739 et
661 2685 969 2740 rubicundus
990 2688 1182 2741 assecla
1206 2687 1465 2741 adhaereat
1494 2688 1641 2741 lateri
1666 2696 1773 2741 tuo.
1791 2687 1897 2741 Ar-

302 2755 493 2808 cadius
523 2766 577 2811 et
625 2756 892 2811 Honorius
929 2760 1042 2811 AA.
1073 2758 1124 2811 in
1172 2757 1542 2812 Constitutione
1569 2758 1671 2812 lata
1704 2757 1896 2810 adver-

298 2826 740 2896 susEutropium
778 2827 1082 2883 eunuchum
1127 2829 1180 2880 in
1220 2829 1255 2881 l.
1283 2844 1418 2890 xvtt;
1472 2828 1600 2882 Cod.
1641 2827 1896 2883 Theodos.

297 2895 363 2950 de
406 2895 635 2969 Pennis:
682 2896 924 2950 Divinum
970 2900 1238 2969 prazmium
1280 2899 1573 2952 consulatus
1597 2899 1901 2969 lutulentum

298 2968 599 3039 prodigium
645 2968 942 3039 contagione
970 2970 1194 3036 (reducit.
1225 2968 1357 3023 lline
1405 2969 1534 3023 illud
1584 2968 1895 3038 vulgatum:

301 3037 507 3091 Omnia
533 3037 1034 3093 cesserunfennucho
1052 3040 1271 3094 Consule
1297 3052 1544 3093 monstra.

362 3108 487 3163 XII.
521 3108 755 3181 —Bibat
777 3127 994 3181 gemma.
1022 3109 1272 3181 Virgilius
1315 3109 1427 3164 Lib.
1475 3126 1513 3166 ιι
1536 3108 1901 3181 ,Georgicon,

299 3178 369 3233 Ut
398 3196 599 3251 gemma
625 3178 794 3247 bibat}
824 3192 878 3237 et
903 3183 1028 3237 lib.t
1052 3178 1305 3237 xE'neidos
1333 3198 1348 3234 :

424 3293 517 3362 Hic
537 3297 712 3362 regina
735 3308 936 3357 gravem
961 3299 1174 3359 gemmis
1206 3310 1425 3361 auroque
1466 3300 1684 3362 peposcit

428 3355 726 3421 lmplerique
741 3355 891 3410 "mero
916 3355 1150 3423 pateram.

296 3458 511 3536 Sericos
544 3475 661 3530 cap.
688 3461 801 3515 Sile
822 3461 1190 3536 Providentia:
1218 3463 1420 3530 Quanto
1467 3466 1628 3536 magis
1667 3466 1787 3519 huic
1822 3467 1905 3521 in-

299 3531 576 3606 videndum
610 3542 681 3606 est
707 3549 859 3606 quam
884 3534 986 3606 il_lis
1011 3535 1187 3606 quibus
1221 3552 1417 3606 gemma
1445 3531 1782 3591 ministratur.
1810 3538 1904 3593 Ju-

299 3602 408 3654 lius
437 3599 767 3671 Capitolinus
809 3605 858 3657 in
887 3599 1032 3659 jElio'
1066 3604 1203 3660 Vero
1221 3599 1251 3661 ’τ
1284 3606 1417 3660 Data
1459 3609 1606 3661 etiam
1632 3625 1789 3662 aurea
1817 3619 1901 3663 at-

297 3690 402 3742 que
424 3684 663 3743 argentea
688 3676 875 3745 pocula
902 3686 949 3729 et
976 3687 1250 3746 gemmata.
1268 3678 1395 3733 Item
1417 3679 1467 3732 in
1486 3678 1729 3741 Galieno,
1751 3679 1902 3734 Gem-

296 3754 444 3797 mata
470 3759 588 3822 vasa
616 3748 756 3816 fecit.
789 3745 1044 3822 Martialis
1078 3746 1190 3822 Lib.
1221 3765 1328 3813 xu,
1364 3749 1541 3820 Epigr.
1572 3752 1640 3805 12
1673 3769 1683 3805 :
1716 3749 1790 3805 Te
1800 3769 1901 3822 po-

298 3825 415 3867 tare
463 3815 598 3889 decet
643 3833 862 3886 genium,
907 3817 957 3871 id
997 3828 1080 3872 est
1123 3818 1173 3872 in
1210 3834 1337 3875 vase
1372 3815 1659 3889 gemmato,
1695 3822 1747 3875 in
1775 3815 1902 3879 vase

298 3886 532 3954 gemmis
580 3889 1091 3963 ornato_._.luvenalis
1128 3888 1244 3945 Sat.
1280 3907 1314 3944 x
1342 3886 1529 3963 :V'Cum
1575 3893 1759 3963 pocula
1806 3910 1897 3947 su-

298 3972 409 4009 mes
448 3967 719 4037 gemmata.
762 3959 1013 4037 Idem_in
1063 3961 1234 4015 Satira
1263 3977 1296 4014 ν
1337 3962 1413 4016 ait
1466 3959 1720 4037 parasito,
1768 3964 1811 4037 si
1850 3966 1897 4019 ei

302 4030 619 4096 prepinetur
646 4030 698 4083 in
727 4030 979 4085 convivio
1008 4046 1101 4085 vas
1142 4047 1360 4086 aureum
1387 4073 1402 4093 ,
1455 4030 1729 4089 custodem
1780 4036 1897 4091 dari

343 4100 395 4175 ui
444 4109 687 4175 numeret
741 4116 1011 4175 gemmas.
1037 4102 1343 4173 Propertius
1375 4104 1592 4175 libant,
1625 4105 1774 4175 Eleg.
1816 4107 1894 4175 5:

304 4168 420 4241 {Nec
449 4169 567 4223 bibit
603 4188 655 4241 ag
672 4168 865 4241 gemma
910 4173 1062 4226 divite
1096 4168 1271 4227 nostra
1326 4176 1449 4228 suis.
1476 4174 1637 4230 Silius
1686 4168 1897 4235 Italicus

304 4240 404 4317 l_ib.
431 4257 587 4317 _xur__:_
621 4239 951 4317 Poc_uluque_
990 4243 1321 4317 anuluarum
1374 4247 1626 4300 irritantia
1673 4263 1890 4317 gemma.

304 4310 509 4365 Statius
538 4312 670 4366 lib.t
714 4310 1056 4369 Thebaidos:
1090 4314 1198 4369 Nec
1228 4332 1349 4369 cura
1403 4333 1540 4371 mero
1586 4310 1896 4373 committere

300 4399 547 4453 gemmas.
580 4383 757 4439 zElius
802 4385 1122 4455 Spurtianus
1167 4388 1354 4440 scribit
1401 4387 1688 4442 Zenobiam
1743 4403 1892 4445 usam

302 4469 428 4508 esse
459 4454 596 4508 vasis
643 4458 818 4510 aureis
846 4454 1142 4524 gemmatis
1173 4458 1235 4511 ad
1267 4459 1529 4512 convivia.
1562 4459 1779 4513 Latinus
1802 4460 1894 4514 Pa-

301 4536 463 4600 eatus‘
489 4526 781 4600 Drepanius
810 4531 861 4581 in
886 4529 1212 4600 Panegyrico
1239 4529 1528 4584 Theodosii
1559 4547 1571 4583 :
1604 4529 1721 4584 Nisi
1750 4533 1888 4585 (csti-

301 4612 417 4673 vam
446 4597 496 4673 in
542 4599 750 4673 {ieiuniis
793 4597 1080 4673 capacibus
1106 4601 1315 4673 glgciem
1356 4602 1565 4673 [lamina
1602 4602 1885 4673 fregissent.

301 4666 555 4721 Sltltlllllb
570 4668 682 4743 μὶ).
711 4686 769 4730 ll,
803 4666 970 4743 Epist.
1006 4672 1072 4725 15
1148 4666 1426 4743 Fumurent
1448 4666 1645 4741 falerno
1679 4666 1891 4743 gemma:

304 4755 539 4812 capaces.
572 4740 712 4794 Idem
738 4756 787 4795 in
814 4741 1064 4797 Carmine
1088 4741 1123 4795 2
1155 4760 1166 4795 :
1197 4740 1511 4797 Gemmatum
1540 4740 1764 4812 pateram
1802 4762 1892 4800 rea:

304 4811 417 4879 ipse
468 4819 677 4884 retenta.
733 4813 998 4867 Lucianus
1051 4814 1101 4865 in
1143 4812 1357 4880 Cataplo
1388 4826 1648 4869 memorat
1700 4816 1890 4884 pocula

299 4881 532 4947 gemmis
559 4881 826 4948 distincta,
859 4892 913 4938 et
956 4886 1232 4951 Apuleius,
1264 4884 1379 4938 Lib.
1415 4901 1471 4945 ιι.
1504 4881 1891 4954 Metamorpho-

300 4966 705 5029 februgeuiinas
731 4953 988 5029 fortunatas
1015 4956 1065 5008 in
1086 4957 1274 5025 pocula
1292 4957 1418 5029 vini.
1452 4953 1809 5029 Hieronymus
1837 4961 1890 5013 in

300 5020 423 5074 Vita
456 5021 601 5076 Pauli
628 5026 866 5080 eremitze
896 5043 908 5078 :
948 5024 1049 5080 Vos
1086 5020 1289 5095 gemma
1315 5027 1501 5090 bibitis,
1532 5028 1618 5082 ille
1654 5020 1892 5084 concavis

302 5104 507 5167 natura:
539 5096 768 5167 manibus
814 5097 1076 5167 satisfecit.
1110 5096 1251 5152 Idem
1307 5100 1359 5153 in
1390 5097 1623 5166 Epistola
1648 5101 1715 5153 ad
1748 5099 1894 5154 Pau-

300 5165 412 5238 lum
463 5164 530 5218 de
570 5166 867 5234 Alpliabeto
896 5164 1156 5223 llebraico
1188 5186 1200 5223 :
1233 5164 1465 5224 Habeant
1493 5170 1588 5223 sibi
1620 5173 1818 5238 cmteri,
1850 5173 1895 5226 si

301 5235 460 5311 velint
479 5277 493 5293 .
519 5251 635 5311 suas
660 5253 800 5306 opes,
830 5254 1029 5309 gemma
1052 5240 1241 5294 bibant.
1268 5241 1471 5296 Seneca
1521 5242 1688 5311 Epist.
1719 5235 1845 5297 cxrx
1876 5260 1889 5297 :

306 5305 493 5383 Etruri:
522 5306 587 5359 sit
617 5305 1111 5383 aureum'poculum,
1140 5328 1208 5365 an
1239 5305 1615 5383 crystallinum,
1648 5329 1715 5367 an
1751 5330 1893 5367 mur-

300 5376 546 5450 mittunt,
570 5394 636 5431 an
661 5376 957 5434 Tiburtinus
980 5382 1145 5447 calix,
1179 5398 1245 5436 an
1276 5376 1455 5437 manus
1484 5376 1733 5450 concava,
1762 5385 1894 5439 nihil

300 5449 478 5526 refert.
502 5448 765 5526 Caeterum
800 5450 884 5505 hic
920 5451 1316 5526 admonendum
1361 5465 1443 5509 est
1472 5448 1753 5526 lligaltium
1780 5456 1894 5511 edi-

300 5518 452 5595 disse
509 5519 644 5574 bibat
666 5537 939 5595 gemmas,
967 5532 1020 5577 et
1050 5522 1169 5577 ideo
1199 5518 1575 5592 Lombertum',
1612 5528 1701 5595 qui
1751 5528 1895 5582 illius

300 5590 541 5667 editione
573 5590 842 5667 utebatur.
867 5594 1277 5667 malevertisse,
1307 5596 1371 5649 ils
1394 5590 1587 5650 boiven‘t
1615 5590 1702 5651 des
1733 5600 1894 5667 perles

300 5672 347 5713 et
392 5662 458 5714 de
504 5664 711 5716 l‘mubre
765 5664 889 5734 gris.
913 5664 1131 5718 Addidit
1168 5676 1347 5721 tamen
1398 5662 1896 5724 Lmnbertus'lianc

302 5743 636 5812 postremum
662 5750 882 5812 Vocem,
919 5753 1039 5789 cum
1065 5735 1195 5812 nilnil
1235 5737 1410 5792 simile
1449 5749 1593 5812 extet
1616 5741 1753 5812 apud
1785 5739 1892 5812 Cy-

303 5806 577 5879 prianum.
603 5802 738 5861 Sunt
776 5808 862 5875 qui
895 5817 1076 5879 putant
1127 5807 1227 5861 hoc
1250 5823 1417 5879 genus
1463 5802 1683 5879 liquoris
1730 5802 1895 5865 fuisse

306 5875 643 5949 incognitum
676 5879 925 5949 antiquis.
949 5877 1052 5933 Alii
1078 5875 1432 5933 tamen’aittnt
1457 5875 1576 5936 eset:
1597 5885 1891 5949 succinum,

307 5944 379 6001 de
410 5962 518 6017 quo
544 5948 663 6006 vide
693 5944 972 6004 Diodorum
1011 5949 1240 6004 .‘siculttm
1266 5951 1356 6006 lib.
1385 5965 1437 6006 γ.

2082 2186 2272 2258 Vigilat
2326 2187 2384 2259 in
2426 2186 2620 2259 pluma.
2652 2186 2884 2259 “Seneca
2928 2184 2980 2239 in
3015 2184 3175 2240 Libro
3204 2185 3271 2259 de
3315 2184 3601 2259 Providen-

2001 2260 2072 2313 tia
2097 2255 2217 2329 cap.
2245 2260 2279 2315 5
2302 2275 2314 2311 :
2343 2257 2468 2312 Tam
2486 2256 2709 2329 vigilabit
2733 2259 2786 2311 in
2828 2255 3004 2329 pluma
3031 2272 3193 2329 quam
3213 2257 3307 2329 ille
3350 2257 3402 2310 in
3427 2255 3599 2329 cruce.

2000 2326 2257 2384 Martialis
2290 2329 2401 2382 Lib.
2434 2345 2485 2384 is
2508 2326 2738 2400 ,VEpigr.
2769 2328 2837 2400 9i
2872 2326 3152 2400 {Pervigil
3179 2328 3232 2400 in
3256 2328 3427 2400 pluma
3450 2328 3603 2384 Caius

2000 2417 2113 2456 ecce
2130 2402 2290 2470 jacet.
2324 2398 2764 2470 Hieronymusin
2812 2398 3049 2468 Epistula
3081 2398 3146 2453 ad
3179 2398 3480 2454 Marcellam
3533 2403 3597 2455 tle

2002 2469 2359 2544 Egrotatione
2389 2470 2651 2544 Blesillte:
2684 2469 2787 2524 Illo
2812 2478 3039 2544 tempore
3078 2472 3369 2544 plumarum
3395 2487 3592 2541 quoque

2002 2542 2136 2597 dura
2156 2544 2394 2597 mollities
2425 2542 2706 2607 videbatur,
2726 2552 2773 2595 et
2803 2543 2855 2594 in
2883 2542 3122 2595 extructis
3152 2542 3311 2595 thoris
3334 2543 3501 2608 iacere
3519 2544 3603 2597 via:

2004 2626 2219 2686 poterat.
2248 2612 2448 2686 Seneca
2476 2613 2703 2669 llercule
2733 2613 2915 2669 Oetrco
2945 2612 3147 2666 :Aurea
3168 2629 3444 2686 numquam
3473 2622 3601 2668 tecta

2002 2682 2255 2755 quietem,
2292 2685 2562 2756 vigilesque
2591 2686 2743 2739 trahit
2784 2700 3012 2754 purpura
3061 2694 3248 2739 noctes.
3274 2682 3600 2741 Prudentius

2004 2758 2057 2810 in
2103 2756 2499 2827 Hamartigenia
2529 2774 2542 2811 :
2569 2758 2632 2809 At
2657 2772 2748 2810 nos
2796 2756 3004 2809 delicias
3044 2756 3335 2824 plumarum
3382 2764 3427 2809 et
3465 2757 3601 2811 linea

2003 2837 2139 2881 texta
2195 2830 2479 2882 sternimus.
2535 2828 2792 2897 Rigaltius
2839 2827 3053 2898 scripsit
3101 2828 3277 2898 vigilat
3329 2835 3496 2880 tamen
3547 2829 3601 2881 in

2005 2900 2179 2967 pluma
2225 2910 2410 2952 contra
2451 2899 2688 2953 omnium
2718 2907 2956 2953 veterum
2990 2897 3248 2951 librorum
3295 2906 3349 2951 et
3395 2898 3593 2952 editio-

2006 2984 2134 3023 num
2155 2968 2336 3024 tidem.
2360 2970 2496 3024 Puto
2525 2979 2700 3023 autem
2734 2969 2879 3023 illum
2918 2967 3186 3022 addidisse
3211 2981 3396 3021 vocem
3432 2978 3599 3021 tamen

2005 3054 2070 3094 ex
2092 3041 2383 3108 exemplari
2409 3040 2655 3095 editionis
2679 3038 2996 3094 Pamelianze
3021 3052 3129 3106 quo
3146 3037 3396 3091 Nieolaus
3425 3038 3596 3092 Faber

2005 3111 2273 3176 utebatur,
2317 3112 2368 3165 in
2390 3110 2544 3180 cujus
2576 3111 2811 3178 margine
2859 3110 2939 3163 vir
2966 3108 3308 3180 doctissimus
3353 3122 3470 3161 cam
3500 3123 3596 3177 po~

2007 3192 2188 3237 suerat
2213 3198 2305 3238 sua
2329 3178 2491 3237 manu
2517 3223 2533 3249 ,
2562 3181 2704 3235 nulla
2745 3181 3015 3234 mentione
3049 3178 3152 3233 loci
3180 3179 3267 3232 tibi
3296 3180 3594 3233 invenerat.

1930 3246 1974 3308 C
2006 3253 2165 3310 Certe
2187 3270 2291 3308 non
2314 3246 2531 3309 extatin
2563 3251 2728 3306 veteri
2768 3252 2906 3307 libro
2951 3250 3260 3305 monasterii
3307 3249 3597 3305 Fossatett-
3676 3284 3683 3293 ι

2011 3325 2085 3379 sis
2127 3340 2248 3380 cum
2303 3341 2408 3396 quo
2437 3324 2529 3379 ille
2578 3323 2804 3377 contulit
2828 3322 3053 3396 plurima
3108 3321 3222 3396 loca
3265 3322 3433 3396 sancti
3487 3320 3597 3393 Cy-

2011 3397 2200 3466 priani.
2241 3391 2372 3450 Eain
2397 3405 2575 3450 tamen
2606 3408 2793 3466 vocem
2824 3391 3040 3447 retinuit
3077 3391 3243 3445 editio
3283 3391 3591 3466 Anglicana.

2012 3463 2338 3521 Reinliartus
2360 3466 2608 3535 explosit.
2634 3463 2790 3519 Certe
2814 3473 3030 3535 noniest
3062 3465 3382 3535 necessaria.

2078 3538 2339 3594 Possideri
2393 3533 2574 3607 magis.
2631 3534 2768 3589 Infra
2828 3537 2878 3589 in
2924 3534 3087 3589 Libro
3131 3535 3196 3588 de
3244 3533 3428 3607 Lapsis
3466 3549 3589 3607 pag.

2006 3609 2109 3665 185
2137 3630 2150 3664 :
2193 3605 2540 3664 Possidere‘se
2558 3607 2766 3661 credunt
2791 3607 2877 3677 qui
2899 3606 3068 3676 potius
3098 3606 3438 3677 possidentur.
3466 3605 3593 3659 Hie-

2005 3696 2261 3748 ronymus
2292 3681 2343 3734 in
2364 3680 2601 3748 Epistula
2627 3679 2692 3731 ad
2726 3676 3003 3732 Paulinum
3027 3678 3089 3730 de
3119 3676 3445 3729 Institutione
3478 3679 3592 3748 lito-

2005 3698 2101 3735 ron
2144 3698 2261 3735 mus
2292 3698 2343 3734 In
2364 3698 2601 3748 nptswm
2627 3698 2692 3731 au
2727 3698 3003 3732 rauunum
3027 3698 3089 3730 ac
3119 3698 3445 3729 lusumttatte
3478 3698 3592 3729 tuu-

2005 3698 2159 3807 nacbi
2186 3770 2198 3804 :
2230 3751 2403 3806 Crates
2443 3751 2530 3804 ille
2576 3748 2875 3811 Thebanus,
2903 3751 3052 3802 homo
3101 3747 3358 3811 quondam
3401 3746 3593 3800 ditissi-

2004 3840 2136 3888 mus,
2176 3840 2289 3876 cutn
2325 3823 2395 3875 ad
2429 3821 2892 3891 philosOphamlum
2936 3820 3161 3871 Athenas
3188 3825 3591 3891 pergeretama-

2001 3887 2159 3964 gnunt
2183 3895 2297 3947 auri
2325 3887 2522 3961 pondus
2543 3887 2872 3964 objecitmon
2902 3890 3176 3964 putavit__se
3200 3887 3354 3941 simul
3383 3903 3528 3964 posse
3548 3899 3593 3964 et

2002 3958 2205 4019 virtutes
2221 3975 2267 4018 et
2292 3958 2495 4017 divitias
2525 3958 2796 4031 possidere.
2816 3961 2950 4014 Item
2972 3962 3023 4014 in
3052 3959 3212 4031 Lier
3240 3958 3476 4031 secundo
3496 3959 3590 4031 atl-

2004 4050 2188 4089 versus
2212 4029 2553 4089 Joviniantim
2593 4040 2650 4086 et
2679 4033 2729 4085 in
2762 4031 2997 4099 Epistula
3028 4029 3380 4086 consolatoria
3405 4030 3468 4083 ad
3492 4029 3589 4083 Ju-

2001 4106 2203 4160 lianum
2234 4123 2246 4158 τ
2278 4104 2454 4159 Crates
2493 4104 2582 4158 ille
2625 4102 2911 4165 Thebanus,
2946 4103 3171 4174 projecto
3211 4101 3263 4154 in
3305 4118 3457 4174 mare
3493 4118 3592 4155 non

2002 4194 2157 4246 parvo
2173 4179 2285 4231 auri
2303 4175 2711 4246 pondere,Abite,
2735 4174 2920 4243 inquit,
2937 4190 3158 4243 pessum,
3178 4173 3328 4246 mala:
3342 4189 3404 4227 cu
3413 4173 3589 4246 pidita-

2000 4243 2091 4302 tes.
2127 4248 2237 4320 Ego
2257 4243 2343 4302 vos
2370 4264 2612 4318 mergam,
2634 4247 2818 4316 neipse
2843 4262 3043 4320 mergar
3060 4262 3090 4297 a
3118 4243 3275 4320 vobis.
3302 4244 3591 4320 Prnjiciens

1997 4314 2340 4389 antem’opes
2393 4314 2515 4373 sua's
2547 4320 2598 4372 in
2641 4314 2819 4389 mare,
2850 4327 2905 4389 ut
2948 4314 3099 4371 docet
3132 4315 3433 4389 Gregorius
3483 4314 3591 4367 Na-

1999 4385 2282 4446 zianzenus
2295 4390 2548 4446 Oratione
2564 4391 2613 4443 iu
2630 4388 2865 4443 Laudem
2884 4388 3058 4442 Basilii
3071 4387 3221 4451 ,dixit
3236 4385 3427 4440 :Crates
3440 4393 3591 4435 crate-

1997 4473 2095 4517 tem
2121 4463 2414 4517 Thebanum
2436 4462 2664 4515 libertate
2688 4460 2862 4513 donat.
2894 4459 2999 4513 Sed
3018 4460 3161 4512 illtun
3180 4464 3455 4526 propterea
3484 4454 3592 4507 cnl‘

1997 4544 2176 4605 patum
2223 4548 2344 4589 esse
2371 4535 2438 4587 ab
2465 4533 2746 4603 Apollonio
2775 4531 3010 4605 Tyapaeo
3042 4529 3201 4582 refert
3235 4526 3589 4605 Pbilostra'ttm

1996 4594 2047 4661 in
2090 4605 2207 4658 Vita
2236 4607 2349 4672 ejus
2380 4604 2471 4658 lib.
2505 4594 2538 4658 ιί
2564 4646 2577 4669 ,
2611 4619 2729 4671 cap.
2764 4594 2853 4658 10'.
2879 4602 3084 4676 Seneca
3129 4613 3247 4665 cap.
3271 4596 3346 4676 g2
3373 4594 3587 4676 devita

1996 4678 2188 4732 beata:
2224 4666 2422 4730 Divitiaz
2448 4666 2572 4730 mete
2600 4666 2735 4734 sunt,
2769 4683 2823 4725 tu
2853 4672 3140 4725 divitiarum
3167 4685 3235 4721 es.
3271 4667 3398 4721 ltem
3419 4666 3584 4734 Epist.

1995 4763 2096 4803 cxv
2139 4764 2153 4805 :
2193 4746 2392 4818 Majore
2436 4756 2684 4800 tormento
2709 4744 2925 4818 peeunia
2971 4740 3586 4818 possidetur-quantquaza

1995 4821 2140 4872 ritur.
2182 4808 2314 4872 item
2351 4818 2514 4887 Epist.
2546 4832 2667 4871 cxrx
2709 4808 2724 4867 Ξ
2756 4812 2894 4887 Nam
2926 4808 3061 4887 quod
3106 4810 3174 4863 ad
3219 4808 3336 4863 illos
3376 4809 3588 4875 pertinet

1995 4906 2120 4961 quos
2137 4890 2267 4959 falso
2292 4884 2585 4943 divitiarum
2613 4884 2995 4961 nomen_inv_as_it
3020 4891 3266 4961 occupa-ta
3292 4890 3584 4961 paupertas,

1994 4950 2068 5015 sic
2117 4950 2316 5015 divitius
2362 4962 2544 5013 habent
2585 4954 2834 5026 quomodo
2879 4955 3061 5026 habere
3116 4950 3333 5026 dicimur
3376 4950 3584 5026 febrem,

1996 5049 2109 5087 cum
2136 5034 2228 5086 illa
2267 5047 2360 5086 nos
2396 5020 2606 5083 habeat:
2627 5026 2672 5088 li}
2701 5026 2956 5080 contrario
2983 5025 3152 5078 dicere
3180 5024 3414 5077 debemus
3445 5020 3586 5074 :It‘e-

1997 5103 2100 5158 bris
2146 5103 2295 5157 illum
2328 5111 2478 5156 tenet.
2516 5097 2707 5153 Eodem
2752 5097 2904 5151 uredo
2934 5095 3204 5149 dicendum
3241 5104 3310 5148 cst
3335 5111 3354 5146 :
3388 5091 3589 5145 Divitia:

1996 5176 2144 5229 illum
2169 5184 2352 5227 tenent.
2395 5171 2636 5227 Valerius
2668 5168 2928 5224 Maximus
2956 5168 3046 5222 lib.
3079 5181 3153 5230 tx,
3178 5181 3296 5232 cap.
3340 5165 3372 5218 4
3407 5181 3417 5216 :
3449 5162 3585 5215 Pro-

1998 5247 2082 5300 cul
2102 5245 2253 5299 dubio
2278 5246 2321 5297 is
2348 5259 2447 5297 non
2476 5242 2695 5310 possidet
2717 5239 3043 5301 divitias,sed
3068 5255 3099 5310 α
3120 5236 3306 5310 divjtiis
3324 5250 3588 5310 possessus

1998 5325 2091 5371 est.
2120 5315 2307 5372 Simile
2350 5303 2642 5385 quid'apud
2684 5311 3063 5367 Pliilostratum
3092 5309 3143 5362 in
3173 5303 3286 5360 Vita
3307 5303 3578 5374 Apollonii

1998 5387 2215 5459 Tyanmi
2242 5387 2335 5440 lib.
2364 5401 2419 5451 ν,
2442 5400 2561 5460 cap.
2589 5385 2643 5460 8.
3330 5448 3341 5460 ,
3494 5445 3506 5457 ,
3533 5446 3544 5456 ,

2068 5460 2231 5527 Atque
2276 5473 2415 5528 apes.
2453 5456 2559 5510 Has
2611 5456 2745 5511 duas
2789 5463 3149 5528 voces.__qnas
3190 5463 3296 5502 non
3331 5456 3507 5501 inveni
3534 5458 3583 5500 in

1998 5524 2230 5599 antiquis
2285 5524 2607 5600 editionibus
2646 5540 2820 5594 neque
2861 5527 2911 5579 in
2943 5524 3056 5577 ullo
3078 5536 3286 5600 “eorum
3339 5527 3578 5600 veterum

1999 5588 2383 5670 exemplarium
2422 5598 2616 5668 quibus
2663 5588 2821 5670 utor,
2870 5610 2991 5670 quae
3017 5611 3045 5647 a
3076 5591 3311 5646 Pamelio
3359 5588 3584 5670 adjecta:

2000 5661 2173 5736 sunt;
2207 5679 2262 5725 et
2309 5661 2609 5741 Gronovius
2661 5669 2828 5721 lib.ni
2872 5661 3153 5719 Observat.
3201 5677 3319 5732 cap.
3351 5661 3420 5741 i9.
3447 5673 3586 5741 cmo—

2000 5745 2117 5797 nuit
2140 5729 2261 5797 esse
2286 5740 2562 5805 delendas,
2591 5754 2692 5808 ego
2718 5753 2931 5811 antique
2962 5729 3585 5811 putaveram'omitti.de-

2000 5814 2156 5873 bere,
2207 5828 2327 5866 cum
2380 5801 2673 5881 praesertim
2704 5801 3295 5881 viiler'emr'Cieeronem
3342 5806 3390 5855 in
3425 5801 3586 5855 Libro

2000 5886 2063 5958 de
2089 5884 2326 5958 Amicitia
2344 5876 2577 5958 _pon_ere
2623 5880 2909 5935 discrimen
2940 5880 3078 5934 inter
3105 5876 3316 5958 divitias
3343 5884 3584 5958 cippos.

1999 5957 2087 6012 Ait
2115 5955 2256 6011 enim
2291 5972 2304 6011 :
2334 5945 2555 6023 Divitior,
2589 5964 2645 6008 ut
2681 5961 2870 6017 utare;
2893 5966 3029 6023 opes,
3068 5958 3122 6003 ut
3170 5947 3357 6004 colare.
3389 5945 3585 6002 Verum
