4250 6282
616 358 744 439 θιθ

1934 360 1987 433 [ἒξ
2028 359 2164 421 DIVI
2195 356 2521 422 CYPRIANI

3832 342 3945 417 220

631 495 782 549 caute
823 479 1084 557 profunda
1122 477 1330 555 caligo!
1362 492 1484 538 eum
1506 491 1802 538 exonerare
1827 492 1887 536 se
1916 477 1939 511 ‘
1965 480 2136 550 possit
2173 486 2229 535 et
2254 486 2304 550 Α
2331 493 2394 536 ac
2446 482 2747 550 protectum
2810 472 2952 533 latus
3016 485 3307 532 numeroso
3384 469 3641 545 stipatore
3695 476 3927 529 tueatur.

634 580 822 643 levare
850 574 1196 650 ponderibus,
1242 574 1420 646 pergit
1446 574 1617 645 magis
1655 572 1884 629 fortunis
1912 572 2230 643 augentibus

636 670 938 736 incubare,
987 667 1164 739 pergit
1222 665 1524 737 pmnalibus
1592 664 1826 721 cumulis
1886 665 2231 736 pertinaciter

637 763 939 821 adhaerere.
962 760 1121 817 Nulla
1149 760 1204 816 in
1233 759 1457 817 clientes
1483 758 1609 815 inde
1638 758 1847 829 largitio
1868 767 1972 827 est,
1998 773 2120 813 cum
2150 757 2233 812 iu-

640 856 947 931 digentibus
986 854 1131 913 nulla
1162 854 1375 927 partitio
1426 862 1495 921 ιις
1533 861 1590 910 et
1640 853 1919 923 pecuniam
1966 864 2120 908 suam
2145 852 2231 908 di-

639 958 773 1008 cunt
798 964 983 1021 quam,
1012 947 1159 1004 velut
1187 947 1419 1004 alienam
1440 944 1589 1002 domi
1615 945 1873 1012 clausam,
1897 944 2131 1000 sollicito
2159 945 2236 999 la-

638 1042 774 1100 bore
816 1039 1143 1106 custodiunt,
1197 1053 1267 1094 ex
1305 1051 1410 1109 qua
1466 1050 1575 1093 non
1626 1035 1838 1103 amicis,
1894 1050 2001 1090 non
2052 1034 2236 1091 liberis

636 1136 947 1207 quicquam,
979 1148 1089 1190 non
1110 1132 1211 1189 sibi
1240 1131 1477 1203 denique
1497 1130 1828 1201 impertiant.
1861 1129 2145 1186 Possident
2170 1127 2236 1185 ad

636 1228 745 1285 hoc
772 1235 975 1283 tantum
1003 1240 1073 1283 ue
1102 1223 1378 1296 possidere
1404 1222 1562 1279 alteri
1589 1222 1767 1279 liceat.
1787 1222 1874 1289 Et,
1896 1237 1931 1279 ο
1959 1223 2236 1279 nominum

643 1330 842 1392 quanta
868 1318 1185 1375 diversitas!
1224 1317 1363 1374 bona
1407 1315 1680 1386 appellant
1721 1329 1789 1372 ex
1826 1315 2019 1386 quibus
2058 1315 2239 1372 nullus

638 1412 748 1469 illis
778 1410 883 1467 nisi
903 1410 973 1468 ad
1000 1426 1089 1467 res
1113 1408 1283 1466 malas
1308 1422 1438 1465 usus
1464 1417 1567 1463 est.

716 1502 856 1559 XIII.
897 1503 980 1558 An
1011 1512 1066 1557 tu
1089 1501 1173 1557 vel
1211 1501 1331 1557 illos
1363 1508 1520 1572 putas
1537 1507 1700 1566 tutos,
1732 1498 1855 1556 illos
1879 1500 2070 1557 saltem
2097 1500 2239 1557 inter

646 1597 916 1654 honorum
942 1595 1139 1652 infulas
1163 1604 1219 1652 et
1245 1610 1379 1666 opes
1402 1595 1583 1665 largas
1607 1594 1782 1649 stabili
1811 1593 2063 1650 ﬁrmitate
2088 1610 2242 1653 secu-

650 1707 765 1760 ros,
791 1705 925 1761 quos
951 1689 1147 1760 regalis
1171 1688 1305 1745 aulae
1339 1671 1630 1757 splendore
1657 1685 1925 1758 fulgentes
1967 1701 2242 1745 armorum

647 1782 1025 1841 cxcubantium
1054 1780 1217 1838 tutela
1245 1779 1599 1836 circumstat?
1621 1778 1789 1849 Major
1819 1779 1924 1834 illis
1950 1795 2110 1852 quam
2136 1795 2243 1835 ca:-

2335 573 2508 640 Quam
2547 584 2768 627 securos
2793 584 2899 625 non
2927 567 3056 624 sinit
3079 571 3213 633 Tesse
3252 564 3541 637 subjectos,
3579 576 3686 621 tam
3715 581 3938 622 necesse

2335 672 2555 719 estnon
2586 662 2655 718 sit
2685 673 2740 718 et
2781 663 2895 732 ipse
2934 674 3177 717 securus.
3226 650 3367 715 Aule
3408 659 3554 729 ipsos
3582 666 3751 715 terret
3777 668 3937 730 pote-

2336 767 2449 814 stas
2510 771 2608 813 sua
2657 770 2793 827 quos
2836 755 2961 811 facit
3017 766 3041 794 ο
3096 767 3219 811 esse
3275 753 3564 810 terribiles.
3617 752 3837 809 Arridet
3882 763 3938 810 ut

2340 852 2546 915 saeviat,
2614 849 2890 905 blanditur
2918 856 2979 903 ut
3029 847 3197 914 fallat,
3268 846 3422 902 illicit
3467 856 3525 901 ut
3567 845 3795 912 occidat,
3839 861 3940 901 ex-

2341 944 2479 1000 tollit
2509 941 2536 979 (ι
2588 950 2645 997 ιιι
2669 943 2954 1013 deprimat.
2988 940 3220 997 Foenore
3250 939 3483 1011 quodam
3507 937 3758 1006 nocendi,
3781 952 3939 1009 quam

2341 1037 2501 1094 fuerit
2562 1036 2795 1108 amplior
2823 1051 3031 1091 summa
3063 1034 3335 1107 dignitatis
3376 1041 3433 1090 et
3487 1015 3791 1101 honorum,
3833 1041 3941 1089 tam

2342 1132 2515 1203 major
2539 1132 2770 1202 exigitur
2791 1146 2949 1187 usura
2978 1145 3281 1201 poenarum.

2415 1225 2556 1282 XIV.
2596 1224 2714 1283 Una
2741 1224 2901 1296 igitur
2928 1223 3137 1295 placida
3177 1233 3231 1279 et
3276 1221 3379 1278 fida
3420 1222 3798 1295 tranquillitas,
3838 1237 3942 1279 una

2342 1320 2513 1376 solida
2560 1327 2615 1375 et
2658 1318 2810 1373 (irtus
2861 1326 2915 1373 et
2962 1324 3221 1388 perpetua
3295 1316 3578 1385 securitas,
3622 1317 3667 1373 si
3704 1317 3841 1388 quis,
3874 1318 3942 1374 ab

2345 1412 2431 1468 his
2452 1411 2804 1483 iuquictantis
2830 1409 3014 1465 saeculi
3043 1409 3344 1466 turbinibus
3369 1420 3662 1477 extractus,
3689 1410 3938 1465 salutaris

2348 1515 2533 1577 portus
2595 1504 2825 1560 statione
2870 1485 3165 1567 fundatus,
3226 1502 3291 1557 ad
3333 1503 3527 1558 cmlum
3587 1503 3773 1558 oculos
3840 1503 3945 1558 tol-

2346 1596 2420 1652 lat
2447 1606 2470 1633 θ
2499 1611 2530 1650 a
2558 1596 2739 1660 terris,
2769 1603 2823 1650 et
2847 1594 2915 1648 ad
2948 1594 3159 1649 Domini
3204 1608 3400 1651 munus
3440 1593 3811 1662 adrnissus,ac
3839 1594 3947 1650 Deo

2346 1703 2444 1746 suo
2470 1696 2649 1744 mente
2673 1687 2785 1757 jam
2823 1684 3126 1758 proximus,
3159 1684 3415 1757 quicquid
3446 1685 3585 1755 apud
3622 1697 3854 1741 caeteros
3895 1686 3947 1741 in

2347 1782 2509 1839 rebus
2549 1780 2798 1836 humanis
2851 1779 3087 1835 sublime
3135 1793 3196 1833 ac
3241 1793 3495 1851 maguum
3525 1777 3757 1845 videtur,
3810 1777 3947 1833 infra

646 1877 777 1932 teris
809 1883 983 1930 metus
1036 1882 1138 1929 est.
1180 1872 1314 1928 Tam
1364 1871 1456 1930 ille
1504 1870 1694 1927 timere
1739 1872 1948 1943 cogitur
1983 1888 2143 1943 quam
2172 1874 2239 1929 ti-
2274 1894 2323 1956 Β
2352 1888 2503 1930 suam
2530 1874 2714 1944 jacere
2760 1870 3146 1927 conscientiam
3187 1869 3467 1941 glorietur.
3519 1869 3657 1926 Nihil
3694 1879 3948 1940 appetere

649 1977 849 2025 utetur.
872 1966 1053 2038 Exigit
1074 1980 1260 2036 poenas
1280 1964 1481 2036 pariter
1500 1964 1568 2019 de
1592 1965 1893 2035 potentiore
1918 1967 2243 2036 sublimitas,

645 2062 717 2121 sit
779 2061 907 2120 licet
950 2059 1238 2119 satellitum
1279 2073 1443 2117 manu
1510 2066 1694 2130 septas
1757 2056 1785 2097 ι’
1813 2099 1832 2131 ,
1889 2067 1943 2116 et
2009 2060 2250 2116 clausum

2345 1967 2482 2038 jam,
2526 1965 2661 2023 nihil
2705 1964 3014 2021 desiderare
3042 1964 3112 2023 de
3153 1963 3351 2019 saeculo
3396 1971 3571 2033 potest
3615 1963 3703 2034 qui
3748 1964 3951 2020 smculo

2353 2060 2530 2131 major
2568 2067 2669 2115 est.
2721 2057 2891 2131 Quam
2938 2057 3165 2126 stabilis,
3213 2070 3376 2135 quam
3423 2055 3739 2114 inconcussa
3782 2054 3950 2113 tutela

1926 2174 2306 2237 LECTIONES
2343 2174 2757 2236 VARIANTES.

713 2295 742 2360 Ξι
767 2295 1097 2360 Participatio,
1123 2294 1282 2360 portio
1298 2292 1433 2348 Lion.
1457 2290 1547 2343 Eli.
1566 2289 1688 2343 Ben.
1714 2293 1787 2345 Π.
1811 2294 1874 2345 Δ.

711 2356 741 2396 1)
759 2356 965 2421 Septuni
989 2356 1189 2421 Bodﬁi’r.

712 2426 739 2455 σε
766 2419 922 2483 Quam
938 2420 1053 2479 facit
1070 2419 1196 2476 40d.
1220 2420 1270 2474 3.

2419 2290 2451 2331 (ι
2472 2289 2628 2340 Fallat
2650 2288 2841 2341 extollit
2863 2290 3003 2339 Pem.
3053 2292 3193 2342 Voss.
3219 2288 3267 2341 2.

2422 2355 2453 2395 τι
2476 2352 2655 2405 Oculos
2676 2351 2801 2406 tollit
2839 2354 2977 2406 Voss.
3004 2351 3054 2403 2.

1903 2504 2149 2564 STEPH.
2188 2504 2466 2566 BALUZII
2502 2504 2730 2563 NOTAE.

653 2624 789 2684 nihil
834 2631 1043 2682 mutare
1070 2622 1211 2680 volui
1237 2665 1253 2691 ,
1285 2624 1410 2695 quia
1451 2621 1611 2696 rideo
1634 2631 1930 2696 receptam
1952 2637 2081 2696 esse
2108 2626 2248 2696 hanc

658 2698 963 2754 lectionem.
995 2696 1176 2753 Potest
1203 2693 1347 2767 enim
1394 2695 1636 2767 adjuvari
1677 2693 2083 2767 ex'discrimiue
2105 2693 2250 2765 quod

655 2768 847 2825 Cicero
870 2767 1031 2839 ponit
1057 2768 1200 2823 inter
1224 2766 1439 2824 divitias
1468 2766 1633 2839 atque
1654 2782 1809 2839 opes.
1833 2766 2250 2839 Lombertusﬂita

655 2841 819 2897 vertit
849 2836 990 2895 liunc
1020 2838 1198 2895 locum
1225 2854 1290 2895 ac
1343 2839 1391 2894 si
1415 2836 1573 2897 voces
1609 2836 1716 2895 illae
1762 2853 1869 2894 non
1900 2847 2099 2909 essent
2143 2836 2250 2909 Cy-

656 2911 862 2984 priani,
894 2910 1019 2982 quia
1038 2910 1265 2984 divitia:
1304 2918 1360 2968 et
1387 2925 1518 2982 opes
1543 2912 1734 2968 eodem
1762 2908 2026 2967 vocabulo
2065 2908 2250 2979 expri-

659 2980 878 3054 muntur
916 2980 1057 3054 apud
1077 2980 1285 3054 Gallos.

730 3052 867 3110 XIII.
889 3050 966 3095 -ἰ
977 3051 1107 3109 Tam
1123 3053 1209 3109 ille
1230 3054 1425 3113 timere.
1443 3053 1633 3111 Cicero
1650 3055 1703 3110 iu
1724 3052 1864 3109 libro
1888 3053 2057 3124 primo
2071 3051 2141 3110 de
2159 3050 2255 3109 0f-

2350 2625 2516 2697 tinus,
2553 2622 2823 2697 maximus
2865 2621 3045 2697 timor_
3075 2625 3292 2697 junctus
3339 2631 3440 2681 est.
3483 2623 3682 2680 Contra
3733 2623 3955 2682 Flavius

2352 2694 2617 2769 Vopiscus
2646 2696 2978 2769 queriturde
3018 2694 3329 2769 Infelicitate
3354 2697 3604 2769 principis
3647 2696 3953 2769 Aureliani,

2351 2768 2588 2838 quicum
2618 2774 2763 2822 esset
2801 2768 3054 2837 optimus,
3092 2768 3381 2823 timebatur
3427 2768 3675 2835 quidem,
3714 2768 3809 2822 sed
3842 2784 3953 2822 non

2351 2837 2656 2893 amabatur.
2682 2839 2819 2894 Sunt
2843 2839 2985 2893 enim
3014 2838 3302 2909 aliquando
3346 2839 3571 2908 subjecti
3612 2839 3850 2907 protervi
3899 2848 3957 2893 et

2356 2919 2722 2977 contumaces,
2752 2909 2899 2979 quia,
2948 2918 3008 2964 ut
3056 2911 3130 2964 ait
3175 2909 3479 2979 Xenophon
3531 2912 3585 2965 in
3611 2909 3766 2964 Libro
3814 2926 3846 2963 v
3895 2911 3960 2965 de

2356 2979 2541 3035 Pwdia
2569 2980 2720 3051 Cyri,
2756 2990 2931 3036 metus
2957 2990 3013 3037 et
3041 2982 3126 3035 lex
3172 2982 3304 3035 satis
3352 2991 3477 3036 sunt
3514 2982 3581 3036 ad
3610 2996 3847 3037 amorem
3879 2981 3963 3035 iu-

2359 3050 2671 3109 hibeudum.
2700 3053 2835 3110 Sunt
2864 3052 3007 3108 enim
3044 3052 3333 3123 aliquando
3376 3053 3644 3124 principes
3675 3054 3746 3107 ita
3772 3067 3959 3121 parum

658 3126 795 3205 ﬁciis
827 3144 840 3183 :
868 3124 1069 3181 Etenim
1098 3124 1183 3205 qui
1219 3141 1273 3205 se
1297 3127 1450 3180 metui
1470 3128 1645 3205 volunt
1673 3123 1909 3205 aquibus
1933 3133 2249 3205 metuuntur,
2278 3141 2323 3205 ρ
2366 3134 2613 3205 amantes
2651 3123 2930 3205 subjectos
2959 3133 3016 3179 ut
3058 3138 3117 3205 se
3145 3124 3213 3180 ab
3243 3124 3347 3205 illis
3399 3125 3567 3205 amari
3610 3138 3715 3205 non
3748 3132 3957 3205 errrem,

659 3196 861 3253 eosdem
885 3194 1119 3251 metuant
1131 3197 1232 3266 ipsi
1247 3213 1444 3252 necesse
1460 3208 1550 3253 est.
1566 3197 1709 3253 Idem
1724 3194 1779 3251 in
1792 3196 1953 3252 Libro
1963 3194 2031 3251 de
2048 3195 2251 3250 Amici-

662 3270 734 3323 tia
768 3286 780 3322 :
815 3267 940 3335 Quis
968 3268 1103 3321 enim
1126 3276 1214 3320 aut
1236 3284 1351 3320 eum
1390 3269 1557 3337 diligit
1580 3284 1727 3338 quem
1752 3268 1945 3338 metuit,
1970 3278 2058 3320 aut
2087 3282 2199 3321 eum
2224 3284 2257 3320 ιι

662 3356 760 3408 quo
789 3356 843 3408 se
877 3339 1027 3392 metui
1071 3339 1261 3406 putat?
1287 3338 1490 3394 Seneca
1525 3337 1621 3394 lib.
1655 3355 1706 3404 ι,
1732 3338 1795 3392 de
1830 3337 2107 3394 Clementia
2133 3352 2252 3407 cap.

666 3406 742 3465 Ως
779 3406 997 3481 Tantum
1035 3409 1173 3481 enim
1221 3423 1425 3481 necesse
1473 3420 1545 3481 est
1604 3411 1780 3464 timeat
1817 3420 2062 3481 quantum
2086 3406 2256 3481 timeri

668 3481 843 3537 voluit.
862 3479 1007 3552 Idem
1035 3477 1209 3552 Epist.
1239 3478 1344 3552 i05
1365 3497 1393 3552 _:
1415 3480 1596 3550 Adjice
1621 3496 1755 3534 nunc
1778 3477 1913 3552 quod
1935 3481 2021 3552 qui
2056 3480 2257 3534 timetur

668 3554 825 3608 timet.
869 3550 1013 3607 Idem
1045 3549 1135 3605 lib.
1170 3564 1223 3604 tv
1250 3549 1314 3605 de
1355 3550 1625 3619 Beneﬁciis
1665 3549 1924 3620 cap.'19:
1961 3549 2072 3604 Nec
2115 3552 2256 3621 quis-

670 3640 821 3695 quam
848 3631 1008 3695 amat
1033 3636 1157 3695 quos
1198 3621 1358 3676 timet.
1384 3621 1502 3677 Non
1547 3630 1720 3692 potest
1745 3623 1887 3695 enim
1908 3623 1991 3695 (ut
2017 3622 2157 3695 idem
2186 3624 2259 3678 ait

672 3689 725 3750 in
755 3693 995 3766 Epistolq
1037 3689 1131 3766 '47)
1153 3706 1306 3748 amor
1347 3709 1467 3748 cum
1520 3689 1717 3766 timore
1766 3689 2000 3749 misceri.
2055 3694 2259 3749 Seneca

671 3763 878 3835 ()Edipo
912 3786 925 3821 :
952 3763 1059 3837 Qui
1099 3763 1296 3833 sceptra
1352 3765 1455 3819 duo
1499 3778 1659 3837 stevns
1703 3765 1915 3837 imperio
1942 3765 2089 3835 regit,
2122 3771 2261 3819 timet

673 3834 919 3892 timentes.
951 3834 1095 3906 idem
1124 3838 1529 3905 Agamemnone
1559 3853 1573 3889 :
1609 3834 2038 3906 Metui'cupiunt,
2080 3838 2263 3891 metui-

708 3926 766 3962 ne
806 3910 998 3962 timent.
1041 3905 1272 3977 Elegans
1312 3909 1473 3973 estin
1508 3907 1719 3962 Octavia
1759 3907 2000 3977 ejusdem
2029 3909 2263 3963 auctoris

722 3979 928 4048 ialogus
950 3979 1089 4033 inter
1115 3976 1380 4034 Neronem
1417 3991 1470 4034 et
1499 3981 1779 4036 Senecam.
1811 3978 1951 4034 Nero
1973 3978 2047 4048 ait
2082 3996 2094 4032 :
2133 3976 2264 4032 Fer-

675 4067 789 4104 rum
838 4047 1006 4103 tuetur
1054 4048 1355 4119 principem.
1386 4050 1588 4107 Seneca
1620 4049 1910 4119 respondet
1941 4066 1953 4103 :
1987 4047 2173 4104 Melius
2194 4050 2261 4119 ﬁ—

677 4122 788 4175 des.
843 4119 1076 4188 Repouit
1125 4118 1265 4174 Nero
1293 4135 1308 4172 :
1341 4119 1497 4176 Decet
1547 4118 1723 4175 timeri
1756 4121 2028 4176 Ctesarem.
2058 4118 2262 4175 Seneca

678 4206 806 4262 vero
835 4208 847 4243 :
876 4190 940 4244 At
968 4190 1104 4262 plus
1147 4190 1327 4262 diligi.»
1346 4190 1510 4248 Recte
1552 4192 1811 4262 profecto.
1840 4191 2074 4247 Aduolat
2120 4194 2263 4246 enim

680 4261 915 4318 Velleius
962 4260 1272 4316 Paterculus
1291 4260 1581 4328 Caesarem,
1613 4278 1770 4333 quem
1804 4263 1901 4317 Dio
1931 4261 2147 4317 Cassius
2169 4264 2259 4318 lib.

680 4349 881 4387 nunt
937 4341 991 4389 et
1030 4347 1139 4386 mi
1191 4333 1376 4388 scribit
1429 4344 1616 4389 natura
1649 4333 1913 4403 placidum
1943 4343 1997 4388 et
2026 4349 2268 4389 mansuc-

682 4405 945 4458 tissimnm
991 4412 1057 4475 et
1084 4417 1416 4474 nequaquam
1456 4405 1768 4460 iracundum
1815 4406 1998 4471 luisse,
2031 4405 2266 4475 itemque

682 4478 1012 4543 Augustum,
1045 4474 1116 4528 ita
1143 4491 1173 4529 a
1206 4484 1377 4542 patre,
1407 4485 1464 4530 ut
1494 4476 1631 4532 idem
1677 4476 1775 4531 Dio
1819 4475 1936 4532 Lib.
1985 4492 2129 4531 xu'tt
2184 4474 2266 4531 te-

2359 3195 2434 3248 uti
2459 3195 2526 3250 de
2552 3193 2857 3249 Alexandro
2881 3195 2952 3250 Μ.
2982 3203 3205 3250 testatur
3243 3194 3446 3252 Seneca
3476 3195 3569 3250 lib.
3601 3212 3621 3250 ι
3667 3195 3731 3249 de
3750 3193 3957 3262 Beneﬁ-

2359 3266 2469 3330 ciis,
2492 3280 2543 3320 c.
2578 3266 2665 3331 l5,
2714 3267 2865 3321 aiens
2910 3265 3061 3321 illuni
3086 3282 3353 3321 summum
3378 3266 3575 3322 bonum
3604 3266 3820 3323 duxisse
3843 3277 3954 3321 ter-

2364 3338 2474 3391 rori
2501 3352 2625 3393 esse
2650 3337 2863 3392 cunctis
2906 3336 3242 3392 mortalibus.
3279 3339 3420 3395 Sane
3443 3338 3644 3408 justum
3676 3348 3757 3392 cst
3787 3347 3843 3391 ut
3864 3352 3962 3408 po-

2363 3408 2471 3477 puli
2520 3407 2786 3489 obediaut
2811 3408 3166 3489 principibus
3209 3407 3700 3489 eoSque_’timeant.
3743 3407 3959 3489 AlioQui

2360 3479 2568 3551 corruit
2606 3478 2932 3549 respublica.
2965 3479 3074 3535 Sed
3120 3488 3300 3536 tamen
3328 3478 3623 3551 principes
3671 3480 3819 3534 omni
3857 3478 3962 3548 o'pc

2365 3550 2459 3604 uiti
2477 3550 2647 3622 decet
2685 3558 2849 3622 ut_se
2883 3551 3001 3619 plus
3065 3551 3235 3605 amari
3285 3550 3508 3622 diligant
3532 3550 3703 3620 quam
3758 3550 3959 3618 timeri,

2365 3622 2439 3676 uti
2468 3620 2695 3675 faciebat
2736 3620 2887 3675 Titus
2913 3622 3232 3691 Imperator,
3260 3624 3329 3678 ob
3357 3620 3458 3678 hoc
3488 3634 3709 3677 vocatus
3746 3622 3962 3677 Delicim

2362 3696 2577 3762 generis
2600 3692 2838 3747 humani.
2858 3692 2947 3748 Sic
2968 3708 3027 3748 se
3042 3701 3183 3749 tutos
3201 3695 3530 3763 pra-stabunt
3561 3692 3965 3748 adversusinsi-

2364 3764 2482 3817 dias
2531 3772 2587 3818 et
2638 3765 3071 3832 conspirationes
3103 3802 3118 3828 ,
3164 3775 3218 3819 et
3268 3780 3327 3821 se
3366 3765 3670 3820 liberabant
3717 3780 3746 3818 a
3793 3773 3958 3819 metu.

2365 3834 2498 3889 Nam
2530 3850 2716 3889 verum
2772 3844 2861 3890 est
2888 3836 3032 3906 quod
3082 3836 3233 3891 multi
3262 3836 3565 3906 prodidere,
3596 3850 3816 3890 necesse
3845 3850 3968 3890 esse

2366 3915 2424 3961 ut
2464 3906 2666 3961 multos
2690 3906 2869 3962 timeat
2900 3923 3058 3974 quem
3081 3908 3230 3961 multi
3265 3909 3471 3962 timent.
3507 3907 3676 3961 Nemo
3702 3906 3845 3961 enim
3870 3921 3966 3976 po.

2368 3986 2475 4049 test
2510 3977 2766 4032 terribilis
2790 3993 2912 4049 esse
2944 3992 3185 4045 securus,
3212 3988 3269 4033 ut
3296 3980 3368 4033 ait
3403 3980 3605 4034 Seneca
3656 3978 3822 4049 Epist.
3867 3992 3962 4034 cr.

2440 4047 2733 4120 Proiectum
2773 4047 2954 4102 Latus.
2995 4050 3126 4103 Hinc
3167 4058 3285 4105 orta
3333 4050 3559 4120 dignitas
3593 4047 3962 4105 Protectorum

2369 4119 2665 4191 inclinante
2711 4119 2936 4190 imperio
2975 4120 3218 4176 Romano
3246 4164 3259 4183 ,
3288 4123 3376 4191 qui
3404 4124 3475 4175 ita
3505 4120 3630 4175 dicti
3654 4131 3777 4174 sunt
3818 4120 3965 4191 quod

2368 4192 2629 4261 principis
2655 4190 2791 4244 latus
2820 4200 3180 4261 protegerent.
3216 4190 3573 4261 Imperatores
3612 4190 3879 4246 Honorius
3910 4201 3966 4245 et

2370 4260 2704 4316 Theodosius
2728 4262 2838 4315 1.1x
2865 4260 2998 4315 Cod.
3030 4260 3385 4317 ThcodosIde
3411 4263 3727 4317 Domesticis
3754 4271 3808 4316 et
3828 4261 3963 4316 Pro-

2372 4332 2663 4388 tectoribus
2686 4350 2703 4404 Δε
2766 4332 3124 4388 Devotissimos
3174 4333 3491 4387 Protectores
3516 4375 3530 4399 ,
3581 4335 3667 4404 qui
3720 4342 3967 4386 armatam

2370 4404 2601 4458 militiam
2616 4402 2899 4467 subeuntes,
2920 4420 3017 4477 non
3035 4406 3198 4477 solum
3214 4405 3518 4477 defendendi
3537 4402 3766 4477 corporis
3777 4405 3874 4469 sui,
3891 4420 3968 4457 ve-

2373 4491 2489 4527 rum
2516 4477 2667 4529 etiam
2715 4475 3007 4545 protegendi
3039 4476 3211 4530 lateris
3254 4475 3412 4529 nostri
3448 4475 3841 4530 sollicitudinem
3870 4491 3967 4545 pa-

683 4537 874 4611 staiur,
897 4537 1143 4601 edoctum
1168 4587 1183 4610 ,
1207 4537 1430 4615 adnotat
1456 4547 1671 4615 inquam
1713 4546 1941 4603 Velleius
1970 4546 2259 4613 Cit-sarciri,
2289 4537 2343 4598 D
2370 4546 2598 4611 tiuntur,
2641 4537 2775 4599 unde
2808 4537 2959 4599 etiam
3002 4546 3357 4602 Protectorum
3398 4562 3579 4601 nomen
3614 4547 3779 4603 sortiti
3826 4537 3965 4615 sunt,

683 4634 820 4690 cum
850 4618 897 4673 ei
933 4618 1102 4690 Pansa
1132 4628 1184 4671 et
1211 4614 1415 4673 Hirtius
1452 4614 1800 4674 consulerunt
1830 4629 1885 4672 ut
1909 4620 2263 4690 principatum

690 4689 855 4743 armis
881 4688 1162 4759 qua3situm
1191 4690 1354 4744 armis
1384 4698 1609 4755 teneret,
1627 4688 1987 4758 respondisse,
2012 4689 2180 4745 amari
2208 4707 2268 4747 se

693 4776 854 4830 quam
900 4758 1076 4830 timeri
1104 4760 1284 4820 malle,
1311 4762 1580 4817 diversum
1612 4761 1859 4815 nimirum
1889 4777 1916 4814 a
1957 4761 2265 4827 Maximino,

687 4829 808 4899 cui,
848 4842 905 4902 nt
950 4831 1026 4886 ait
1055 4829 1227 4886 Julius
1258 4830 1607 4902 Capitolinus,
1642 4846 1953 4902 persuasum
2011 4843 2125 4887 erat
2166 4833 2269 4888 nisi

694 4901 1011 4959 crudelitate
1038 4901 1478 4969 imperinm’non
1530 4901 1719 4959 teneri.
1764 4902 1894 4958 Nam
1922 4904 2110 4968 amari,
2139 4904 2266 4971 coli,

691 4974 843 5049 diligi
880 4974 1057 5049 majus
1104 4974 1329 5049 imperio
1344 4976 1738 5049 essescripsit
1760 4973 2263 5049 Symmachus‘Lib.

697 5062 752 5112 Χ,
786 5044 958 5113 Epist.
988 5045 1223 5114 54,,sivc
1246 5045 1297 5100 in
1333 5045 1598 5101 Relatione
1620 5044 1687 5100 ad
1716 5044 2091 5114 Imperatores.
2122 5046 2265 5101 Lau-

691 5118 782 5174 dat
809 5118 1063 5175 Sidonius
1082 5113 1199 5170 Lib.
1230 5131 1288 5180 ιι,
1313 5114 1480 5185 Epist.
1505 5119 1559 5185 ὅ,
1581 5132 1759 5187 regem
1791 5113 2084 5173 Gothorum
2105 5117 2271 5173 Theo-

683 5190 965 5253 doricum,
1007 5197 1061 5244 ct
1102 5188 1419 5259 ponitjntcr
1448 5190 1742 5259 praecipuas
1776 5188 1893 5258 ejus
1919 5188 2099 5245 laudes
2134 5210 2146 5244 :
2175 5188 2273 5243 Di-

687 5279 802 5333 cam
854 5262 989 5333 quod
1018 5260 1200 5315 sentio.
1242 5257 1402 5314 Timet
1440 5257 1642 5333 timeri.
1657 5259 1726 5333 _Et
1761 5257 1955 5333 tamen
1986 5260 2272 5333 aliquando

691 5330 1109 5403 timor’signum
1155 5339 1235 5385 est
1286 5331 1503 5395 amoris,
1529 5340 1583 5386 et
1620 5330 2029 5403 Martialisdicit
2073 5331 2165 5387 lib.
2214 5348 2267 5397 χ,

690 5404 862 5474 epigr.
895 5401 1009 5468 59;
1041 5419 1120 5459 res
1158 5413 1228 5458 est
1269 5403 1542 5474 imperiosa
1591 5402 1760 5474 timor.
1804 5401 2078 5459 Vulcatius
2103 5403 2270 5459 Galli-

682 5472 850 5531 canos
875 5476 942 5529 ait
976 5476 1044 5530 de
1081 5474 1272 5529 Avidio
1319 5472 1507 5530 Cassio
1536 5492 1549 5529 :
1582 5472 1771 5529 Meruit
1803 5473 1964 5530 timeri
2007 5476 2128 5544 quia
2171 5491 2272 5530 non

681 5551 880 5602 metuit.
904 5547 959 5602 Id
991 5548 1162 5619 ipsum
1193 5545 1404 5602 dixerat
1448 5545 1703 5619 Lucanus
1733 5544 1911 5619 Lib.)
1940 5560 1955 5600 :
1990 5545 2272 5619 Hermique

681 5619 844 5674 timeri
888 5636 987 5673 non
1009 5615 1276 5672 'metuens.
1313 5620 1628 5673 Ammianus
1656 5616 1995 5672 Marcellinus
2034 5615 2148 5671 Lib.
2192 5615 2271 5672 'xv

679 5688 1192 5746 adnotatJulianum
1250 5688 1631 5758 Imperatorem
1673 5689 1928 5743 dilectum
1975 5690 2272 5745 arctissime

683 5764 810 5817 dum
860 5763 1162 5825 timeretur,
1215 5769 1270 5815 et
1311 5759 1407 5814 lib.
1464 5776 1652 5826 xxvu,
1710 5759 2090 5816 Prmtextatum
2146 5777 2274 5828 pra:-

679 5835 877 5888 fectum
931 5831 1097 5897 Urbi,
1146 5846 1267 5886 cum
1318 5830 1615 5896 timeretur,
1649 5845 1891 5887 amorem
1929 5846 2036 5885 non
2095 5831 2273 5901 perdi-

678 5904 825 5958 disse
875 5902 1071 5959 civium
1100 5917 1116 5969 ;
1148 5901 1268 5970 quia
1315 5901 1550 5959 maxime
1603 5902 1813 5972 amori,
1841 5910 1898 5959 ut
1936 5901 2011 5961 ait
2048 5902 2272 5961 Mamer-

2371 4617 2614 4689 inglorios
2644 4633 2748 4670 esse
2784 4632 2883 4669 non
2902 4623 3144 4689 petimur.

2443 4687 2647 4741 Arridet
2690 4697 2744 4741 ut
2787 4687 2977 4741 saeviat.
3018 4687 3158 4743 Infra
3197 4692 3248 4744 iu
3288 4689 3427 4745 libro
3482 4690 3544 4745 de
3603 4687 3793 4743 Habitu
3848 4687 3968 4742 Viro

2370 4759 2547 4830 ginnm
2577 4774 2695 4827 pag.
2728 4759 2865 4813 15οε
2894 4757 2997 4814 Hic
3050 4761 3283 4815 diabolus
3319 4762 3577 4815 blanditur
3596 4771 3651 4815 ut
3678 4760 3848 4830 fallat,
3878 4777 3968 4814 ar-

2371 4832 2502 4885 ridet
2532 4840 2590 4883 nt
2619 4840 2813 4895 noceat,
2842 4830 2988 4885 illicit
3010 4841 3063 4885 ut
3087 4833 3302 4886 occidat.
3327 4831 3578 4887 Ruricius
3599 4832 3690 4887 lib.
3724 4847 3778 4892 ll,
3799 4832 3964 4898 Epist.

2373 4918 2447 4957 xu
2466 4900 2790 5026 delanditur
2819 4912 2874 4954 ut
2899 4904 3087 4976 capiat,
3120 4903 3403 4975 {nuntiatur
3426 4912 3481 4957 ut
3521 4915 3709 4969 teneat,
3738 4901 3886 4957 illicit
3913 4912 3968 4957 ut

2373 4990 2475 5026 oeci
2514 4982 2585 5026 at.

2370 4974 2585 5028 occidat.

2444 5043 2734 5099 Honorum.
2793 5044 2958 5101 Miror
3011 5056 3283 5102 auctorem
3335 5045 3585 5103 editionis
3610 5061 3729 5115 qua:
3776 5044 3971 5100 dicitur

2373 5115 2556 5173 Gravii
2586 5156 2602 5181 ,
2658 5115 2951 5172 Pamelium
2983 5158 2995 5177 .
3047 5118 3335 5187 Rigaltium
3360 5161 3374 5183 ,
3413 5126 3468 5173 et
3492 5118 3689 5187 Anglos
3721 5117 3972 5170 maluisse

2373 5187 2611 5243 scribere
2640 5187 2905 5242 bonorum.
2943 5188 3013 5243 Et
3051 5191 3193 5245 enim
3225 5203 3414 5244 omnes
3435 5189 3698 5244 editiones
3737 5188 3972 5257 antiqua:

2373 5268 2429 5333 et
2458 5259 2635 5312 omnia
2664 5268 2847 5333 vetera
2874 5262 3200 5333 exemplaria
3230 5261 3423 5333 quibus
3460 5275 3585 5333 usus
3615 5274 3741 5333 sum
3772 5258 3974 5333 habent

2375 5332 2623 5384 honorum
2668 5329 2754 5383 vel
2802 5330 3029 5386 honoris.
3057 5332 3113 5386 In
3147 5329 3261 5387 uno
3286 5341 3462 5386 tamen
3493 5331 3693 5401 Regio,
3738 5331 3830 5401 Qui
3874 5329 3972 5382 fuit.

2374 5403 2501 5458 olim
2531 5401 2840 5455 monasterii
2871 5404 3041 5458 saneti
3068 5403 3278 5461 Martini
3300 5402 3680 5472 'I‘ornaccnsis,
3710 5401 3969 5458 mendose

2374 5472 2632 5540 scriptum
2659 5480 2741 5526 est
2769 5472 3034 5529 bonorum.

2445 5543 2585 5600 XIV.
2601 5540 2752 5595 —Et
2775 5555 3039 5613 perpetua.
3055 5546 3157 5602 Ista
3174 5547 3365 5603 desunt
3380 5547 3432 5601 in
3448 5544 3729 5602 duodecim
3746 5543 3969 5599 vetustis

2375 5614 2769 5689 exemplaribus
2794 5619 3030 5685 aptimis.
3062 5618 3260 5673 Extant
3281 5630 3453 5673 tamen
3480 5620 3532 5673 in
3552 5627 3779 5689 septem.
3804 5616 3858 5671 Si
3887 5632 3972 5689 ra-

2377 5688 2451 5742 tio
2494 5684 2731 5759 liabendn
2763 5684 2907 5743 csSct
2937 5690 3142 5745 numeri
3185 5691 3249 5743 ad
3283 5706 3587 5755 numerum,
3614 5684 3971 5759 expungcuda

2377 5754 2865 5832 css_i:nt._Vidcut_ur
2894 5772 3069 5815 autem
3100 5776 3217 5816 esse
3245 5777 3307 5816 ex
3339 5754 3681 5832 glossemate.

2448 5828 2738 5901 Fundulus.
2784 5829 2859 5886 lta
2894 5833 3230 5901 reposuimus
3266 5828 3432 5888 secuti
3470 5832 3842 5887 auctoritatem
3876 5843 3978 5901 op:

2379 5902 2629 5961 timorum
2659 5897 2996 5977 librorum_ét
3024 5913 3271 5961 veterum
3294 5903 3586 5962 editionum
3614 5918 3711 5975 pro
3736 5917 3802 5961 co
3832 5897 3977 5973 quad
