4250 6282
278 330 398 402 ὲει

1733 336 2066 404 EPISTOLA
2098 334 2168 397 ll.

3490 336 3606 399 222

278 469 399 526 est,
470 473 632 530 quam
676 455 1003 529 perennibus
1024 455 1183 515 bonis
1232 466 1260 499 ει
1306 458 1522 517 caeleste
1562 458 1897 533 praesidium,
1926 459 2196 527 Avestita
2230 456 2504 517 domicilia
2521 457 2836 531 sordebunt,
2876 458 3024 534 eum:
3042 459 3228 519 scieris
3254 470 3307 521 te
3345 464 3603 522 excolen-

290 551 628 624 implicantis
654 548 845 609 mundi
867 549 1078 623 laqueis
1097 550 1255 621 solvi,
1282 552 1334 608 in
1360 552 1537 610 lucem
1568 553 1892 611 immortali-

281 644 419 703 tatis
447 651 663 701 aeterna:
683 642 752 699 de
778 651 994 698 terrena
1015 641 1146 699 faece
1170 645 1381 716 purgari
1413 646 1427 699 !
1486 644 1687 702 Viderit
1710 643 1739 684 ι)
1772 660 1894 717 quae

279 737 345 795 in
399 751 501 792 nos
538 734 689 809 prius
725 733 1030 790 infestantis
1076 734 1278 791 inimici
1328 736 1596 807 pernicies
1637 735 1893 792 insidiosa

278 838 534 902 grassata
563 828 653 884 sit.
686 826 815 883 Plus
837 841 1019 882 amare
1047 827 1423 897 compellimur
1450 828 1591 899 quod
1618 826 1784 883 futuri
1813 843 1896 883 su«

278 937 434 988 mus,
464 920 598 977 dum
625 927 683 975 et
710 921 851 975 scire
876 918 1190 976 conceditur
1215 927 1270 975 et
1313 920 1570 976 damnare
1597 919 1739 992 quod
1768 934 1893 975 era-

279 1030 432 1073 mus.
463 1013 573 1071 Nec
618 1011 688 1071 ad
713 1013 819 1069 boc
850 1012 1038 1084 pretiis
1066 1020 1158 1071 aut
1187 1012 1395 1068 ambitu
1432 1023 1522 1068 aut
1567 1027 1729 1068 manu
1760 1026 1898 1083 opus

279 1118 391 1174 est,
423 1116 485 1164 ut
522 1106 757 1163 hominis
779 1120 990 1175 summa
1018 1106 1102 1162 vel
1134 1105 1364 1178 dignitas
1388 1106 1474 1161 Vel
1512 1115 1751 1178 potestas
1780 1106 1895 1164 ela-

279 1199 478 1256 borata
516 1198 661 1255 mole
717 1208 741 1237 ο
783 1197 1062 1269 pariatur;
1106 1199 1203 1253 sed
1250 1198 1540 1271 gratuitum
1591 1196 1620 1235 ά
1673 1198 1743 1256 de
1782 1199 1895 1255 Deo

280 1308 484 1350 munus
544 1300 600 1348 et
662 1290 819 1347 facile
884 1299 969 1347 est
1031 1299 1077 1344 ο.
1143 1288 1216 1346 Ut
1252 1297 1481 1361 .sponte
1549 1291 1631 1347 sol
1694 1289 1890 1358 radiat,

285 1389 408 1448 dies
458 1388 723 1453 luminat,
750 1385 872 1442 fons
898 1386 1056 1457 rigat,
1088 1384 1258 1442 imber
1311 1385 1527 1453 irrorat,
1582 1384 1655 1440 ita
1693 1398 1753 1441 se
1774 1382 1896 1455 Spi.

278 1481 425 1538 ritus
472 1479 710 1537 caelestis
757 1477 1008 1534 infundit.
1061 1477 1349 1549 Postquam
1398 1486 1671 1534 auctorem
1710 1492 1890 1544 suum,

280 1574 485 1631 malum
526 1573 763 1639 intuens,
804 1571 982 1626 anima
1062 1569 1329 1641 cognovit,
1395 1568 1507 1625 sole
1556 1569 1713 1624 altior
1766 1566 1786 1606 ί
1838 1577 1893 1625 et

287 1667 401 1723 hac
429 1667 572 1733 omni
598 1675 815 1722 terrena
844 1664 1115 1736 potestate
1142 1662 1445 1731 sublimior,
1477 1660 1531 1717 id
1557 1676 1677 1719 esse
1706 1661 1892 1734 incipit

286 1761 443 1833 quod
469 1776 586 1817 esse
613 1776 668 1816 se
694 1760 885 1816 credit.

1999 552 2131 609 dum
2190 552 2206 603 i
2256 554 2428 625 magis
2458 593 2477 622 ,
2548 560 2601 610 te
2651 555 2830 625 potius
2872 555 3193 625 ornandum,
3242 557 3457 614 domum
3507 558 3602 615 tibi

1999 643 2143 700 hanc
2187 658 2311 700 esse
2345 645 2612 715 potiorem
2662 661 2823 716 quam
2873 647 3131 703 Dominus
3172 649 3370 707 insedit
3414 652 3594 722 templi

1998 736 2140 802 vice,
2173 736 2360 807 in'qua
2392 736 2624 806 Spiritus
2648 746 2862 793 sanctus
2898 740 3064 810 cmpit
3088 739 3353 797 habitare.
3396 742 3590 813 Pinga-

2002 837 2123 877 mus
2170 821 2309 878 hanc
2352 822 2574 879 domum
2631 824 2916 895 pigmentis
2971 826 3315 896 innocentiae,
3367 829 3599 884 lumine-

1998 928 2120 971 mus
2168 913 2197 951 ιε
2237 915 2355 970 luce
2400 914 2804 985 justitiamhzec
2847 932 3102 989 umquam
3155 919 3470 990 procumbet
3541 921 3595 977 in

1999 1005 2207 1077 lapsum
2253 1006 2405 1063 senio
2430 1008 2728 1075 vetustatis.
2753 1023 2877 1074 nec,
2921 1011 3196 1082 pigmento
3234 1013 3456 1083 parietis
3507 996 3599 1069 aut

1999 1114 2133 1155 auro
2188 1097 2208 1138 ι
2262 1100 2607 1156 exolescente
2677 1098 2986 1156 ftedabitur.
3016 1100 3231 1159 Caduca
3278 1112 3406 1159 sunt
3454 1119 3602 1176 quic-

2001 1205 2232 1263 cumque
2258 1191 2435 1247 fucata
2461 1199 2608 1260 sunt,
2653 1206 2755 1248 nec
2773 1190 3020 1249 fiduciam
3042 1195 3285 1265 praebent
3313 1195 3598 1266 possiden-

2000 1282 2142 1339 tibus
2183 1283 2430 1340 stabilem
2469 1299 2590 1355 quze
2627 1283 2987 1355 possessionis
3025 1295 3067 1323 ω
3118 1302 3229 1343 non
3270 1287 3467 1346 habent
3496 1304 3596 1346 ve-

2003 1374 2236 1432 ritatem.
2289 1375 2416 1432 Haec
2464 1384 2650 1432 manet
2690 1384 2719 1412 ιι
2767 1377 2915 1433 cultu
2959 1378 3159 1450 jugiter
3208 1380 3387 1439 vivido
3415 1423 3432 1450 ,
3497 1382 3599 1439 bo-

1996 1482 2131 1524 nore
2187 1469 2432 1541 integro,
2509 1469 2799 1541 splendore
2869 1470 3144 1528 diuturno.
3211 1472 3433 1532 Aboleri
3490 1489 3597 1532 non

1998 1568 2178 1633 potest
2211 1576 2314 1618 nec
2341 1561 2599 1634 extingui,
2632 1569 2807 1634 potest
2830 1570 3041 1621 tantum
3069 1565 3124 1622 in
3151 1566 3345 1625 melius
3373 1582 3599 1642 corpore

1997 1654 2260 1711 redeunte
2286 1656 2306 1687 "
2335 1653 2574 1712 formari.

2065 1744 2207 1801 XVI.
2249 1745 2377 1803 Haec
2431 1747 2648 1804 interim
2677 1748 2950 1819 brevibus,
2981 1751 3186 1810 Donate
3229 1754 3545 1821 charissima
3578 1775 3593 1816 :

359 1855 476 1911 XV.
525 1854 597 1911 Tu
653 1863 879 1922 tantum,
934 1868 1092 1924 quem
1144 1853 1253 1923 jam
1307 1852 1638 1924 spiritalibus
1694 1854 1886 1910 castris
1915 1887 1965 1949 Β
1993 1854 2139 1949 Περὶ]
2170 1841 2271 1897 “Si
2306 1840 2515 1949 {3211.801
2540 1841 2607 1897 de
2642 1841 2880 1949 δοηίιδιίξ
2906 1845 3216 1949 Ρδῑξθιιιῖίὶιξ]
3251 1858 3309 1915 ο»
3360 1860 3600 1908 ηιοιιιθηι

280 1949 525 2008 caelestis
551 1948 744 2005 militia
784 1948 1032 2018 signavit,
1068 1956 1190 2003 tene
1226 1946 1610 2018 incorruptam,
1650 1955 1774 2004 tene
1801 1963 1889 2004 so-

286 2044 457 2100 briam
503 2040 771 2111 religiosis
821 2040 1105 2096 virtutibus
1151 2038 1508 2110 disciplinam.
1558 2039 1640 2097 Sit
1682 2040 1778 2111 tibj
1804 2041 1889 2097 vel

282 2136 454 2195 oratio
482 2133 701 2191 assidua
726 2132 811 2189 vel
847 2132 1039 2190 lectio:
1069 2146 1212 2189 nunc
1261 2145 1382 2188 cum
1424 2141 1448 2180 ε
1489 2131 1601 2188 Deo
1645 2131 1885 2204 loquere,

282 2242 424 2285 nunc
469 2227 614 2283 Deus
662 2234 884 2282 tecum:
918 2223 1012 2281 ille
1051 2233 1103 2280 te
1145 2223 1429 2295 praeceptis
1473 2221 1586 2278 suis
1633 2223 1882 2291 instruat,

284 2321 372 2377 ille
411 2319 685 2391 disponat.
734 2318 904 2386 Quem
967 2315 1059 2373 ille
1129 2314 1350 2372 divitem
1391 2314 1580 2372 fecerit
1628 2313 1682 2386 ιι,
1722 2329 1884 2372 nemo

1993 1931 2221 1988 solidam
2271 1942 2323 2001 Ρ,
2368 1932 2529 1989 ﬁdem
2585 1942 2755 1991 tutam
2799 1936 3051 1993 salutaris
3093 1938 3308 1996 auditus
3343 1940 3597 2013 oblectat,

1995 2025 2238 2097 nihilque
2271 2035 2378 2081 tam
2404 2026 2511 2082 tuis
2532 2027 2752 2083 auribus
2775 2037 2986 2100 gratum
3028 2039 3113 2086 est
3156 2046 3318 2102 quam
3364 2032 3507 2104 quod
3545 2038 3600 2093 in

1990 2122 2104 2179 Deo
2130 2132 2158 2172 ιι
2175 2130 2383 2195 gratum
2404 2129 2507 2189 est,
2529 2120 2799 2178 moderari
2818 2130 2998 2179 tamen
3023 2122 3250 2180 dicenda
3281 2135 3305 2163 τ
3328 2124 3592 2185 debemus

1988 2214 2150 2273 simul
2203 2214 2377 2287 juncti
2425 2223 2481 2272 et
2528 2215 2727 2287 saepius
2771 2214 3082 2273 collocuturi
3116 2225 3163 2272 ι.
3204 2216 3295 2285 Et,
3336 2221 3592 2289 quoniam

1987 2308 2176 2367 feriata
2228 2323 2373 2365 nunc
2424 2308 2577 2380 quies
2623 2323 2689 2366 ac
2734 2317 2947 2380 tempus
2989 2319 3073 2368 est
3125 2311 3355 2368 otiosum
3382 2353 3398 2380 ,
3438 2315 3597 2386 quic-

281 2427 570 2486 paupercm
603 2408 1054 2482 faciet:penuria
1083 2422 1210 2466 esse
1253 2408 1397 2465 nulla
1419 2408 1531 2479 jam
1570 2409 1771 2479 poterit
1794 2408 1881 2464 cui
1980 2401 2120 2474 quid
2176 2401 2433 2457 inclinato
2486 2404 2503 2440 τ
2560 2401 2673 2473 jam
2723 2402 2839 2459 sole
2902 2403 2956 2459 in
3017 2418 3299 2476 vesperam
3350 2406 3456 2463 diei
3499 2421 3595 2464 su-

280 2505 451 2563 semel
508 2514 693 2576 pectus
742 2502 759 2542 ί
820 2502 1058 2559 caelestis
1102 2501 1285 2571 sagina
1314 2500 1604 2569 (saturavit.
1633 2499 1754 2557 lam
1783 2500 1879 2557 tibi
1980 2502 2186 2567 perest,
2233 2493 2493 2555 ducamus
2536 2493 2678 2551 lianc
2701 2494 2845 2553 diem
2885 2493 3026 2565 laeti,
3077 2512 3181 2554 nec
3216 2498 3288 2555 sit
3327 2498 3414 2554 vel
3456 2498 3592 2558 hora

280 2613 412 2659 auro
435 2598 689 2657 distincta
728 2597 1002 2669 laquearia
1026 2603 1083 2651 et
1108 2592 1333 2668 pretiosi
1362 2593 1647 2650 marmoris
1679 2594 1877 2649 crustis

1981 2591 2211 2649 convivii
2256 2591 2443 2664 gratias
2469 2591 2705 2650 cmlestis
2752 2591 3027 2649 immunis.
3079 2593 3247 2651 Sonet
3295 2593 3530 2666 psalmos
3555 2605 3584 2637 ιι

1489 2710 1878 2774 LECTlONES
1915 2711 2337 2771 VARIANTES.

338 2814 370 2846 ³
393 2812 552 2864 Bonis
574 2811 771 2863 attinens
796 2809 933 2861 Gaul.
954 2807 1129 2860 Morel.

332 2874 373 2914 1)
399 2874 590 2925 Videre
609 2878 736 2925 Mor.
756 2873 923 2927 Videri
948 2873 1083 2923 Lam.

338 2943 369 2970 ε
394 2938 544 2988 Manu
569 2935 675 2989 Lin.

342 3004 372 3041 d
396 3000 463 3051 Et
483 3002 748 3063 gratuitum
792 3008 923 3051 Voss.
969 2996 1017 3046 2.
1050 2994 1228 3049 Munus
1250 2994 1489 3060 religiosa
1510 3000 1682 3047 mente
1716 2993 1882 3046 σοηοί-

317 3067 419 3115 itur
450 3065 591 3115 Voss.

280 3079 419 3130 pitur
458 3079 591 3115 voss.

345 3130 371 3158 θ
399 3125 560 3177 Facile
587 3129 682 3176 est.
722 3126 909 3186 Sponte
935 3125 1066 3176 Lam.
1104 3121 1190 3175 Eb.

348 3187 369 3225 ί
400 3188 515 3238 Solo
551 3189 697 3237 altior
741 3190 899 3240 Oxon.

346 3254 373 3293 8
394 3251 535 3302 Nunc
554 3258 611 3300 tu
642 3263 753 3299 cum
775 3253 866 3300 Ar.
893 3249 980 3300 Eb.
1007 3250 1140 3300 Lam.
1167 3251 1289 3300 Ben.

338 3311 373 3353 ι
405 3313 741 3363 Mandatorum
762 3326 960 3363 suorum
982 3312 1160 3362 fecerit
1174 3314 1315 3363 Pem.
1348 3312 1472 3365 Voss
1492 3311 1543 3362 2.
1568 3310 1687 3362 Fab.

347 3376 364 3446 ξ
390 3376 510 3446 Qum
527 3374 689 3446 semel
710 3382 888 3446 pectus
906 3378 997 3425 Ar.
1023 3378 1190 3446 genti.

349 3441 364 3489 i
393 3438 517 3488 Esse
547 3437 877 3488 excolendum
928 3446 1019 3490 Vos
1041 3438 1090 3488 2.
1135 3437 1240 3489 Litt.

340 3501 370 3540 ιι
389 3500 727 3552 Illuminemus
748 3502 891 3552 Pam.
916 3500 1026 3568 lily.

2056 2806 2076 2846 1
2104 2808 2429 2872 Pigmentnm»
2443 2808 2647 2871 parietis
2667 2818 2787 2872 auro
2968 2804 3117 2872 liber.
3148 2803 3256 2858 Litt.
3290 2808 3388 2861 NG.
3420 2809 3470 2859 1.

2049 2872 2089 2901 ω
2112 2867 2513 2922 Ρόεδθδεὶοῐιὼὶιε
2543 2872 2685 2921 Pent.
2716 2870 2851 2919 Lam.
2877 2867 3008 2921 Bod.
3045 2869 3094 2919 ὅ.

2050 2936 2080 2964 ιι
2103 2933 2428 2984 Firmitatem.
2454 2931 2633 2983 Manet.
2650 2936 2789 2983 Voss.
2814 2933 2865 2981 5.

2052 2998 2079 3026 ο
2100 2996 2157 3062 _Sj
2199 2995 2353 3062 facile
2368 2995 2509 3062 —-_de
2532 2996 2752 3062 bonitate
2771 2993 3018 3062 patientiae
3046 2994 3189 3062 Voss.
3215 2991 3266 3045 2.

2048 3061 2079 3102 P
2100 3058 2318 3109 Mentem
2340 3058 2390 3106 in
2412 3056 2578 3107 Deum
2595 3055 2798 3105 solidam
2819 3056 3055 3105 Ar.Pem.
3076 3055 3181 3105 Lin.

2048 3126 2079 3167 (ι
2104 3120 2161 3170 In
2182 3119 2391 3171 Domino
2415 3119 2519 3169 Litt.
2541 3118 2650 3171 Deo
2671 3125 2825 3169 Oxon.

2048 3184 2153 3255 riu
2195 3180 2566 3255 dicendo_Fab.
2600 3180 2657 3230 In
2699 3178 2808 3232 Deo
2847 3178 2983 3243 Spir.
3009 3182 3469 3235 RemManﬂorel.
3495 3184 3591 3238 De-

1986 3253 2100 3301 sunt
2121 3244 2173 3297 in
2192 3246 2301 3310 Hig.
2323 3250 2370 3295 et
2391 3242 2581 3295 Pamel.
2890 3242 2893 3243 '

2053 3314 2076 3383 ’ξ
2105 3308 2343 3383 lmentari
2367 3306 2475 3383 Lit}.
2510 3309 2647 3359 Voss.
2671 3306 2722 3356 2.
2748 3303 2892 3358 Ebor.
2919 3305 3274 3375 Impressifcre
3294 3321 3477 3366 crimes,

2059 3375 2080 3411 ἲ
2104 3371 2375 3424 Inclinante
2408 3373 2544 3422 Voss.

2056 3437 2087 3467 ιι
2115 3434 2338 3486 Psalmus
2386 3435 2525 3486 Voss.

1533 3609 1777 3693 STEPII.
1819 3606 2094 3667 BALUZII
2129 3606 2360 3664 nam.

280 3704 543 3777 Rigaltius
574 3686 744 3760 edidit
766 3704 1026 3777 fundetur.
1079 3705 1355 3777 Ettamen
1394 3719 1456 3760 ea
1484 3686 1696 3776 quoque
1722 3704 1880 3760 lectio

280 3774 551 3846 reperitur
575 3776 628 3832 in
653 3774 971 3848 quibusdam
998 3775 1272 3832 codicibus
1301 3774 1550 3848 antiquis.

354 3869 647 3925 Gratuitum
677 3870 740 3924 de
787 3868 895 3923 Deo
941 3883 1146 3922 manus.
1212 3867 1342 3922 Eam
1391 3865 1707 3923 sententiam
1734 3908 1749 3932 ,
1803 3866 1885 3922 in-

281 3943 397 4008 quit
427 3939 729 4006 Morellins,
765 3955 885 3994 cum
917 3938 1132 4011 quidam
1166 3952 1271 3994 non
1304 3938 1688 4011 intelligerent,
1721 3938 1882 3993 verba

281 4014 382 4066 alia
439 4012 905 4078 interseruerunt;
938 4010 1143 4080 itaque
1189 4010 1598 4079 imprimendum
1628 4017 1885 4064 curarunt

279 4085 560 4153 gratuitum
605 4082 669 4136 de
699 4081 805 4136 Deo
830 4098 1020 4153 fumans
1061 4082 1301 4153 religiosa
1325 4089 1486 4135 mente
1524 4080 1807 4150 concipitur
1836 4088 1883 4137 et

279 4152 440 4223 facile
467 4164 565 4209 est.
595 4153 755 4209 Natat
776 4152 1064 4209 editionem
1097 4152 1328 4208 Erasmi.

366 4246 659 4301 Veritatem.
687 4244 760 4301 lta
802 4246 971 4301 codex
1014 4245 1391 4315 Seguierianus
1438 4252 1492 4301 et
1529 4246 1619 4300 alii
1675 4257 1884 4301 veteres

279 4319 443 4374 etiam
491 4318 581 4373 ille
626 4332 730 4387 quo
776 4317 968 4372 Florus
1018 4318 1285 4372 utebatur.
1336 4317 1442 4372 Pro
1471 4332 1581 4386 quo
1627 4318 1961 4387 RigaltiusD

282 4390 530 4443 onmium
555 4389 761 4454 primus
780 4389 953 4457 posuit
976 4390 1284 4457 firmitatem,
1316 4404 1378 4444 ex
1404 4388 1563 4454 libro,
1587 4396 1644 4442 nt
1668 4390 1879 4458 opinor,

284 4461 493 4516 Nicolai
526 4460 684 4515 Fabri
713 4459 869 4529 cujus
900 4475 1057 4530 supra
1087 4458 1188 4514 feci
1220 4460 1574 4514 mentionem.
1607 4459 1768 4513 Miror
1795 4474 1888 4511 au-

287 4543 397 4587 tem
432 4546 551 4585 eam
584 4531 890 4598 lectionem,
917 4547 1075 4602 quam
1104 4531 1220 4601 ipse
1248 4530 1508 4602 Rigaltius
1533 4530 1609 4583 ait
1642 4530 1888 4602 arbitrari

288 4618 350 4658 se
398 4617 523 4658 esse
562 4601 898 4657 falsissimam
922 4600 948 4666 ,'
984 4603 1048 4657 ab
1079 4600 1143 4657 eo
1174 4612 1352 4656 tamen
1380 4601 1605 4671 positam
1644 4600 1805 4655 fuisse
1834 4602 1889 4655 in

293 4683 444 4746 textu
493 4672 767 4746 Cypriani.
820 4672 1176 4746 Rigaltianam
1224 4673 1515 4729 editionem
1558 4672 1727 4729 secuti
1768 4681 1893 4727 sunt

287 4745 450 4815 Angli
472 4754 526 4801 et
546 4745 889 4800 Reinliartus.

355 4835 482 4891 Dies
524 4837 756 4892 luminat.
809 4836 939 4892 Haec
989 4845 1173 4892 extant
1218 4836 1270 4891 in
1334 4835 1583 4891 omnibus
1646 4835 1891 4891 editioni-

292 4918 535 4963 nusante
562 4906 914 4978 Rigaltianam
943 4917 994 4961 et
1038 4912 1089 4962 in
1133 4908 1401 4977 plerisque
1453 4907 1888 4978 codicibusrima-

290 4977 583 5049 nuscriptis
600 5019 615 5045 ,
640 4977 811 5034 etiam
842 4979 895 5034 in
924 4979 1274 5049 S_eguieriano
1299 4987 1355 5033 et
1377 4979 1427 5033 in
1443 4994 1538 5033 eor
1563 4994 1669 5046 quo
1697 4977 1890 5049 Florus

294 5039 565 5112 utebatur.
597 5039 707 5105 tum
740 5052 897 5105 etiam
939 5039 1088 5104 inviis
1129 5064 1265 5119 quos
1315 5048 1471 5119 Angli
1516 5039 1781 5104 viderunt.
1822 5048 1892 5106 Et

288 5130 471 5176 tamen
500 5120 571 5175 illi
595 5136 807 5191 quoque
838 5136 900 5175 ea
931 5122 1229 5176 omiserunt
1257 5121 1308 5175 in
1349 5135 1443 5175 sua
1490 5119 1742 5176 editione.
1794 5121 1889 5179 llla

234 5242 247 5250 .
284 5192 537 5249 etiamin
578 5207 672 5247 sua
696 5194 921 5247 versione
964 5192 1142 5247 omisit
1198 5191 1550 5254 Lombertns,
1596 5207 1701 5246 non
1731 5192 1889 5248 aliam

284 5264 359 5319 ob
390 5278 605 5335 causam
631 5280 787 5335 quam
813 5262 936 5332 quia
982 5278 1087 5319 non
1115 5264 1327 5318 extabat
1357 5263 1410 5318 in
1437 5262 1652 5327 editione
1703 5262 1888 5335 Rigal-

288 5336 370 5390 lii.
402 5334 728 5390 Reinliartus
757 5336 932 5405 posuit
956 5335 1062 5389 (lies
1100 5335 1373 5388 illuminat.

352 5405 579 5462 XVl.-—
594 5406 798 5461 Feriata
815 5423 949 5461 nunc
960 5407 1120 5476 quies.
1136 5405 1249 5477 Ego
1266 5415 1389 5476 puto
1404 5420 1589 5462 errare
1602 5421 1695 5462 eos
1717 5407 1803 5476 qui
1822 5422 1885 5463 ex

277 5477 369 5533 his
398 5478 575 5533 verbis
606 5488 660 5534 et
690 5492 751 5533 ex
781 5477 846 5532 iis
877 5494 995 5548 qua:
1022 5476 1201 5532 statim
1228 5488 1524 5548 sequuntur
1557 5478 1888 5548 collegerunt

274 5549 609 5621 Cyprianum
638 5546 1007 5621 frequeiitasse
1030 5548 1210 5621 adhuc
1235 5546 1408 5602 forum
1431 5565 1496 5603 eo
1520 5546 1759 5621 teliipore
1780 5564 1885 5620 quo

270 5619 495 5691 scripsit
524 5620 662 5675 hanc
687 5620 999 5691 Epistulam.
1020 5619 1152 5674 Nam
1176 5635 1297 5674 cum
1313 5630 1520 5675 constet
1540 5620 1683 5675 illam
1710 5619 1882 5689 scrip—

271 5689 403 5746 tam‘
440 5706 559 5763 esse
610 5698 888 5761 postquam
920 5689 1218 5763 Cyprianus
1271 5693 1549 5763 amplexus
1594 5702 1676 5748 est
1722 5693 1879 5749 Iidem

268 5762 498 5834 Christi,
522 5763 799 5834 probabile
822 5778 927 5818 non
948 5762 1029 5820 est
1049 5764 1199 5820 illum
1222 5762 1424 5831 forum,
1449 5764 1711 5820 adversus
1734 5764 1878 5834 quod

266 5805 1878 5910 ἱὸῑἰίἱὲῗῶὶῐιῖἴέὶζίῖἔςῇὐέἵιέἑξέὲἱιῖἑιῖίίεὶὶιὶἔὸἧῂέἷῖαῖὀῖιὲ

1989 3702 2128 3774 quod
2156 3702 2379 3774 Pontius
2406 3701 2458 3756 in
2485 3701 2606 3774 Vita
2649 3700 2764 3774 ejus
2794 3700 2870 3757 ait
2906 3700 3060 3774 illum
3104 3702 3493 3773 presbyterium
3541 3715 3594 3764 ct

1989 3772 2352 3829 sacerdotium
2378 3772 2555 3826 statim
2584 3772 2873 3842 accepisse.
2905 3772 3144 3842 Denique
3170 3775 3411 3843 nnspiam
3445 3776 3593 3834 inve-

1989 3846 2134 3915 nitur
2162 3844 2308 3898 illnm
2361 3843 2526 3898 fuisse
2546 3851 2849 3915 senatorem
2877 3859 2940 3898 ac
2980 3843 3149 3898 lorum
3197 3843 3587 3915 frequentassc.

2063 3914 2215 3969 Hora
2265 3915 2497 3970 convivii.
2544 3913 2903 3986 Tertullianus
2958 3915 3008 3968 in
3048 3913 3395 3986 Apoiogetico
3453 3937 3465 3972 :
3532 3920 3591 3977 Si

1991 3987 2206 4042 honesta
2228 4002 2381 4040 causa
2424 3994 2496 4040 est
2521 3985 2733 4038 convivii
2759 4025 2772 4048 ,
2814 3985 3061 4054 reliquum
3087 3985 3315 4041 ordinem
3337 3990 3589 4048 wstimare

1987 4059 2075 4130 qui
2116 4058 2178 4113 sit
2208 4057 2269 4130 de
2299 4056 2555 4130 religionis
2585 4054 2775 4130 oﬂicio.
2801 4054 2954 4130 i/til
2982 4056 3188 4130 vilitatis
3210 4102 3224 4123 ,
3254 4059 3382 4114 nihil
3410 4061 3591 4116 intuta-

1987 4124 2163 4184 destia:
2187 4124 2427 4182 admittit.
2460 4124 2583 4181 Non
2609 4127 2751 4197 prius
2776 4127 3120 4182 discumbatur
3140 4146 3289 4197 quam
3320 4134 3482 4187 oratio
3521 4135 3589 4189 ad

1987 4199 2157 4254 Deum
2205 4207 2561 4271 pra'gustetur.
2604 4196 2777 4271 quue
2821 4201 2984 4271 oratio
3028 4202 3309 4271 convivium
3361 4203 3587 4263 dirimat.

1986 4271 2213 4343 Optatus
2242 4270 2333 4326 lib.
2363 4285 2466 4324 vn:
2505 4270 2681 4343 Omnis
2708 4279 2949 4343 tractatus
2970 4270 3023 4324 in
3048 4270 3304 4327 Eccelesia
3332 4290 3364 4326 a
3392 4276 3593 4331 nomine

1993 4339 2093 4398 Dei
2123 4343 2398 4414 incipiatur
2429 4350 2476 4414 et
2505 4339 3081 4414 ejusdemDeiqnomine
3121 4344 3433 4414 ter-minetur.
3467 4343 3590 4400 Ilic-

1994 4411 2253 4485 ronymus
2277 4414 2329 4467 in
2352 4412 2588 4485 Epistola
2609 4411 2677 4485 de
2697 4412 2912 4485 vitando
2929 4422 3176 4485 suSpecto
3200 4412 3587 4474 Contubernio:

1995 4483 2298 4555 Personabit
2349 4484 2553 4539 interim
2590 4483 2781 4555 aliquis
2821 4483 2975 4537 lector
3015 4484 3082 4536 ad
3104 4500 3329 4555 mensam
3374 4495 3421 4539 et
3460 4486 3590 4555 inter

1994 4554 2232 4610 Psalmos
2260 4555 2399 4609 dulci
2421 4554 2912 4626 modulamineaure
2954 4564 3058 4608 etc.
3099 4554 3241 4609 idem
3273 4555 3325 4609 in
3353 4557 3587 4626 Epistula

2006 4628 2073 4682 ad
2098 4626 2399 4681 Marcellam
2420 4642 2523 4696 qua
2540 4641 2655 4681 eam
2680 4625 2868 4680 invitat
2894 4626 3583 4696 utcommigretBethleem:

1938 4741 1943 4746 .
2008 4698 2302 4753 Ambrosius
2316 4707 2483 4770 noster
2502 4697 2652 4767 refert
2675 4712 2726 4750 se
2736 4712 3015 4770 mnnquam
3031 4697 3195 4770 cibum
3219 4696 3437 4770 Origene
3456 4716 3589 4770 pra:-

1999 4780 2143 4824 sente
2172 4770 2280 4824 sine
2303 4768 2516 4822 lectione
2552 4767 2846 4836 sumpsisse,
2869 4783 3145 4837 numquam
3175 4767 3329 4825 inisse
3356 4767 3587 4826 somnum

1997 4842 2097 4895 nisi
2122 4858 2253 4895 unus
2283 4856 2308 4894 e
2340 4838 2582 4911 fratribus
2612 4839 2769 4891 sacris
2798 4837 2975 4911 litteris
3000 4848 3322 4910 personaret,
3358 4840 3450 4896 hoc
3476 4842 3585 4896 die-

2000 4913 2090 4967 bus
2119 4913 2278 4983 egisse
2303 4907 2350 4983 ei
2376 4909 2624 4983 noctibus,
2644 4918 2708 4983 _ut
2730 4907 2947 4983 etlectio
2969 4907 3246 4966 orationem
3271 4914 3517 4981 exciperet
3539 4922 3585 4968 ct

1998 4978 2164 5037 oratio
2199 4981 2479 5036 lectionem.
2536 4978 3025 5051 Ambrosii‘istius,
3077 4983 3165 5051 qui
3218 4978 3420 5039 amicus
3471 4993 3587 5040 erat

1999 5053 2270 5126 Origcnis,
2325 5051 2636 5126 praeclaram
2666 5049 3013 5126 mentionem,
3058 5049 3115 5108 ut
3141 5052 3194 5109 id
3220 5069 3430 5126 quoque
3469 5055 3584 5111 obi-

2000 5120 2339 5187 ter—dicam,
2386 5120 2514 5177 facit
2558 5122 2840 5195 Eusebius
2866 5123 2937 5195 lib
2966 5140 3040 5188 ιν,
3080 5138 3199 5195 cap.
3238 5120 3361 5181 'l8.'
3386 5126 3582 5183 lterum

1998 5196 2359 5269 liieronytnus
2401 5194 2745 5269 in__‘l£pis_tola_
2777 5192 2844 5247 ad
2873 5192 3209 5269 Eustochium
3234 5195 3301 5251 de
3348 5199 3582 5269 acceptis

1997 5266 2065 5320 ab
2093 5280 2156 5321 ea
2198 5263 2683 5320 Munusculis'ait:
2715 5263 2801 5336 Ita
2849 5264 2938 5320 tibi
2984 5282 3180 5336 semper
3222 5263 3582 5331 comedendum

1994 5346 2066 5392 est
2115 5346 2168 5391 ut
2212 5335 2379 5391 cibum
2427 5346 2474 5390 et
2503 5336 2665 5391 oratio
2703 5335 3033 5406 subsequatur
3059 5335 3103 5392 et
3148 5336 3315 5392 lectio.
3367 5338 3497 5396 llcm
3527 5343 3579 5397 iu

1990 5406 2155 5480 Libro
2208 5408 2476 5480 adversus
2513 5407 2893 5480 Vigilantiam:
2923 5406 3071 5480 Inter
3105 5407 3308 5480 phialas
3358 5411 3582 5480 philoso-

1991 5479 2197 5551 phatur,
2250 5489 2297 5551 et
2325 5478 2392 5531 ad
2423 5476 2680 5551 placentas
2722 5478 2964 5551 liguriens
2995 5476 3324 5536 Psalmorum
3346 5476 3581 5539 modula-

1994 5548 2129 5605 tione
2174 5550 2442 5605 mulcetur.
2488 5548 2622 5605 Vide
2648 5548 2773 5621 quaz’
2803 5549 2868 5604 de
2896 5549 2998 5604 hoc
3025 5561 3340 5621 argumento
3368 5569 3435 5607 ex
3465 5555 3580 5611 Cle-

1987 5632 2166 5677 mente
2195 5621 2560 5677 Alexandrino
2590 5632 2645 5675 et
2694 5620 2923 5677 Eusebio
2947 5620 3265 5679 Caesariensi
3306 5623 3581 5681 adnotavit

1986 5692 2329 5750 doctissimus
2375 5701 2430 5749 et
2469 5694 2704 5763 Optimus
2729 5695 2935 5749 amicus
2966 5703 3151 5750 uoster
3183 5694 3422 5751 Domnus
3453 5696 3581 5754 Ber-

1987 5765 2187 5824 nartius
2215 5782 2247 5821 a
2290 5764 2680 5821 Montefalcone
2709 5765 2764 5821 in
2794 5763 2949 5823 Notis
2976 5767 3046 5824 ad
3090 5765 3289 5825 librum
3340 5764 3583 5828 Philonis

1983 5836 2052 5896 de
2081 5838 2196 5899 Vita
2245 5835 2656 5910 contemplativa
2700 5852 2823 5914 pag.
2883 5833 3009 5894 129.
