4222 6288
616 394 724 452 295

618 620 812 661 canora
830 643 847 670 ,
876 601 1165 673 aggredere
1196 601 1296 658 hoc
1324 617 1521 658 munus
1542 618 1605 657 ex
1637 618 1787 659 more
1814 612 1862 655 ει.
1894 602 2058 673 Magis
2084 602 2215 658 eba-

618 696 861 752 rissimos
931 709 1153 764 pasces,
1187 695 1232 751 si
1276 697 1345 750 sit
1400 694 1429 734 1)
1474 696 1628 753 nobis
1678 696 1934 769 spiritalis
1972 696 2208 765 auditio,

618 788 879 860 prolectet
911 802 1066 845 aures
1111 790 1355 862 religiosa
1407 790 1673 847 mulcedo.

1198 908 1532 965 EPISTOLA
1571 909 1636 964 ll.

622 1020 857 1088 (Pamel.,
882 1038 955 1087 ut;
976 1021 1181 1089 Rigalt.,
1200 1024 1386 1087 Baluz.,
1420 1025 1599 1089 Paris.,
1623 1041 1685 1090 tt;
1713 1026 1874 1078 Oxon.
1900 1026 2051 1091 Lips,
2085 1028 2211 1094 νιιι.)

618 1146 774 1189 οιειιι
800 1147 998 1188 ΒΟΙΙᾹΝῙ
1027 1148 1096 1188 ΔΙ)
1124 1149 1334 1190 (ἷῐιῐίῐὶωί
1364 1149 1861 1203 CARTHAGINENSEH,
1893 1151 1959 1190 DE
1993 1149 2213 1193 SECESSU

1212 1242 1323 1282 DIVI
1354 1241 1618 1282 CYPIHANI.

618 1364 658 1421 A
668 1363 1413 1421 ncuunuwu.-—lntellea:erat
1428 1364 1603 1421 Clerus
1619 1364 1883 1423 Romanus
1896 1385 1926 1423 a
1941 1369 2223 1428 Crementio

696 1457 1046 1528 ltypodiacono
1074 1456 1333 1513 secessisse
1378 1455 1693 1527 Cyprianum
1742 1460 1796 1513 in
1843 1465 2226 1533 persecutione;

690 1568 783 1624 pro
804 1567 895 1606 suo
919 1551 1087 1623 itaque
1110 1551 1216 1607 zelo
1231 1550 1373 1619 ﬁdei,
1407 1549 1597 1606 clerum
1616 1553 2050 1627 carthaginensem
2071 1560 2232 1629 ofﬁcii

2014 389 2150 447 DIVI
2189 387 2506 446 CYPRlANl

617 511 919 569 convivium
945 508 1216 575 sobrium;
1245 514 1376 565 etut
1397 507 1487 565 tibi
1513 511 1669 566 tenax
1705 507 1962 565 memoria
1981 516 2082 575 est,
2112 522 2212 563 vox
2240 509 2295 569 Α

3815 385 3925 449 2%

2394 529 2474 583 sui
2499 527 2738 582 admonet
2784 541 2844 580 ac
2880 525 3128 591 instruit,
3178 524 3301 596 quid
3321 524 3456 580 circa
3482 525 3683 596 lapsos,
3722 524 3925 581 interea

2389 620 2512 674 dum
2539 617 2676 673 abest
2704 618 2912 672 illorum
2939 618 3230 688 episcopus,
3262 617 3376 686 ﬁeri
3402 625 3651 689 oporteat.

2386 732 2427 786 Ι.
2473 732 2764 787 Didicimus
2795 730 3085 787 secessisse
3110 727 3451 784 benedictum
3479 742 3671 800 papam
3699 726 3925 800 Cypria-

2319 841 2448 882 num
2478 842 2509 881 a
2557 824 2863 881 Crementio
2911 821 3262 888 subdiacono,
3313 821 3403 892 qui
3445 835 3475 875 a
3507 820 3656 875 vobis
3708 820 3775 875 ad
3823 834 3924 877 nos

2314 919 2506 985 venit,
2561 926 2703 973 certa
2764 932 2831 972 ex
2887 929 3047 970 causa
3098 931 3111 967 :
3168 912 3311 984 quod
3364 913 3544 983 utique
3590 920 3738 968 recte
3780 913 3925 969 fece-

2314 1010 2405 1077 rit,
2451 1016 2732 1080 propterea
2794 1006 2937 1077 quod
2987 1005 3056 1061 sit
3122 1019 3349 1073 persona
3397 1003 3640 1074 insignis.
3701 1004 3769 1059 Et
3821 993 3926 1060 im-

2318 1102 2556 1158 minente
2592 1115 2764 1172 agone
2813 1114 2973 1171 quem
3024 1097 3267 1168 permisit
3312 1097 3451 1152 Deus
3480 1097 3535 1152 in
3574 1098 3779 1153 saeculo
3810 1100 3926 1154 col-

2320 1193 2558 1251 luctandi
2600 1208 2759 1249 causa
2814 1202 2835 1230 ο
2884 1206 3005 1247 cum
3065 1190 3374 1245 adversario
3417 1190 3574 1247 simul
3603 1205 3724 1245 cum
3752 1192 3925 1247 servis

2330 1286 2466 1352 suis,
2491 1285 2677 1340 volens
2691 1285 2847 1340 etiam
2871 1281 3090 1353 Angelis
3114 1287 3169 1336 et
3192 1279 3498 1337 hominibus
3516 1290 3788 1337 certamen
3822 1283 3925 1339 hoc

2335 1377 2699 1441 manifestare,
2735 1384 2793 1430 ut
2816 1374 2905 1445 qui
2935 1373 3120 1429 vicerit
3146 1382 3455 1439 coronetur,
3487 1374 3661 1428 vietus
3687 1388 3816 1429 vero
3837 1389 3923 1429 re-

2338 1471 2627 1542 portaverit
2678 1465 2705 1505 ἀ
2757 1468 2808 1523 in
2862 1482 2922 1523 se
2956 1466 3299 1531 sententiam,
3354 1482 3473 1536 quae
3514 1467 3671 1522 nobis
3698 1467 3924 1523 manife-

2333 1571 2469 1617 stata
2522 1571 2623 1617 est.
2671 1559 2737 1615 Et
2777 1573 2899 1614 cum
2953 1557 3225 1613 incumbat
3272 1557 3450 1626 nobis,
3521 1559 3612 1630 qui
3675 1558 3924 1616 videntur

1852 1672 2236 1734 LECTIONES
2278 1677 2578 1735 VARIANT
2586 1676 2689 1733 ES.

682 1785 709 1847 9
734 1784 808 1835 Ex
830 1797 920 1835 ore
939 1789 1024 1835 tuo
1046 1785 1202 1846 magis
1219 1784 1391 1847 Morel.
1414 1785 1569 1847 Magis
1593 1788 1724 1836 enim
1749 1790 1868 1840 Fab.

679 1844 709 1885 ιδ
732 1848 915 1899 Pasces
940 1861 952 1896 :
980 1848 1043 1897 sit
1068 1844 1514 1900 Lam.Ebor.Bod'.
1565 1848 1670 1902 Lin.
1719 1854 1826 1906 ΝΟ.
1852 1855 1897 1905 1.

2399 1798 2422 1827 ο
2449 1792 2745 1846 Colluctandi
2770 1802 2936 1852 causa,
2953 1791 3097 1841 simul
3120 1803 3231 1841 cum
3256 1793 3366 1843 Vat.
3393 1794 3437 1842 1.

2398 1859 2426 1898 d
2451 1856 2733 1908 Portaverit
2756 1856 2911 1908 Oxon.

1857 1961 2097 2019 STEPH.
2141 1964 2413 2023 BALUZII
2434 1964 2666 2022 NOTAE.

694 2076 948 2133 Mulcedo.
1005 2076 1069 2150 ᾼ.
1103 2074 1323 2150 _Ge|lius
1375 2073 1469 2131 lib.
1504 2092 1619 2139 xix,
1672 2091 1802 2150 cap.
1852 2077 1886 2132 9
1928 2095 1942 2132 :
1983 2078 2214 2150 Eiusque
2242 2084 2291 2144 B
2318 2081 2408 2137 ubi
2433 2082 2560 2150 ,agit
2603 2078 2669 2134 de
2696 2076 3012 2135 Discrimine
3062 2077 3381 2134 clericorum
3430 2086 3502 2145 et
3534 2079 3789 2138 laicorum
3850 2100 3921 2141 ex

617 2151 809 2220 lingua:
855 2147 1236 2220 exercitationes
1284 2146 1482 2220 doceret
1533 2164 1647 2219 qua:
1696 2146 1882 2220 multas
1934 2146 2212 2220 voluptates

614 2218 1291 2291 nullamquehmulcedinem
1349 2218 1552 2272 Veneris
1588 2229 1737 2291 atque
1765 2219 1932 2276 Musca
1985 2218 2210 2277 haberet.

614 2291 844 2349 Sanctus
884 2289 1260 2362 Hieronymus,
1320 2304 1414 2362 seu
1475 2291 1594 2358 quis
1642 2289 1815 2358 alius,
1872 2293 1926 2347 in
1976 2291 2215 2362 Epistola

614 2364 680 2419 ad
705 2362 948 2418 Amicum
995 2359 1252 2431 aegrotum
1292 2359 1471 2414 :Pars
1522 2371 1594 2415 est
1644 2364 1776 2415 enim
1831 2359 2214 2433 proculdubio

614 2435 956 2491 maximarum
980 2433 1291 2486 medelarum
1326 2433 1536 2503 fraterni
1557 2434 1920 2489 consolaminis
1948 2436 2144 2503 [ructus
2166 2445 2213 2490 et

615 2512 775 2579 fomes
811 2504 1061 2579 dictorum
1104 2502 1392 2579 mulcedine
1421 2505 1778 2579 consolationis
1807 2502 2029 2579 levamen
2066 2508 2213 2577 fessis

614 2574 799 2632 animis
849 2576 1154 2630 introduxit.
1211 2574 1429 2629 Boetius
1488 2575 1605 2629 Lib.
1659 2591 1695 2630 tt
1739 2576 1809 2630 de
1859 2574 2214 2632 Consolatione

615 2648 1007 2720 philosophia}:
1055 2645 1179 2699 Jam
1205 2656 1413 2700 tantum
1464 2647 1556 2720 illa
1601 2647 1805 2720 finierat
1833 2664 1947 2702 cum
1987 2665 2073 2720 me
2113 2664 2211 2703 au-

615 2718 789 2775 diendi
828 2718 1034 2772 avidum
1061 2727 1317 2786 stuporem
1338 2719 1645 2787 arrectisque
1668 2718 1835 2773 adhuc
1860 2719 2067 2773 auribus
2099 2736 2214 2773 car-

612 2791 764 2846 minis
790 2790 1022 2843 mulcedo
1050 2789 1313 2855 deﬁxerat.
1346 2788 1597 2845 Sidonius
1632 2788 1749 2844 Lib.
1780 2806 1831 2854 v,
1864 2788 2032 2860 Epist.
2065 2806 2208 2844 xm:

613 2863 768 2918 Cultu
821 2872 1024 2930 peracto
1070 2860 1380 2931 vigiliarum,
1411 2877 1537 2930 quas
1592 2861 1877 2914 alternante
1927 2862 2210 2916 mulcedine

613 2932 848 2988 monachi
890 2932 1159 3000 clericique
1200 2932 1523 3001 psalmicines
1550 2932 2042 2999 concelebraverant,
2074 2934 2211 2999 quis-

611 3022 708 3077 que
734 3006 787 3058 in
817 3005 1013 3058 diversa
1040 3005 1354 3077 secessimus.
1392 3003 1816 3077 Mulcebriiatem
1843 3012 1965 3077 ante
1990 3003 2212 3077 hos_du-

613 3074 799 3131 ecutos
827 3088 996 3129 annos
1022 3075 1157 3129 dixit
1185 3074 1400 3146 quidam
1453 3075 1616 3129 frater
1657 3074 1980 3130 Bertholdus
2004 3075 2211 3130 ordinis

613 3147 834 3203 fratrum
881 3148 1296 3202 Praedicatorum
1333 3149 1383 3201 iit
1416 3147 1679 3215 opusculo
1705 3148 1845 3215 quod
1896 3148 2210 3213 inscriptum

613 3230 696 3273 est
726 3217 1078 3289 Horologium
1136 3219 1432 3289 devotionis.
1464 3218 1604 3273 Inter
1644 3219 1795 3287 jocos
1837 3218 2065 3274 Andreae
2106 3219 2211 3271 Are

613 3288 755 3344 naldi
789 3288 955 3342 extat
980 3303 1211 3359 sequens
1236 3288 1523 3343 distichum
1556 3289 1743 3343 incerti
1787 3289 2025 3344 auctoris
2056 3304 2073 3343 :

831 3405 964 3469 Quos
989 3407 1162 3469 anguis
1183 3401 1320 3469 dirus
1342 3400 1471 3469 tristi
1494 3399 1765 3469 dulcedine
1791 3402 1942 3469 pavit,

830 3461 936 3519 Hos
956 3461 1158 3530 sanguis
1172 3463 1327 3512 mirus
1350 3462 1527 3512 Christi
1551 3461 1817 3513 dulcedine
1836 3463 1974 3515 lavit.

687 3573 873 3629 EPIST.
912 3589 970 3629 tt.
1010 3604 1064 3613 —
1091 3572 1242 3626 istius
1262 3567 1510 3642 Epistolae
1535 3568 1640 3623 duo
1667 3577 1848 3625 vetera
1882 3573 2215 3642 exemplaria

613 3642 917 3709 habuimus,
956 3661 1115 3700 unttm
1157 3659 1187 3699 e
1235 3640 1551 3695 bibliotheca
1583 3652 1783 3705 nostra,
1814 3642 1955 3697 aliud
1994 3640 2061 3698 ex
2085 3647 2215 3703 urbe

614 3713 1123 3787 Gratianopolitana.
1155 3713 1309 3787 Angli
1357 3728 1519 3787 unum
1548 3713 1784 3787 habuere
1812 3729 1874 3768 ex
1895 3714 2212 3773 bibliotheca

614 3783 919 3843 Bodleiana.
936 3783 1549 3851 GuillelmuSMorellius,
1568 3784 1656 3854 qui
1677 3784 1876 3852 primus
1891 3788 2031 3840 illam
2052 3790 2217 3844 edidit

614 3859 893 3913 admonuit
955 3862 1008 3914 in
1071 3859 1220 3914 titulo
1278 3858 1529 3926 scriptam
1580 3871 1700 3912 esse
1752 3870 1782 3909 a
1834 3855 2089 3913 Celerino
2144 3861 2212 3916 ad

615 3927 932 3999 Lucianum,
962 3930 1099 3984 haud
1145 3929 1304 3984 dubie
1346 3930 1469 3998 quia
1511 3927 1562 3982 in
1589 3926 1757 3983 veleri
1795 3929 1982 3983 codice
2010 3946 2077 3985 ex
2104 3948 2210 3999 quo

616 3998 662 4051 is
706 4017 821 4053 eam
851 4001 1135 4070 descripsit
1180 4000 1522 4070 sequebatur,
1574 4001 1710 4070 utin
1750 4014 1857 4054 uno
1886 4015 2008 4055 meo
2044 3998 2211 4057 veteri

616 4072 669 4126 in
701 4069 1310 4143 Gratianopolitauo,__et
1370 4072 1420 4143 in
1454 4069 1553 4125 199
1594 4069 1873 4143 Yaticauo,
1921 4081 2039 4140 post
2065 4076 2208 4143 epis-

620 4142 779 4214 tolam
830 4140 1045 4214 Lttciani
1093 4141 1156 4193 ad
1210 4141 1540 4214 Celerittunt.
1595 4140 1862 4214 Pamelius
1912 4158 2065 4214 vero,
2103 4140 2209 4214 ἀιιί

616 4212 831 4267 videbat
864 4212 1006 4265 illam
1053 4225 1156 4265 non
1202 4226 1321 4265 esse
1361 4213 1612 4277 scriptam
1643 4210 1711 4262 ab
1740 4226 1847 4263 uno
1885 4212 2087 4279 aliquo.
2115 4210 2209 4270 sed

616 4298 644 4336 a
676 4282 939 4356 pluribus,
975 4298 1147 4356 neque
1169 4282 1237 4356 ad
1266 4298 1427 4336 unum
1458 4282 1772 4356 Lttcianttm,
1804 4285 1889 4352 qui
1930 4288 2211 4356 presbyter

619 4353 723 4409 non
752 4353 871 4418 fuit,
910 4353 1004 4409 sed
1038 4354 1102 4408 ad
1132 4354 1310 4423 plures
1345 4354 1684 4423 presbyteros
1714 4353 2108 4424 conscriptam,
2139 4358 2205 4409 ti-

618 4427 786 4480 tulum
838 4424 981 4480 hunc
1042 4434 1251 4479 mutare
1311 4439 1413 4477 non
1464 4434 1545 4479 est
1592 4426 1810 4489 veritus,
1869 4428 2206 4495 potissimum

616 4513 736 4550 cum
762 4512 827 4552 ex
850 4496 1122 4569 vicinitate
1170 4496 1613 4569 literarumcrror
1640 4498 1874 4569 potuerit
1899 4500 2208 4569 contingere

619 4578 676 4623 ut
729 4582 826 4637 pro
853 4582 917 4621 co
962 4568 1100 4637 quod
1142 4577 1257 4621 crat
1289 4567 1410 4620 cleri
1437 4565 1656 4620 Romani
1682 4567 2029 4623 substitutum
2062 4565 2130 4625 sit
2176 4587 2204 4624 a

615 4641 863 4709 qquiam
906 4637 1141 4693 Celei-ini.
1169 4642 1340 4706 Atque
1360 4637 1501 4692 hanc
1518 4638 1733 4692 l’antclii
1752 4642 2178 4696 emendationem

615 4684 754 4779 quiar
795 4711 934 4763 bona
983 4719 1086 4771 est,
1140 4684 1335 4765 seetitae
1385 4718 1508 4763 sunt
1548 4710 1871 4777 posteriores
1918 4684 2203 4769 editiones:
2232 4686 2286 4746 Ῐ)

615 4779 796 4850 itaque
848 4782 899 4835 in
933 4782 1097 4854 veteri
1128 4780 1267 4854 libro
1315 4795 1434 4854 meo
1488 4781 1714 4849 legitur:
1744 4780 1932 4852 Incipit
1977 4783 2210 4854 Epistola

613 4854 859 4922 rescripta
880 4852 948 4905 ad
978 4852 1291 4922 Cyprianum
1316 4870 1347 4906 (ι
1369 4853 1501 4906 clero
1526 4855 1778 4907 Romano.
1812 4855 1963 4921 Quod
2003 4852 2082 4910 est
2110 4858 2210 4910 ali-

614 4933 814 4990 quanto
858 4922 1050 4977 melius
1099 4939 1255 4991 quant
1291 4924 1342 4977 in
1389 4924 1624 4979 editione
1654 4924 1902 4979 Morellii.
1948 4929 2017 4981 At
2044 4928 2094 4981 in
2122 4943 2213 4981 co-

614 4993 734 5067 dice
751 4993 1249 5067 Gratianopolilano
1279 4994 1536 5064 scriptum
1558 5005 1671 5050 est:
1704 4994 1921 5050 Celerini
1951 5000 2211 5067 responsio

614 5064 682 5117 ad
736 5065 1021 5118 aniamtm
1072 5066 1135 5119 de
1172 5081 1294 5118 cura
1339 5067 1555 5134 pastoris
1581 5077 1625 5120 et
1656 5067 1723 5121 ad
1764 5064 2066 5121 obriandatn
2096 5070 2213 5123 ido-

616 5135 890 5210 lolatriam.
924 5135 1115 5210 Nescio
1157 5145 1332 5210 autem
1361 5138 1627 5210 quamob
1677 5153 1889 5193 causam
1935 5140 2088 5210 Angli
2128 5140 2210 5194 iu-

618 5209 967 5281 scriptionem
992 5208 1154 5281 istius
1184 5206 1435 5281 Epistolae
1465 5208 1770 5281 rejecerunt
1796 5211 1860 5263 ad
1893 5206 2208 5281 marginem.

612 5277 761 5352 Nam
790 5278 1072 5352 docendus
1121 5287 1237 5333 erat
1286 5278 1458 5352 pruni)
1495 5279 1686 5352 intuitu
1723 5282 1906 5352 flector
1958 5298 1988 5336 a
2012 5277 2211 5352 quibus

614 5357 670 5405 et
698 5349 764 5403 ad
794 5365 929 5419 quos
962 5350 1155 5421 scripta
1188 5359 1304 5403 erat
1347 5349 1612 5420 Epistola.
1662 5351 1823 5407 Iidem
1854 5349 2085 5407 refutant
2112 5354 2209 5408 Ri-

612 5421 872 5491 galtiutn,
923 5423 1013 5492 qui
1042 5420 1330 5492 scripserat
1359 5421 1697 5477 clerivoeem
1742 5438 2018 5493 perperam
2072 5424 2211 5480 trahi

614 5494 678 5565 ad
712 5506 971 5565 personas
1020 5493 1409 5565 ecclesiasticas
1434 5493 1782 5565 hominesque
1813 5497 1980 5551 sacris
2006 5496 2213 5550 ordini-

614 5563 714 5619 bus
760 5564 1035 5619 institutos
1062 5563 1440 5635 designandos.
1475 5564 1616 5619 Sane
1656 5563 1841 5619 verum
1873 5577 1956 5620 est
1989 5568 2201 5635 ltigaltii

614 5635 1045 5707 observationem
1082 5634 1366 5707 admodum
1397 5637 1654 5704 prolixam
1685 5652 1808 5690 esse
1838 5652 2021 5691 verum
2051 5634 2208 5707 para-

617 5706 922 5777 l_ogisntum,
970 5707 1025 5777 in
1049 5720 1159 5777 quo
1184 5704 1316 5759 nihil
1344 5707 1481 5767 sani.
1515 5706 1648 5760 nihil
1679 5707 1789 5761 veri
1817 5704 2075 5777 scriptum
2107 5718 2208 5763 est.

618 5774 984 5830 Tertullianus
1013 5775 1068 5830 itt
1109 5776 1246 5829 libro
1273 5776 1340 5830 de
1367 5777 1749 5831 Exhortatioue
1768 5774 2027 5833 castitatis
2050 5797 2061 5833 :
2096 5778 2212 5847 Dif-

618 5848 880 5913 fercntiam
926 5848 1057 5898 inter
1103 5847 1328 5899 ordinent
1370 5857 1415 5898 et
1464 5846 1654 5916 plebem
1684 5848 1939 5902 constituit
1970 5846 2213 5903 Ecclesia!

619 5916 912 5968 auuoritas.
978 5916 1109 5970 \"ide
1156 5916 1413 5984 Opust-ala
1467 5918 1602 5972 l’ctri
1652 5918 1715 5974 de
1757 5919 1928 5973 Marca
1980 5934 2094 5990 pag.
2142 5920 2210 5974 72

2326 2142 2453 2207 iure.
2465 2142 2668 2207 divino.

2507 2170 2668 2205 tvtno.

2318 2170 2514 2278 “ulig-
2526 2221 2874 2277 Benedictum.
2895 2220 3011 2276 Non
3044 2228 3128 2276 est
3151 2233 3446 2291 cognomen
3478 2221 3581 2276 hoc
3612 2223 3730 2279 loco
3759 2224 3922 2281 Bene-

2322 2296 2521 2359 dictus,
2556 2302 2612 2348 ιιι
2656 2293 2958 2348 observavit
2988 2292 3308 2347 Sirmondus
3347 2292 3412 2346 ad
3460 2292 3779 2362 Sidonium,
3824 2299 3919 2354 sed

2319 2367 2613 2434 epithetum
2657 2378 2763 2434 quo
2804 2363 3128 2418 christianos
3158 2364 3306 2419 viros
3347 2363 3590 2434 plerique
3635 2369 3917 2424 ornabant.

2320 2436 2596 2506 Exemplis
2636 2451 2664 2489 a
2694 2434 3151 2506 virordo_etissimo
3180 2434 3356 2506 ailatis
3395 2434 3534 2488 addo
3579 2451 3677 2504 ego
3708 2437 3920 2494 Tertul-

2317 2504 2517 2562 lianum
2546 2509 2597 2562 in
2631 2507 2767 2561 libro
2798 2505 2860 2559 de
2887 2504 3147 2560 Pudicitia
3202 2504 3564 2577 Zephyrinnm
3608 2522 3801 2564 vocare
3831 2511 3918 2565 be-

2316 2580 2572 2633 nedictum
2604 2579 2825 2644 Papam.

2389 2650 2610 2720 Papam.
2660 2648 2825 2704 Vetus
2864 2647 3043 2720 codex
3083 2663 3257 2714 meus,
3307 2648 3571 2719 Papatem.
3617 2650 3708 2705 Sic
3754 2652 3919 2708 etiam

2316 2721 2369 2776 in
2401 2718 2677 2776 codicibus
2722 2721 2772 2772 in
2811 2718 3049 2775 editione
3078 2720 3365 2790 Anglicana
3390 2718 3631 2775 laudatis
3658 2731 3712 2776 et
3738 2723 3788 2776 in
3816 2739 3919 2777 an-

2318 2791 2682 2847 notationibus
2707 2790 2953 2845 Morellii.
2990 2791 3079 2846 Sic
3100 2792 3260 2861 etiam
3294 2790 3498 2861 legebat
3528 2791 3748 2847 Latinus
3769 2793 3918 2849 Lati-

2318 2865 2439 2918 nius
2466 2864 2515 2917 in
2550 2862 2700 2916 libris
2731 2861 2841 2915 suis
2874 2862 3170 2917 veteribus.
3207 2860 3541 2933 Vide’Epist.
3578 2879 3671 2919 xvi
3700 2873 3753 2919 et
3778 2881 3869 2919 χιι.

2386 2934 2693 2989 Crementio.
2768 2933 2842 2987 ita
2900 2933 3070 2988 codex
3114 2947 3269 2988 meus
3329 2944 3383 2988 et
3448 2935 3614 2989 editio
3669 2936 3917 2991 Morellii.

2313 3005 2431 3073 Quo
2460 3007 2620 3060 etiam
2654 3004 3177 3076 modonomiuatum
3212 3004 3362 3059 illum
3389 3006 3603 3061 invenio
3639 3007 3689 3060 in
3730 3007 3918 3076 pleris-

2315 3092 2419 3147 que
2446 3076 2592 3131 libris
2633 3074 2918 3147 antiquis:
2936 3074 3070 3129 Puto
3110 3084 3287 3147 autem
3331 3092 3447 3129 eam
3479 3090 3602 3131 esse
3630 3074 3811 3132 veram
3844 3081 3919 3133 le-

2316 3144 2573 3203 ctionem.
2607 3146 2743 3217 Nam
2766 3144 2841 3201 ’et
2880 3144 3170 3217 Crementii
3219 3148 3469 3217 martyris
3507 3150 3708 3204 mentio
3749 3158 3833 3205 est
3863 3151 3917 3204 in

2315 3219 2695 3290 martyrologio
2724 3216 2977 3290 Romano
3010 3233 3096 3270 xvt
3128 3216 3245 3290 Kal.
3278 3216 3418 3290 Maii.

2233 3289 2278 3352 C
2388 3287 2666 3358 Propterea
2711 3288 2865 3358 quod.
2937 3287 3059 3343 llzec
3110 3287 3218 3342 duo
3272 3289 3565 3355 voeabula,
3618 3304 3738 3359 quae
3792 3290 3920 3346 dce-

2323 3371 2443 3415 rant
2473 3363 2523 3414 in
2563 3359 2797 3415 editione
2828 3359 3036 3428 Rigaltii
3058 3400 3073 3423 ,
3108 3374 3206 3413 nos
3251 3361 3636 3426 revocavimus,
3669 3362 3791 3430 quia
3820 3379 3920 3416 ex-

2322 3440 2463 3485 stant
2482 3431 2535 3485 in
2558 3431 2881 3486 cditionibus
2897 3430 3117 3485 Morellii
3144 3438 3197 3485 et
3212 3430 3430 3485 Pamelii
3453 3440 3505 3485 et
3528 3431 3582 3486 in
3604 3446 3712 3486 uno
3732 3433 3918 3488 codice

2320 3518 2443 3557 meo
2469 3504 2692 3567 Optimo.
2718 3500 2979 3571 Rigaltius
3025 3501 3224 3555 nullum
3254 3511 3406 3556 vetus
3437 3503 3712 3571 exemplar
3733 3504 3920 3560 habuit

2323 3574 2471 3628 istius
2502 3573 2751 3637 Epistolis
2794 3572 2946 3642 cujus
2974 3571 3287 3626 auctoritate
3330 3580 3571 3628 uteretur
3596 3574 3662 3626 ad
3707 3584 3919 3628 mutau-

2320 3643 2440 3698 dam
2483 3643 2620 3698 hanc
2652 3644 2964 3715 lectionem.
3006 3642 3248 3699 Latinius
3292 3645 3514 3714 putabat
3549 3658 3737 3700 vocent
3785 3647 3921 3715 quod

2320 3730 2441 3770 esse
2469 3714 2774 3771 delendam.

2399 3786 2626 3841 Persona
2681 3784 3016 3857 insignisald
3067 3794 3150 3840 est
3194 3786 3277 3840 cui
3307 3784 3567 3841 debeatur
3593 3788 3916 3855 reverentia,

2319 3865 2377 3911 ut
2402 3859 2475 3913 ait
2505 3857 2859 3926 Quintilianus
2888 3856 2980 3911 lib.
3018 3872 3071 3911 Vl
3092 3871 3256 3928 ,Acap.
3290 3859 3314 3912 l
3343 3875 3355 3922 ;
3387 3873 3542 3928 quant
3598 3857 3718 3912 ideo
3751 3861 3920 3914 hono-

2317 3925 2571 3985 ratiorem
2600 3943 2881 3999 personam
2931 3938 3083 3999 vocat
3108 3925 3483 3999 Childeberlus
3508 3944 3605 3982 rex
3635 3930 3685 3982 in
3717 3932 3921 3985 consti-

2319 4003 2521 4056 tutione
2547 4002 2687 4054 edita
2717 3998 3073 4070 aiSirmondo.
3106 3998 3161 4053 ltt
3190 4000 3468 4070 capitulari
3492 3999 3709 4054 Metensi
3744 4001 3921 4069 l‘ipiui

2316 4073 2458 4141 regis
2488 4086 2604 4140 cap.
2633 4071 2668 4124 2
2696 4089 2707 4122 :
2731 4068 2812 4125 De
2838 4070 3190 4141 ecclesiasticis
3215 4068 3331 4123 vero
3357 4070 3444 4140 qui
3468 4072 3763 4141 supradicta
3791 4068 3921 4139 faci-

2315 4140 2443 4196 nora
2471 4143 2831 4207 commiserint,
2864 4143 2906 4193 si
2939 4140 3068 4194 bona
3112 4158 3329 4208 persona
3361 4140 3545 4210 fuerit,
3582 4141 3633 4195 id
3663 4150 3746 4195 est
3787 4143 3920 4196 insi-

2313 4215 2454 4282 gnis,
2482 4223 2537 4266 ut
2566 4213 2779 4282 planum
2812 4222 2893 4268 est
2919 4227 2983 4266 ex
3014 4212 3079 4266 iis
3107 4227 3227 4280 quae
3264 4222 3572 4282 sequuntur.
3602 4213 3919 4267 AUTBEN'I‘I-

2315 4299 2420 4339 ωλι
2472 4299 2750 4352 personam
2800 4298 2894 4351 pro
2942 4297 3130 4338 INSIGNI
3166 4284 3301 4337 dixit
3328 4284 3603 4353 Philippus
3633 4286 3920 4354 episcopus

2316 4354 2593 4416 lt‘irmanus
2616 4355 2920 4424 apostolica)
2937 4355 3090 4409 Sedis
3117 4357 3322 4423 legatus
3351 4356 3402 4408 in
3428 4355 3605 4422 capite
3626 4354 3698 4409 26
3724 4354 3919 4410 Cutici-

2313 4425 2368 4479 lii
2397 4427 2536 4495 quod
2568 4426 2705 4493 apud
2734 4426 2930 4480 Budam
2957 4424 3247 4478 celebravit
3274 4440 3417 4480 anno
3446 4425 3607 4480 1279.
3639 4426 3775 4482 Vide
3803 4437 3842 4481 t.
3870 4443 3921 4482 tv

2313 4496 2693 4567 Capitularium
2719 4513 2851 4567 .pag.
2882 4495 3021 4551 1050
3051 4506 3317 4567 extrema.

2393 4569 2492 4637 Qui
2517 4566 2745 4641 videmur
2779 4566 3056 4641 prtepositi.
3088 4566 3350 4641 Nimirum
3380 4568 3503 4637 quia
3538 4579 3657 4639 post
3688 4577 3920 4641 mortem

2313 4642 2549 4709 episcopi
2575 4638 2799 4693 Romani
2818 4654 2944 4695 cura
2971 4639 3108 4692 illius
3130 4638 3373 4693 ecclesizr
3401 4641 3739 4695 incumbebat
3760 4639 3921 4694 Cll-ro

2318 4713 2521 4765 urbico.
2554 4712 2630 4766 Ne
2655 4712 2774 4780 quis
2800 4714 2898 4765 iatn
2917 4724 3037 4763 cum
3064 4709 3317 4781 Baronio.
3342 4710 3517 4776 Bittio,
3552 4712 3922 4781 l’apebroeltio

2319 4784 2605 4837 transferat
2636 4779 2701 4836 ad
2735 4781 3138 4851 prmrogativam
3173 4779 3317 4851 illius
3348 4779 3641 4846 Ecclesiae,
3668 4782 3735 4836 ad
3761 4797 3921 4851 quam

2318 4856 2446 4909 sede
2475 4863 2696 4909 vacante
2726 4850 3338 4923 pertineatsollicitudo
3380 4855 3619 4908 omnium
3666 4850 3925 4908 ecclosia-

2317 4941 2455 4991 rum,
2486 4922 2739 4994 adeoque
2769 4923 2978 4979 clericis
3006 4922 3286 4988 Romanis,
3320 4925 3460 4992 quod
3489 4924 3633 4979 Petri
3662 4923 3922 4979 Ecclesia:

2316 5007 2497 5051 essent
2540 4996 2872 5063 administri,
2907 4994 3227 5048 universalis
3268 4995 3444 5063 gregis
3472 5009 3599 5049 cura
3629 4994 3877 5047 mandata
3908 5013 3921 5049 :

2318 5082 2440 5122 nam
2490 5070 2652 5123 etiam
2684 5068 2883 5120 nostris
2913 5063 3281 5133 temporibus,
3314 5066 3557 5133 quamvis
3581 5076 3785 5119 constet
3823 5064 3924 5119 Se-

2315 5139 2400 5194 dis
2430 5139 2753 5209 Apostolica:
2791 5136 3250 5209 auctoritatemet
3293 5144 3605 5209 potestatem
3640 5137 3797 5191 valde
3825 5151 3921 5190 ex-

2317 5206 2566 5280 plicatam
2599 5221 2653 5264 et
2693 5208 3072 5280 amplificatam
3113 5206 3278 5280 fuisse
3302 5248 3316 5272 ,
3363 5207 3665 5263 cardinales
3694 5215 3871 5262 tamen
3899 5248 3914 5271 ,

2314 5276 2403 5351 qui
2435 5276 2812 5338 successerunt
2841 5278 3052 5334 clericis
3085 5276 3307 5345 urbicis,
3341 5293 3504 5351 penes
3530 5294 3664 5349 quos
3707 5287 3790 5335 est
3835 5296 3920 5333 re-

2316 5350 2491 5421 gimen
2523 5352 2776 5408 Ecclesia:
2805 5352 3062 5405 Romana:
3092 5358 3317 5403 vacante
3346 5350 3494 5417 sede,
3524 5366 3707 5406 curam
3737 5360 3791 5405 et
3817 5352 3926 5404 soi-

2317 5425 2650 5479 licitudinem
2678 5438 2829 5476 suam
2852 5422 3158 5475 nullatenus
3181 5422 3476 5476 extendunt
3496 5423 3563 5476 ad
3586 5422 3719 5475 alias
3748 5422 3926 5475 cccle-

2315 5498 2443 5560 sias,
2470 5497 2706 5549 utetiam
2733 5501 2962 5547 testatur
2987 5490 3306 5546 Guillclmus
3332 5493 3399 5547 de
3426 5491 3846 5549 Montelauduno
3870 5494 3921 5546 in

2315 5581 2433 5635 cap.
2470 5564 2567 5620 Ubi
2598 5570 2785 5636 majus,
2806 5564 2880 5636 ide
2903 5562 3174 5636 Electnin
3197 5560 3383 5636 sexto.
3404 5564 3535 5618 llent
3565 5565 3790 5636 AIVarus
3824 5563 3924 5617 Pe-

2315 5631 2484 5707 lagius
2515 5638 2605 5691 lib.
2641 5631 2743 5690 tde
2794 5635 3018 5690 Plancln
3052 5631 3444 5707 Ecclesitecap.
3475 5636 3569 5701 20,
3602 5635 3923 5707 ubi_diserte

2316 5701 2499 5763 scribit
2535 5709 2671 5778 quod
2716 5719 2928 5762 vacante
2967 5715 3162 5777 papam
3185 5701 3646 5778 _unl_l_us‘snccedit
3679 5704 3920 5778 Papinii:

2307 5773 2683 5850 jurisdict'ionc,
2715 5780 2863 5832 etiam
2892 5773 3043 5833 caelus
3069 5773 3436 5850 cardinalium,
3469 5778 3566 5850 nisi
3593 5777 3644 5829 in
3674 5773 3916 5850 minimis.

2318 5844 2450 5905 Vide
2474 5852 2633 5905 etiam
2670 5844 3015 5905 'Jacobatium
3070 5847 3161 5903 lib.
3204 5858 3283 5911 tv,
3330 5859 3434 5902 art.
3481 5848 3547 5913 ὃς
3591 5856 3646 5901 et
3671 5844 3927 5917 Augustis

2316 5935 2442 5976 nunt
2487 5922 2549 5975 de
2576 5922 2822 5978 Anc/tona
2845 5963 2860 5989 ,
2887 5929 3076 5990 qnatst.
3105 5930 3159 5971 ut
3180 5957 3194 5981 ,
3223 5923 3326 5971 art.
3357 5921 3411 5985 8,
3439 5920 3508 5975 de
3535 5925 3800 5990 poteSIate
3824 5929 3924 5973 ες·-
