4250 6282
647 254 769 323 927

2039 246 2172 310 DlVl
2208 236 2534 308 CYPRIANI

3849 242 3973 309 228

650 382 818 444 clesia
870 386 978 440 stat
1045 389 1073 419 ι
1126 378 1179 435 in
1219 375 1360 447 ﬁde,
1422 373 1548 432 licet
1595 370 1811 446 quidam
1871 375 2079 429 terrore
2130 370 2248 441 ipso
2272 377 2328 439 Α
2353 379 2481 421 num
2511 358 3041 430 servum'aestimarl,
3068 357 3242 433 utqui
3290 356 3348 416 in
3374 357 3609 416 minimo
3643 357 3823 417 fidelis
3851 360 3954 420 fuit

650 475 937 549 compulsi,
982 473 1095 530 sive
1121 468 1265 542 quod
1301 474 1486 526 essent
1527 466 1765 538 insignes
1812 477 2083 537 personas,
2129 462 2248 518 sive

656 564 979 642 apprehensi
1005 602 1051 642 ,.
1080 562 1277 617 timore
1322 558 1601 616 hominum
1652 566 1967 614 vereremur
2009 554 2038 594 ι»
2074 568 2252 627 :quos

652 663 869 736 quidem
913 664 1191 730 separatos
1239 670 1270 710 a
1317 653 1473 711 nobis
1526 667 1634 709 non
1685 650 2094 723 dereliquimus,
2152 648 2250 704 sed

648 757 795 828 ipsos
836 749 1107 809 cohortati
1154 762 1341 806 sumus
1384 755 1441 804 et
1470 746 1752 802 hortamur
1780 758 1937 815 agere
1978 743 2250 813 perniten-

650 847 798 913 tiam,
831 845 876 901 si
905 858 1013 915 quo
1033 842 1194 898 modo
1216 838 1611 911 indulgentiam
1645 844 1895 909 poterunt
1919 836 2161 904 recipere
2182 833 2251 889 ab

647 954 713 996 eo
743 938 833 1009 qui
860 943 1036 1009 potest
1060 942 1339 1007 praestare,
1362 946 1452 1001 ne,
1486 931 1532 987 si
1556 929 1729 987 relicti
1750 928 1983 985 3iuerint
2011 943 2037 982 a
2069 927 2243 993 nobis,

647 1030 862 1104 pejores
896 1026 1218 1084 efﬁciantur.

718 1119 810 1178 lli.
850 1119 1059 1176 Videtis
1098 1132 1250 1192 ergo,
1278 1117 1495 1184 fratres,
1527 1116 1780 1189 quoniam
1806 1122 1861 1171 et
1902 1129 1996 1171 vos
2037 1112 2140 1170 hoc
2165 1112 2249 1169 fa-

647 1228 771 1273 cere
795 1213 1024 1283 debetis,
1054 1221 1112 1270 ut
1134 1213 1296 1270 etiam
1326 1212 1403 1267 illi
1437 1211 1526 1283 qui
1567 1210 1883 1268 ceciderunt
1910 1210 2124 1264 hortatu
2150 1222 2248 1264 ve-

648 1320 759 1366 stro
786 1310 1117 1380 eorrigentes
1144 1307 1354 1363 animos
1382 1318 1593 1374 eorum,
1622 1304 1668 1361 si
1695 1303 2018 1376 apprehensi
2048 1301 2250 1357 fuerint

647 1405 861 1470 iterato,
906 1399 1285 1468 conﬁteantur,
1344 1406 1404 1453 ut
1456 1396 1666 1468 possint
1711 1396 1946 1466 priorem
2000 1407 2243 1450 errorem

647 1494 937 1566 corrigere,
961 1501 1015 1549 et
1044 1490 1150 1547 alia
1175 1504 1295 1563 qua:
1321 1487 1636 1545 incumbunt
1658 1485 1832 1552 vobis;
1859 1500 1978 1557 qum
2003 1485 2165 1541 etiam
2193 1491 2251 1540 et

654 1587 770 1660 ipsa
799 1585 1158 1654 subdidimus,
1185 1592 1243 1640 ut
1268 1583 1314 1640 si
1342 1581 1435 1654 qui
1482 1582 1535 1638 in
1566 1581 1705 1636 hanc
1732 1580 2077 1637 tentationem
2115 1578 2249 1635 inci-

645 1680 863 1749 derunt,
878 1675 1491 1752 cmperintapprehendi
1511 1673 1844 1741 infirmitate,
1868 1683 1923 1731 et
1942 1682 2103 1745 agant
2127 1688 2245 1745 poe—

646 1775 925 1831 nitentium
954 1772 1083 1828 facti
1106 1773 1186 1829 sui
1226 1779 1282 1827 et
1330 1769 1640 1828 desiderent
1665 1768 2120 1837 communionem,
2145 1768 2248 1825 uti-
2275 1783 2326 1848 Β

645 1881 751 1939 que
795 1864 1067 1923 subveniri
1120 1864 1199 1921 eis
1252 1862 1433 1930 debet,
1486 1860 1601 1918 sive
1650 1860 1845 1930 viduae,
1894 1861 2008 1919 sive
2062 1862 2236 1919 clino-

642 1960 791 2017 meni
820 2000 837 2027 ,
865 1960 956 2032 qui
982 1957 1317 2016 seexhibere
1346 1971 1459 2014 non
1490 1965 1739 2030 possunt,
1793 1954 1909 2014 sive
1945 1957 2000 2014 hi
2053 1957 2147 2030 qui
2184 1957 2241 2014 in

642 2053 949 2111 carceribus
972 2060 1119 2121 sunt,
1149 2053 1262 2109 sive
1289 2050 1500 2109 exclusi
1526 2051 1597 2108 de
1617 2051 1841 2109 sedibus
1887 2052 2001 2108 suis
2033 2063 2058 2093 ο
2088 2093 2106 2122 ,
2136 2051 2244 2109 uti-

642 2161 749 2218 que
760 2146 961 2202 habere
980 2144 1179 2202 debent
1193 2146 1283 2217 qui
1308 2145 1390 2201 eis
1410 2143 1737 2203 ministrent.
1772 2145 1881 2203 Sed
1902 2156 1957 2204 et
1982 2148 2239 2205 catechu-

642 2240 777 2297 mini
827 2238 1150 2311 apprehensi
1204 2238 1515 2295 inﬁrmitate
1555 2239 1766 2311 decepti
1811 2254 1933 2296 esse
1990 2255 2097 2297 non
2147 2241 2243 2298 de-

646 2330 872 2401 bebunt,
904 2341 963 2387 ut
991 2333 1071 2389 eis
1100 2331 1482 2399 subveniatur;
1514 2340 1587 2401 et,
1618 2332 1763 2403 quod
1795 2333 2087 2388 maximum
2130 2343 2236 2405 est,

639 2439 870 2497 corpora
900 2433 1197 2497 martyrum
1216 2433 1309 2481 aut
1329 2434 1649 2481 cancrorum
1679 2425 1727 2481 si
1754 2439 1863 2482 non
1892 2425 2238 2497 sepeliantur,

639 2518 843 2591 grande
867 2517 1163 2589 periculum
1190 2517 1437 2575 imminet
1470 2518 1551 2575 eis
1574 2517 1771 2590 quibus
1820 2517 2087 2576 incumbit
2134 2519 2240 2577 hoc

638 2626 796 2683 ouus.
827 2610 1221 2683 Cuiuscumque
1246 2626 1381 2684 ergo
1426 2620 1686 2679 vestrum,
1714 2626 2048 2686 quacumque
2084 2629 2242 2672 ocea-

642 2705 797 2764 sione
822 2705 981 2764 fuerit
1003 2704 1253 2764 elfectum
1277 2705 1383 2765 hoc
1408 2721 1565 2779 opus,
1597 2708 1733 2765 certi
1768 2721 1956 2766 sumus
1981 2724 2104 2766 eum
2135 2710 2237 2766 bo-

2358 458 2717 516 constituatur
2764 470 2929 528 super
2976 454 3167 512 decem
3224 452 3492 510 civitates.
3531 452 3721 511 Faciat
3773 464 3959 514 autem

2354 549 2520 617 Deus,
2550 549 2642 620 qui
2657 548 2837 606 omnia
2860 553 3083 619 prastat
3105 542 3450 618 sperantibus
3474 544 3530 601 in
3558 560 3641 615 se,
3667 554 3730 602 ut
3761 561 3954 605 omnes

2354 655 2454 698 nos
2479 642 2534 697 in
2569 640 2655 698 his
2678 641 2932 712 operibus
2962 640 3322 697 inveniamur.
3357 638 3607 695 Salutant
3632 653 3731 695 vos
3756 638 3956 698 fratres

2353 736 2444 807 qui
2490 744 2616 792 sunt
2654 736 2710 792 in
2735 735 2985 802 vinculis,
3015 744 3071 792 et
3096 733 3397 807 presbyteri
3435 743 3491 789 et
3542 743 3652 790 tota
3678 733 3950 805 Ecclesia,

2354 842 2473 899 qum
2517 837 2575 885 et
2608 829 2723 899 ipsa
2767 843 2892 885 eum
2926 841 3136 884 summa
3182 826 3549 884 sollicitudine
3595 826 3828 885 excubat
3854 841 3958 899 pro

2354 922 2602 978 omnibus
2631 923 2723 994 qui
2753 922 3007 978 invocant
3033 935 3230 978 nomen
3264 920 3501 977 Domini.
3545 921 3654 978 Sed
3702 930 3758 978 et
3801 934 3899 978 vos
3926 918 3959 963 «ι

2353 1015 2585 1086 petimus
2610 1023 2794 1070 mutua
2824 1014 2941 1071 vice
2966 1027 3239 1071 memores
3265 1013 3383 1071 sitis
3408 1013 3602 1069 nostri.
3635 1013 3830 1072 Sciatis
3857 1028 3957 1070 au-

2354 1117 2460 1163 tem
2504 1107 2817 1162 Bassianum
2850 1105 3165 1177 pervenisse
3209 1104 3279 1161 ad
3322 1120 3454 1172 nos;
3485 1115 3541 1162 et
3583 1107 3815 1176 petimus
3836 1120 3954 1175 vos,

2352 1200 2444 1271 qui
2472 1199 2683 1256 habetis
2721 1200 2899 1256 zelum
2930 1200 3045 1267 Dei,
3089 1200 3280 1254 harum
3310 1198 3607 1254 litterarum
3644 1198 3955 1270 exemplum

2351 1291 2419 1347 ad
2445 1306 2811 1365 quoscumque
2846 1290 3094 1363 poteritis
3120 1290 3485 1348 transmittere
3504 1305 3602 1362 per
3627 1291 3849 1348 idoneas
3869 1305 3963 1348 oc-

2351 1384 2621 1453 casiones,
2653 1383 2739 1439 vel
2763 1392 2969 1440 vestras
3012 1382 3238 1451 faciatis,
3274 1382 3391 1438 sive
3422 1382 3669 1439 nuntium
3698 1382 3952 1452 mittatis,

2350 1483 2411 1531 ut
2448 1483 2593 1533 stent
2620 1476 2789 1532 fortes
2828 1482 2884 1531 et
2925 1472 3229 1531 immobiles
3259 1475 3313 1531 in
3358 1472 3484 1531 fide.
3539 1474 3801 1547 Optamus
3833 1491 3957 1551 vos,

2352 1566 2547 1625 fratres
2573 1565 2899 1637 charissimi,
2917 1580 3135 1640 semper
3156 1565 3294 1624 bene
3317 1566 3520 1624 valere.

2923 1725 3261 1786 EPISTOLA
3290 1726 3382 1785 Ill.

2346 1862 2670 1930 (Erasm.,m,
2714 1860 2811 1926 21;
2856 1862 3068 1936 Pamel,
3103 1878 3187 1936 _rv;
3228 1862 3362 1936 Βὶεζ.ἓ
3394 1862 3599 1930 Baluz.,
3646 1864 3829 1932 Paris.,
3860 1876 3953 1936 tu;

2898 1902 3068 1927 ..μ-νη,
3109 1902 3187 1927 .,,
3230 1902 3340 1927 ...ιν

2894 1925 3077 1990 Oxon.,
3102 1929 3247 1991 Lips,
3271 1902 3368 1991 1x3

2404 2074 2473 2113 an
2495 2071 2865 2115 rnesnvrenos
2900 2071 2970 2113 ετ
2998 2070 3257 2115 υιλοοκοε
3294 2072 3455 2116 non:
3482 2057 3887 2118 eousisreures.
3952 2078 3959 2115 μ

2342 2201 2738 2259 Ancuueuruu.
2784 2231 2855 2241 —
2908 2200 3148 2273 Epistola
3195 2203 3301 2258 hazc
3353 2202 3631 2274 familiaris
3655 2214 3773 2270 est;
3799 2219 3960 2276 quare

2412 2304 2709 2366 argumento
2744 2310 2847 2349 non
2900 2294 3128 2366 indiget,
3172 2295 3493 2367 potissimum
3546 2314 3663 2352 cum
3705 2314 3769 2352 ea:
3810 2298 3957 2352 titulo

2416 2387 2530 2456 ipso
2557 2387 2612 2441 id
2636 2386 2760 2441 satis
2788 2387 2963 2459 colligi
2982 2396 3151 2458 queat.
3193 2386 3526 2443 Desideratur
3547 2398 3716 2444 autem
3742 2390 3958 2461 epistola

2422 2478 2558 2534 Cleri
2584 2478 2808 2534 Romani
2844 2480 2913 2534 ad
2948 2495 3098 2551 quam
3124 2480 3396 2552 respondet
3425 2478 3731 2553 Cyprianus.

2415 2614 2458 2671 Ι.
2521 2614 2819 2688 Cyprianus
2878 2615 3207 2689 presbyteris
3279 2626 3335 2675 et
3404 2618 3716 2675 diaeonibus
3766 2619 3959 2679 Romae

2344 2712 2762 2769 consistentibus
2814 2711 3071 2770 fratribus
3135 2713 3385 2772 salutem.
3439 2715 3569 2773 Cum
3622 2715 3691 2791 de
3728 2728 3958 2773 excessu

1873 2846 2257 2910 LECTIONES
2294 2848 2706 2909 VARIANTES.

705 2987 970 3051 fiEeclesia
1008 2985 1100 3041 ista
1122 2986 1262 3041 fortis
1292 2987 1355 3051 in
1383 2985 1479 3040 fide
1511 2986 1674 3051 Impr.

702 3050 1085 3107 bRevertuntur
1124 3053 1255 3117 Imp.
1291 3050 1521 3104 Buerunt
1553 3050 1712 3105 eam

2408 2988 2435 3020 ο
2461 2984 2664 3041 Exnulsi
2693 2999 2724 3037 a
2763 2985 2981 3039 sedibus.
3034 2987 3145 3040 Vat.
3191 2986 3240 3041 1.

2407 3051 2437 3091 d
2456 3049 2556 3102 Sed
2575 3056 2630 3102 et
2646 3063 2737 3101 nos
2758 3049 2889 3102 Iuro.

1864 3178 2108 3241 STEPH.
2150 3179 2426 3242 BALUZII
2460 3180 2693 3240 NOTAE.

637 3325 669 3370 Γ
710 3320 941 3381 Ecclesia
984 3364 1000 3390 ,
1053 3318 1330 3386 Romana,
1366 3335 1552 3394 quam
1623 3325 1777 3394 vocat
1815 3318 2010 3394 _fortem
2043 3358 2060 3388 ,
2110 3319 2233 3389 quia
2260 3320 2305 3384 C
2339 3317 2410 3394 Et
2437 3319 2488 3394 in
2520 3318 2656 3394 libro
2696 3314 3010 3394 Corbeiensi
3046 3327 3101 3376 et
3140 3318 3196 3394 in
3231 3314 3462 3394 Fuxensi
3488 3362 3501 3389 ,
3537 3320 3751 3392 quando
3776 3322 3954 3394 agitur

641 3397 795 3452 lirma
819 3407 871 3452 et
901 3389 1190 3452 immobilis
1209 3389 1446 3448 constitit
1469 3392 1608 3447 inter
1634 3389 1950 3446 durissimas
1979 3404 2232 3459 persecu-

639 3468 832 3524 tiones.
864 3467 1196 3536 Quamquam
1240 3479 1308 3520 ne
1336 3464 1388 3519 in
1435 3461 1537 3518 hac
1560 3459 1794 3536 quidem
1822 3460 2065 3536 Ecclesia
2096 3461 2234 3533 lapsi

638 3531 925 3595 defuerunt
949 3580 963 3601 ,
989 3531 1253 3608 siquidem
1297 3548 1482 3608 eorum
1508 3531 1721 3608 causam
1745 3531 1925 3608 _cierus
1969 3531 2233 3608 integram

637 3610 871 3665 servavit
897 3608 964 3665 ad
990 3602 1582 3677 eiectionemepiscopi.
1610 3603 1717 3661 Sed
1744 3602 1798 3659 hi
1828 3602 2109 3675 pauciores
2130 3622 2232 3661 nu-

637 3696 789 3737 mero
819 3680 969 3752 fuere
994 3696 1155 3752 quam
1180 3676 1522 3752 Qartbagiue.

710 3745 1175 3808 [IL—Clindmeni.
1192 3747 1370 3804 Codex
1387 3745 1709 3803 ineushabct
1721 3745 2235 3811 domeni,Gratiano-

638 3825 906 3891 politanus
931 3821 1235 3878 chtidomeni
1257 3835 1278 3885 ,°
1306 3819 1576 3891 Moreilius
1604 3820 1777 3888 posuit
1798 3819 2106 3890 clydomeni,
2137 3819 2242 3875 La-

640 3890 799 3949 tinius
823 3904 876 3951 et
903 3894 1166 3965 Rigaitius
1190 3891 1479 3965 elinomeni.
1512 3890 1705 3965 Postea
1754 3899 1937 3965 secuta
1964 3902 2045 3947 est
2071 3891 2241 3965 _cditio

640 3967 952 4047 A_nglicana,
976 3961 1027 4020 in
1044 3980 1176 4047 qua,
1202 3962 1414 4033 rejectis
1435 3961 1642 4044 caeteris
1666 3961 2004 4026 lectionibus,
2036 3963 2240 4043 absque

640 4033 752 4091 ulla
776 4045 1016 4093 veterum
1044 4033 1302 4090 librorum
1346 4034 1662 4090 auctoritate
1684 4073 1699 4097 ,
1730 4043 1934 4087 tantum
1962 4050 2029 4089 ex
2055 4033 2241 4103 conje-

640 4115 791 4163 ctura
825 4116 1035 4178 sumpta
1077 4122 1144 4162 ex
1196 4104 1422 4174 epistola
1452 4120 1604 4175 papae
1642 4104 1874 4160 Cornelii
1916 4103 1981 4158 ad
2013 4104 2240 4178 Fabium

641 4174 1361 4249 episcopum'Antiochenum
1378 4219 1393 4249 τ
1420 4174 1542 4249 quae
1573 4191 1748 4249 graece
1771 4184 1943 4231 exstat
1970 4176 2109 4245 apud
2135 4174 2245 4231 Ett-

642 4245 871 4312 sebium,
922 4251 1182 4317 scriptum
1231 4257 1315 4305 est
1353 4245 1667 4302 tlilibomeui.
1700 4245 1767 4301 Et
1809 4261 2131 4317 quamquam
2177 4261 2242 4303 ea

642 4320 946 4378 emendatio
969 4316 1207 4376 videatur
1224 4334 1344 4376 esse
1365 4319 1524 4382 bona,
1545 4316 1912 4373 transferenda
1932 4316 2109 4372 tamen
2134 4333 2241 4374 non

640 4404 758 4448 erat
799 4394 849 4448 in
888 4400 1199 4448 contextum
1236 4391 1440 4462 absque
1484 4388 1677 4462 majori
1718 4390 2057 4462 auctoritate.
2104 4389 2240 4446 Nam

640 4465 863 4536 reliqua:
888 4464 1146 4536 lectiones
1174 4457 1585 4536 possuntctiam
1614 4475 1734 4516 esse
1761 4460 1934 4536 boum.
1967 4457 2237 4516 Caeterum

2338 3390 2408 3464 de
2438 3391 2541 3447 hoc
2566 3388 2845 3464 hominum
2889 3406 3091 3464 genere
3137 3392 3341 3464 legitur
3369 3388 3717 3450 Caticuiuinos
3739 3436 3754 3460 ,
3806 3388 3953 3464 quod

2337 3461 2481 3518 idem
2511 3459 2842 3537 est._Notum
2872 3459 3072 3537 quippe
3107 3459 3490 3537 est'litterasi
3518 3459 3793 3537 et_eisa:pe
3822 3459 3953 3537 per-

2337 3535 2534 3589 mutari
2560 3533 2750 3606 solitas
2779 3534 2920 3603 apud
2964 3534 3235 3606 antiquos.
3268 3536 3511 3590 Adnotat
3540 3533 3860 3606 lloistenids
3894 3539 3953 3595 in

2337 3606 2480 3660 notis
2507 3604 2574 3660 ad
2617 3616 2735 3660 aeta
2778 3604 3409 3676 sanctarum‘Perpetuae
3449 3616 3506 3662 et
3533 3605 3825 3663 Felicitatis
3865 3625 3957 3663 ca-

2339 3677 2611 3732 tliecumint
2655 3676 2911 3745 scriptum
2956 3691 3075 3731 esse
3105 3676 3156 3732 in
3188 3678 3411 3734 vetustis
3443 3679 3771 3734 membranis
3796 3680 3951 3736 Casi-

2340 3748 2595 3803 nensibus
2625 3755 2679 3802 et
2709 3747 2848 3817 apud
2887 3746 3247 3804 Mombritium
3268 3790 3283 3813 ,
3315 3751 3630 3805 existimare
3679 3762 3859 3806 autem
3889 3768 3953 3808 se

2342 3818 2412 3873 ita
2443 3834 2509 3874 eo
2532 3816 2987 3891 smeuiofprolatas
3014 3816 3185 3891 fuisse
3212 3820 3515 3891 lmjusmodi
3546 3835 3728 3876 voces.
3761 3821 3952 3878 lliero-

2342 3905 2535 3962 nymus
2563 3891 2614 3943 in
2644 3889 2880 3962 Epistoia
2912 3889 2981 3962 ad
3010 3889 3357 3962 Oceanum'in
3385 3907 3549 3948 causa
3580 3894 3905 3948 matrimonii
3931 3912 3949 3952 :

2343 3961 2570 4033 Audiam
2596 3961 2930 4033 eat/tecumini
2947 4002 2961 4027 ,
2986 3961 3073 4030 qui
3091 3972 3209 4017 sunt
3233 3963 3356 4032 ﬁdei
3375 3963 3659 4019 candidati.
3690 3964 3780 4019 Sic
3804 3964 3950 4033 apud

2342 4030 2565 4087 Marium
2612 4030 2964 4104 Mercatorem
3011 4033 3063 4087 in
3105 4030 3340 4104 editione
3387 4046 3570 4091 nostra
3599 4075 3614 4101 ,
3664 4049 3785 4104 pag.
3819 4030 3951 4104 347,

2348 4104 2545 4173 legitur
2562 4103 2815 4157 catecismi
2834 4119 2932 4171 pro
2949 4104 3259 4159 catechismi.
3280 4103 3412 4161 Vide
3425 4105 3646 4161 Caelium
3664 4103 3950 4173 Calcagnié

2347 4191 2473 4247 num
2502 4175 2597 4230 lib.
2627 4173 2849 4244 t,Epist.
2873 4190 2957 4238 1x;
2983 4184 3037 4230 et
3063 4184 3216 4247 notas
3236 4176 3303 4247 ad
3328 4176 3676 4247 Capitularia,
3710 4193 3763 4247 p.
3786 4173 3951 4235 1250.

2416 4242 2647 4318 Corpora
2719 4242 3023 4318 martyrum.
3083 4245 3151 4302 Ut
3220 4242 3431 4304 diversa
3495 4256 3621 4304 sunt
3664 4242 3949 4306 hominum

2346 4316 2588 4389 ingenia.
2623 4319 2692 4371 ita
2726 4316 2956 4372 diversa:
2982 4318 3433 4389 suntopiniones.
3467 4318 3625 4376 Hunc
3649 4320 3826 4375 locum
3856 4320 3951 4375 Ri-

2342 4388 2539 4460 gaitius
2580 4389 2960 4460 interpretatus
3010 4396 3095 4443 est
3118 4388 3187 4445 de
3211 4404 3339 4445 cura
3372 4399 3578 4446 tantum
3610 4390 3950 4460 sepeliendo-

2342 4457 2460 4515 rum
2490 4468 2809 4530 martyrum.
2842 4457 2957 4530 Ego
2983 4475 3113 4516 vero
3134 4475 3198 4516 eo
3228 4476 3357 4517 usus
3379 4478 3496 4517 sum
3521 4471 3577 4517 ut
3600 4457 3949 4520 ostenderem

640 4550 705 4590 ea
725 4532 1061 4598 emendatio,
1095 4532 1254 4606 quam
1292 4532 1721 4606 Angliﬂvidcntur
1749 4534 2022 4606 accepisse
2050 4547 2115 4606 ert
2143 4546 2238 4606 an-
2262 4543 2317 4603 1)
2342 4545 2525 4606 errare
2552 4532 2899 4606 vehementer
2938 4544 3035 4606 eos
3061 4532 3148 4606 qui
3169 4532 3504 4606 contendunt
3528 4541 3736 4606 veteres
3784 4533 3948 4589 Chri-

640 4607 1004 4663 notationibus
1036 4602 1250 4663 Henrici
1280 4603 1476 4663 Valesii
1504 4603 1573 4659 ad
1595 4602 1881 4657 Historiam
1910 4602 2239 4658 ecclesiasti-

641 4692 759 4733 cam
788 4679 1037 4747 Eusebii,
1061 4693 1236 4747 neque
1262 4675 1458 4731 Valesii
1484 4686 1566 4731 est
1596 4688 1770 4744 neque
1796 4674 2116 4747 Anglorum,
2142 4674 2238 4730 sed

641 4693 759 4733 cam
788 4693 1005 4734 I‘JIISCDII
1022 4721 1037 4747 ,
1061 4695 1095 4733 ιι
1169 4693 1236 4734 Ile
1270 4693 1458 4731 valesn
1484 4693 1566 4731 esr
1596 4693 1770 4744 neque
1796 4693 2116 4745 Anglorum,
2142 4693 2238 4730 seu

641 4749 990 4806 illustrissimi
1015 4693 1417 4806 virﬂi‘rancisci
1448 4747 1738 4816 Busqueli,
1758 4747 1846 4816 qui
1881 4760 1998 4802 eam
2034 4746 2238 4816 primus

640 4823 863 4887 protulit
884 4837 1025 4878 anno
1054 4820 1213 4886 i653,
1237 4820 1291 4874 in
1318 4818 1455 4873 libro
1482 4814 1653 4887 primo
1690 4814 2041 4871 Historiarum
2060 4814 2240 4871 Eccle-

641 4835 863 4887 ιποιυιιι
884 4837 1025 4878 anno
1054 4835 1213 4886 Ιυῦό,
1237 4836 1291 4874 ιιι
1319 4835 1455 4873 110Γο
1517 4835 1653 4872 l'llllO
1690 4835 2036 4871 Historiarum
2060 4835 2236 4871 tacete-

641 4893 732 4947 δὶα)
776 4891 1077 4949 Gallic-ante.
1103 4892 1275 4947 Porro
1303 4904 1439 4961 quos
1464 4835 1638 4961 ὅπωςί
1666 4898 1859 4961 vocant
1882 4889 2236 4961 tlrlibomeues.

642 4962 870 5035 Rufinus
898 4965 1060 5020 vertit
1084 4958 1383 5035 indigentes,
1414 4958 1676 5035 Baronius
1702 4960 2009 5035 ﬂuctuantes
2038 5000 2052 5022 ,
2081 4959 2238 5035 valde

641 5034 867 5112 diverso
885 5051 1069 5112 sensu.
1091 5029 1929 5112 ‘Vitl'e_primenLDissertatioLtem
1958 5031 2237 5112 _Cgpriani-

641 5121 753 5162 cam
771 5108 872 5164 viri
900 5106 1183 5163 clarissimi
1225 5100 1442 5162 Henrici
1472 5102 1752 5159 Dodweili.
1780 5100 1906 5172 (Ed.
1960 5100 2239 5172 Lipsensis

642 5179 884 5248 sequitur
925 5177 1291 5250 conjecturam
1347 5173 1610 5250 Dodtv'elii
1653 5175 1709 5229 in
1755 5171 2038 5229 Dissertat.
2072 5171 2234 5245 Cypr.

642 5264 682 5318 ι»
712 5245 996 5338 legentis
1015 5245 1520 5338 εἐέυμοηεττρῖῖιξῑιὲε)

716 5314 1047 5378 ϐαιῖοαηιὶηἰ.
1108 5314 1201 5386 Sic
1274 5314 1510 5377 scribere
1598 5316 1826 5389 placuit,
1898 5331 2007 5373 non
2060 5314 2235 5389 solum

643 5393 768 5463 quia
797 5395 871 5450 ita
900 5394 1199 5450 invenimus
1224 5392 1480 5463 scriptum
1514 5390 1569 5446 in
1599 5391 1848 5463 omnibus
1876 5388 2112 5463 antiquis
2138 5403 2237 5443 co-

643 5460 871 5535 dicibus,
901 5465 997 5522 sed
1021 5466 1073 5521 in
1103 5465 1289 5534 primis
1326 5460 1546 5535 propter
1574 5462 1945 5535 auctoritatem
1982 5460 2237 5535 Commo-

642 5534 785 5593 diani
806 5531 934 5613 ,‘qui
962 5552 1059 5592 nos
1078 5531 1455 5613 dubitare'non
1481 5533 1609 5613 sinit
1634 5534 1759 5603 quin
1786 5533 1886 5613 hoc
1914 5531 2236 5613 vocabulum

644 5604 877 5666 vetustis
917 5608 1244 5679 temporibus
1279 5608 1353 5663 ita
1393 5606 1738 5679 scriberetur.
1789 5604 1931 5661 Sane
1970 5605 2025 5659 in
2048 5604 2235 5679 _veteri

639 5679 899 5748 glossario
928 5675 1263 5736 bibliotheca:
1290 5679 1452 5749 regia:
1481 5679 1582 5748 legi
1605 5675 2235 5749 :Cuecuuuuslinstru-

637 5760 766 5819 ctus,
796 5752 1027 5807 audiens.
1058 5750 1117 5804 ln
1144 5752 1311 5805 veteri
1343 5751 1466 5805 item
1496 5751 1758 5819 glossario
1795 5764 1913 5802 meo
1949 5766 1960 5799 :
1990 5750 2238 5819 (_Jareeu-

638 5815 834 5889 usaus,
862 5823 1138 5877 instructus
1164 5821 1266 5875 sive
1294 5815 1527 5884 audiens,
1560 5834 1651 5889 pro
1681 5834 1737 5889 eo
1763 5818 1898 5889 quod
1943 5815 2108 5871 adhuc
2137 5816 2235 5889 do-

635 5887 855 5951 ctrinam
883 5892 1002 5965 ﬁdei
1023 5890 1223 5964 audiat,
1246 5891 1458 5948 necdum
1486 5887 1655 5949 tamen
1682 5887 2000 5962 Baptismum
2025 5887 2233 5966 recepit.

2342 4602 2547 4659 stianos
2577 4602 2775 4676 nullam
2807 4616 2993 4676 curam
3022 4600 3272 4658 habuisse
3302 4604 3647 4676 reliquiarum
3669 4604 3947 4661 hominum

2343 4684 2672 4730 sanctorum.
2702 4671 2761 4727 ld
2790 4673 2933 4743 quod
2978 4687 3021 4743 a7
3053 4688 3138 4728 me
3182 4671 3459 4731 ostensum
3505 4685 3589 4732 est
3620 4677 3675 4731 in
3702 4678 3949 4734 oratione

2341 4760 2499 4819 quam
2548 4744 2707 4800 habui
2749 4742 2960 4819 publice
3006 4742 3396 4819 butetiarucum
3429 4748 3481 4802 in
3505 4746 3763 4819 _eollegio
3795 4750 3947 4819 regio

2342 4816 2726 4888 interpretarer
2770 4815 2981 4879 titulum
3006 4814 3360 4888 ilecretaiium
3404 4820 3467 4874 de
3494 4814 3746 4888 Reliquiis
3774 4828 3823 4873 et
3854 4814 3945 4874 ὗε-

2341 4888 2605 4941 neratione
2638 4885 2969 4942 Sanctorum.
3019 4884 3187 4942 Tanta
3230 4890 3371 4944 enim
3404 4899 3514 4945 tum
3560 4884 3686 4945 cura
3713 4899 3831 4945 erat
3856 4906 3945 4947 se-

2343 4957 2711 5027 peliendorum
2740 4956 3015 5013 hominum
3045 4968 3377 5027 sanctorum,
3403 4969 3461 5015 ut
3483 4960 3946 5019 nihilomittereut

2340 5043 2525 5085 eorum
2574 5045 2695 5100 qua:
2718 5036 2964 5099 poterant
3001 5027 3376 5087 demonstrare
3404 5045 3593 5088 eorum
3621 5032 3938 5090 memoriam

2340 5110 2395 5155 et
2426 5101 2830 5157 venerationem
2883 5114 3012 5171 erga
3043 5115 3136 5156 eos
3165 5102 3339 5168 ;adeo
3372 5113 3429 5159 ut
3471 5103 3834 5159 Tertullianus
3885 5104 3941 5159 in

2338 5171 2666 5245 4pologetico
2695 5180 2922 5245 testetur
2941 5173 3191 5245 plurioris
3211 5184 3267 5229 et
3294 5172 3554 5229 charioris
3577 5188 3703 5229 suas
3730 5188 3942 5231 merces

2339 5190 2383 5225 Α
2423 5190 2666 5245 Otogettco
2695 5190 2922 5228 leSielur
2941 5190 3191 5241 plurtorts
3211 5190 3267 5229 et
3294 5190 3554 5229 cuartorts
3577 5190 3703 5229 suas
3730 5190 3938 5231 merces

2339 5190 2659 5301 Ciiristianls
2703 5241 3027 5316 sepeliendis
3057 5243 3368 5315 proﬂigasse
3422 5261 3581 5316 quam
3623 5245 3727 5302 diis
3778 5246 3938 5301 fumi-

2339 5315 2549 5385 gandis.
2580 5316 2659 5371 Ex
2697 5313 2804 5385 quo
2830 5313 3006 5385 colligi
3047 5313 3461 5385 posse—videtur
3483 5317 3605 5373 illos
3630 5316 3939 5375 condidisse

2339 5387 2497 5443 etiam
2520 5402 2707 5443 eorum
2748 5398 2974 5458 corpora
3005 5385 3261 5458 odoribus
3292 5388 3556 5456 Arabicis,
3588 5404 3725 5458 quos
3750 5389 3804 5444 in
3834 5403 3939 5445 se-

2342 5458 2604 5526 peliendis
2651 5457 2972 5528 corporibus
2998 5457 3265 5513 adhibitos
3318 5458 3483 5528 fuisse
3520 5457 3750 5517 constat.
3793 5459 3939 5517 Sane

2339 5528 2543 5585 Plinius
2570 5528 2663 5583 lib.
2690 5527 2765 5602 δη
2792 5568 2807 5595 ,
2839 5542 2959 5602 cap.
2995 5529 3082 5595 18,
3112 5529 3301 5585 scribit
3335 5527 3600 5602 Neronem
3655 5531 3774 5602 plus
3799 5547 3935 5602 cyn-

2340 5602 2572 5673 namomi
2603 5602 2654 5655 in
2684 5598 2868 5655 funere
2922 5600 3166 5673 Poppaea:
3190 5601 3498 5673 incendisse
3527 5598 3686 5673 quam
3737 5598 3935 5662 Arabia

2342 5672 2673 5741 produc-utin
2704 5686 2843 5726 anno
2870 5685 2995 5725 uno.
3025 5671 3157 5727 Vide
3187 5672 3475 5728 Baronium
3526 5671 3580 5729 in
3636 5672 3935 5729 Notationi~

2340 5736 2527 5815 Fus_ad
2559 5739 2988 5815 Martyroloyium
3016 5741 3318 5815 Romanum
3343 5742 3430 5800 die
3469 5761 3524 5799 tv
3564 5745 3813 5815 Augusti.

2410 5812 2737 5869 Bassianum.
2812 5812 3094 5870 A'ssentior
3157 5813 3393 5871 Pamelio
3468 5812 3796 5871 existimanti
3864 5812 3936 5870 iis

2340 5886 2451 5945 lum
2478 5884 2644 5946 fuisse
2671 5900 2703 5946 e
2726 5884 2871 5945 clero
2908 5883 3171 5944 Romano.
3205 5884 3353 5946 illius
3388 5887 3592 5947 mentio
3633 5895 3717 5946 est
3768 5886 3939 5961 etiam
