4222 6288
299 331 417 392 235

1755 323 2088 384 EPISTOLA
2126 324 2190 381 V.

3506 323 3613 380 2M

307 444 622 504 laborantes
644 441 938 499 necessitas
961 440 1137 498 l’aciat.
1165 437 1574 497 Confessoribus
1602 441 1765 496 etiam
1789 442 1903 512 glo—
1930 444 1983 504 Α
2007 442 2166 510 gratis
2195 450 2378 507 panem
2405 436 2820 493 manducavimus
2873 436 2938 491 ab
2983 436 3153 502 aliqua
3198 445 3436 504 vestrum,
3468 437 3558 491 sed
3581 437 3611 475 ιι

308 534 475 589 riosis
527 534 865 604 impertiatur
902 549 1030 589 cura
1080 533 1413 604 propensior.
1466 533 1533 587 Et
1582 546 1905 604 quamquam

310 627 482 681 sciam
510 627 767 697 plurimos
789 640 852 681 es
879 625 960 682 his
993 626 1212 680 fratrum
1240 633 1364 680 voto
1393 634 1447 680 et
1470 625 1759 681 dilectione
1784 641 1907 682 sus-

313 731 534 790 ceptos,
566 731 740 774 tamen
767 719 814 775 si
850 721 940 790 qui
966 730 1088 774 sunt
1117 719 1209 790 qui
1244 719 1329 773 vel
1357 719 1660 774 veSIitu-vcl
1692 729 1907 790 sumptu

311 809 604 882 indigeam,
647 812 784 866 sicut
809 813 966 866 etiam
1001 809 1204 880 pridem
1236 809 1385 865 vobis
1425 811 1746 880 scripseram
1784 826 1908 866 cum

311 902 492 959 adhuc
518 911 696 958 essent
747 904 799 957 in
842 917 1058 958 carcere
1101 903 1412 969 constituti,
1442 903 1910 959 subministrentur

312 996 400 1050 eis
455 1009 806 1066 qumcumque
846 1005 972 1050 sunt
1009 994 1331 1060 necessaria,
1362 993 1526 1049 modo
1550 1002 1606 1049 ut
1649 995 1818 1049 sciant
1843 1010 1907 1050 ex

309 1087 469 1144 vobis
493 1097 546 1141 et
575 1089 904 1142 instruantur
934 1096 989 1143 et
1018 1086 1228 1142 discant
1257 1086 1404 1158 quid,
1435 1085 1729 1143 secundum
1760 1087 1908 1143 Scri-

311 1188 594 1252 pturarum
622 1180 1006 1252 magisterium,
1046 1181 1406 1236 ecclesiastica
1437 1180 1716 1250 disciplina
1744 1180 1911 1252 depo-

308 1285 450 1341 seat,
491 1275 717 1330 humiles
741 1285 795 1331 ct
815 1276 1086 1332 modestos
1123 1285 1176 1330 et
1199 1277 1409 1346 quietos
1437 1290 1557 1331 esse
1582 1275 1784 1330 debere
1810 1317 1824 1340 ,
1855 1282 1913 1330 ut

308 1364 575 1421 honorem
613 1367 697 1422 sui
739 1367 968 1422 nominis
994 1377 1235 1431 servent,
1265 1375 1322 1422 et
1367 1367 1461 1436 qui
1511 1366 1730 1437 gloriosi
1771 1382 1904 1423 voce

306 1457 531 1513 fuerunt
557 1468 602 1527 ει,
629 1459 736 1514 sint
765 1470 819 1516 et
843 1460 1082 1516 moribus
1127 1460 1364 1531 gloriosi,
1393 1459 1589 1516 faciant
1617 1475 1676 1516 se
1725 1460 1914 1532 dignos

309 1561 390 1618 ut,
425 1554 479 1607 in
505 1555 752 1610 omnibus
792 1554 1074 1610 Dominum
1105 1563 1492 1625 promerentes,
1542 1554 1608 1608 ad
1633 1554 1909 1610 caelestem

304 1659 566 1699 coronam
589 1645 760 1700 laudis
785 1660 896 1702 sua:
925 1648 1387 1701 consummatione
1414 1647 1748 1716 perveniant.
1779 1647 1908 1702 Plus

304 1739 456 1792 enim
483 1747 728 1808 superest
752 1752 912 1808 quam
953 1737 1097 1808 quod
1146 1745 1470 1792 transactum
1509 1737 1744 1804 videtur,
1783 1752 1907 1793 cum

2012 533 2066 586 in
2092 531 2266 586 labore
2283 540 2332 584 et
2355 531 2655 602 fatigatione
2700 539 2844 585 nocte
2869 537 2916 584 et
2952 528 3035 584 die
3060 538 3344 600 aperantes,
3376 544 3438 584 ne
3464 544 3612 600 quem

2009 641 2230 687 vestrum
2260 649 2590 705 gravarentus
2619 631 2686 704 (ll
2710 631 2886 686 Thess.
2913 646 2970 694 ιι,
2993 627 3072 700 8).

2082 724 2168 779 Ill.
2214 725 2339 780 Hzce
2378 725 2580 796 singula
2601 764 2616 790 ,
2648 739 2746 778 oro
2786 736 2903 789 vos,
2935 719 3204 776 insinuate
3235 720 3486 776 fratribus
3516 736 3613 776 no-

2013 816 2158 872 stris.
2185 816 2249 871 Et
2267 817 2389 886 quia
2436 817 2479 870 is
2518 815 2822 870 excitabitur
2843 812 2930 883 qui
2975 827 3028 867 se
3053 811 3385 866 humiliaverit
3412 821 3435 847 ο
3462 811 3614 884 (an.

2013 921 2124 970 xxv,
2155 909 2268 978 11),
2295 923 2433 964 nunc
2459 917 2542 963 est
2573 916 2629 962 ut
2671 907 2838 977 magis
2865 905 3207 960 insidiantem
3245 904 3615 961 adversarium

2015 1011 2291 1068 metuant,
2327 1002 2411 1070 qui
2466 999 2744 1056 fortiorem
2785 1012 3049 1069 quemque
3086 996 3253 1068 magis
3291 998 3616 1067 aggreditur,

2015 1105 2091 1158 et,
2127 1095 2303 1149 acrior
2334 1092 2504 1148 factus
2533 1094 2634 1148 hoc
2656 1093 2771 1162 ipso
2795 1107 2902 1162 quo
2929 1092 3099 1146 victus
3125 1100 3235 1156 est,
3273 1104 3614 1161 superantem

2017 1201 2272 1256 superare
2308 1194 2553 1240 conatur.
2606 1185 2862 1239 Dominus
2904 1182 3063 1238 faciat
3090 1191 3149 1237 ut
3188 1192 3243 1237 et
3277 1199 3376 1254 ego
3420 1185 3616 1239 iterum

2017 1278 2137 1334 illos
2198 1288 2404 1334 mature
2471 1277 2488 1316 ί
2553 1278 2733 1334 videre
2783 1286 2838 1334 et
2888 1277 3104 1332 salutari
3169 1278 3540 1332 exhortatione
3590 1288 3615 1324 ε

2017 1385 2340 1440 componere
2414 1380 2621 1426 mentes
2675 1386 2860 1426 eorum
2907 1369 2975 1424 ad
3021 1368 3337 1424 servandam
3388 1371 3614 1439 gloriam

2018 1477 2170 1518 suam
2199 1462 2418 1531 possim.
2445 1462 2612 1518 Doleo
2635 1463 2778 1517 enim
2805 1461 3021 1532 quando
3047 1461 3206 1516 audio
3228 1461 3488 1530 quosdam
3516 1463 3614 1516 im-

2019 1553 2186 1622 probe
2206 1562 2260 1608 et
2306 1553 2596 1608 insolenter
2624 1552 2928 1607 discurrere
2968 1559 3023 1607 et
3063 1551 3130 1606 ad
3175 1551 3404 1622 ineptias
3435 1553 3515 1607 vel
3547 1553 3617 1607 ad

2019 1644 2314 1700 discordias
2339 1658 2563 1710 vacare;
2590 1642 2788 1698 Christi
2833 1643 3094 1710 membra,
3133 1643 3317 1712 ctjam
3347 1644 3618 1700 Christum

2019 1737 2292 1803 confessa,
2341 1749 2438 1805 per
2485 1734 2798 1790 concubitus
2838 1734 3050 1788 illicitos
3102 1734 3386 1804 inquinari,
3437 1751 3534 1790 nec
3590 1753 3622 1792 a

303 1831 568 1897 scriptum
613 1828 682 1882 sit
713 1846 729 1882 :
759 1828 888 1883 Ante
918 1838 1128 1883 mortem
1154 1845 1216 1882 ne
1250 1829 1424 1882 laudes
1450 1828 1703 1883 hominem
1728 1845 1907 1898 quem-
1936 1833 1984 1893 B
2011 1827 2251 1888 diaconis
2272 1837 2365 1882 aut
2395 1826 2725 1897 presbyteris
2765 1825 2876 1896 regi
2903 1840 3059 1894 posse
3083 1865 3101 1892 ,
3141 1825 3238 1880 sed
3273 1825 3322 1879 id
3355 1841 3514 1895 agerc
3559 1836 3618 1881 ut

303 1937 465 1989 quant
509 1918 701 1992 (Eccli.
751 1935 835 1986 st,
874 1920 984 1991 50).
1018 1920 1084 1974 Et
1118 1921 1308 1975 iterum
1339 1935 1354 1975 :
1388 1917 1512 1974 Esto
1553 1920 1720 1989 ﬁdelis
1756 1937 1912 1991 usque

302 2012 376 2066 ad
404 2021 640 2077 mortem,
668 2021 716 2066 et
741 2010 871 2066 dabo
901 2011 988 2064 tibi
1020 2027 1260 2066 coronam
1287 2012 1401 2067 vita:
1425 2011 1665 2082 (Apocal.
1699 2027 1766 2080 ιι,
1797 2013 1908 2083 10).

303 2103 377 2159 Et
417 2103 678 2158 Dominus
704 2117 917 2174 quoque
953 2103 1096 2158 dicat
1127 2122 1139 2158 :
1173 2103 1273 2170 Qui
1322 2104 1608 2158 toleraverit
1651 2120 1806 2174 usque
1840 2105 1911 2158 ad

301 2198 497 2266 ﬁnem,
533 2197 616 2250 hic
640 2195 914 2250 salvabitur
943 2193 1158 2269 (Matth.
1188 2213 1240 2261 χ,
1272 2195 1390 2266 22).
1416 2195 1697 2252 Imitentur
1725 2197 1911 2252 Domi-

301 2305 460 2355 num,
495 2291 586 2360 qui
629 2289 729 2344 sub
763 2289 879 2359 ipso
905 2298 1145 2360 tempore
1175 2289 1440 2359 passionis
1483 2304 1588 2345 non
1629 2289 1912 2360 superbior

300 2383 405 2439 sed
434 2382 688 2437 humilior
709 2381 826 2437 luit.
885 2381 1033 2438 Tunc
1077 2382 1221 2438 enim
1276 2382 1656 2454 discipulorum
1693 2399 1912 2439 suorum

303 2477 478 2548 pedes
508 2475 636 2530 lavit
655 2475 841 2532 dicens
865 2493 878 2530 :
918 2476 979 2531 Si
1008 2492 1100 2548 ego
1129 2477 1230 2531 lavi
1251 2478 1400 2547 pedes
1425 2486 1634 2545 vestros,
1675 2479 1915 2548 magister

302 2581 355 2628 et
389 2572 649 2635 dominus,
678 2582 724 2626 et
743 2587 830 2627 vos
859 2572 1044 2627 debetis
1073 2573 1290 2627 aliorum
1320 2575 1472 2643 pedes
1498 2574 1689 2628 lavare.
1719 2573 1914 2629 Exem-

303 2667 459 2737 plum
483 2665 616 2719 enim
646 2664 762 2718 dedi
782 2664 916 2718 vobis
946 2674 1000 2718 ut
1024 2665 1155 2718 sicut
1185 2681 1274 2736 ego
1319 2665 1414 2736 feci
1460 2674 1506 2718 et
1557 2681 1643 2719 vos
1668 2666 1868 2736 faciatis
1886 2663 1915 2702 δ

207 2795 210 2800 -
308 2757 505 2829 (Joan.
551 2773 673 2822 xm,
707 2757 941 2825 14,15).
988 2758 1118 2813 ltem
1167 2757 1314 2812 Pauli
1357 2757 1584 2827 apostoli
1620 2756 1916 2812 documen-

309 2859 368 2904 ta
410 2857 682 2906 sectentur
709 2861 729 2887 ο
750 2891 766 2918 ,
796 2850 909 2920 qui,
940 2860 1061 2919 post
1097 2865 1368 2906 carcerem
1422 2865 1566 2920 scepe
1607 2850 1914 2918 repetitum,

308 2950 446 3013 post
474 2940 694 3012 ﬂagella,
724 2952 843 3012 post
871 2943 1088 3009 bestias,
1115 2943 1256 2998 circa
1283 2943 1463 2998 omnia
1483 2944 1626 2998 mitis
1648 2952 1703 2998 et
1733 2943 1912 2998 humi-

310 3033 386 3088 lis
415 3035 796 3101 perseveravit,
816 3048 916 3089 nec
936 3044 1054 3104 post
1085 3034 1298 3090 tertium
1321 3035 1516 3090 coelum
1538 3043 1592 3090 et
1613 3035 1916 3105 paradisum

313 3124 604 3197 quicquam
655 3125 755 3181 sibi
796 3125 1089 3183 insolenter
1128 3127 1420 3200 assumpsit
1463 3126 1651 3184 dicens
1693 3144 1706 3180 :
1741 3126 1921 3199 Neque

2015 1935 2111 1992 per
2151 1934 2438 1990 paucorum
2487 1933 2678 1986 pravos
2713 1926 2768 1972 et
2804 1917 2972 1971 malos
3020 1931 3202 1972 mores
3231 1915 3520 1972 multorum
3563 1929 3619 1972 ct

2015 2015 2276 2070 bonorum
2321 2010 2689 2067 confessorum
2757 2009 2928 2081 gloria
2998 2011 3222 2065 honesta
3278 2010 3616 2066 maculetur:

2013 2122 2148 2179 quos
2174 2105 2346 2160 vereri
2368 2103 2568 2160 debent
2591 2146 2606 2171 ,
2639 2119 2707 2158 ne
2735 2103 2972 2173 ipsorum
3005 2103 3311 2157 testimonio
3339 2112 3391 2158 et
3413 2102 3618 2172 judicio

2013 2201 2374 2265 condemnati,
2424 2200 2493 2254 ab
2530 2214 2717 2254 eorum
2769 2198 3028 2254 societate
3071 2199 3366 2267 privcntur.
3397 2197 3446 2252 ls
3471 2198 3616 2253 enim

2014 2292 2232 2348 demum
2258 2293 2532 2348 confessor
2563 2291 2602 2322 ιι
2639 2291 2858 2345 illustris
2885 2299 2939 2345 et
2967 2305 3126 2346 verus
3153 2298 3234 2346 est
3261 2291 3330 2346 de
3355 2306 3461 2360 quo
3478 2301 3623 2362 post-

2016 2384 2232 2440 modum
2250 2400 2356 2439 non
2388 2383 2655 2438 erubescit
2678 2382 2946 2448 Ecclesia,
2971 2382 3064 2438 sed
3093 2383 3370 2452 gloriatur.

2088 2476 2179 2532 IV.
2221 2475 2302 2531 Ad
2332 2475 2386 2530 id
2411 2491 2540 2531 vero
2561 2473 2702 2546 quod
2730 2475 3064 2544 scripserunt
3090 2475 3221 2528 mihi
3262 2477 3616 2548 coinpresby-

2019 2567 2120 2623 teri
2167 2566 2336 2623 nostri
2366 2567 2600 2620 Donatus
2644 2573 2700 2620 et
2742 2563 3088 2631 Fortunatus,
3130 2564 3367 2622 Novatus
3393 2577 3448 2622 et
3487 2568 3621 2624 Gor-

2019 2661 2171 2728 dius,
2226 2660 2376 2716 solus
2418 2658 2715 2714 rescribere
2769 2657 2897 2712 nihil
2955 2659 3120 2727 potui,
3172 2659 3384 2729 quando
3427 2677 3456 2715 a
3511 2663 3624 2731 pri-

2020 2753 2227 2808 mordio
2247 2753 2591 2824 episcopatus
2619 2749 2722 2805 mei
2759 2749 3038 2804 statuerim
3095 2750 3227 2804 nihil
3253 2752 3372 2807 sine
3397 2754 3622 2808 consilio

2019 2857 2200 2902 vestro
2214 2855 2269 2900 et
2304 2845 2422 2899 sine
2452 2857 2718 2900 consensu
2745 2843 2916 2914 plebis
2938 2859 3056 2900 mea
3087 2846 3331 2914 privatim
3359 2851 3621 2906 sententia

2020 2952 2230 3009 gerere.
2256 2935 2387 3001 Sed,
2409 2951 2530 2990 cum
2547 2935 2612 2990 ad
2643 2949 2740 2990 vos
2769 2950 2862 3004 per
2887 2935 2981 2990 Dei
3007 2937 3230 3006 gratiam
3251 2953 3469 3006 venero,
3497 2951 3624 2994 tunc

2021 3029 2088 3085 de
2116 3029 2180 3084 iis
2205 3042 2325 3100 qua:
2341 3027 2426 3082 vel
2452 3035 2601 3098 gesta
2618 3034 2746 3082 sunt
2764 3027 2850 3081 vel
2873 3026 3126 3096 gerenda,
3149 3027 3284 3082 sicut
3304 3028 3478 3084 honor
3507 3047 3618 3085 mu-

2023 3107 2164 3177 tuus'
2212 3117 2402 3190 poscit,
2465 3117 2521 3172 in
2569 3130 2856 3173 commune
2897 3116 3258 3174 tractabimus.
3311 3118 3450 3190 Opto
3505 3137 3620 3189 vos,

1552 3237 1936 3296 LECTIONES
1974 3229 2385 3293 VARIANTES.

384 3351 499 3418 θρι
519 3356 659 3418 qui...
687 3353 870 3405 lnerint
911 3356 1044 3406 Man.
1071 3355 1234 3408 Oxon.

383 3415 414 3455 ι)
432 3415 638 3467 Faciatis
667 3419 776 3466 aliis
797 3419 934 3470 Foss.
976 3418 1102 3470 Vict.
1129 3422 1263 3470 Man.

387 3483 410 3511 ε
437 3479 699 3530 Sectemos
723 3483 857 3530 Man.

385 3541 416 3583 (ἱ
440 3542 516 3592 Ab
539 3541 718 3607 aliquo,
745 3542 836 3593 sed
860 3543 994 3594 Man.

1926 3349 1974 3413 ρ
2071 3351 2096 3413 ς
2118 3342 2540 3413 grauabuntur...
2561 3340 2932 3394 humiliaverint
2954 3342 3081 3396 Bod.
3107 3345 3154 3396 1.

2075 3409 2096 3446 ί
2127 3409 2362 3458 Maturius
2389 3408 2509 3456 Ver.

2075 3474 2100 3513 ϐ
2125 3470 2352 3522 Salutare
2378 3476 2431 3520 et
2453 3468 2801 3520 exhortatione
2839 3476 2966 3520 Man.

1533 3625 1775 3684 STEPH.
1804 3621 2081 3682 BALUZII
2105 3617 2338 3676 NOTAE.

322 3746 414 3815 qui
445 3745 756 3800 inconcussa
783 3743 888 3800 ﬁde
911 3752 1118 3802 stantes
1137 3745 1252 3801 sive
1276 3745 1440 3802 fortes
1468 3744 1700 3812 fuerunt,
1721 3758 1908 3800 neces-

325 3819 483 3872 sitate
510 3817 774 3878 labantur,
806 3816 852 3870 si
880 3831 1067 3872 eorum
1093 3817 1392 3886 paupertati
1415 3833 1522 3872 non
1536 3817 1901 3871 subveniatur.

326 3886 531 3951 Cicero,
563 3888 654 3941 lib.
677 3903 734 3942 ιιι
760 3888 1126 3954 ριιωειίοηιιιιι
1146 3887 1567 3942 Tusculanarum
1598 3907 1611 3942 :
1640 3886 1741 3954 Qui
1763 3886 1911 3956 fortis

327 3969 420 4028 est,
461 3959 594 4012 idem
633 3958 796 4027 ﬁdens
845 3969 938 4014 est.
969 3960 1194 4024 Seneca,
1231 3959 1400 4028 Epist.
1444 3974 1623 4013 Lxxxv
1652 3975 1665 4010 :
1695 3957 1795 4024 Qui
1810 3960 1918 4026 for-

329 4027 392 4083 tis
412 4039 505 4095 cst,
536 4030 643 4083 sine
685 4031 861 4083 timore
898 4039 992 4084 est.
1022 4029 1231 4095 Cicero,
1280 4027 1379 4084 lib.
1427 4046 1443 4084 ι
1491 4028 1916 4084 Tusculanarum

326 4098 685 4171 Quaestionum
710 4118 723 4154 :
758 4099 964 4154 Fidenti
978 4101 1150 4155 animo
1170 4099 1757 4171 gradiatnradmortem.
1787 4097 1918 4171 Am-

326 4170 534 4225 mianus
555 4169 912 4239 Marcellinus,
943 4172 1032 4226 lib.
1056 4167 1190 4225 xvt':
1226 4171 1296 4225 lli
1321 4171 1476 4240 quieti
1509 4180 1555 4223 et
1575 4170 1711 4223 cauti
1733 4167 1916 4240 animi,

325 4241 408 4296 isti
423 4242 655 4309 ﬁdentes,
672 4241 1035 4365 grandissimis
1060 4242 1166 4296 illis
1196 4239 1497 4322 corporibus
1513 4242 1654 4309 freti;
1680 4247 1734 4294 et
1756 4239 1916 4308 paulo

326 4320 448 4365 post
475 4329 488 4364 :
516 4312 656 4365 Ouos
719 4329 932 4365 omanns
961 4313 1064 4365 iam
1089 4313 1299 4365 ﬁdenter
1316 4321 1510 4365 stravit.
1539 4309 1746 4365 llorat..
1779 4309 1815 4363 ι.
1835 4323 1912 4365 nl.

326 4320 488 4438 Epist;
516 4312 656 4380 Quos
672 4309 932 4368 Romanus
948 4313 1064 4382 jam
1085 4309 1299 4382 ﬁdenter
1316 4313 1510 4367 stravit.
1539 4309 1746 4376 llorat.,
1779 4309 1815 4363 l.
1835 4323 1912 4374 ιιι,

414 4421 426 4435 .
444 4401 477 4436 ι’)
507 4400 520 4435 ἒ

414 4400 520 4436 .0:

512 4474 692 4526 Fidens
709 4477 941 4540 juventus
962 4475 1160 4526 horrida
1187 4475 1418 4526 brachiis.

327 4561 528 4617 Seneca
546 4562 794 4630 tragicus,
815 4561 1040 4616 Hercule
1071 4561 1307 4617 furente:
1332 4562 1702 4630 Quemcumque
1726 4563 1909 4631 fortem

326 4632 529 4705 videris,
556 4632 792 4705 miserunt
815 4649 981 4702 neges.
1014 4632 1143 4705 Ipse
1160 4631 1459 4705 Cyprianus
1478 4637 1529 4705 in
1547 4631 1785 4705 Epistula
1812 4645 1904 4705 nu,

325 4706 395 4756 ad
422 4702 764 4774 Antonianum
783 4744 797 4768 ,
817 4718 936 4774 pag.
971 4705 1040 4758 72
1074 4719 1091 4757 :
1118 4702 1293 4757 Manet
1319 4720 1432 4757 vero
1457 4703 1718 4774 ﬁdentium
1757 4702 1911 4774 robur

324 4773 601 4845 imntobile,
630 4783 672 4845 et
697 4770 837 4844 apud
864 4770 1090 4829 timentes
1115 4785 1162 4827 et
1191 4770 1463 4845 diligentes
1484 4772 1634 4826 corde
1652 4782 1767 4845 toto
1801 4770 1911 4845 Do—

326 4844 524 4915 minum
549 4841 742 4915 stabilis
771 4855 816 4897 et
849 4845 993 4915 fortis
1032 4841 1313 4914 perseverat
1337 4845 1619 4915 integritas.
1652 4841 1818 4904 Idem,
1857 4843 1908 4915 in

325 4914 470 4986 libro
514 4915 578 4986 de
621 4913 952 4982 Mortalitate,
996 4913 1113 4986 pag.
1144 4915 1252 4971 2'52
1285 4937 1296 4971 :
1331 4913 1492 4968 Datur
1522 4915 1736 4986 velocius
1757 4913 1912 4986 tutela

325 4984 624 5053 ﬁdentibus,
682 4987 891 5054 perﬁdis
941 4983 1105 5054 pene.
1145 4986 1201 5040 In
1238 4988 1374 5041 libro
1419 4997 1594 5040 contra
1637 4983 1914 5037 Demetria-

327 5072 474 5120 mtm,
503 5071 624 5126 pag.
643 5055 771 5121 221,
790 5055 925 5110 Certi
954 5068 999 5111 et
1028 5057 1258 5126 ﬁdentes,
1284 5057 1390 5110 alio
1416 5072 1598 5110 sensu.
1624 5055 1748 5109 Istic
1766 5056 1910 5126 enim

326 5140 432 5198 vox
458 5125 666 5194 ﬁdentes
695 5126 956 5198 significat
985 5125 1079 5183 eus
1104 5128 1193 5198 qui
1224 5127 1499 5198 conﬁdunt
1530 5129 1580 5180 in
1606 5125 1914 5198 promissio-

325 5197 487 5252 nibus
513 5197 730 5252 Christi.
753 5197 1039 5268 Josephus,
1072 5195 1288 5253 in'libro
1312 5199 1373 5252 de
1403 5195 1629 5269 Imperio
1657 5195 1912 5269 Rationis,

327 5283 398 5322 ex
422 5269 858 5336 interpretatione
875 5269 1080 5323 Erasmi
1106 5286 1119 5321 :
1155 5269 1256 5336 Qui
1284 5268 1496 5336 sapiens
1514 5270 1682 5336 itaque
1705 5274 1752 5320 et
1801 5268 1915 5336 for-

330 5341 416 5399 tis,
442 5338 522 5390 Itic
551 5339 700 5393 totius
727 5339 961 5393 dominus
989 5349 1059 5393 est
1086 5340 1355 5409 passionis,
1384 5348 1556 5409 utpote
1582 5338 1667 5408 qui
1693 5338 1920 5409 benefa-

326 5410 542 5480 gitatam
564 5410 878 5480 praecogitat,
897 5419 942 5464 et
971 5405 1230 5480 acceptam
1273 5405 1462 5480 respuit
1513 5405 1780 5479 nusquam.
1814 5405 1920 5462 Eo-

326 5480 456 5550 dem
480 5480 582 5534 isto
613 5481 800 5534 ultimo
822 5495 983 5536 sensu
1009 5496 1110 5550 quo
1161 5495 1267 5536 vox
1297 5481 1505 5548 ﬁdentes
1544 5487 1850 5550 usurpatun
1888 5492 1918 5531 a

326 5549 619 5619 Cypriane,
678 5550 992 5605 Ammianus
1022 5547 1400 5617 Marcellinus,
1433 5553 1525 5605 lib.
1572 5547 1700 5613 xvii,
1746 5547 1916 5603 dixit:

326 5621 587 5692 Iiogaturi
614 5623 910 5693 suppliciter
932 5637 1126 5692 pacem,
1147 5622 1358 5690 ﬁdentes
1383 5621 1451 5676 ad
1481 5621 1728 5692 principis
1749 5633 1923 5674 venere

328 5702 675 5747 ιοηδυεειιιηι.

406 5709 816 5832 ἵξεῇεῗᾶἓνυηι.
869 5767 1038 5818 Antea
1091 5761 1363 5832 legebatur
1402 5763 1781 5834 Apostolorum.
1819 5759 1925 5816 Ve-

325 5849 476 5904 rum,
503 5837 629 5906 quia
679 5835 799 5888 libri
849 5835 1199 5903 manuscripti
1256 5843 1312 5888 et
1387 5847 1597 5892 veteres
1660 5833 1925 5891 editiones

619 5927 899 5994 ΡΔτιιοι..
945 5927 1072 6008 Νη
1089 5924 1150 5989 S.
1196 5924 1500 5990 CYPRIAN.

2011 3735 2213 3791 habent
2262 3727 2655 3801 discipulorum,
2703 3741 2811 3801 quo
2840 3725 3001 3782 etiam
3038 3726 3198 3782 modo
3238 3727 3494 3798 scriptum
3535 3742 3619 3790 cst

2010 3807 2063 3862 in
2097 3795 2702 3871 Evangelio’secundum
2727 3795 3010 3865 Joannem,
3044 3812 3145 3853 nos
3187 3814 3304 3856 eam
3329 3795 3612 3860 lectionem

2015 3878 2414 3932 revocavimus.

2094 3945 2265 3999 lll.—
2282 3937 2587 4015 Concubitus
2613 3937 2835 4015 illicitos.
2861 3935 3020 4015 infra,
3045 3937 3320 4015 Epist.'tv,
3353 3958 3471 4015 pag.
3497 3947 3566 4002 12
3594 3965 3609 4002 :

2023 4016 2184 4084 Turpi
2203 4023 2248 4068 et
2277 4010 2464 4085 infami
2488 4008 2769 4062 concubitu.
2793 4007 2939 4085 item;
2966 4007 3133 4085 Epist.
3160 4028 3287 4080 LXII,
3308 4007 3448 4085 pag."
3473 4019 3608 4075 105:

2020 4080 2402 4158 Conjacentium
2429 4081 2645 4158 duorum
2667 4080 2830 4158 turpis
2847 4089 2893 4134 et
2913 4083 3051 4158 [aula
3087 4080 3334 4140 dormitio'
3370 4080 3616 4156 quantum

2019 4151 2219 4213 sceleris
2248 4164 2295 4228 et
2325 4151 2550 4206 criminis
2578 4153 2877 4228 conﬁtetur.
2921 4151 3276 4228 HierOnytnus
3303 4159 3354 4210 in
3383 4151 3615 4228 epistola

2020 4230 2084 4284 de
2102 4225 2306 4282 vitando
2325 4230 2554 4293 suspecto
2568 4219 2908 4295 Contubernio
2923 4239 2945 4295 Δε
2970 4223 3050 4276 Ad
3065 4219 3454 4282 extremum/ioc
3473 4232 3609 4295 dico,

2019 4301 2156 4366 quod
2178 4299 2221 4353 si
2242 4298 2393 4351 etiam
2411 4296 2518 4348 haec
2537 4293 2840 4366 conscientia
2857 4293 3084 4366 criminis
3108 4298 3287 4350 vulnus
3315 4315 3414 4351 non
3442 4293 3612 4364 habet,

2023 4363 2170 4426 habet
2213 4378 2378 4423 tamen
2404 4369 2543 4436 fatua
2573 4363 3243 4436 ignominiam.Cassianus
3269 4367 3454 4421 Callet.
3496 4385 3610 4433 xxi,

2022 4456 2141 4508 cap.
2165 4441 2234 4496 55
2259 4457 2271 4492 :
2300 4433 2546 4491 Voluntas
2568 4433 2682 4503 ipsa
2700 4433 2973 4504 culpabilis
2992 4443 3086 4500 est,
3110 4445 3156 4489 et
3181 4439 3249 4508 ad
3273 4439 3611 4494 velocissimos

1942 4509 1996 4568 D
2022 4507 2390 4567 adulteriorum
2420 4515 2651 4576 raptatur
2675 4521 2909 4559 excessus
2936 4507 3247 4576 consuetudo
3272 4509 3562 4562 concubitus
3603 4555 3610 4562 .

2021 4584 2098 4639 De
2147 4575 2621 4638 contubernalibus
2672 4576 2990 4630 clericorum
3038 4575 3250 4630 feminis
3281 4578 3399 4631 vide
3441 4577 3611 4634 Notas

2016 4651 2307 4709 Frontonis
2339 4650 2516 4704 Ducmi
2547 4647 2600 4700 in
2634 4645 2850 4718 librum
2897 4646 3064 4718 sancti
3089 4644 3310 4718 Joannis
3339 4648 3608 4718 (λιιι-γωδ-

2017 4727 2146 4780 ιοιηὶ
2173 4724 2415 4778 adversus
2437 4735 2521 4774 eos
2557 4716 2644 4785 qui
2688 4715 3099 4770 subintroductns
3152 4715 3358 4783 habent,
3410 4715 3612 4775 Petavii

2015 4793 2508 4850 animadversiones
2533 4788 2600 4840 ad
2622 4785 2972 4856 Epiphaniam
3001 4795 3246 4856 agentem
3297 4789 3364 4844 de
3420 4789 3614 4846 luci-esi

2016 4853 2700 4922 Antidieomarianitarum',
2727 4853 3086 4908 etHenricum
3123 4854 3387 4913 Valesium
3420 4860 3470 4913 in
3501 4862 3614 4915 An-

2020 4934 2362 4991 nolationibus
2413 4929 2482 4984 ad
2513 4928 2707 4982 librum
2734 4939 2805 4978 vn
2837 4923 3080 4980 Historia:
3125 4926 3476 4985 ecclesiastica:
3503 4931 3610 4987 Eu-

2016 5000 2435 5079 sebii,cap._50-
2531 5075 2538 5079 Α
2657 5065 2702 5079 _,

2091 5065 2621 5132 Ινζ-Ἕονιιιηαωε,
2657 5065 2864 5122 Nomen
2896 5066 3049 5122 istius
3100 5066 3336 5127 hominis
3364 5071 3514 5128 deest
3554 5075 3608 5128 in

2019 5148 2251 5217 antiquis
2290 5139 2614 5217 editionibus
2641 5147 2695 5194 et
2725 5139 2777 5192 in
2829 5138 3098 5217 plerisque
3148 5141 3444 5217 c_odici_bus_
3466 5145 3608 5217 anti-

2020 5209 2564 5289 quisigExstattatuen
2588 5209 2639 5289 in
2668 5223 2776 5264 uno
2805 5223 2925 5289 tneo
2963 5210 3264 5289 optimolz'et
3315 5213 3379 5289 in
3405 5213 3616 5289 Gratia-

2022 5279 2362 5359 tiopolitano._
2387 5281 2716 5359 AManutiana
2733 5349 2767 5359 η
2792 5279 2979 5359 editio“
3030 5279 3231 5359 invertit
3253 5323 3267 5349 ,
3342 5282 3613 5341 Pamclius

2022 5348 2228 5415 monuit
2251 5353 2545 5412 desiderari
2575 5351 2627 5406 in
2649 5349 2834 5406 codice
2855 5348 3242 5420 Al‘lligemensi.

2097 5450 2346 5506 Novatus.
2374 5447 2444 5502 Et
2475 5444 2616 5501 istud
2664 5457 2877 5513 quoque
2926 5456 3121 5497 nomen
3172 5445 3512 5504 desideratur
3556 5450 3612 5505 in

2024 5523 2162 5579 libro
2210 5519 2468 5584 anensi,
2527 5514 2770 5588 quamvis
2826 5513 2941 5568 haec
2987 5515 3213 5582 epistola
3269 5519 3350 5574 bis
3425 5520 3482 5574 in
3548 5534 3616 5575 eo

2027 5593 2295 5662 descripta
2315 5591 2404 5646 sit.

2105 5684 2238 5755 Opto
2293 5698 2405 5738 vos.
2449 5679 2579 5755 Haec
2630 5675 2808 5733 omnia
2833 5675 3024 5755 desunt
3064 5677 3122 5755 in
3133 5679 3368 5755 antiquis
3388 5680 3549 5755 libris
3565 5689 3620 5736 ct

2028 5748 2372 5820 editionibus,
2397 5761 2448 5808 et
2465 5751 2606 5807 edita
2628 5755 2755 5804 sunt
2783 5748 3011 5820 primum
3046 5763 3076 5804 a
3102 5748 3356 5813 Manuiio.
3387 5751 3621 5810 Exstant

2029 5839 2208 5888 tamen
2237 5829 2288 5883 in
2316 5840 2438 5882 meo
2465 5833 2521 5887 et
2547 5823 2601 5879 in
2629 5819 3139 5892 Gratianopolitano.

3215 5957 3218 5961 -
3243 5915 3284 5986 8
