  <div class='ocr_page' id='page_1' title='image "/cluster/home/n/w/nwhite01/storage/ocr_20150623/4/hvd.32044048207708/125.png"; bbox 0 0 4250 6282; ppageno 0'>
   <div class='ocr_carea' id='block_1_1' title="bbox 545 334 653 399">
    <p class='ocr_par' dir='ltr' id='par_1_1' title="bbox 545 334 653 399">
     <span class='ocr_line' id='line_1_1' title="bbox 545 334 653 399; baseline -0.074 -1"><span class='ocrx_word' id='word_1_1' title='bbox 545 334 653 399; x_wconf 70' lang='lat'><strong>239</strong></span> 
     </span>
    </p>
   </div>
   <div class='ocr_carea' id='block_1_2' title="bbox 1938 324 2427 389">
    <p class='ocr_par' dir='ltr' id='par_1_2' title="bbox 1938 324 2427 389">
     <span class='ocr_line' id='line_1_2' title="bbox 1938 324 2427 389; baseline -0.02 0"><span class='ocrx_word' id='word_1_2' title='bbox 1938 327 2072 389; x_wconf 73' lang='lat' dir='ltr'><strong>l’lVl</strong></span> <span class='ocrx_word' id='word_1_3' title='bbox 2108 324 2427 385; x_wconf 76' lang='lat' dir='ltr'><strong>CYPlllANl</strong></span> 
     </span>
    </p>
   </div>
   <div class='ocr_carea' id='block_1_3' title="bbox 3741 323 3853 382">
    <p class='ocr_par' dir='ltr' id='par_1_3' title="bbox 3741 323 3853 382">
     <span class='ocr_line' id='line_1_3' title="bbox 3741 323 3853 382; baseline 0.009 -2"><span class='ocrx_word' id='word_1_4' title='bbox 3741 323 3853 382; x_wconf 68' lang='grc' dir='ltr'><strong>ειο</strong></span> 
     </span>
    </p>
   </div>
   <div class='ocr_carea' id='block_1_4' title="bbox 553 433 3849 517">
    <p class='ocr_par' dir='ltr' id='par_1_4' title="bbox 553 433 3849 517">
     <span class='ocr_line' id='line_1_4' title="bbox 553 433 3849 517; baseline -0.005 -12"><span class='ocrx_word' id='word_1_5' title='bbox 553 463 674 505; x_wconf 84' lang='lat' dir='ltr'><strong>cum</strong></span> <span class='ocrx_word' id='word_1_6' title='bbox 724 446 938 503; x_wconf 79' lang='lat' dir='ltr'><strong>feminis</strong></span> <span class='ocrx_word' id='word_1_7' title='bbox 988 444 1287 517; x_wconf 83' lang='lat' dir='ltr'><strong>promiscua</strong></span> <span class='ocrx_word' id='word_1_8' title='bbox 1337 452 1362 482; x_wconf 74' lang='grc' dir='ltr'><strong><em>ο</em></strong></span> <span class='ocrx_word' id='word_1_9' title='bbox 1410 443 1696 515; x_wconf 69' lang='lat' dir='ltr'><strong>iungentes</strong></span> <span class='ocrx_word' id='word_1_10' title='bbox 1722 482 1738 511; x_wconf 96' lang='lat'><strong>,</strong></span> <span class='ocrx_word' id='word_1_11' title='bbox 1768 439 2005 512; x_wconf 80' lang='lat' dir='ltr'><strong>quando,</strong></span> <span class='ocrx_word' id='word_1_12' title='bbox 2051 439 2151 496; x_wconf 89' lang='lat' dir='ltr'><strong>etsi</strong></span> <span class='ocrx_word' id='word_1_13' title='bbox 2177 439 2231 499; x_wconf 87' lang='lat' dir='ltr'><strong>A</strong></span> <span class='ocrx_word' id='word_1_14' title='bbox 2257 439 2344 507; x_wconf 89' lang='lat' dir='ltr'><strong>qui</strong></span> <span class='ocrx_word' id='word_1_15' title='bbox 2367 435 2611 492; x_wconf 87' lang='lat' dir='ltr'><strong>admirati</strong></span> <span class='ocrx_word' id='word_1_16' title='bbox 2641 434 2851 493; x_wconf 89' lang='lat' dir='ltr'><strong>fuerant</strong></span> <span class='ocrx_word' id='word_1_17' title='bbox 2879 435 3026 505; x_wconf 87' lang='lat' dir='ltr'><strong>prius</strong></span> <span class='ocrx_word' id='word_1_18' title='bbox 3052 434 3104 489; x_wconf 92' lang='lat' dir='ltr'><strong>in</strong></span> <span class='ocrx_word' id='word_1_19' title='bbox 3132 433 3414 490; x_wconf 88' lang='lat' dir='ltr'><strong>virtutibus</strong></span> <span class='ocrx_word' id='word_1_20' title='bbox 3437 433 3849 505; x_wconf 86' lang='lat' dir='ltr'><strong>gloriam,nuuc</strong></span> 
     </span>
    </p>
   </div>
   <div class='ocr_carea' id='block_1_5' title="bbox 555 532 2148 611">
    <p class='ocr_par' dir='ltr' id='par_1_5' title="bbox 555 532 2148 611">
     <span class='ocr_line' id='line_1_5' title="bbox 555 532 2148 611; baseline -0.005 -13"><span class='ocrx_word' id='word_1_21' title='bbox 555 552 801 611; x_wconf 65' lang='lat' dir='ltr'><strong>stuprum</strong></span> <span class='ocrx_word' id='word_1_22' title='bbox 831 538 1175 594; x_wconf 77' lang='lat' dir='ltr'><strong>conscientia:</strong></span> <span class='ocrx_word' id='word_1_23' title='bbox 1202 551 1386 593; x_wconf 87' lang='lat' dir='ltr'><strong>eorum</strong></span> <span class='ocrx_word' id='word_1_24' title='bbox 1412 535 1576 603; x_wconf 89' lang='lat' dir='ltr'><strong>desit,</strong></span> <span class='ocrx_word' id='word_1_25' title='bbox 1620 535 1719 591; x_wconf 85' lang='lat' dir='ltr'><strong>hoc</strong></span> <span class='ocrx_word' id='word_1_26' title='bbox 1779 535 1895 604; x_wconf 87' lang='lat' dir='ltr'><strong>ipso</strong></span> <span class='ocrx_word' id='word_1_27' title='bbox 1945 532 2148 605; x_wconf 89' lang='lat' dir='ltr'><strong>grande</strong></span> 
     </span>
    </p>
   </div>
   <div class='ocr_carea' id='block_1_6' title="bbox 554 626 2149 700">
    <p class='ocr_par' dir='ltr' id='par_1_6' title="bbox 554 626 2149 700">
     <span class='ocr_line' id='line_1_6' title="bbox 554 626 2149 700; baseline -0.003 -14"><span class='ocrx_word' id='word_1_28' title='bbox 554 632 759 688; x_wconf 87' lang='lat' dir='ltr'><strong>crimen</strong></span> <span class='ocrx_word' id='word_1_29' title='bbox 790 639 872 685; x_wconf 86' lang='lat' dir='ltr'><strong>est</strong></span> <span class='ocrx_word' id='word_1_30' title='bbox 894 628 1037 700; x_wconf 90' lang='lat' dir='ltr'><strong>quod</strong></span> <span class='ocrx_word' id='word_1_31' title='bbox 1076 628 1285 683; x_wconf 87' lang='lat' dir='ltr'><strong>illorqu</strong></span> <span class='ocrx_word' id='word_1_32' title='bbox 1315 626 1568 684; x_wconf 86' lang='lat' dir='ltr'><strong>seandalo</strong></span> <span class='ocrx_word' id='word_1_33' title='bbox 1591 627 1645 682; x_wconf 91' lang='lat' dir='ltr'><strong>in</strong></span> <span class='ocrx_word' id='word_1_34' title='bbox 1674 626 1906 682; x_wconf 91' lang='lat' dir='ltr'><strong>aliorum</strong></span> <span class='ocrx_word' id='word_1_35' title='bbox 1963 626 2149 682; x_wconf 89' lang='lat' dir='ltr'><strong>ruinas</strong></span> 
     </span>
    </p>
   </div>
   <div class='ocr_carea' id='block_1_7' title="bbox 555 720 2151 793">
    <p class='ocr_par' dir='ltr' id='par_1_7' title="bbox 555 720 2151 793">
     <span class='ocr_line' id='line_1_7' title="bbox 555 720 2151 793; baseline -0.004 -14"><span class='ocrx_word' id='word_1_36' title='bbox 555 723 799 793; x_wconf 85' lang='lat' dir='ltr'><strong>exempla</strong></span> <span class='ocrx_word' id='word_1_37' title='bbox 846 730 1136 778; x_wconf 88' lang='lat' dir='ltr'><strong>nascuntur</strong></span> <span class='ocrx_word' id='word_1_38' title='bbox 1164 721 1214 777; x_wconf 69' lang='grc' dir='ltr'><strong>ι).</strong></span> <span class='ocrx_word' id='word_1_39' title='bbox 1261 720 1646 779; x_wconf 90' lang='lat' dir='ltr'><strong>Contentiones</strong></span> <span class='ocrx_word' id='word_1_40' title='bbox 1669 737 1882 793; x_wconf 91' lang='lat' dir='ltr'><strong>quoque</strong></span> <span class='ocrx_word' id='word_1_41' title='bbox 1906 731 1959 777; x_wconf 89' lang='lat' dir='ltr'><strong>ct</strong></span> <span class='ocrx_word' id='word_1_42' title='bbox 1985 736 2151 775; x_wconf 72' lang='lat' dir='ltr'><strong>temu-</strong></span> 
     </span>
    </p>
   </div>
   <div class='ocr_carea' id='block_1_8' title="bbox 550 814 2149 886">
    <p class='ocr_par' dir='ltr' id='par_1_8' title="bbox 550 814 2149 886">
     <span class='ocr_line' id='line_1_8' title="bbox 550 814 2149 886; baseline -0.002 -15"><span class='ocrx_word' id='word_1_43' title='bbox 550 816 779 871; x_wconf 88' lang='lat' dir='ltr'><strong>latioues</strong></span> <span class='ocrx_word' id='word_1_44' title='bbox 808 814 947 869; x_wconf 89' lang='lat' dir='ltr'><strong>inter</strong></span> <span class='ocrx_word' id='word_1_45' title='bbox 973 829 1067 870; x_wconf 90' lang='lat' dir='ltr'><strong>vos</strong></span> <span class='ocrx_word' id='word_1_46' title='bbox 1116 815 1289 870; x_wconf 87' lang='lat' dir='ltr'><strong>nullas</strong></span> <span class='ocrx_word' id='word_1_47' title='bbox 1335 829 1455 871; x_wconf 91' lang='lat' dir='ltr'><strong>esse</strong></span> <span class='ocrx_word' id='word_1_48' title='bbox 1490 823 1747 886; x_wconf 91' lang='lat' dir='ltr'><strong>oportet,</strong></span> <span class='ocrx_word' id='word_1_49' title='bbox 1787 829 1913 870; x_wconf 93' lang='lat' dir='ltr'><strong>cum</strong></span> <span class='ocrx_word' id='word_1_50' title='bbox 1962 827 2149 884; x_wconf 90' lang='lat' dir='ltr'><strong>pacem</strong></span> 
     </span>
    </p>
   </div>
   <div class='ocr_carea' id='block_1_9' title="bbox 553 904 2151 977">
    <p class='ocr_par' dir='ltr' id='par_1_9' title="bbox 553 904 2151 977">
     <span class='ocr_line' id='line_1_9' title="bbox 553 904 2151 977; baseline -0.004 -12"><span class='ocrx_word' id='word_1_51' title='bbox 553 924 705 966; x_wconf 89' lang='lat' dir='ltr'><strong>suam</strong></span> <span class='ocrx_word' id='word_1_52' title='bbox 725 909 879 963; x_wconf 88' lang='lat' dir='ltr'><strong>nobis</strong></span> <span class='ocrx_word' id='word_1_53' title='bbox 903 907 1166 965; x_wconf 80' lang='lat' dir='ltr'><strong>dimiserit</strong></span> <span class='ocrx_word' id='word_1_54' title='bbox 1199 908 1478 972; x_wconf 82' lang='lat' dir='ltr'><strong>Dominus,</strong></span> <span class='ocrx_word' id='word_1_55' title='bbox 1508 917 1564 964; x_wconf 92' lang='lat' dir='ltr'><strong>et</strong></span> <span class='ocrx_word' id='word_1_56' title='bbox 1586 908 1843 977; x_wconf 89' lang='lat' dir='ltr'><strong>scriptum</strong></span> <span class='ocrx_word' id='word_1_57' title='bbox 1869 906 1938 961; x_wconf 92' lang='lat' dir='ltr'><strong>sit</strong></span> <span class='ocrx_word' id='word_1_58' title='bbox 1967 922 1981 958; x_wconf 90' lang='lat'><strong>:</strong></span> <span class='ocrx_word' id='word_1_59' title='bbox 2010 904 2151 959; x_wconf 85' lang='lat' dir='ltr'><strong>Dili-</strong></span> 
     </span>
    </p>
   </div>
   <div class='ocr_carea' id='block_1_10' title="bbox 553 999 2154 1073">
    <p class='ocr_par' dir='ltr' id='par_1_10' title="bbox 553 999 2154 1073">
     <span class='ocr_line' id='line_1_10' title="bbox 553 999 2154 1073; baseline -0.003 -16"><span class='ocrx_word' id='word_1_60' title='bbox 553 1020 642 1072; x_wconf 78' lang='lat' dir='ltr'><strong>ges</strong></span> <span class='ocrx_word' id='word_1_61' title='bbox 670 1002 957 1073; x_wconf 69' lang='lat' dir='ltr'><strong>proximum</strong></span> <span class='ocrx_word' id='word_1_62' title='bbox 989 1011 1128 1055; x_wconf 88' lang='lat' dir='ltr'><strong>tuum</strong></span> <span class='ocrx_word' id='word_1_63' title='bbox 1155 1011 1411 1071; x_wconf 75' lang='lat' dir='ltr'><strong>tamquam</strong></span> <span class='ocrx_word' id='word_1_64' title='bbox 1437 1011 1503 1057; x_wconf 88' lang='lat' dir='ltr'><strong>te.</strong></span> <span class='ocrx_word' id='word_1_65' title='bbox 1536 1000 1599 1057; x_wconf 89' lang='lat' dir='ltr'><strong>Si</strong></span> <span class='ocrx_word' id='word_1_66' title='bbox 1641 1010 1809 1055; x_wconf 82' lang='lat' dir='ltr'><strong>autem</strong></span> <span class='ocrx_word' id='word_1_67' title='bbox 1836 999 2076 1054; x_wconf 84' lang='lat' dir='ltr'><strong>mordetis</strong></span> <span class='ocrx_word' id='word_1_68' title='bbox 2104 1006 2154 1053; x_wconf 85' lang='lat' dir='ltr'><strong>et</strong></span> 
     </span>
    </p>
   </div>
   <div class='ocr_carea' id='block_1_11' title="bbox 556 1093 2157 1161">
    <p class='ocr_par' dir='ltr' id='par_1_11' title="bbox 556 1093 2157 1161">
     <span class='ocr_line' id='line_1_11' title="bbox 556 1093 2157 1161; baseline -0.004 -11"><span class='ocrx_word' id='word_1_69' title='bbox 556 1096 803 1150; x_wconf 85' lang='lat' dir='ltr'><strong>incusatis</strong></span> <span class='ocrx_word' id='word_1_70' title='bbox 830 1095 1043 1149; x_wconf 84' lang='lat' dir='ltr'><strong>invicem</strong></span> <span class='ocrx_word' id='word_1_71' title='bbox 1067 1134 1084 1161; x_wconf 91' lang='lat'><strong>,</strong></span> <span class='ocrx_word' id='word_1_72' title='bbox 1117 1095 1281 1150; x_wconf 79' lang='lat' dir='ltr'><strong>ridete</strong></span> <span class='ocrx_word' id='word_1_73' title='bbox 1318 1110 1382 1148; x_wconf 91' lang='lat' dir='ltr'><strong>ne</strong></span> <span class='ocrx_word' id='word_1_74' title='bbox 1427 1094 1796 1149; x_wconf 88' lang='lat' dir='ltr'><strong>consumamini</strong></span> <span class='ocrx_word' id='word_1_75' title='bbox 1846 1093 1910 1147; x_wconf 85' lang='lat' dir='ltr'><strong>ab</strong></span> <span class='ocrx_word' id='word_1_76' title='bbox 1946 1093 2157 1147; x_wconf 79' lang='lat' dir='ltr'><strong>invicem</strong></span> 
     </span>
    </p>
   </div>
   <div class='ocr_carea' id='block_1_12' title="bbox 558 1182 2153 1259">
    <p class='ocr_par' dir='ltr' id='par_1_12' title="bbox 558 1182 2153 1259">
     <span class='ocr_line' id='line_1_12' title="bbox 558 1182 2153 1259; baseline -0.001 -20"><span class='ocrx_word' id='word_1_77' title='bbox 558 1184 701 1259; x_wconf 83' lang='lat' dir='ltr'><strong>(Gal.</strong></span> <span class='ocrx_word' id='word_1_78' title='bbox 734 1201 789 1247; x_wconf 79' lang='grc' dir='ltr'><strong>ν,</strong></span> <span class='ocrx_word' id='word_1_79' title='bbox 828 1185 917 1251; x_wconf 75' lang='grc' dir='ltr'><strong>Μ,</strong></span> <span class='ocrx_word' id='word_1_80' title='bbox 949 1183 1041 1254; x_wconf 80' lang='grc'><strong>15)</strong></span> <span class='ocrx_word' id='word_1_81' title='bbox 1074 1201 1090 1241; x_wconf 76' lang='grc' dir='ltr'>ς</span> <span class='ocrx_word' id='word_1_82' title='bbox 1122 1184 1445 1239; x_wconf 87' lang='lat' dir='ltr'><strong>Aconviciis</strong></span> <span class='ocrx_word' id='word_1_83' title='bbox 1471 1184 1634 1240; x_wconf 90' lang='lat' dir='ltr'><strong>etiam</strong></span> <span class='ocrx_word' id='word_1_84' title='bbox 1680 1191 1735 1239; x_wconf 91' lang='lat' dir='ltr'><strong>et</strong></span> <span class='ocrx_word' id='word_1_85' title='bbox 1773 1182 2071 1240; x_wconf 78' lang='lat' dir='ltr'><strong>maledictis</strong></span> <span class='ocrx_word' id='word_1_86' title='bbox 2105 1192 2153 1248; x_wconf 77' lang='grc' dir='ltr'><strong>ο,</strong></span> 
     </span>
    </p>
   </div>
   <div class='ocr_carea' id='block_1_13' title="bbox 560 1273 2157 1347">
    <p class='ocr_par' dir='ltr' id='par_1_13' title="bbox 560 1273 2157 1347">
     <span class='ocr_line' id='line_1_13' title="bbox 560 1273 2157 1347; baseline -0.001 -16"><span class='ocrx_word' id='word_1_87' title='bbox 560 1291 745 1347; x_wconf 75' lang='lat' dir='ltr'><strong>qumso</strong></span> <span class='ocrx_word' id='word_1_88' title='bbox 770 1290 885 1342; x_wconf 88' lang='lat' dir='ltr'><strong>vos,</strong></span> <span class='ocrx_word' id='word_1_89' title='bbox 915 1276 1178 1331; x_wconf 80' lang='lat' dir='ltr'><strong>abSIiucte</strong></span> <span class='ocrx_word' id='word_1_90' title='bbox 1197 1317 1211 1341; x_wconf 98' lang='lat'><strong>,</strong></span> <span class='ocrx_word' id='word_1_91' title='bbox 1252 1276 1374 1346; x_wconf 86' lang='lat' dir='ltr'><strong>quia</strong></span> <span class='ocrx_word' id='word_1_92' title='bbox 1395 1292 1555 1346; x_wconf 85' lang='lat' dir='ltr'><strong>neque</strong></span> <span class='ocrx_word' id='word_1_93' title='bbox 1579 1276 1813 1331; x_wconf 76' lang='lat' dir='ltr'><strong>maledici</strong></span> <span class='ocrx_word' id='word_1_94' title='bbox 1838 1291 2047 1346; x_wconf 75' lang='lat' dir='ltr'><strong>regnum</strong></span> <span class='ocrx_word' id='word_1_95' title='bbox 2064 1273 2157 1329; x_wconf 85' lang='lat' dir='ltr'><strong>Dei</strong></span> 
     </span>
    </p>
   </div>
   <div class='ocr_carea' id='block_1_14' title="bbox 558 1365 2155 1438">
    <p class='ocr_par' dir='ltr' id='par_1_14' title="bbox 558 1365 2155 1438">
     <span class='ocr_line' id='line_1_14' title="bbox 558 1365 2155 1438; baseline -0.001 -15"><span class='ocrx_word' id='word_1_96' title='bbox 558 1375 934 1437; x_wconf 78' lang='lat' dir='ltr'><strong>consequuntur</strong></span> <span class='ocrx_word' id='word_1_97' title='bbox 957 1366 1009 1438; x_wconf 90' lang='grc'><strong>(1</strong></span> <span class='ocrx_word' id='word_1_98' title='bbox 1035 1365 1154 1421; x_wconf 86' lang='lat' dir='ltr'><strong>Cor.</strong></span> <span class='ocrx_word' id='word_1_99' title='bbox 1178 1381 1230 1422; x_wconf 72' lang='grc' dir='ltr'><strong>γι</strong></span> <span class='ocrx_word' id='word_1_100' title='bbox 1247 1409 1262 1432; x_wconf 89' lang='grc'><em>,</em></span> <span class='ocrx_word' id='word_1_101' title='bbox 1292 1367 1408 1434; x_wconf 77' lang='grc'><strong>10),</strong></span> <span class='ocrx_word' id='word_1_102' title='bbox 1438 1376 1493 1423; x_wconf 89' lang='lat' dir='ltr'><strong>et</strong></span> <span class='ocrx_word' id='word_1_103' title='bbox 1519 1368 1695 1438; x_wconf 83' lang='lat' dir='ltr'><strong>lingua</strong></span> <span class='ocrx_word' id='word_1_104' title='bbox 1736 1381 1856 1437; x_wconf 76' lang='lat' dir='ltr'><strong>qua:</strong></span> <span class='ocrx_word' id='word_1_105' title='bbox 1883 1365 2155 1425; x_wconf 74' lang='lat' dir='ltr'><strong>Christum</strong></span> 
     </span>
    </p>
   </div>
   <div class='ocr_carea' id='block_1_15' title="bbox 558 1457 2157 1528">
    <p class='ocr_par' dir='ltr' id='par_1_15' title="bbox 558 1457 2157 1528">
     <span class='ocr_line' id='line_1_15' title="bbox 558 1457 2157 1528; baseline -0.002 -14"><span class='ocrx_word' id='word_1_106' title='bbox 558 1457 805 1514; x_wconf 85' lang='lat' dir='ltr'><strong>confessa</strong></span> <span class='ocrx_word' id='word_1_107' title='bbox 837 1468 941 1522; x_wconf 78' lang='grc' dir='ltr'><strong>εει,</strong></span> <span class='ocrx_word' id='word_1_108' title='bbox 967 1457 1247 1513; x_wconf 91' lang='lat' dir='ltr'><strong>incolumis</strong></span> <span class='ocrx_word' id='word_1_109' title='bbox 1273 1467 1328 1513; x_wconf 90' lang='lat' dir='ltr'><strong>et</strong></span> <span class='ocrx_word' id='word_1_110' title='bbox 1358 1473 1489 1528; x_wconf 92' lang='lat' dir='ltr'><strong>pura</strong></span> <span class='ocrx_word' id='word_1_111' title='bbox 1505 1473 1626 1514; x_wconf 92' lang='lat' dir='ltr'><strong>cum</strong></span> <span class='ocrx_word' id='word_1_112' title='bbox 1654 1473 1752 1513; x_wconf 93' lang='lat' dir='ltr'><strong>suo</strong></span> <span class='ocrx_word' id='word_1_113' title='bbox 1782 1457 1992 1513; x_wconf 86' lang='lat' dir='ltr'><strong>honore</strong></span> <span class='ocrx_word' id='word_1_114' title='bbox 2043 1472 2157 1512; x_wconf 87' lang='lat' dir='ltr'><strong>ser-</strong></span> 
     </span>
    </p>
   </div>
   <div class='ocr_carea' id='block_1_16' title="bbox 556 1549 2157 1628">
    <p class='ocr_par' dir='ltr' id='par_1_16' title="bbox 556 1549 2157 1628">
     <span class='ocr_line' id='line_1_16' title="bbox 556 1549 2157 1628; baseline -0.001 -22"><span class='ocrx_word' id='word_1_115' title='bbox 556 1551 730 1628; x_wconf 78' lang='lat' dir='ltr'><strong>vanda</strong></span> <span class='ocrx_word' id='word_1_116' title='bbox 755 1559 875 1604; x_wconf 89' lang='lat' dir='ltr'><strong>cst:</strong></span> <span class='ocrx_word' id='word_1_117' title='bbox 914 1564 1036 1603; x_wconf 90' lang='lat' dir='ltr'><strong>nam</strong></span> <span class='ocrx_word' id='word_1_118' title='bbox 1066 1550 1155 1617; x_wconf 89' lang='lat' dir='ltr'><strong>qui</strong></span> <span class='ocrx_word' id='word_1_119' title='bbox 1188 1551 1405 1619; x_wconf 89' lang='lat' dir='ltr'><strong>pacilica</strong></span> <span class='ocrx_word' id='word_1_120' title='bbox 1436 1559 1491 1605; x_wconf 88' lang='lat' dir='ltr'><strong>et</strong></span> <span class='ocrx_word' id='word_1_121' title='bbox 1516 1550 1653 1605; x_wconf 91' lang='lat' dir='ltr'><strong>bona</strong></span> <span class='ocrx_word' id='word_1_122' title='bbox 1685 1559 1740 1605; x_wconf 94' lang='lat' dir='ltr'><strong>et</strong></span> <span class='ocrx_word' id='word_1_123' title='bbox 1763 1549 1927 1618; x_wconf 89' lang='lat' dir='ltr'><strong>justa,</strong></span> <span class='ocrx_word' id='word_1_124' title='bbox 1959 1564 2157 1605; x_wconf 91' lang='lat' dir='ltr'><strong>secun-</strong></span> 
     </span>
    </p>
   </div>
   <div class='ocr_carea' id='block_1_17' title="bbox 554 1640 2159 1713">
    <p class='ocr_par' dir='ltr' id='par_1_17' title="bbox 554 1640 2159 1713">
     <span class='ocr_line' id='line_1_17' title="bbox 554 1640 2159 1713; baseline -0.001 -15"><span class='ocrx_word' id='word_1_125' title='bbox 554 1644 681 1703; x_wconf 90' lang='lat' dir='ltr'><strong>dutu</strong></span> <span class='ocrx_word' id='word_1_126' title='bbox 728 1650 1051 1713; x_wconf 67' lang='lat' dir='ltr'><strong>princeptum</strong></span> <span class='ocrx_word' id='word_1_127' title='bbox 1076 1640 1299 1708; x_wconf 75' lang='lat' dir='ltr'><strong>Christi,</strong></span> <span class='ocrx_word' id='word_1_128' title='bbox 1332 1642 1588 1712; x_wconf 89' lang='lat' dir='ltr'><strong>loquitur,</strong></span> <span class='ocrx_word' id='word_1_129' title='bbox 1623 1640 1893 1696; x_wconf 85' lang='lat' dir='ltr'><strong>Christum</strong></span> <span class='ocrx_word' id='word_1_130' title='bbox 1919 1641 2159 1712; x_wconf 86' lang='lat' dir='ltr'><strong>quotidie</strong></span> 
     </span>
    </p>
   </div>
   <div class='ocr_carea' id='block_1_18' title="bbox 553 1730 2158 1803">
    <p class='ocr_par' dir='ltr' id='par_1_18' title="bbox 553 1730 2158 1803">
     <span class='ocr_line' id='line_1_18' title="bbox 553 1730 2158 1803; baseline -0.004 -8"><span class='ocrx_word' id='word_1_131' title='bbox 553 1739 859 1795; x_wconf 77' lang='lat' dir='ltr'><strong>confitetur.</strong></span> <span class='ocrx_word' id='word_1_132' title='bbox 888 1734 1096 1793; x_wconf 74' lang='lat' dir='ltr'><strong>Smculo</strong></span> <span class='ocrx_word' id='word_1_133' title='bbox 1140 1733 1636 1789; x_wconf 88' lang='lat' dir='ltr'><strong>renuutiaveramus</strong></span> <span class='ocrx_word' id='word_1_134' title='bbox 1682 1730 1709 1770; x_wconf 71' lang='grc'><strong>(1</strong></span> <span class='ocrx_word' id='word_1_135' title='bbox 1759 1748 1879 1789; x_wconf 91' lang='lat' dir='ltr'><strong>cum</strong></span> <span class='ocrx_word' id='word_1_136' title='bbox 1910 1733 2158 1803; x_wconf 87' lang='lat' dir='ltr'><strong>baptisati</strong></span> 
     </span>
    </p>
   </div>
   <div class='ocr_carea' id='block_1_19' title="bbox 2256 524 3849 598">
    <p class='ocr_par' dir='ltr' id='par_1_19' title="bbox 2256 524 3849 598">
     <span class='ocr_line' id='line_1_19' title="bbox 2256 524 3849 598; baseline 0 -14"><span class='ocrx_word' id='word_1_137' title='bbox 2256 532 2298 564; x_wconf 77' lang='grc'><strong>³³</strong></span> <span class='ocrx_word' id='word_1_138' title='bbox 2327 530 2659 586; x_wconf 78' lang='lat' dir='ltr'><strong>admirentur</strong></span> <span class='ocrx_word' id='word_1_139' title='bbox 2682 529 2733 584; x_wconf 93' lang='lat' dir='ltr'><strong>iu</strong></span> <span class='ocrx_word' id='word_1_140' title='bbox 2765 529 3003 585; x_wconf 86' lang='lat' dir='ltr'><strong>moribus</strong></span> <span class='ocrx_word' id='word_1_141' title='bbox 3043 528 3403 596; x_wconf 78' lang='lat' dir='ltr'><strong>disciplinam.</strong></span> <span class='ocrx_word' id='word_1_142' title='bbox 3433 527 3495 582; x_wconf 80' lang='lat' dir='ltr'><strong>Et</strong></span> <span class='ocrx_word' id='word_1_143' title='bbox 3524 524 3849 598; x_wconf 87' lang='lat' dir='ltr'><strong>quamquam</strong></span> 
     </span>
    </p>
   </div>
   <div class='ocr_carea' id='block_1_20' title="bbox 2251 620 3852 691">
    <p class='ocr_par' dir='ltr' id='par_1_20' title="bbox 2251 620 3852 691">
     <span class='ocr_line' id='line_1_20' title="bbox 2251 620 3852 691; baseline -0.001 -11"><span class='ocrx_word' id='word_1_144' title='bbox 2251 625 2397 680; x_wconf 89' lang='lat' dir='ltr'><strong>clero</strong></span> <span class='ocrx_word' id='word_1_145' title='bbox 2426 633 2631 688; x_wconf 90' lang='lat' dir='ltr'><strong>nostro,</strong></span> <span class='ocrx_word' id='word_1_146' title='bbox 2665 631 2720 679; x_wconf 92' lang='lat' dir='ltr'><strong>et</strong></span> <span class='ocrx_word' id='word_1_147' title='bbox 2767 636 2937 691; x_wconf 87' lang='lat' dir='ltr'><strong>nuper</strong></span> <span class='ocrx_word' id='word_1_148' title='bbox 2980 637 3102 677; x_wconf 91' lang='lat' dir='ltr'><strong>cum</strong></span> <span class='ocrx_word' id='word_1_149' title='bbox 3149 620 3323 676; x_wconf 89' lang='lat' dir='ltr'><strong>adhuc</strong></span> <span class='ocrx_word' id='word_1_150' title='bbox 3347 623 3539 676; x_wconf 81' lang='lat' dir='ltr'><strong>essetis</strong></span> <span class='ocrx_word' id='word_1_151' title='bbox 3561 621 3613 676; x_wconf 94' lang='lat' dir='ltr'><strong>in</strong></span> <span class='ocrx_word' id='word_1_152' title='bbox 3634 635 3852 678; x_wconf 87' lang='lat' dir='ltr'><strong>carcere</strong></span> 
     </span>
    </p>
   </div>
   <div class='ocr_carea' id='block_1_21' title="bbox 2253 714 3851 785">
    <p class='ocr_par' dir='ltr' id='par_1_21' title="bbox 2253 714 3851 785">
     <span class='ocr_line' id='line_1_21' title="bbox 2253 714 3851 785; baseline -0.004 -12"><span class='ocrx_word' id='word_1_153' title='bbox 2253 717 2550 784; x_wconf 85' lang='lat' dir='ltr'><strong>constituti,</strong></span> <span class='ocrx_word' id='word_1_154' title='bbox 2582 715 2675 771; x_wconf 89' lang='lat' dir='ltr'><strong>sed</strong></span> <span class='ocrx_word' id='word_1_155' title='bbox 2705 731 2845 771; x_wconf 91' lang='lat' dir='ltr'><strong>nunc</strong></span> <span class='ocrx_word' id='word_1_156' title='bbox 2866 729 3080 785; x_wconf 89' lang='lat' dir='ltr'><strong>quoque</strong></span> <span class='ocrx_word' id='word_1_157' title='bbox 3105 714 3305 780; x_wconf 88' lang='lat' dir='ltr'><strong>denuo,</strong></span> <span class='ocrx_word' id='word_1_158' title='bbox 3339 714 3651 785; x_wconf 87' lang='lat' dir='ltr'><strong>plenissime</strong></span> <span class='ocrx_word' id='word_1_159' title='bbox 3677 716 3851 785; x_wconf 79' lang='lat' dir='ltr'><strong>scrip-</strong></span> 
     </span>
    </p>
   </div>
   <div class='ocr_carea' id='block_1_22' title="bbox 2253 806 3851 878">
    <p class='ocr_par' dir='ltr' id='par_1_22' title="bbox 2253 806 3851 878">
     <span class='ocr_line' id='line_1_22' title="bbox 2253 806 3851 878; baseline -0.001 -14"><span class='ocrx_word' id='word_1_160' title='bbox 2253 809 2414 864; x_wconf 85' lang='lat' dir='ltr'><strong>serim</strong></span> <span class='ocrx_word' id='word_1_161' title='bbox 2438 816 2518 874; x_wconf 90' lang='lat' dir='ltr'><strong>ut,</strong></span> <span class='ocrx_word' id='word_1_162' title='bbox 2543 809 2587 863; x_wconf 88' lang='lat' dir='ltr'><strong>si</strong></span> <span class='ocrx_word' id='word_1_163' title='bbox 2610 808 2736 878; x_wconf 87' lang='lat' dir='ltr'><strong>quid</strong></span> <span class='ocrx_word' id='word_1_164' title='bbox 2754 807 2838 863; x_wconf 90' lang='lat' dir='ltr'><strong>vel</strong></span> <span class='ocrx_word' id='word_1_165' title='bbox 2853 807 2920 862; x_wconf 89' lang='lat' dir='ltr'><strong>ad</strong></span> <span class='ocrx_word' id='word_1_166' title='bbox 2935 807 3182 862; x_wconf 86' lang='lat' dir='ltr'><strong>vestitum</strong></span> <span class='ocrx_word' id='word_1_167' title='bbox 3204 815 3441 861; x_wconf 84' lang='lat' dir='ltr'><strong>vestrum</strong></span> <span class='ocrx_word' id='word_1_168' title='bbox 3465 806 3550 860; x_wconf 90' lang='lat' dir='ltr'><strong>vel</strong></span> <span class='ocrx_word' id='word_1_169' title='bbox 3572 806 3637 860; x_wconf 88' lang='lat' dir='ltr'><strong>ad</strong></span> <span class='ocrx_word' id='word_1_170' title='bbox 3655 807 3851 862; x_wconf 85' lang='lat' dir='ltr'><strong>victum</strong></span> 
     </span>
    </p>
   </div>
   <div class='ocr_carea' id='block_1_23' title="bbox 2254 898 3852 969">
    <p class='ocr_par' dir='ltr' id='par_1_23' title="bbox 2254 898 3852 969">
     <span class='ocr_line' id='line_1_23' title="bbox 2254 898 3852 969; baseline -0.001 -15"><span class='ocrx_word' id='word_1_171' title='bbox 2254 900 2619 954; x_wconf 88' lang='lat' dir='ltr'><strong>necessarium</strong></span> <span class='ocrx_word' id='word_1_172' title='bbox 2650 898 2827 965; x_wconf 86' lang='lat' dir='ltr'><strong>fuerit,</strong></span> <span class='ocrx_word' id='word_1_173' title='bbox 2859 908 3193 969; x_wconf 74' lang='lat' dir='ltr'><strong>suggeratur.</strong></span> <span class='ocrx_word' id='word_1_174' title='bbox 3227 908 3404 954; x_wconf 89' lang='lat' dir='ltr'><strong>tamen</strong></span> <span class='ocrx_word' id='word_1_175' title='bbox 3433 899 3594 953; x_wconf 91' lang='lat' dir='ltr'><strong>etiam</strong></span> <span class='ocrx_word' id='word_1_176' title='bbox 3623 899 3736 969; x_wconf 89' lang='lat' dir='ltr'><strong>ipse</strong></span> <span class='ocrx_word' id='word_1_177' title='bbox 3784 898 3852 953; x_wconf 91' lang='lat' dir='ltr'><strong>de</strong></span> 
     </span>
    </p>
   </div>
   <div class='ocr_carea' id='block_1_24' title="bbox 2254 987 3852 1059">
    <p class='ocr_par' dir='ltr' id='par_1_24' title="bbox 2254 987 3852 1059">
     <span class='ocr_line' id='line_1_24' title="bbox 2254 987 3852 1059; baseline -0.001 -15"><span class='ocrx_word' id='word_1_178' title='bbox 2254 988 2587 1058; x_wconf 86' lang='lat' dir='ltr'><strong>sumpticulis</strong></span> <span class='ocrx_word' id='word_1_179' title='bbox 2639 989 2871 1059; x_wconf 89' lang='lat' dir='ltr'><strong>propriis</strong></span> <span class='ocrx_word' id='word_1_180' title='bbox 2931 1003 3067 1059; x_wconf 87' lang='lat' dir='ltr'><strong>quos</strong></span> <span class='ocrx_word' id='word_1_181' title='bbox 3140 1002 3350 1044; x_wconf 88' lang='lat' dir='ltr'><strong>mecum</strong></span> <span class='ocrx_word' id='word_1_182' title='bbox 3423 987 3660 1043; x_wconf 82' lang='lat' dir='ltr'><strong>ferebam</strong></span> <span class='ocrx_word' id='word_1_183' title='bbox 3728 988 3852 1044; x_wconf 69' lang='lat' dir='ltr'><strong>misi</strong></span> 
     </span>
    </p>
   </div>
   <div class='ocr_carea' id='block_1_25' title="bbox 2202 1079 3855 1150">
    <p class='ocr_par' dir='ltr' id='par_1_25' title="bbox 2202 1079 3855 1150">
     <span class='ocr_line' id='line_1_25' title="bbox 2202 1079 3855 1150; baseline 0.002 -18"><span class='ocrx_word' id='word_1_184' title='bbox 2202 1085 2212 1097; x_wconf 91' lang='lat'><strong><em>&#39;</em></strong></span> <span class='ocrx_word' id='word_1_185' title='bbox 2255 1079 2407 1135; x_wconf 87' lang='lat' dir='ltr'><strong>vobis</strong></span> <span class='ocrx_word' id='word_1_186' title='bbox 2435 1095 2554 1145; x_wconf 73' lang='grc' dir='ltr'><strong>σοι,</strong></span> <span class='ocrx_word' id='word_1_187' title='bbox 2587 1079 2680 1135; x_wconf 88' lang='lat' dir='ltr'><strong>sed</strong></span> <span class='ocrx_word' id='word_1_188' title='bbox 2729 1089 2781 1135; x_wconf 91' lang='lat' dir='ltr'><strong>et</strong></span> <span class='ocrx_word' id='word_1_189' title='bbox 2827 1079 2931 1134; x_wconf 91' lang='lat' dir='ltr'><strong>alia</strong></span> <span class='ocrx_word' id='word_1_190' title='bbox 2978 1094 3077 1135; x_wconf 86' lang='lat' dir='ltr'><strong>CCL</strong></span> <span class='ocrx_word' id='word_1_191' title='bbox 3122 1081 3366 1150; x_wconf 76' lang='lat' dir='ltr'><strong>proxime</strong></span> <span class='ocrx_word' id='word_1_192' title='bbox 3413 1080 3684 1135; x_wconf 90' lang='lat' dir='ltr'><strong>miseram.</strong></span> <span class='ocrx_word' id='word_1_193' title='bbox 3730 1080 3855 1137; x_wconf 75' lang='lat' dir='ltr'><strong>Vic-</strong></span> 
     </span>
    </p>
   </div>
   <div class='ocr_carea' id='block_1_26' title="bbox 2259 1171 3853 1243">
    <p class='ocr_par' dir='ltr' id='par_1_26' title="bbox 2259 1171 3853 1243">
     <span class='ocr_line' id='line_1_26' title="bbox 2259 1171 3853 1243; baseline -0.001 -16"><span class='ocrx_word' id='word_1_194' title='bbox 2259 1182 2344 1228; x_wconf 87' lang='lat' dir='ltr'><strong>tor</strong></span> <span class='ocrx_word' id='word_1_195' title='bbox 2367 1187 2579 1242; x_wconf 87' lang='lat' dir='ltr'><strong>quoque</strong></span> <span class='ocrx_word' id='word_1_196' title='bbox 2599 1187 2664 1227; x_wconf 77' lang='lat' dir='ltr'><strong>ex</strong></span> <span class='ocrx_word' id='word_1_197' title='bbox 2686 1172 2887 1228; x_wconf 87' lang='lat' dir='ltr'><strong>lectore</strong></span> <span class='ocrx_word' id='word_1_198' title='bbox 2914 1171 3190 1238; x_wconf 86' lang='lat' dir='ltr'><strong>diaconus,</strong></span> <span class='ocrx_word' id='word_1_199' title='bbox 3219 1172 3308 1243; x_wconf 91' lang='lat' dir='ltr'><strong>qui</strong></span> <span class='ocrx_word' id='word_1_200' title='bbox 3354 1187 3562 1228; x_wconf 88' lang='lat' dir='ltr'><strong>mecum</strong></span> <span class='ocrx_word' id='word_1_201' title='bbox 3592 1180 3695 1239; x_wconf 93' lang='lat' dir='ltr'><strong>est,</strong></span> <span class='ocrx_word' id='word_1_202' title='bbox 3746 1172 3853 1227; x_wconf 80' lang='lat' dir='ltr'><strong>mi-</strong></span> 
     </span>
    </p>
   </div>
   <div class='ocr_carea' id='block_1_27' title="bbox 2257 1264 3854 1337">
    <p class='ocr_par' dir='ltr' id='par_1_27' title="bbox 2257 1264 3854 1337">
     <span class='ocr_line' id='line_1_27' title="bbox 2257 1264 3854 1337; baseline 0.002 -17"><span class='ocrx_word' id='word_1_203' title='bbox 2257 1264 2528 1320; x_wconf 82' lang='lat' dir='ltr'><strong>sitvobis</strong></span> <span class='ocrx_word' id='word_1_204' title='bbox 2566 1280 2774 1329; x_wconf 65' lang='lat' dir='ltr'><strong>ccxxv.</strong></span> <span class='ocrx_word' id='word_1_205' title='bbox 2817 1264 3039 1321; x_wconf 87' lang='lat' dir='ltr'><strong>Gaudeo</strong></span> <span class='ocrx_word' id='word_1_206' title='bbox 3089 1276 3267 1322; x_wconf 89' lang='lat' dir='ltr'><strong>autem</strong></span> <span class='ocrx_word' id='word_1_207' title='bbox 3318 1267 3533 1337; x_wconf 85' lang='lat' dir='ltr'><strong>quando</strong></span> <span class='ocrx_word' id='word_1_208' title='bbox 3584 1281 3854 1337; x_wconf 82' lang='lat' dir='ltr'><strong>cognosco</strong></span> 
     </span>
    </p>
   </div>
   <div class='ocr_carea' id='block_1_28' title="bbox 2259 1359 3851 1430">
    <p class='ocr_par' dir='ltr' id='par_1_28' title="bbox 2259 1359 3851 1430">
     <span class='ocr_line' id='line_1_28' title="bbox 2259 1359 3851 1430; baseline 0.001 -16"><span class='ocrx_word' id='word_1_209' title='bbox 2259 1359 2516 1430; x_wconf 88' lang='lat' dir='ltr'><strong>plurimos</strong></span> <span class='ocrx_word' id='word_1_210' title='bbox 2537 1359 2730 1416; x_wconf 78' lang='lat' dir='ltr'><strong>fratres</strong></span> <span class='ocrx_word' id='word_1_211' title='bbox 2759 1369 2974 1415; x_wconf 90' lang='lat' dir='ltr'><strong>nostros</strong></span> <span class='ocrx_word' id='word_1_212' title='bbox 3002 1374 3096 1429; x_wconf 90' lang='lat' dir='ltr'><strong>pro</strong></span> <span class='ocrx_word' id='word_1_213' title='bbox 3124 1375 3219 1415; x_wconf 89' lang='lat' dir='ltr'><strong>sua</strong></span> <span class='ocrx_word' id='word_1_214' title='bbox 3269 1359 3557 1417; x_wconf 87' lang='lat' dir='ltr'><strong>dilectione</strong></span> <span class='ocrx_word' id='word_1_215' title='bbox 3601 1362 3851 1417; x_wconf 89' lang='lat' dir='ltr'><strong>certatim</strong></span> 
     </span>
    </p>
   </div>
   <div class='ocr_carea' id='block_1_29' title="bbox 2257 1451 3853 1509">
    <p class='ocr_par' dir='ltr' id='par_1_29' title="bbox 2257 1451 3853 1509">
     <span class='ocr_line' id='line_1_29' title="bbox 2257 1451 3853 1509; baseline 0.001 -3"><span class='ocrx_word' id='word_1_216' title='bbox 2257 1467 2584 1508; x_wconf 90' lang='lat' dir='ltr'><strong>concurrere</strong></span> <span class='ocrx_word' id='word_1_217' title='bbox 2611 1464 2665 1508; x_wconf 89' lang='lat' dir='ltr'><strong>et</strong></span> <span class='ocrx_word' id='word_1_218' title='bbox 2715 1452 3069 1509; x_wconf 84' lang='lat' dir='ltr'><strong>necessitates</strong></span> <span class='ocrx_word' id='word_1_219' title='bbox 3095 1461 3304 1508; x_wconf 89' lang='lat' dir='ltr'><strong>vestras</strong></span> <span class='ocrx_word' id='word_1_220' title='bbox 3334 1454 3445 1508; x_wconf 92' lang='lat' dir='ltr'><strong>suis</strong></span> <span class='ocrx_word' id='word_1_221' title='bbox 3472 1451 3853 1508; x_wconf 84' lang='lat' dir='ltr'><strong>collationibus</strong></span> 
     </span>
    </p>
   </div>
   <div class='ocr_carea' id='block_1_30' title="bbox 2258 1544 3852 1618">
    <p class='ocr_par' dir='ltr' id='par_1_30' title="bbox 2258 1544 3852 1618">
     <span class='ocr_line' id='line_1_30' title="bbox 2258 1544 3852 1618; baseline 0.004 -20"><span class='ocrx_word' id='word_1_222' title='bbox 2258 1544 2528 1613; x_wconf 82' lang='lat' dir='ltr'><strong>adjuvare.</strong></span> <span class='ocrx_word' id='word_1_223' title='bbox 2568 1545 2705 1615; x_wconf 91' lang='lat' dir='ltr'><strong>Opto</strong></span> <span class='ocrx_word' id='word_1_224' title='bbox 2736 1562 2850 1608; x_wconf 86' lang='lat' dir='ltr'><strong>vos,</strong></span> <span class='ocrx_word' id='word_1_225' title='bbox 2889 1545 3079 1603; x_wconf 80' lang='lat' dir='ltr'><strong>fratres</strong></span> <span class='ocrx_word' id='word_1_226' title='bbox 3107 1545 3431 1613; x_wconf 88' lang='lat' dir='ltr'><strong>eharissimi,</strong></span> <span class='ocrx_word' id='word_1_227' title='bbox 3464 1546 3695 1618; x_wconf 58' lang='lat' dir='ltr'><strong>semper</strong></span> <span class='ocrx_word' id='word_1_228' title='bbox 3714 1546 3852 1605; x_wconf 85' lang='lat' dir='ltr'><strong>beuo</strong></span> 
     </span>
    </p>
   </div>
   <div class='ocr_carea' id='block_1_31' title="bbox 2260 1630 3079 1694">
    <p class='ocr_par' dir='ltr' id='par_1_31' title="bbox 2260 1630 3079 1694">
     <span class='ocr_line' id='line_1_31' title="bbox 2260 1630 3079 1694; baseline 0 -3"><span class='ocrx_word' id='word_1_229' title='bbox 2260 1630 2440 1694; x_wconf 82' lang='lat' dir='ltr'><strong>valere</strong></span> <span class='ocrx_word' id='word_1_230' title='bbox 2467 1648 2522 1693; x_wconf 92' lang='lat' dir='ltr'><strong>et</strong></span> <span class='ocrx_word' id='word_1_231' title='bbox 2548 1638 2719 1694; x_wconf 87' lang='lat' dir='ltr'><strong>nostri</strong></span> <span class='ocrx_word' id='word_1_232' title='bbox 2749 1638 3079 1694; x_wconf 90' lang='lat' dir='ltr'><strong>meminisse.</strong></span> 
     </span>
    </p>
   </div>
   <div class='ocr_carea' id='block_1_32' title="bbox 2811 1731 3290 1787">
    <p class='ocr_par' dir='ltr' id='par_1_32' title="bbox 2811 1731 3290 1787">
     <span class='ocr_line' id='line_1_32' title="bbox 2811 1731 3290 1787; baseline 0.004 -2"><span class='ocrx_word' id='word_1_233' title='bbox 2811 1731 3140 1787; x_wconf 83' lang='lat' dir='ltr'><strong>EPISTOLA</strong></span> <span class='ocrx_word' id='word_1_234' title='bbox 3184 1731 3290 1787; x_wconf 86' lang='lat' dir='ltr'><strong>Vll.</strong></span> 
     </span>
    </p>
   </div>
   <div class='ocr_carea' id='block_1_33' title="bbox 548 1823 2151 1910">
    <p class='ocr_par' dir='ltr' id='par_1_33' title="bbox 548 1823 2142 1893">
     <span class='ocr_line' id='line_1_33' title="bbox 548 1823 2142 1893; baseline -0.001 -11"><span class='ocrx_word' id='word_1_235' title='bbox 548 1843 758 1882; x_wconf 86' lang='lat' dir='ltr'><strong>sumus.</strong></span> <span class='ocrx_word' id='word_1_236' title='bbox 783 1824 888 1881; x_wconf 86' lang='lat' dir='ltr'><strong>Sed</strong></span> <span class='ocrx_word' id='word_1_237' title='bbox 918 1838 1060 1878; x_wconf 89' lang='lat' dir='ltr'><strong>nunc</strong></span> <span class='ocrx_word' id='word_1_238' title='bbox 1089 1838 1215 1878; x_wconf 86' lang='lat' dir='ltr'><strong>vere</strong></span> <span class='ocrx_word' id='word_1_239' title='bbox 1242 1824 1664 1878; x_wconf 85' lang='lat' dir='ltr'><strong>renuutiavimus</strong></span> <span class='ocrx_word' id='word_1_240' title='bbox 1692 1823 1891 1879; x_wconf 58' lang='lat' dir='ltr'><strong>sarculo</strong></span> <span class='ocrx_word' id='word_1_241' title='bbox 1926 1823 2142 1893; x_wconf 90' lang='lat' dir='ltr'><strong>quando</strong></span> 
     </span>
    </p>
   </div>
   <div class='ocr_carea' id='block_1_34' title="bbox 2250 1823 3851 1910">
    <p class='ocr_par' dir='ltr' id='par_1_34' title="bbox 2250 1836 3851 1910">
     <span class='ocr_line' id='line_1_34' title="bbox 2250 1836 3851 1910; baseline 0.002 -17"><span class='ocrx_word' id='word_1_242' title='bbox 2250 1836 2506 1904; x_wconf 62' lang='lat' dir='ltr'><strong>(Erasuu,</strong></span> <span class='ocrx_word' id='word_1_243' title='bbox 2544 1856 2609 1903; x_wconf 85' lang='lat' dir='ltr'><strong>tv,</strong></span> <span class='ocrx_word' id='word_1_244' title='bbox 2635 1841 2699 1905; x_wconf 54' lang='grc' dir='ltr'><strong>ἐς</strong></span> <span class='ocrx_word' id='word_1_245' title='bbox 2726 1841 3081 1910; x_wconf 62' lang='lat' dir='ltr'><strong>lfamel.,_vut:</strong></span> <span class='ocrx_word' id='word_1_246' title='bbox 3107 1842 3304 1910; x_wconf 79' lang='lat' dir='ltr'><strong>Oxon.,</strong></span> <span class='ocrx_word' id='word_1_247' title='bbox 3342 1844 3473 1908; x_wconf 86' lang='lat' dir='ltr'><strong>Lips.</strong></span> <span class='ocrx_word' id='word_1_248' title='bbox 3516 1858 3601 1909; x_wconf 77' lang='lat' dir='ltr'><strong>XI;</strong></span> <span class='ocrx_word' id='word_1_249' title='bbox 3646 1843 3851 1910; x_wconf 82' lang='lat' dir='ltr'><strong>Rigalt.,</strong></span> 
     </span>
    </p>
   </div>
   <div class='ocr_carea' id='block_1_35' title="bbox 550 1914 2153 1986">
    <p class='ocr_par' dir='ltr' id='par_1_35' title="bbox 550 1914 2153 1986">
     <span class='ocr_line' id='line_1_35' title="bbox 550 1914 2153 1986; baseline -0.002 -13"><span class='ocrx_word' id='word_1_250' title='bbox 550 1918 737 1974; x_wconf 86' lang='lat' dir='ltr'><strong>tentati</strong></span> <span class='ocrx_word' id='word_1_251' title='bbox 757 1924 812 1971; x_wconf 90' lang='lat' dir='ltr'><strong>ct</strong></span> <span class='ocrx_word' id='word_1_252' title='bbox 840 1914 1043 1986; x_wconf 91' lang='lat' dir='ltr'><strong>probati</strong></span> <span class='ocrx_word' id='word_1_253' title='bbox 1078 1929 1107 1967; x_wconf 92' lang='lat' dir='ltr'><strong>a</strong></span> <span class='ocrx_word' id='word_1_254' title='bbox 1150 1914 1283 1979; x_wconf 93' lang='lat' dir='ltr'><strong>Deo,</strong></span> <span class='ocrx_word' id='word_1_255' title='bbox 1333 1924 1514 1969; x_wconf 89' lang='lat' dir='ltr'><strong>nostra</strong></span> <span class='ocrx_word' id='word_1_256' title='bbox 1555 1914 1735 1970; x_wconf 90' lang='lat' dir='ltr'><strong>omnia</strong></span> <span class='ocrx_word' id='word_1_257' title='bbox 1769 1915 2153 1984; x_wconf 88' lang='lat' dir='ltr'><strong>relinquentes,</strong></span> 
     </span>
    </p>
   </div>
   <div class='ocr_carea' id='block_1_36' title="bbox 550 2004 2156 2076">
    <p class='ocr_par' dir='ltr' id='par_1_36' title="bbox 550 2004 2156 2076">
     <span class='ocr_line' id='line_1_36' title="bbox 550 2004 2156 2076; baseline -0.002 -12"><span class='ocrx_word' id='word_1_258' title='bbox 550 2007 837 2064; x_wconf 87' lang='lat' dir='ltr'><strong>Dominum</strong></span> <span class='ocrx_word' id='word_1_259' title='bbox 867 2005 1033 2061; x_wconf 91' lang='lat' dir='ltr'><strong>secuti</strong></span> <span class='ocrx_word' id='word_1_260' title='bbox 1056 2020 1260 2073; x_wconf 88' lang='lat' dir='ltr'><strong>sumus,</strong></span> <span class='ocrx_word' id='word_1_261' title='bbox 1291 2013 1347 2061; x_wconf 90' lang='lat' dir='ltr'><strong>et</strong></span> <span class='ocrx_word' id='word_1_262' title='bbox 1373 2004 1478 2061; x_wconf 78' lang='lat' dir='ltr'><strong>[ide</strong></span> <span class='ocrx_word' id='word_1_263' title='bbox 1521 2020 1586 2061; x_wconf 90' lang='lat' dir='ltr'><strong>ac</strong></span> <span class='ocrx_word' id='word_1_264' title='bbox 1629 2005 1821 2061; x_wconf 86' lang='lat' dir='ltr'><strong>timore</strong></span> <span class='ocrx_word' id='word_1_265' title='bbox 1868 2005 1990 2076; x_wconf 86' lang='lat' dir='ltr'><strong>ejus</strong></span> <span class='ocrx_word' id='word_1_266' title='bbox 2044 2016 2156 2062; x_wconf 84' lang='lat' dir='ltr'><strong>sta-</strong></span> 
     </span>
    </p>
   </div>
   <div class='ocr_carea' id='block_1_37' title="bbox 551 2098 1033 2157">
    <p class='ocr_par' dir='ltr' id='par_1_37' title="bbox 551 2098 1033 2157">
     <span class='ocr_line' id='line_1_37' title="bbox 551 2098 1033 2157; baseline -0.01 0"><span class='ocrx_word' id='word_1_267' title='bbox 551 2116 674 2157; x_wconf 89' lang='lat' dir='ltr'><strong>mus</strong></span> <span class='ocrx_word' id='word_1_268' title='bbox 705 2109 761 2155; x_wconf 92' lang='lat' dir='ltr'><strong>et</strong></span> <span class='ocrx_word' id='word_1_269' title='bbox 786 2098 1033 2153; x_wconf 80' lang='lat' dir='ltr'><strong>vivimus.</strong></span> 
     </span>
    </p>
   </div>
   <div class='ocr_carea' id='block_1_38' title="bbox 628 2186 2153 2257">
    <p class='ocr_par' dir='ltr' id='par_1_38' title="bbox 628 2186 2153 2257">
     <span class='ocr_line' id='line_1_38' title="bbox 628 2186 2153 2257; baseline 0.002 -13"><span class='ocrx_word' id='word_1_270' title='bbox 628 2190 715 2244; x_wconf 83' lang='lat' dir='ltr'><strong>Vl.</strong></span> <span class='ocrx_word' id='word_1_271' title='bbox 743 2187 1168 2244; x_wconf 89' lang='lat' dir='ltr'><strong>Corroboremus</strong></span> <span class='ocrx_word' id='word_1_272' title='bbox 1193 2200 1293 2243; x_wconf 89' lang='lat' dir='ltr'><strong>nos</strong></span> <span class='ocrx_word' id='word_1_273' title='bbox 1311 2186 1771 2244; x_wconf 80' lang='lat' dir='ltr'><strong>exhortationibus</strong></span> <span class='ocrx_word' id='word_1_274' title='bbox 1801 2197 1824 2225; x_wconf 75' lang='grc' dir='ltr'><strong>ο</strong></span> <span class='ocrx_word' id='word_1_275' title='bbox 1852 2189 2072 2257; x_wconf 87' lang='lat' dir='ltr'><strong>mutuis,</strong></span> <span class='ocrx_word' id='word_1_276' title='bbox 2097 2199 2153 2247; x_wconf 89' lang='lat' dir='ltr'><strong>et</strong></span> 
     </span>
    </p>
   </div>
   <div class='ocr_carea' id='block_1_39' title="bbox 553 2280 2150 2353">
    <p class='ocr_par' dir='ltr' id='par_1_39' title="bbox 553 2280 2150 2353">
     <span class='ocr_line' id='line_1_39' title="bbox 553 2280 2150 2353; baseline -0.001 -14"><span class='ocrx_word' id='word_1_277' title='bbox 553 2282 724 2353; x_wconf 88' lang='lat' dir='ltr'><strong>magis</strong></span> <span class='ocrx_word' id='word_1_278' title='bbox 739 2297 801 2338; x_wconf 85' lang='lat' dir='ltr'><strong>ac</strong></span> <span class='ocrx_word' id='word_1_279' title='bbox 818 2281 988 2353; x_wconf 88' lang='lat' dir='ltr'><strong>magis</strong></span> <span class='ocrx_word' id='word_1_280' title='bbox 1003 2280 1340 2351; x_wconf 82' lang='lat' dir='ltr'><strong>proficiamus</strong></span> <span class='ocrx_word' id='word_1_281' title='bbox 1358 2280 1411 2335; x_wconf 92' lang='lat' dir='ltr'><strong>in</strong></span> <span class='ocrx_word' id='word_1_282' title='bbox 1427 2280 1673 2349; x_wconf 85' lang='lat' dir='ltr'><strong>Domino,</strong></span> <span class='ocrx_word' id='word_1_283' title='bbox 1688 2287 1765 2346; x_wconf 91' lang='lat' dir='ltr'><strong>ut,</strong></span> <span class='ocrx_word' id='word_1_284' title='bbox 1786 2296 1928 2349; x_wconf 91' lang='lat' dir='ltr'><strong>cum,</strong></span> <span class='ocrx_word' id='word_1_285' title='bbox 1944 2295 2042 2352; x_wconf 90' lang='lat' dir='ltr'><strong>pro</strong></span> <span class='ocrx_word' id='word_1_286' title='bbox 2055 2298 2150 2338; x_wconf 84' lang='lat' dir='ltr'><strong>sua</strong></span> 
     </span>
    </p>
   </div>
   <div class='ocr_carea' id='block_1_40' title="bbox 551 2371 2153 2445">
    <p class='ocr_par' dir='ltr' id='par_1_40' title="bbox 551 2371 2153 2445">
     <span class='ocr_line' id='line_1_40' title="bbox 551 2371 2153 2445; baseline -0.001 -13"><span class='ocrx_word' id='word_1_287' title='bbox 551 2374 945 2441; x_wconf 87' lang='lat' dir='ltr'><strong>misericordia,</strong></span> <span class='ocrx_word' id='word_1_288' title='bbox 968 2387 1156 2445; x_wconf 86' lang='lat' dir='ltr'><strong>pacem</strong></span> <span class='ocrx_word' id='word_1_289' title='bbox 1183 2371 1389 2438; x_wconf 89' lang='lat' dir='ltr'><strong>fecerit,</strong></span> <span class='ocrx_word' id='word_1_290' title='bbox 1420 2386 1582 2441; x_wconf 90' lang='lat' dir='ltr'><strong>quam</strong></span> <span class='ocrx_word' id='word_1_291' title='bbox 1605 2386 1666 2427; x_wconf 87' lang='lat' dir='ltr'><strong>se</strong></span> <span class='ocrx_word' id='word_1_292' title='bbox 1686 2371 1943 2428; x_wconf 81' lang='lat' dir='ltr'><strong>facturum</strong></span> <span class='ocrx_word' id='word_1_293' title='bbox 1968 2389 2153 2445; x_wconf 85' lang='lat' dir='ltr'><strong>repro-</strong></span> 
     </span>
    </p>
   </div>
   <div class='ocr_carea' id='block_1_41' title="bbox 551 2452 2143 2535">
    <p class='ocr_par' dir='ltr' id='par_1_41' title="bbox 551 2452 2143 2535">
     <span class='ocr_line' id='line_1_41' title="bbox 551 2452 2143 2535; baseline 0 -13"><span class='ocrx_word' id='word_1_294' title='bbox 551 2467 735 2528; x_wconf 89' lang='lat' dir='ltr'><strong>mittit.</strong></span> <span class='ocrx_word' id='word_1_295' title='bbox 767 2452 969 2520; x_wconf 42' lang='lat' dir='ltr'><strong>uovi&#39;et</strong></span> <span class='ocrx_word' id='word_1_296' title='bbox 998 2458 1136 2535; x_wconf 83' lang='lat' dir='ltr'><strong>pene</strong></span> <span class='ocrx_word' id='word_1_297' title='bbox 1164 2464 1353 2519; x_wconf 89' lang='lat' dir='ltr'><strong>mutati</strong></span> <span class='ocrx_word' id='word_1_298' title='bbox 1380 2463 1447 2520; x_wconf 88' lang='lat' dir='ltr'><strong>ad</strong></span> <span class='ocrx_word' id='word_1_299' title='bbox 1470 2463 1766 2520; x_wconf 77' lang='lat' dir='ltr'><strong>Ecclesium</strong></span> <span class='ocrx_word' id='word_1_300' title='bbox 1787 2474 2143 2530; x_wconf 87' lang='lat' dir='ltr'><strong>revertamur,</strong></span> 
     </span>
    </p>
   </div>
   <div class='ocr_carea' id='block_1_42' title="bbox 553 2554 2143 2628">
    <p class='ocr_par' dir='ltr' id='par_1_42' title="bbox 553 2554 2143 2628">
     <span class='ocr_line' id='line_1_42' title="bbox 553 2554 2143 2628; baseline 0.001 -14"><span class='ocrx_word' id='word_1_301' title='bbox 553 2568 612 2614; x_wconf 90' lang='lat' dir='ltr'><strong>et</strong></span> <span class='ocrx_word' id='word_1_302' title='bbox 639 2558 908 2628; x_wconf 81' lang='lat' dir='ltr'><strong>excipiant</strong></span> <span class='ocrx_word' id='word_1_303' title='bbox 937 2571 1056 2621; x_wconf 84' lang='lat' dir='ltr'><strong>nos,</strong></span> <span class='ocrx_word' id='word_1_304' title='bbox 1079 2556 1195 2613; x_wconf 88' lang='lat' dir='ltr'><strong>sive</strong></span> <span class='ocrx_word' id='word_1_305' title='bbox 1244 2554 1437 2612; x_wconf 88' lang='lat' dir='ltr'><strong>fratres</strong></span> <span class='ocrx_word' id='word_1_306' title='bbox 1484 2556 1677 2624; x_wconf 86' lang='lat' dir='ltr'><strong>nostri,</strong></span> <span class='ocrx_word' id='word_1_307' title='bbox 1726 2556 1842 2612; x_wconf 89' lang='lat' dir='ltr'><strong>sive</strong></span> <span class='ocrx_word' id='word_1_308' title='bbox 1890 2559 2143 2628; x_wconf 82' lang='lat' dir='ltr'><strong>gentiles,</strong></span> 
     </span>
    </p>
   </div>
   <div class='ocr_carea' id='block_1_43' title="bbox 552 2646 2138 2733">
    <p class='ocr_par' dir='ltr' id='par_1_43' title="bbox 552 2646 2138 2733">
     <span class='ocr_line' id='line_1_43' title="bbox 552 2646 2138 2733; baseline -0.001 -26"><span class='ocrx_word' id='word_1_309' title='bbox 552 2651 694 2708; x_wconf 88' lang='lat' dir='ltr'><strong>circa</strong></span> <span class='ocrx_word' id='word_1_310' title='bbox 717 2649 893 2705; x_wconf 87' lang='lat' dir='ltr'><strong>omnia</strong></span> <span class='ocrx_word' id='word_1_311' title='bbox 919 2656 1190 2705; x_wconf 90' lang='lat' dir='ltr'><strong>correctos</strong></span> <span class='ocrx_word' id='word_1_312' title='bbox 1210 2646 1249 2693; x_wconf 55' lang='grc' dir='ltr'><strong>«τ</strong></span> <span class='ocrx_word' id='word_1_313' title='bbox 1274 2646 1499 2719; x_wconf 86' lang='lat' dir='ltr'><strong>atquein</strong></span> <span class='ocrx_word' id='word_1_314' title='bbox 1518 2647 1708 2705; x_wconf 90' lang='lat' dir='ltr'><strong>melius</strong></span> <span class='ocrx_word' id='word_1_315' title='bbox 1725 2646 2063 2715; x_wconf 84' lang='lat' dir='ltr'><strong>reformatos,</strong></span> <span class='ocrx_word' id='word_1_316' title='bbox 2088 2660 2138 2733; x_wconf 80' lang='lat' dir='ltr'><strong>et</strong></span> 
     </span>
    </p>
   </div>
   <div class='ocr_carea' id='block_1_44' title="bbox 2739 1904 3266 1971">
    <p class='ocr_par' dir='ltr' id='par_1_44' title="bbox 2739 1904 3266 1971">
     <span class='ocr_line' id='line_1_44' title="bbox 2739 1904 3266 1971; baseline 0 -17"><span class='ocrx_word' id='word_1_317' title='bbox 2739 1904 2937 1969; x_wconf 85' lang='lat' dir='ltr'><strong>Baluz.,</strong></span> <span class='ocrx_word' id='word_1_318' title='bbox 2952 1907 3128 1969; x_wconf 58' lang='lat' dir='ltr'><strong>Paris,</strong></span> <span class='ocrx_word' id='word_1_319' title='bbox 3157 1909 3266 1971; x_wconf 88' lang='lat' dir='ltr'><strong>vtt.)</strong></span> 
     </span>
    </p>
   </div>
   <div class='ocr_carea' id='block_1_45' title="bbox 2615 2027 3490 2081">
    <p class='ocr_par' dir='ltr' id='par_1_45' title="bbox 2615 2027 3490 2081">
     <span class='ocr_line' id='line_1_45' title="bbox 2615 2027 3490 2081; baseline -0.005 -13"><span class='ocrx_word' id='word_1_320' title='bbox 2615 2028 2683 2068; x_wconf 80' lang='lat' dir='ltr'><strong>AD</strong></span> <span class='ocrx_word' id='word_1_321' title='bbox 2710 2027 2942 2081; x_wconf 79' lang='lat' dir='ltr'><strong>CLERUII,</strong></span> <span class='ocrx_word' id='word_1_322' title='bbox 2975 2027 3044 2069; x_wconf 78' lang='lat' dir='ltr'><strong>DE</strong></span> <span class='ocrx_word' id='word_1_323' title='bbox 3073 2027 3346 2070; x_wconf 77' lang='lat' dir='ltr'><strong>PBECANDO</strong></span> <span class='ocrx_word' id='word_1_324' title='bbox 3370 2027 3490 2069; x_wconf 81' lang='lat' dir='ltr'><strong>DEO.</strong></span> 
     </span>
    </p>
   </div>
   <div class='ocr_carea' id='block_1_46' title="bbox 2256 2126 3850 2199">
    <p class='ocr_par' dir='ltr' id='par_1_46' title="bbox 2256 2126 3850 2199">
     <span class='ocr_line' id='line_1_46' title="bbox 2256 2126 3850 2199; baseline 0.001 -16"><span class='ocrx_word' id='word_1_325' title='bbox 2256 2127 2647 2185; x_wconf 71' lang='lat' dir='ltr'><strong>Ancuuen&#39;ruu.</strong></span> <span class='ocrx_word' id='word_1_326' title='bbox 2695 2156 2767 2168; x_wconf 91' lang='lat'><strong>——-</strong></span> <span class='ocrx_word' id='word_1_327' title='bbox 2813 2126 3060 2196; x_wconf 82' lang='lat' dir='ltr'><strong>Ejusdem</strong></span> <span class='ocrx_word' id='word_1_328' title='bbox 3126 2126 3232 2197; x_wconf 80' lang='lat' dir='ltr'><strong>fere</strong></span> <span class='ocrx_word' id='word_1_329' title='bbox 3287 2138 3359 2181; x_wconf 89' lang='lat' dir='ltr'><strong>est</strong></span> <span class='ocrx_word' id='word_1_330' title='bbox 3411 2129 3695 2199; x_wconf 84' lang='lat' dir='ltr'><strong>argumenti</strong></span> <span class='ocrx_word' id='word_1_331' title='bbox 3732 2145 3850 2184; x_wconf 87' lang='lat' dir='ltr'><strong>cum</strong></span> 
     </span>
    </p>
   </div>
   <div class='ocr_carea' id='block_1_47' title="bbox 2325 2213 3853 2293">
    <p class='ocr_par' dir='ltr' id='par_1_47' title="bbox 2325 2213 3853 2293">
     <span class='ocr_line' id='line_1_47' title="bbox 2325 2213 3853 2293; baseline 0.005 -20"><span class='ocrx_word' id='word_1_332' title='bbox 2325 2220 2521 2275; x_wconf 83' lang='lat' dir='ltr'><strong>duabus</strong></span> <span class='ocrx_word' id='word_1_333' title='bbox 2544 2219 2961 2292; x_wconf 81' lang='lat' dir='ltr'><strong>prcecedentibus,</strong></span> <span class='ocrx_word' id='word_1_334' title='bbox 2981 2213 3314 2290; x_wconf 61' lang='lat' dir='ltr'><strong>prailerguam</strong></span> <span class='ocrx_word' id='word_1_335' title='bbox 3336 2220 3472 2291; x_wconf 80' lang='lat' dir='ltr'><strong>quod</strong></span> <span class='ocrx_word' id='word_1_336' title='bbox 3495 2221 3576 2276; x_wconf 84' lang='lat' dir='ltr'><strong>hic</strong></span> <span class='ocrx_word' id='word_1_337' title='bbox 3598 2222 3666 2275; x_wconf 84' lang='lat' dir='ltr'><strong>ad</strong></span> <span class='ocrx_word' id='word_1_338' title='bbox 3680 2238 3853 2293; x_wconf 77' lang='lat' dir='ltr'><strong>preces</strong></span> 
     </span>
    </p>
   </div>
   <div class='ocr_carea' id='block_1_48' title="bbox 2325 2312 2895 2369">
    <p class='ocr_par' dir='ltr' id='par_1_48' title="bbox 2325 2312 2895 2369">
     <span class='ocr_line' id='line_1_48' title="bbox 2325 2312 2895 2369; baseline -0.004 -1"><span class='ocrx_word' id='word_1_339' title='bbox 2325 2313 2616 2369; x_wconf 76' lang='lat' dir='ltr'><strong>exhortatur</strong></span> <span class='ocrx_word' id='word_1_340' title='bbox 2640 2312 2895 2369; x_wconf 85' lang='lat' dir='ltr'><strong>assiduas.</strong></span> 
     </span>
    </p>
   </div>
   <div class='ocr_carea' id='block_1_49' title="bbox 2324 2426 3854 2522">
    <p class='ocr_par' dir='ltr' id='par_1_49' title="bbox 2324 2426 3854 2522">
     <span class='ocr_line' id='line_1_49' title="bbox 2324 2426 3854 2522; baseline -0.001 -18"><span class='ocrx_word' id='word_1_341' title='bbox 2324 2448 2365 2504; x_wconf 92' lang='lat' dir='ltr'><strong>l.</strong></span> <span class='ocrx_word' id='word_1_342' title='bbox 2420 2426 2723 2522; x_wconf 78' lang='lat' dir='ltr'><strong>Cyprianus</strong></span> <span class='ocrx_word' id='word_1_343' title='bbox 2764 2447 3096 2520; x_wconf 83' lang='lat' dir='ltr'><strong>presbyteris</strong></span> <span class='ocrx_word' id='word_1_344' title='bbox 3136 2456 3191 2504; x_wconf 88' lang='lat' dir='ltr'><strong>et</strong></span> <span class='ocrx_word' id='word_1_345' title='bbox 3234 2447 3550 2503; x_wconf 88' lang='lat' dir='ltr'><strong>diaconibus</strong></span> <span class='ocrx_word' id='word_1_346' title='bbox 3600 2447 3854 2504; x_wconf 84' lang='lat' dir='ltr'><strong>fratribus</strong></span> 
     </span>
    </p>
   </div>
   <div class='ocr_carea' id='block_1_50' title="bbox 2246 2539 3854 2614">
    <p class='ocr_par' dir='ltr' id='par_1_50' title="bbox 2246 2539 3854 2614">
     <span class='ocr_line' id='line_1_50' title="bbox 2246 2539 3854 2614; baseline -0.004 -12"><span class='ocrx_word' id='word_1_347' title='bbox 2246 2542 2494 2602; x_wconf 74' lang='lat' dir='ltr'><strong>Salutem.</strong></span> <span class='ocrx_word' id='word_1_348' title='bbox 2526 2546 2858 2614; x_wconf 79' lang='lat' dir='ltr'><strong>Quamquam</strong></span> <span class='ocrx_word' id='word_1_349' title='bbox 2905 2542 3093 2607; x_wconf 88' lang='lat' dir='ltr'><strong>sciam,</strong></span> <span class='ocrx_word' id='word_1_350' title='bbox 3138 2540 3330 2595; x_wconf 85' lang='lat' dir='ltr'><strong>fratres</strong></span> <span class='ocrx_word' id='word_1_351' title='bbox 3375 2539 3696 2608; x_wconf 87' lang='lat' dir='ltr'><strong>charissimi,</strong></span> <span class='ocrx_word' id='word_1_352' title='bbox 3752 2554 3854 2611; x_wconf 77' lang='lat' dir='ltr'><strong>pro</strong></span> 
     </span>
    </p>
   </div>
   <div class='ocr_carea' id='block_1_51' title="bbox 2249 2632 3854 2712">
    <p class='ocr_par' dir='ltr' id='par_1_51' title="bbox 2249 2632 3854 2712">
     <span class='ocr_line' id='line_1_51' title="bbox 2249 2632 3854 2712; baseline -0.008 -10"><span class='ocrx_word' id='word_1_353' title='bbox 2249 2646 2441 2703; x_wconf 88' lang='lat' dir='ltr'><strong>timore</strong></span> <span class='ocrx_word' id='word_1_354' title='bbox 2477 2652 2640 2712; x_wconf 89' lang='lat' dir='ltr'><strong>quem</strong></span> <span class='ocrx_word' id='word_1_355' title='bbox 2680 2636 2872 2706; x_wconf 81' lang='lat' dir='ltr'><strong>singuli</strong></span> <span class='ocrx_word' id='word_1_356' title='bbox 2912 2633 3170 2691; x_wconf 90' lang='lat' dir='ltr'><strong>debemus</strong></span> <span class='ocrx_word' id='word_1_357' title='bbox 3202 2634 3331 2698; x_wconf 88' lang='lat' dir='ltr'><strong>Deo,</strong></span> <span class='ocrx_word' id='word_1_358' title='bbox 3362 2648 3455 2689; x_wconf 92' lang='lat' dir='ltr'><strong>vos</strong></span> <span class='ocrx_word' id='word_1_359' title='bbox 3483 2647 3695 2704; x_wconf 91' lang='lat' dir='ltr'><strong>quoque</strong></span> <span class='ocrx_word' id='word_1_360' title='bbox 3740 2632 3854 2689; x_wconf 89' lang='lat' dir='ltr'><strong>illic</strong></span> 
     </span>
    </p>
   </div>
   <div class='ocr_carea' id='block_1_52' title="bbox 1760 2758 2599 2822">
    <p class='ocr_par' dir='ltr' id='par_1_52' title="bbox 1760 2758 2599 2822">
     <span class='ocr_line' id='line_1_52' title="bbox 1760 2758 2599 2822; baseline -0.008 -3"><span class='ocrx_word' id='word_1_361' title='bbox 1760 2762 2146 2822; x_wconf 79' lang='lat' dir='ltr'><strong>LECTlONES</strong></span> <span class='ocrx_word' id='word_1_362' title='bbox 2182 2758 2599 2822; x_wconf 70' lang='lat' dir='ltr'><strong>\‘ARIANTES.</strong></span> 
     </span>
    </p>
   </div>
   <div class='ocr_carea' id='block_1_53' title="bbox 613 2850 2036 2942">
    <p class='ocr_par' dir='ltr' id='par_1_53' title="bbox 613 2850 2036 2942">
     <span class='ocr_line' id='line_1_53' title="bbox 613 2850 2036 2942; baseline -0.011 -11"><span class='ocrx_word' id='word_1_363' title='bbox 613 2878 1248 2942; x_wconf 56' lang='lat' dir='ltr'><strong>Pmeinisperntisceant</strong></span> <span class='ocrx_word' id='word_1_364' title='bbox 1271 2871 1378 2942; x_wconf 86' lang='lat' dir='ltr'><strong>Li_n.</strong></span> <span class='ocrx_word' id='word_1_365' title='bbox 1421 2874 1530 2928; x_wconf 81' lang='lat' dir='ltr'><strong>NG.</strong></span> <span class='ocrx_word' id='word_1_366' title='bbox 1562 2850 1617 2926; x_wconf 74' lang='lat' dir='ltr'><strong>f.</strong></span> <span class='ocrx_word' id='word_1_367' title='bbox 1785 2939 1817 2942; x_wconf 94' lang='lat'>_</span> <span class='ocrx_word' id='word_1_368' title='bbox 1878 2939 1887 2942; x_wconf 86' lang='lat'>_</span> <span class='ocrx_word' id='word_1_369' title='bbox 1939 2940 1948 2942; x_wconf 87' lang='lat'><em>_</em></span> <span class='ocrx_word' id='word_1_370' title='bbox 2033 2911 2036 2915; x_wconf 88' lang='lat'><strong>.</strong></span> 
     </span>
    </p>
   </div>
   <div class='ocr_carea' id='block_1_54' title="bbox 603 2939 2151 3014">
    <p class='ocr_par' dir='ltr' id='par_1_54' title="bbox 603 2939 2151 3014">
     <span class='ocr_line' id='line_1_54' title="bbox 603 2939 2151 3014; baseline -0.001 -22"><span class='ocrx_word' id='word_1_371' title='bbox 603 2940 641 3014; x_wconf 48' lang='grc'><strong>,³)</strong></span> <span class='ocrx_word' id='word_1_372' title='bbox 664 2939 1269 3004; x_wconf 63' lang='lat' dir='ltr'><strong>Exempla&#39;monstrantur</strong></span> <span class='ocrx_word' id='word_1_373' title='bbox 1307 2940 1444 2989; x_wconf 76' lang='lat' dir='ltr'><strong>Latit.</strong></span> <span class='ocrx_word' id='word_1_374' title='bbox 1487 2941 1749 2989; x_wconf 82' lang='lat' dir='ltr'><strong>nascantur</strong></span> <span class='ocrx_word' id='word_1_375' title='bbox 1778 2939 1904 2989; x_wconf 84' lang='lat' dir='ltr'><strong>Bod.</strong></span> <span class='ocrx_word' id='word_1_376' title='bbox 1930 2940 1977 2992; x_wconf 87' lang='grc'><strong>1.</strong></span> <span class='ocrx_word' id='word_1_377' title='bbox 2003 2940 2151 2993; x_wconf 83' lang='lat' dir='ltr'><strong>Ebor.</strong></span> 
     </span>
    </p>
   </div>
   <div class='ocr_carea' id='block_1_55' title="bbox 558 3007 1585 3143">
    <p class='ocr_par' dir='ltr' id='par_1_55' title="bbox 558 3007 1585 3143">
     <span class='ocr_line' id='line_1_55' title="bbox 558 3007 1585 3143; baseline -0.004 -27"><span class='ocrx_word' id='word_1_378' title='bbox 558 3007 709 3118; x_wconf 56' lang='lat' dir='ltr'><strong>“3&#39;s</strong></span> <span class='ocrx_word' id='word_1_379' title='bbox 727 3064 962 3118; x_wconf 77' lang='lat' dir='ltr'><strong>conviciis</strong></span> <span class='ocrx_word' id='word_1_380' title='bbox 981 3061 1231 3114; x_wconf 85' lang='lat' dir='ltr'><strong>maledicis</strong></span> <span class='ocrx_word' id='word_1_381' title='bbox 1252 3061 1362 3143; x_wconf 12' lang='lat' dir='ltr'><strong>N‘C.</strong></span> <span class='ocrx_word' id='word_1_382' title='bbox 1385 3061 1434 3113; x_wconf 86' lang='lat'><strong>2.</strong></span> <span class='ocrx_word' id='word_1_383' title='bbox 1451 3061 1585 3113; x_wconf 86' lang='lat' dir='ltr'><strong>Lam.</strong></span> 
     </span>
    </p>
   </div>
   <div class='ocr_carea' id='block_1_56' title="bbox 2185 3047 2233 3112">
    <p class='ocr_par' dir='ltr' id='par_1_56' title="bbox 2185 3047 2233 3112">
     <span class='ocr_line' id='line_1_56' title="bbox 2185 3047 2233 3112; baseline 0 -2"><span class='ocrx_word' id='word_1_384' title='bbox 2185 3047 2233 3112; x_wconf 90' lang='lat' dir='ltr'><strong>C</strong></span> 
     </span>
    </p>
   </div>
   <div class='ocr_carea' id='block_1_57' title="bbox 2328 2864 3689 2927">
    <p class='ocr_par' dir='ltr' id='par_1_57' title="bbox 2328 2864 3689 2927">
     <span class='ocr_line' id='line_1_57' title="bbox 2328 2864 3689 2927; baseline -0.01 0"><span class='ocrx_word' id='word_1_385' title='bbox 2328 2875 2356 2916; x_wconf 69' lang='grc' dir='ltr'><strong>τι</strong></span> <span class='ocrx_word' id='word_1_386' title='bbox 2380 2871 2572 2927; x_wconf 62' lang='lat' dir='ltr'><strong>Saeculo</strong></span> <span class='ocrx_word' id='word_1_387' title='bbox 2613 2870 2951 2922; x_wconf 87' lang='lat' dir='ltr'><strong>renuntiamus</strong></span> <span class='ocrx_word' id='word_1_388' title='bbox 2972 2866 3098 2918; x_wconf 83' lang='lat' dir='ltr'><strong>Bod.</strong></span> <span class='ocrx_word' id='word_1_389' title='bbox 3126 2865 3244 2927; x_wconf 78' lang='lat'><strong>1.2.</strong></span> <span class='ocrx_word' id='word_1_390' title='bbox 3272 2865 3417 2916; x_wconf 87' lang='lat' dir='ltr'><strong>Ebor.</strong></span> <span class='ocrx_word' id='word_1_391' title='bbox 3440 2865 3484 2916; x_wconf 84' lang='grc' dir='ltr'><em>Ν</em></span> <span class='ocrx_word' id='word_1_392' title='bbox 3490 2864 3544 2916; x_wconf 84' lang='lat' dir='ltr'><strong>C.</strong></span> <span class='ocrx_word' id='word_1_393' title='bbox 3569 2864 3609 2915; x_wconf 93' lang='lat' dir='ltr'><strong>l.</strong></span> <span class='ocrx_word' id='word_1_394' title='bbox 3639 2864 3689 2914; x_wconf 90' lang='lat'><strong>2.</strong></span> 
     </span>
    </p>
   </div>
   <div class='ocr_carea' id='block_1_58' title="bbox 2324 2926 3440 2995">
    <p class='ocr_par' dir='ltr' id='par_1_58' title="bbox 2324 2926 3440 2995">
     <span class='ocr_line' id='line_1_58' title="bbox 2324 2926 3440 2995; baseline -0.01 -7"><span class='ocrx_word' id='word_1_395' title='bbox 2324 2944 2348 2972; x_wconf 75' lang='grc' dir='ltr'>θ</span> <span class='ocrx_word' id='word_1_396' title='bbox 2369 2933 2877 2995; x_wconf 58' lang='grc' dir='ltr'><strong>Ειιιοινωῑὶοῐιὶδυεβι</strong></span> <span class='ocrx_word' id='word_1_397' title='bbox 2894 2932 3125 2995; x_wconf 86' lang='lat' dir='ltr'><strong>precibus</strong></span> <span class='ocrx_word' id='word_1_398' title='bbox 3139 2926 3243 2980; x_wconf 78' lang='lat' dir='ltr'><strong>Litt.</strong></span> <span class='ocrx_word' id='word_1_399' title='bbox 3265 2930 3313 2979; x_wconf 88' lang='grc' dir='ltr'><strong><em>Ν</em></strong></span> <span class='ocrx_word' id='word_1_400' title='bbox 3320 2929 3372 2979; x_wconf 93' lang='lat' dir='ltr'><strong>C.</strong></span> <span class='ocrx_word' id='word_1_401' title='bbox 3392 2929 3440 2978; x_wconf 81' lang='lat'><strong>2.</strong></span> 
     </span>
    </p>
   </div>
   <div class='ocr_carea' id='block_1_59' title="bbox 2325 2992 2836 3061">
    <p class='ocr_par' dir='ltr' id='par_1_59' title="bbox 2325 2992 2836 3061">
     <span class='ocr_line' id='line_1_59' title="bbox 2325 2992 2836 3061; baseline -0.012 -10"><span class='ocrx_word' id='word_1_402' title='bbox 2325 3000 2346 3040; x_wconf 73' lang='grc' dir='ltr'><strong>ί</strong></span> <span class='ocrx_word' id='word_1_403' title='bbox 2382 3000 2693 3061; x_wconf 88' lang='lat' dir='ltr'><strong>Incorruptos</strong></span> <span class='ocrx_word' id='word_1_404' title='bbox 2710 2992 2836 3046; x_wconf 89' lang='lat' dir='ltr'><strong>Bod.</strong></span> 
     </span>
    </p>
   </div>
   <div class='ocr_carea' id='block_1_60' title="bbox 1773 3164 2612 3228">
    <p class='ocr_par' dir='ltr' id='par_1_60' title="bbox 1773 3164 2612 3228">
     <span class='ocr_line' id='line_1_60' title="bbox 1773 3164 2612 3228; baseline -0.004 -3"><span class='ocrx_word' id='word_1_405' title='bbox 1773 3168 2016 3226; x_wconf 85' lang='lat' dir='ltr'><strong>STEPH.</strong></span> <span class='ocrx_word' id='word_1_406' title='bbox 2066 3168 2343 3228; x_wconf 83' lang='lat' dir='ltr'><strong>BALUZII</strong></span> <span class='ocrx_word' id='word_1_407' title='bbox 2382 3164 2612 3225; x_wconf 65' lang='lat' dir='ltr'><strong>NOTAE.</strong></span> 
     </span>
    </p>
   </div>
   <div class='ocr_carea' id='block_1_61' title="bbox 549 3284 2149 3355">
    <p class='ocr_par' dir='ltr' id='par_1_61' title="bbox 549 3284 2149 3355">
     <span class='ocr_line' id='line_1_61' title="bbox 549 3284 2149 3355; baseline -0.001 -8"><span class='ocrx_word' id='word_1_408' title='bbox 549 3305 681 3347; x_wconf 86' lang='lat' dir='ltr'><strong>nere</strong></span> <span class='ocrx_word' id='word_1_409' title='bbox 723 3294 992 3344; x_wconf 90' lang='lat' dir='ltr'><strong>mutuatus</strong></span> <span class='ocrx_word' id='word_1_410' title='bbox 1038 3301 1107 3342; x_wconf 71' lang='lat' dir='ltr'><strong>ex</strong></span> <span class='ocrx_word' id='word_1_411' title='bbox 1161 3284 1301 3339; x_wconf 88' lang='lat' dir='ltr'><strong>libro</strong></span> <span class='ocrx_word' id='word_1_412' title='bbox 1354 3286 1528 3355; x_wconf 91' lang='lat' dir='ltr'><strong>primo</strong></span> <span class='ocrx_word' id='word_1_413' title='bbox 1569 3286 1739 3341; x_wconf 90' lang='lat' dir='ltr'><strong>sancti</strong></span> <span class='ocrx_word' id='word_1_414' title='bbox 1770 3288 2037 3342; x_wconf 84' lang='lat' dir='ltr'><strong>Ambrosii</strong></span> <span class='ocrx_word' id='word_1_415' title='bbox 2084 3290 2149 3346; x_wconf 88' lang='lat' dir='ltr'><strong>de</strong></span> 
     </span>
    </p>
   </div>
   <div class='ocr_carea' id='block_1_62' title="bbox 564 3355 2143 3432">
    <p class='ocr_par' dir='ltr' id='par_1_62' title="bbox 564 3355 2143 3432">
     <span class='ocr_line' id='line_1_62' title="bbox 564 3355 2143 3432; baseline 0.001 -17"><span class='ocrx_word' id='word_1_416' title='bbox 564 3360 875 3432; x_wconf 69' lang='lat' dir='ltr'><strong>Virginibus,</strong></span> <span class='ocrx_word' id='word_1_417' title='bbox 908 3372 1026 3432; x_wconf 71' lang='lat' dir='ltr'><strong>cap.</strong></span> <span class='ocrx_word' id='word_1_418' title='bbox 1072 3356 1143 3422; x_wconf 89' lang='lat'><strong>2,</strong></span> <span class='ocrx_word' id='word_1_419' title='bbox 1185 3356 1276 3432; x_wconf 76' lang='lat' dir='ltr'><strong>ubi</strong></span> <span class='ocrx_word' id='word_1_420' title='bbox 1324 3355 1549 3432; x_wconf 72' lang='lat' dir='ltr'><strong>loquens</strong></span> <span class='ocrx_word' id='word_1_421' title='bbox 1591 3357 1658 3432; x_wconf 90' lang='lat' dir='ltr'><strong>d_e</strong></span> <span class='ocrx_word' id='word_1_422' title='bbox 1701 3366 1884 3432; x_wconf 78' lang='lat' dir='ltr'><strong>sancta</strong></span> <span class='ocrx_word' id='word_1_423' title='bbox 1916 3361 2143 3429; x_wconf 86' lang='lat' dir='ltr'><strong>Aguete,</strong></span> 
     </span>
    </p>
   </div>
   <div class='ocr_carea' id='block_1_63' title="bbox 554 3426 2144 3500">
    <p class='ocr_par' dir='ltr' id='par_1_63' title="bbox 554 3426 2144 3500">
     <span class='ocr_line' id='line_1_63' title="bbox 554 3426 2144 3500; baseline -0.001 -14"><span class='ocrx_word' id='word_1_424' title='bbox 554 3426 762 3486; x_wconf 65' lang='lat' dir='ltr'><strong>Nouum</strong></span> <span class='ocrx_word' id='word_1_425' title='bbox 787 3427 1015 3498; x_wconf 81' lang='lat' dir='ltr'><strong>martyrii</strong></span> <span class='ocrx_word' id='word_1_426' title='bbox 1043 3443 1220 3500; x_wconf 81' lang='lat' dir='ltr'><strong>genus,</strong></span> <span class='ocrx_word' id='word_1_427' title='bbox 1246 3426 1436 3494; x_wconf 90' lang='lat' dir='ltr'><strong>inquit.</strong></span> <span class='ocrx_word' id='word_1_428' title='bbox 1471 3426 1718 3500; x_wconf 68' lang='lat' dir='ltr'><strong>Nondum</strong></span> <span class='ocrx_word' id='word_1_429' title='bbox 1746 3428 1932 3500; x_wconf 79' lang='lat' dir='ltr'><strong>idonea</strong></span> <span class='ocrx_word' id='word_1_430' title='bbox 1958 3426 2144 3500; x_wconf 67' lang='lat' dir='ltr'><strong>preme,</strong></span> 
     </span>
    </p>
   </div>
   <div class='ocr_carea' id='block_1_64' title="bbox 551 3497 2141 3570">
    <p class='ocr_par' dir='ltr' id='par_1_64' title="bbox 551 3497 2141 3570">
     <span class='ocr_line' id='line_1_64' title="bbox 551 3497 2141 3570; baseline -0.001 -14"><span class='ocrx_word' id='word_1_431' title='bbox 551 3513 601 3556; x_wconf 88' lang='lat' dir='ltr'><strong>et</strong></span> <span class='ocrx_word' id='word_1_432' title='bbox 623 3503 735 3570; x_wconf 89' lang='lat' dir='ltr'><strong>jam</strong></span> <span class='ocrx_word' id='word_1_433' title='bbox 764 3497 969 3570; x_wconf 56' lang='lat' dir='ltr'><strong>mallan</strong></span> <span class='ocrx_word' id='word_1_434' title='bbox 1016 3498 1259 3561; x_wconf 66' lang='lat' dir='ltr'><strong>uictoriae,</strong></span> <span class='ocrx_word' id='word_1_435' title='bbox 1297 3507 1488 3570; x_wconf 69' lang='lat' dir='ltr'><strong>certare</strong></span> <span class='ocrx_word' id='word_1_436' title='bbox 1515 3497 1765 3570; x_wconf 77' lang='lat' dir='ltr'><strong>difﬁcilis,</strong></span> <span class='ocrx_word' id='word_1_437' title='bbox 1796 3497 1965 3568; x_wconf 80' lang='lat' dir='ltr'><strong>facilis</strong></span> <span class='ocrx_word' id='word_1_438' title='bbox 1990 3497 2141 3555; x_wconf 57' lang='lat' dir='ltr'><strong>coroé</strong></span> 
     </span>
    </p>
   </div>
   <div class='ocr_carea' id='block_1_65' title="bbox 552 3566 2144 3639">
    <p class='ocr_par' dir='ltr' id='par_1_65' title="bbox 552 3566 2144 3639">
     <span class='ocr_line' id='line_1_65' title="bbox 552 3566 2144 3639; baseline -0.001 -13"><span class='ocrx_word' id='word_1_439' title='bbox 552 3566 690 3637; x_wconf 79' lang='lat' dir='ltr'><strong>nari,</strong></span> <span class='ocrx_word' id='word_1_440' title='bbox 720 3580 826 3625; x_wconf 86' lang='lat' dir='ltr'><strong>etc.</strong></span> <span class='ocrx_word' id='word_1_441' title='bbox 866 3568 1183 3639; x_wconf 89' lang='lat' dir='ltr'><strong>Eleganter,</strong></span> <span class='ocrx_word' id='word_1_442' title='bbox 1212 3577 1289 3639; x_wconf 37' lang='lat' dir='ltr'><strong>ut‘</strong></span> <span class='ocrx_word' id='word_1_443' title='bbox 1310 3566 1479 3634; x_wconf 89' lang='lat' dir='ltr'><strong>solet,</strong></span> <span class='ocrx_word' id='word_1_444' title='bbox 1509 3566 1577 3639; x_wconf 84' lang='lat' dir='ltr'><strong>et</strong></span> <span class='ocrx_word' id='word_1_445' title='bbox 1610 3566 1910 3639; x_wconf 85' lang='lat' dir='ltr'><strong>prudenter</strong></span> <span class='ocrx_word' id='word_1_446' title='bbox 1952 3571 2144 3626; x_wconf 80' lang='lat' dir='ltr'><strong>llieru-</strong></span> 
     </span>
    </p>
   </div>
   <div class='ocr_carea' id='block_1_66' title="bbox 551 3635 2140 3714">
    <p class='ocr_par' dir='ltr' id='par_1_66' title="bbox 551 3635 2140 3714">
     <span class='ocr_line' id='line_1_66' title="bbox 551 3635 2140 3714; baseline -0.001 -16"><span class='ocrx_word' id='word_1_447' title='bbox 551 3635 747 3714; x_wconf 23' lang='lat' dir='ltr'><strong>nym’us</strong></span> <span class='ocrx_word' id='word_1_448' title='bbox 794 3640 847 3695; x_wconf 92' lang='lat' dir='ltr'><strong>in</strong></span> <span class='ocrx_word' id='word_1_449' title='bbox 884 3635 1122 3707; x_wconf 79' lang='lat' dir='ltr'><strong>Epistola</strong></span> <span class='ocrx_word' id='word_1_450' title='bbox 1148 3637 1238 3714; x_wconf 71' lang='lat' dir='ltr'><strong>ait</strong></span> <span class='ocrx_word' id='word_1_451' title='bbox 1257 3635 1449 3691; x_wconf 73' lang='lat' dir='ltr'><strong>Laetam</strong></span> <span class='ocrx_word' id='word_1_452' title='bbox 1493 3637 1562 3714; x_wconf 77' lang='lat' dir='ltr'><strong>de</strong></span> <span class='ocrx_word' id='word_1_453' title='bbox 1608 3635 1942 3714; x_wconf 83' lang='lat' dir='ltr'><strong>Institutione</strong></span> <span class='ocrx_word' id='word_1_454' title='bbox 1981 3640 2140 3697; x_wconf 66' lang='lat' dir='ltr'><strong>filiai:</strong></span> 
     </span>
    </p>
   </div>
   <div class='ocr_carea' id='block_1_67' title="bbox 556 3709 2146 3780">
    <p class='ocr_par' dir='ltr' id='par_1_67' title="bbox 556 3709 2146 3780">
     <span class='ocr_line' id='line_1_67' title="bbox 556 3709 2146 3780; baseline 0.001 -15"><span class='ocrx_word' id='word_1_455' title='bbox 556 3709 779 3780; x_wconf 74' lang='lat' dir='ltr'><strong>Quidum</strong></span> <span class='ocrx_word' id='word_1_456' title='bbox 829 3718 1008 3780; x_wconf 88' lang='lat' dir='ltr'><strong>putant</strong></span> <span class='ocrx_word' id='word_1_457' title='bbox 1054 3709 1266 3780; x_wconf 60' lang='lat' dir='ltr'><strong>majoris</strong></span> <span class='ocrx_word' id='word_1_458' title='bbox 1313 3724 1420 3763; x_wconf 86' lang='lat' dir='ltr'><strong>csse</strong></span> <span class='ocrx_word' id='word_1_459' title='bbox 1460 3709 1676 3780; x_wconf 81' lang='lat' dir='ltr'><strong>virtutis</strong></span> <span class='ocrx_word' id='word_1_460' title='bbox 1702 3720 1996 3776; x_wconf 68' lang='lat' dir='ltr'><strong>praesentem</strong></span> <span class='ocrx_word' id='word_1_461' title='bbox 2023 3728 2146 3766; x_wconf 86' lang='lat' dir='ltr'><strong>con-</strong></span> 
     </span>
    </p>
   </div>
   <div class='ocr_carea' id='block_1_68' title="bbox 551 3777 2144 3850">
    <p class='ocr_par' dir='ltr' id='par_1_68' title="bbox 551 3777 2144 3850">
     <span class='ocr_line' id='line_1_68' title="bbox 551 3777 2144 3850; baseline 0.001 -14"><span class='ocrx_word' id='word_1_462' title='bbox 551 3777 771 3840; x_wconf 77' lang='lat' dir='ltr'><strong>temnere</strong></span> <span class='ocrx_word' id='word_1_463' title='bbox 822 3777 1150 3849; x_wconf 74' lang='lat' dir='ltr'><strong>uoluptatem.</strong></span> <span class='ocrx_word' id='word_1_464' title='bbox 1209 3777 1400 3833; x_wconf 87' lang='lat' dir='ltr'><strong>Tamen</strong></span> <span class='ocrx_word' id='word_1_465' title='bbox 1450 3795 1541 3850; x_wconf 88' lang='lat' dir='ltr'><strong>ego</strong></span> <span class='ocrx_word' id='word_1_466' title='bbox 1599 3779 1819 3844; x_wconf 78' lang='lat' dir='ltr'><strong>arbitror</strong></span> <span class='ocrx_word' id='word_1_467' title='bbox 1872 3783 2144 3839; x_wconf 77' lang='lat' dir='ltr'><strong>securioris</strong></span> 
     </span>
    </p>
   </div>
   <div class='ocr_carea' id='block_1_69' title="bbox 550 3850 1663 3920">
    <p class='ocr_par' dir='ltr' id='par_1_69' title="bbox 550 3850 1663 3920">
     <span class='ocr_line' id='line_1_69' title="bbox 550 3850 1663 3920; baseline -0.004 -13"><span class='ocrx_word' id='word_1_468' title='bbox 550 3853 869 3910; x_wconf 70' lang='lat' dir='ltr'><strong>continentia:</strong></span> <span class='ocrx_word' id='word_1_469' title='bbox 907 3866 1014 3905; x_wconf 83' lang='lat' dir='ltr'><strong>esse</strong></span> <span class='ocrx_word' id='word_1_470' title='bbox 1058 3850 1252 3904; x_wconf 87' lang='lat' dir='ltr'><strong>nescire</strong></span> <span class='ocrx_word' id='word_1_471' title='bbox 1287 3850 1422 3917; x_wconf 85' lang='lat' dir='ltr'><strong>quod</strong></span> <span class='ocrx_word' id='word_1_472' title='bbox 1448 3860 1663 3920; x_wconf 69' lang='lat' dir='ltr'><strong>quierat.</strong></span> 
     </span>
    </p>
   </div>
   <div class='ocr_carea' id='block_1_70' title="bbox 628 3920 2143 3990">
    <p class='ocr_par' dir='ltr' id='par_1_70' title="bbox 628 3920 2143 3990">
     <span class='ocr_line' id='line_1_70' title="bbox 628 3920 2143 3990; baseline 0.003 -13"><span class='ocrx_word' id='word_1_473' title='bbox 628 3923 949 3978; x_wconf 81' lang='lat' dir='ltr'><strong>Promiscua.</strong></span> <span class='ocrx_word' id='word_1_474' title='bbox 1002 3920 1129 3974; x_wconf 74' lang='lat' dir='ltr'><strong>Htl‘c</strong></span> <span class='ocrx_word' id='word_1_475' title='bbox 1190 3921 1370 3987; x_wconf 91' lang='lat' dir='ltr'><strong>lectio,</strong></span> <span class='ocrx_word' id='word_1_476' title='bbox 1422 3936 1582 3990; x_wconf 91' lang='lat' dir='ltr'><strong>quam</strong></span> <span class='ocrx_word' id='word_1_477' title='bbox 1639 3936 1827 3978; x_wconf 89' lang='lat' dir='ltr'><strong>onmes</strong></span> <span class='ocrx_word' id='word_1_478' title='bbox 1879 3922 2143 3981; x_wconf 87' lang='lat' dir='ltr'><strong>editiones</strong></span> 
     </span>
    </p>
   </div>
   <div class='ocr_carea' id='block_1_71' title="bbox 550 3990 2136 4064">
    <p class='ocr_par' dir='ltr' id='par_1_71' title="bbox 550 3990 2136 4064">
     <span class='ocr_line' id='line_1_71' title="bbox 550 3990 2136 4064; baseline 0.001 -16"><span class='ocrx_word' id='word_1_479' title='bbox 550 3994 773 4058; x_wconf 85' lang='lat' dir='ltr'><strong>habent,</strong></span> <span class='ocrx_word' id='word_1_480' title='bbox 818 4007 977 4064; x_wconf 74' lang='lat' dir='ltr'><strong>quam</strong></span> <span class='ocrx_word' id='word_1_481' title='bbox 1018 3991 1339 4064; x_wconf 78' lang='lat' dir='ltr'><strong>conﬁrmant</strong></span> <span class='ocrx_word' id='word_1_482' title='bbox 1379 3990 1498 4064; x_wconf 83' lang='lat' dir='ltr'><strong>libri</strong></span> <span class='ocrx_word' id='word_1_483' title='bbox 1547 4001 1774 4064; x_wconf 87' lang='lat' dir='ltr'><strong>veteres,</strong></span> <span class='ocrx_word' id='word_1_484' title='bbox 1808 3995 2009 4064; x_wconf 80' lang='lat' dir='ltr'><strong>Optima</strong></span> <span class='ocrx_word' id='word_1_485' title='bbox 2035 4005 2136 4050; x_wconf 87' lang='lat' dir='ltr'><strong>est.</strong></span> 
     </span>
    </p>
   </div>
   <div class='ocr_carea' id='block_1_72' title="bbox 551 4061 2140 4132">
    <p class='ocr_par' dir='ltr' id='par_1_72' title="bbox 551 4061 2140 4132">
     <span class='ocr_line' id='line_1_72' title="bbox 551 4061 2140 4132; baseline 0.002 -14"><span class='ocrx_word' id='word_1_486' title='bbox 551 4064 625 4118; x_wconf 84' lang='lat' dir='ltr'><strong>Et</strong></span> <span class='ocrx_word' id='word_1_487' title='bbox 655 4061 848 4118; x_wconf 81' lang='lat' dir='ltr'><strong>tamen</strong></span> <span class='ocrx_word' id='word_1_488' title='bbox 887 4061 1145 4129; x_wconf 75' lang='lat' dir='ltr'><strong>Rigaltius</strong></span> <span class='ocrx_word' id='word_1_489' title='bbox 1186 4062 1235 4115; x_wconf 88' lang='lat' dir='ltr'><strong>ei</strong></span> <span class='ocrx_word' id='word_1_490' title='bbox 1266 4062 1680 4132; x_wconf 72' lang='lat' dir='ltr'><strong>bonaelectioui</strong></span> <span class='ocrx_word' id='word_1_491' title='bbox 1723 4061 1954 4132; x_wconf 56' lang='lat' dir='ltr'><strong>praetulit</strong></span> <span class='ocrx_word' id='word_1_492' title='bbox 1986 4080 2140 4121; x_wconf 87' lang='lat' dir='ltr'><strong>erro-</strong></span> 
     </span>
    </p>
   </div>
   <div class='ocr_carea' id='block_1_73' title="bbox 552 4130 2144 4204">
    <p class='ocr_par' dir='ltr' id='par_1_73' title="bbox 552 4130 2144 4204">
     <span class='ocr_line' id='line_1_73' title="bbox 552 4130 2144 4204; baseline 0.001 -15"><span class='ocrx_word' id='word_1_493' title='bbox 552 4150 709 4189; x_wconf 89' lang='lat' dir='ltr'><strong>ueam</strong></span> <span class='ocrx_word' id='word_1_494' title='bbox 742 4132 1157 4204; x_wconf 40' lang='lat' dir='ltr'><strong>qua-.exstatuin</strong></span> <span class='ocrx_word' id='word_1_495' title='bbox 1180 4130 1367 4204; x_wconf 83' lang='lat' dir='ltr'><strong>codice</strong></span> <span class='ocrx_word' id='word_1_496' title='bbox 1393 4130 1649 4204; x_wconf 84' lang='lat' dir='ltr'><strong>Thuano;</strong></span> <span class='ocrx_word' id='word_1_497' title='bbox 1700 4130 1752 4187; x_wconf 80' lang='lat' dir='ltr'><strong>in</strong></span> <span class='ocrx_word' id='word_1_498' title='bbox 1791 4149 1919 4204; x_wconf 89' lang='lat' dir='ltr'><strong>quo,</strong></span> <span class='ocrx_word' id='word_1_499' title='bbox 1945 4136 2144 4191; x_wconf 89' lang='lat' dir='ltr'><strong>omissa</strong></span> 
     </span>
    </p>
   </div>
   <div class='ocr_carea' id='block_1_74' title="bbox 554 4201 2144 4271">
    <p class='ocr_par' dir='ltr' id='par_1_74' title="bbox 554 4201 2144 4271">
     <span class='ocr_line' id='line_1_74' title="bbox 554 4201 2144 4271; baseline 0.002 -14"><span class='ocrx_word' id='word_1_500' title='bbox 554 4218 657 4257; x_wconf 83' lang='lat' dir='ltr'><strong>tina</strong></span> <span class='ocrx_word' id='word_1_501' title='bbox 690 4201 919 4257; x_wconf 86' lang='lat' dir='ltr'><strong>litterula</strong></span> <span class='ocrx_word' id='word_1_502' title='bbox 967 4216 997 4254; x_wconf 90' lang='lat' dir='ltr'><strong>a</strong></span> <span class='ocrx_word' id='word_1_503' title='bbox 1046 4201 1283 4271; x_wconf 85' lang='lat' dir='ltr'><strong>librario,</strong></span> <span class='ocrx_word' id='word_1_504' title='bbox 1331 4203 1585 4271; x_wconf 90' lang='lat' dir='ltr'><strong>scriptqu</strong></span> <span class='ocrx_word' id='word_1_505' title='bbox 1617 4212 1699 4257; x_wconf 88' lang='lat' dir='ltr'><strong>est</strong></span> <span class='ocrx_word' id='word_1_506' title='bbox 1730 4201 2000 4271; x_wconf 80' lang='lat' dir='ltr'><strong>promisca.</strong></span> <span class='ocrx_word' id='word_1_507' title='bbox 2041 4206 2144 4260; x_wconf 85' lang='lat' dir='ltr'><strong>Er-</strong></span> 
     </span>
    </p>
   </div>
   <div class='ocr_carea' id='block_1_75' title="bbox 552 4270 2149 4343">
    <p class='ocr_par' dir='ltr' id='par_1_75' title="bbox 552 4270 2149 4343">
     <span class='ocr_line' id='line_1_75' title="bbox 552 4270 2149 4343; baseline -0.001 -13"><span class='ocrx_word' id='word_1_508' title='bbox 552 4284 729 4330; x_wconf 84' lang='lat' dir='ltr'><strong>ratum</strong></span> <span class='ocrx_word' id='word_1_509' title='bbox 791 4285 870 4328; x_wconf 90' lang='lat' dir='ltr'><strong>est</strong></span> <span class='ocrx_word' id='word_1_510' title='bbox 918 4272 1078 4343; x_wconf 85' lang='lat' dir='ltr'><strong>igitur</strong></span> <span class='ocrx_word' id='word_1_511' title='bbox 1130 4270 1187 4343; x_wconf 83' lang='lat' dir='ltr'><strong>in</strong></span> <span class='ocrx_word' id='word_1_512' title='bbox 1229 4270 1464 4343; x_wconf 79' lang='lat' dir='ltr'><strong>editione</strong></span> <span class='ocrx_word' id='word_1_513' title='bbox 1520 4270 1832 4343; x_wconf 84' lang='lat' dir='ltr'><strong>Anglicaua,</strong></span> <span class='ocrx_word' id='word_1_514' title='bbox 1896 4276 1983 4329; x_wconf 91' lang='lat' dir='ltr'><strong>ubi</strong></span> <span class='ocrx_word' id='word_1_515' title='bbox 2036 4276 2149 4331; x_wconf 82' lang='lat' dir='ltr'><strong>atl—</strong></span> 
     </span>
    </p>
   </div>
   <div class='ocr_carea' id='block_1_76' title="bbox 553 4342 2146 4417">
    <p class='ocr_par' dir='ltr' id='par_1_76' title="bbox 553 4342 2146 4417">
     <span class='ocr_line' id='line_1_76' title="bbox 553 4342 2146 4417; baseline 0.001 -18"><span class='ocrx_word' id='word_1_516' title='bbox 553 4355 795 4399; x_wconf 83' lang='lat' dir='ltr'><strong>ttotatutn</strong></span> <span class='ocrx_word' id='word_1_517' title='bbox 839 4352 921 4398; x_wconf 86' lang='lat' dir='ltr'><strong>est</strong></span> <span class='ocrx_word' id='word_1_518' title='bbox 967 4342 1019 4396; x_wconf 89' lang='lat' dir='ltr'><strong>in</strong></span> <span class='ocrx_word' id='word_1_519' title='bbox 1075 4342 1261 4417; x_wconf 62' lang='lat' dir='ltr'><strong>codice</strong></span> <span class='ocrx_word' id='word_1_520' title='bbox 1301 4342 1532 4417; x_wconf 24' lang='lat' dir='ltr'><strong>_T_|tuaAno</strong></span> <span class='ocrx_word' id='word_1_521' title='bbox 1569 4342 1825 4417; x_wconf 75' lang='lat' dir='ltr'><strong>soriptuut</strong></span> <span class='ocrx_word' id='word_1_522' title='bbox 1873 4360 1990 4417; x_wconf 76' lang='lat' dir='ltr'><strong>esse</strong></span> <span class='ocrx_word' id='word_1_523' title='bbox 2022 4364 2146 4417; x_wconf 86' lang='lat' dir='ltr'><strong>pro-</strong></span> 
     </span>
    </p>
   </div>
   <div class='ocr_carea' id='block_1_77' title="bbox 553 4412 2151 4483">
    <p class='ocr_par' dir='ltr' id='par_1_77' title="bbox 553 4412 2151 4483">
     <span class='ocr_line' id='line_1_77' title="bbox 553 4412 2151 4483; baseline 0.003 -14"><span class='ocrx_word' id='word_1_524' title='bbox 553 4417 768 4478; x_wconf 86' lang='lat' dir='ltr'><strong>miscua,</strong></span> <span class='ocrx_word' id='word_1_525' title='bbox 801 4429 921 4469; x_wconf 91' lang='lat' dir='ltr'><strong>cum</strong></span> <span class='ocrx_word' id='word_1_526' title='bbox 949 4422 1133 4467; x_wconf 86' lang='lat' dir='ltr'><strong>contra</strong></span> <span class='ocrx_word' id='word_1_527' title='bbox 1164 4412 1424 4483; x_wconf 80' lang='lat' dir='ltr'><strong>Rigaltius</strong></span> <span class='ocrx_word' id='word_1_528' title='bbox 1454 4414 1506 4467; x_wconf 87' lang='lat' dir='ltr'><strong>itt</strong></span> <span class='ocrx_word' id='word_1_529' title='bbox 1539 4414 2003 4470; x_wconf 85' lang='lat' dir='ltr'><strong>observationibus</strong></span> <span class='ocrx_word' id='word_1_530' title='bbox 2022 4412 2151 4477; x_wconf 61' lang='lat' dir='ltr'><strong>&#39;suis</strong></span> 
     </span>
    </p>
   </div>
   <div class='ocr_carea' id='block_1_78' title="bbox 552 4483 2148 4554">
    <p class='ocr_par' dir='ltr' id='par_1_78' title="bbox 552 4483 2148 4554">
     <span class='ocr_line' id='line_1_78' title="bbox 552 4483 2148 4554; baseline -0.001 -13"><span class='ocrx_word' id='word_1_531' title='bbox 552 4487 817 4541; x_wconf 89' lang='lat' dir='ltr'><strong>rationem</strong></span> <span class='ocrx_word' id='word_1_532' title='bbox 875 4483 1171 4554; x_wconf 83' lang='lat' dir='ltr'><strong>reddiderit</strong></span> <span class='ocrx_word' id='word_1_533' title='bbox 1221 4499 1317 4538; x_wconf 92' lang='lat' dir='ltr'><strong>cur</strong></span> <span class='ocrx_word' id='word_1_534' title='bbox 1365 4485 1503 4540; x_wconf 88' lang='lat' dir='ltr'><strong>hanc</strong></span> <span class='ocrx_word' id='word_1_535' title='bbox 1552 4484 1832 4539; x_wconf 91' lang='lat' dir='ltr'><strong>lectionem</strong></span> <span class='ocrx_word' id='word_1_536' title='bbox 1878 4487 2148 4554; x_wconf 76' lang='lat' dir='ltr'><strong>reiecerit:</strong></span> 
     </span>
    </p>
   </div>
   <div class='ocr_carea' id='block_1_79' title="bbox 552 4553 2147 4625">
    <p class='ocr_par' dir='ltr' id='par_1_79' title="bbox 552 4553 2147 4625">
     <span class='ocr_line' id='line_1_79' title="bbox 552 4553 2147 4625; baseline 0.002 -18"><span class='ocrx_word' id='word_1_537' title='bbox 552 4556 709 4625; x_wconf 79' lang='lat' dir='ltr'><strong>Apud</strong></span> <span class='ocrx_word' id='word_1_538' title='bbox 759 4558 823 4609; x_wconf 84' lang='lat' dir='ltr'><strong>A.</strong></span> <span class='ocrx_word' id='word_1_539' title='bbox 860 4553 1095 4609; x_wconf 87' lang='lat' dir='ltr'><strong>Gellium</strong></span> <span class='ocrx_word' id='word_1_540' title='bbox 1138 4555 1332 4622; x_wconf 76' lang='lat' dir='ltr'><strong>legitur</strong></span> <span class='ocrx_word' id='word_1_541' title='bbox 1361 4554 1639 4622; x_wconf 82' lang='lat' dir='ltr'><strong>promisca,</strong></span> <span class='ocrx_word' id='word_1_542' title='bbox 1670 4553 2014 4625; x_wconf 83' lang='lat' dir='ltr'><strong>impromisca,</strong></span> <span class='ocrx_word' id='word_1_543' title='bbox 2058 4559 2147 4611; x_wconf 82' lang='lat' dir='ltr'><strong>im-</strong></span> 
     </span>
    </p>
   </div>
   <div class='ocr_carea' id='block_1_80' title="bbox 553 4624 2157 4696">
    <p class='ocr_par' dir='ltr' id='par_1_80' title="bbox 553 4624 2157 4696">
     <span class='ocr_line' id='line_1_80' title="bbox 553 4624 2157 4696; baseline 0.003 -17"><span class='ocrx_word' id='word_1_544' title='bbox 553 4624 806 4696; x_wconf 84' lang='lat' dir='ltr'><strong>promisce</strong></span> <span class='ocrx_word' id='word_1_545' title='bbox 858 4624 1429 4696; x_wconf 17' lang='lat' dir='ltr'><strong>itteditioueillenrici</strong></span> <span class='ocrx_word' id='word_1_546' title='bbox 1460 4624 1749 4694; x_wconf 81' lang='lat' dir='ltr'><strong>Stephani.</strong></span> <span class='ocrx_word' id='word_1_547' title='bbox 1772 4625 2024 4681; x_wconf 88' lang='lat' dir='ltr'><strong>Nicolaus</strong></span> <span class='ocrx_word' id='word_1_548' title='bbox 2054 4629 2157 4684; x_wconf 82' lang='lat' dir='ltr'><strong>l’e-</strong></span> 
     </span>
    </p>
   </div>
   <div class='ocr_carea' id='block_1_81' title="bbox 552 4694 2154 4766">
    <p class='ocr_par' dir='ltr' id='par_1_81' title="bbox 552 4694 2154 4766">
     <span class='ocr_line' id='line_1_81' title="bbox 552 4694 2154 4766; baseline 0 -14"><span class='ocrx_word' id='word_1_549' title='bbox 552 4694 727 4752; x_wconf 78' lang='lat' dir='ltr'><strong>rottus</strong></span> <span class='ocrx_word' id='word_1_550' title='bbox 766 4711 885 4765; x_wconf 87' lang='lat' dir='ltr'><strong>pag.</strong></span> <span class='ocrx_word' id='word_1_551' title='bbox 924 4694 1048 4759; x_wconf 77' lang='lat'><strong>7‘52,</strong></span> <span class='ocrx_word' id='word_1_552' title='bbox 1102 4695 1266 4761; x_wconf 80' lang='grc'><strong>1185,</strong></span> <span class='ocrx_word' id='word_1_553' title='bbox 1316 4695 1536 4766; x_wconf 74' lang='lat' dir='ltr'><strong>adoptat</strong></span> <span class='ocrx_word' id='word_1_554' title='bbox 1584 4706 1793 4751; x_wconf 86' lang='lat' dir='ltr'><strong>veteres</strong></span> <span class='ocrx_word' id='word_1_555' title='bbox 1850 4700 2154 4766; x_wconf 84' lang='lat' dir='ltr'><strong>promiscam</strong></span> 
     </span>
    </p>
   </div>
   <div class='ocr_carea' id='block_1_82' title="bbox 556 4764 2156 4837">
    <p class='ocr_par' dir='ltr' id='par_1_82' title="bbox 556 4764 2156 4837">
     <span class='ocr_line' id='line_1_82' title="bbox 556 4764 2156 4837; baseline 0.006 -22"><span class='ocrx_word' id='word_1_556' title='bbox 556 4782 654 4835; x_wconf 85' lang='lat' dir='ltr'><strong>pro</strong></span> <span class='ocrx_word' id='word_1_557' title='bbox 710 4766 991 4837; x_wconf 81' lang='lat' dir='ltr'><strong>promiscue</strong></span> <span class='ocrx_word' id='word_1_558' title='bbox 1040 4767 1342 4835; x_wconf 84' lang='lat' dir='ltr'><strong>scripsisse.</strong></span> <span class='ocrx_word' id='word_1_559' title='bbox 1384 4764 1667 4837; x_wconf 81' lang='lat' dir='ltr'><strong>Promisce</strong></span> <span class='ocrx_word' id='word_1_560' title='bbox 1705 4767 1804 4836; x_wconf 89' lang='lat' dir='ltr'><strong>legi</strong></span> <span class='ocrx_word' id='word_1_561' title='bbox 1851 4764 1997 4836; x_wconf 82' lang='lat' dir='ltr'><strong>apud</strong></span> <span class='ocrx_word' id='word_1_562' title='bbox 2044 4769 2156 4824; x_wconf 77' lang='lat' dir='ltr'><strong>Ma-</strong></span> 
     </span>
    </p>
   </div>
   <div class='ocr_carea' id='block_1_83' title="bbox 553 4836 2112 4907">
    <p class='ocr_par' dir='ltr' id='par_1_83' title="bbox 553 4836 2112 4907">
     <span class='ocr_line' id='line_1_83' title="bbox 553 4836 2112 4907; baseline 0.001 -14"><span class='ocrx_word' id='word_1_563' title='bbox 553 4836 794 4893; x_wconf 88' lang='lat' dir='ltr'><strong>crobium</strong></span> <span class='ocrx_word' id='word_1_564' title='bbox 819 4851 916 4903; x_wconf 85' lang='lat' dir='ltr'><strong>pro</strong></span> <span class='ocrx_word' id='word_1_565' title='bbox 943 4837 1225 4907; x_wconf 81' lang='lat' dir='ltr'><strong>promiscue</strong></span> <span class='ocrx_word' id='word_1_566' title='bbox 1251 4838 1301 4889; x_wconf 90' lang='lat' dir='ltr'><strong>itt</strong></span> <span class='ocrx_word' id='word_1_567' title='bbox 1330 4836 1563 4891; x_wconf 89' lang='lat' dir='ltr'><strong>editione</strong></span> <span class='ocrx_word' id='word_1_568' title='bbox 1592 4838 1803 4891; x_wconf 75' lang='lat' dir='ltr'><strong>llettriei</strong></span> <span class='ocrx_word' id='word_1_569' title='bbox 1834 4837 2112 4906; x_wconf 83' lang='lat' dir='ltr'><strong>Stephani.</strong></span> 
     </span>
    </p>
   </div>
   <div class='ocr_carea' id='block_1_84' title="bbox 625 4906 2154 4979">
    <p class='ocr_par' dir='ltr' id='par_1_84' title="bbox 625 4906 2154 4979">
     <span class='ocr_line' id='line_1_84' title="bbox 625 4906 2154 4979; baseline 0.004 -19"><span class='ocrx_word' id='word_1_570' title='bbox 625 4907 827 4979; x_wconf 81' lang='lat' dir='ltr'><strong>Lingua</strong></span> <span class='ocrx_word' id='word_1_571' title='bbox 877 4923 990 4973; x_wconf 79' lang='lat' dir='ltr'><strong>qua:</strong></span> <span class='ocrx_word' id='word_1_572' title='bbox 1037 4906 1319 4979; x_wconf 84' lang='lat' dir='ltr'><strong>Christum.</strong></span> <span class='ocrx_word' id='word_1_573' title='bbox 1381 4907 1523 4979; x_wconf 77' lang='lat' dir='ltr'><strong>Ideni</strong></span> <span class='ocrx_word' id='word_1_574' title='bbox 1571 4908 1868 4979; x_wconf 73' lang='lat' dir='ltr'><strong>Cyprianus</strong></span> <span class='ocrx_word' id='word_1_575' title='bbox 1911 4909 1962 4962; x_wconf 89' lang='lat' dir='ltr'><strong>itt</strong></span> <span class='ocrx_word' id='word_1_576' title='bbox 2016 4910 2154 4965; x_wconf 92' lang='lat' dir='ltr'><strong>libro</strong></span> 
     </span>
    </p>
   </div>
   <div class='ocr_carea' id='block_1_85' title="bbox 553 4977 2154 5049">
    <p class='ocr_par' dir='ltr' id='par_1_85' title="bbox 553 4977 2154 5049">
     <span class='ocr_line' id='line_1_85' title="bbox 553 4977 2154 5049; baseline 0.002 -17"><span class='ocrx_word' id='word_1_577' title='bbox 553 4979 622 5032; x_wconf 84' lang='lat' dir='ltr'><strong>de</strong></span> <span class='ocrx_word' id='word_1_578' title='bbox 645 4977 1035 5033; x_wconf 26' lang='lat' dir='ltr'><strong>Ex‘ltortatioue</strong></span> <span class='ocrx_word' id='word_1_579' title='bbox 1055 4977 1292 5049; x_wconf 66' lang='lat' dir='ltr'><strong>martyrii</strong></span> <span class='ocrx_word' id='word_1_580' title='bbox 1313 4990 1430 5049; x_wconf 84' lang='lat' dir='ltr'><strong>cap.</strong></span> <span class='ocrx_word' id='word_1_581' title='bbox 1463 4978 1523 5031; x_wconf 83' lang='grc' dir='ltr'>Η</span> <span class='ocrx_word' id='word_1_582' title='bbox 1549 4994 1562 5029; x_wconf 92' lang='lat'>:</span> <span class='ocrx_word' id='word_1_583' title='bbox 1595 4977 1857 5049; x_wconf 79' lang='lat' dir='ltr'><strong>f’roducta</strong></span> <span class='ocrx_word' id='word_1_584' title='bbox 1883 4988 1929 5031; x_wconf 89' lang='lat' dir='ltr'><strong>et</strong></span> <span class='ocrx_word' id='word_1_585' title='bbox 1956 4991 2154 5035; x_wconf 70' lang='lat' dir='ltr'><strong>exsecta</strong></span> 
     </span>
    </p>
   </div>
   <div class='ocr_carea' id='block_1_86' title="bbox 555 5046 2149 5119">
    <p class='ocr_par' dir='ltr' id='par_1_86' title="bbox 555 5046 2149 5119">
     <span class='ocr_line' id='line_1_86' title="bbox 555 5046 2149 5119; baseline 0.003 -18"><span class='ocrx_word' id='word_1_586' title='bbox 555 5052 698 5119; x_wconf 87' lang='lat' dir='ltr'><strong>prius</strong></span> <span class='ocrx_word' id='word_1_587' title='bbox 745 5049 921 5117; x_wconf 86' lang='lat' dir='ltr'><strong>lingua</strong></span> <span class='ocrx_word' id='word_1_588' title='bbox 964 5063 1079 5115; x_wconf 78' lang='lat' dir='ltr'><strong>qua:</strong></span> <span class='ocrx_word' id='word_1_589' title='bbox 1104 5046 1344 5116; x_wconf 76' lang='lat' dir='ltr'><strong>confessa</strong></span> <span class='ocrx_word' id='word_1_590' title='bbox 1383 5046 1547 5101; x_wconf 84' lang='lat' dir='ltr'><strong>Deum</strong></span> <span class='ocrx_word' id='word_1_591' title='bbox 1578 5048 1760 5116; x_wconf 79' lang='lat' dir='ltr'><strong>fuerat.</strong></span> <span class='ocrx_word' id='word_1_592' title='bbox 1798 5048 2017 5116; x_wconf 84' lang='lat' dir='ltr'><strong>Plinius,</strong></span> <span class='ocrx_word' id='word_1_593' title='bbox 2053 5052 2149 5106; x_wconf 88' lang='lat' dir='ltr'><strong>lib.</strong></span> 
     </span>
    </p>
   </div>
   <div class='ocr_carea' id='block_1_87' title="bbox 556 5118 2152 5189">
    <p class='ocr_par' dir='ltr' id='par_1_87' title="bbox 556 5118 2152 5189">
     <span class='ocr_line' id='line_1_87' title="bbox 556 5118 2152 5189; baseline 0.002 -17"><span class='ocrx_word' id='word_1_594' title='bbox 556 5118 653 5179; x_wconf 79' lang='lat' dir='ltr'><strong>vlt.</strong></span> <span class='ocrx_word' id='word_1_595' title='bbox 680 5134 798 5189; x_wconf 84' lang='lat' dir='ltr'><strong>cap.</strong></span> <span class='ocrx_word' id='word_1_596' title='bbox 823 5119 895 5173; x_wconf 75' lang='lat'><strong>25</strong></span> <span class='ocrx_word' id='word_1_597' title='bbox 924 5135 937 5171; x_wconf 89' lang='lat'><strong>:</strong></span> <span class='ocrx_word' id='word_1_598' title='bbox 970 5118 1305 5171; x_wconf 74' lang='lat' dir='ltr'><strong>Anaxarchus</strong></span> <span class='ocrx_word' id='word_1_599' title='bbox 1351 5133 1466 5170; x_wconf 88' lang='lat' dir='ltr'><strong>cum</strong></span> <span class='ocrx_word' id='word_1_600' title='bbox 1506 5128 1818 5187; x_wconf 71' lang='lat' dir='ltr'><strong>torqueretur</strong></span> <span class='ocrx_word' id='word_1_601' title='bbox 1837 5160 1853 5186; x_wconf 92' lang='lat'><strong>,</strong></span> <span class='ocrx_word' id='word_1_602' title='bbox 1885 5122 2152 5185; x_wconf 77' lang='lat' dir='ltr'><strong>prtucisaut</strong></span> 
     </span>
    </p>
   </div>
   <div class='ocr_carea' id='block_1_88' title="bbox 554 5189 2150 5260">
    <p class='ocr_par' dir='ltr' id='par_1_88' title="bbox 554 5189 2150 5260">
     <span class='ocr_line' id='line_1_88' title="bbox 554 5189 2150 5260; baseline 0.003 -17"><span class='ocrx_word' id='word_1_603' title='bbox 554 5190 787 5244; x_wconf 80' lang='lat' dir='ltr'><strong>dentibus</strong></span> <span class='ocrx_word' id='word_1_604' title='bbox 817 5189 1051 5260; x_wconf 72' lang='lat' dir='ltr'><strong>linguam</strong></span> <span class='ocrx_word' id='word_1_605' title='bbox 1086 5203 1336 5260; x_wconf 81' lang='lat' dir='ltr'><strong>unamque</strong></span> <span class='ocrx_word' id='word_1_606' title='bbox 1380 5203 1524 5260; x_wconf 79' lang='lat' dir='ltr'><strong>opem</strong></span> <span class='ocrx_word' id='word_1_607' title='bbox 1549 5189 1745 5260; x_wconf 76' lang='lat' dir='ltr'><strong>iudicii</strong></span> <span class='ocrx_word' id='word_1_608' title='bbox 1783 5190 1836 5242; x_wconf 86' lang='lat' dir='ltr'><strong>in</strong></span> <span class='ocrx_word' id='word_1_609' title='bbox 1863 5193 2067 5260; x_wconf 80' lang='lat' dir='ltr'><strong>tyranni</strong></span> <span class='ocrx_word' id='word_1_610' title='bbox 2093 5209 2150 5249; x_wconf 84' lang='lat' dir='ltr'><strong>os</strong></span> 
     </span>
    </p>
   </div>
   <div class='ocr_carea' id='block_1_89' title="bbox 554 5258 2151 5331">
    <p class='ocr_par' dir='ltr' id='par_1_89' title="bbox 554 5258 2151 5331">
     <span class='ocr_line' id='line_1_89' title="bbox 554 5258 2151 5331; baseline 0.002 -17"><span class='ocrx_word' id='word_1_611' title='bbox 554 5261 749 5331; x_wconf 74' lang='lat' dir='ltr'><strong>expuit.</strong></span> <span class='ocrx_word' id='word_1_612' title='bbox 813 5258 1070 5331; x_wconf 81' lang='lat' dir='ltr'><strong>Eatudem</strong></span> <span class='ocrx_word' id='word_1_613' title='bbox 1127 5258 1408 5331; x_wconf 72' lang='lat' dir='ltr'><strong>historiam</strong></span> <span class='ocrx_word' id='word_1_614' title='bbox 1452 5258 1646 5331; x_wconf 68' lang='lat' dir='ltr'><strong>iusius</strong></span> <span class='ocrx_word' id='word_1_615' title='bbox 1686 5260 1852 5331; x_wconf 83' lang='lat' dir='ltr'><strong>refert</strong></span> <span class='ocrx_word' id='word_1_616' title='bbox 1884 5258 2151 5318; x_wconf 20' lang='lat' dir='ltr'><strong>iValerius</strong></span> 
     </span>
    </p>
   </div>
   <div class='ocr_carea' id='block_1_90' title="bbox 551 5328 2145 5400">
    <p class='ocr_par' dir='ltr' id='par_1_90' title="bbox 551 5328 2145 5400">
     <span class='ocr_line' id='line_1_90' title="bbox 551 5328 2145 5400; baseline 0.002 -14"><span class='ocrx_word' id='word_1_617' title='bbox 551 5328 817 5386; x_wconf 72' lang='lat' dir='ltr'><strong>Ilaxitnus</strong></span> <span class='ocrx_word' id='word_1_618' title='bbox 846 5330 939 5385; x_wconf 90' lang='lat' dir='ltr'><strong>lib.</strong></span> <span class='ocrx_word' id='word_1_619' title='bbox 982 5346 1060 5392; x_wconf 88' lang='lat' dir='ltr'><strong>ut.</strong></span> <span class='ocrx_word' id='word_1_620' title='bbox 1093 5344 1212 5400; x_wconf 75' lang='lat' dir='ltr'><strong>Cap.</strong></span> <span class='ocrx_word' id='word_1_621' title='bbox 1255 5330 1309 5385; x_wconf 81' lang='lat'><strong>5.</strong></span> <span class='ocrx_word' id='word_1_622' title='bbox 1370 5328 1502 5384; x_wconf 81' lang='lat' dir='ltr'><strong>Vide</strong></span> <span class='ocrx_word' id='word_1_623' title='bbox 1554 5328 1847 5399; x_wconf 84' lang='lat' dir='ltr'><strong>Cujacitun,</strong></span> <span class='ocrx_word' id='word_1_624' title='bbox 1908 5331 2001 5388; x_wconf 92' lang='lat' dir='ltr'><strong>lib.</strong></span> <span class='ocrx_word' id='word_1_625' title='bbox 2049 5349 2145 5389; x_wconf 74' lang='lat' dir='ltr'><strong>XIX</strong></span> 
     </span>
    </p>
   </div>
   <div class='ocr_carea' id='block_1_91' title="bbox 555 5402 1080 5470">
    <p class='ocr_par' dir='ltr' id='par_1_91' title="bbox 555 5402 1080 5470">
     <span class='ocr_line' id='line_1_91' title="bbox 555 5402 1080 5470; baseline -0.002 -16"><span class='ocrx_word' id='word_1_626' title='bbox 555 5402 820 5455; x_wconf 80' lang='lat' dir='ltr'><strong>Observat.</strong></span> <span class='ocrx_word' id='word_1_627' title='bbox 858 5416 980 5470; x_wconf 84' lang='lat' dir='ltr'><strong>cap.</strong></span> <span class='ocrx_word' id='word_1_628' title='bbox 1027 5404 1080 5456; x_wconf 80' lang='grc'><strong>6.</strong></span> 
     </span>
    </p>
   </div>
   <div class='ocr_carea' id='block_1_92' title="bbox 624 5469 2147 5543">
    <p class='ocr_par' dir='ltr' id='par_1_92' title="bbox 624 5469 2147 5543">
     <span class='ocr_line' id='line_1_92' title="bbox 624 5469 2147 5543; baseline 0.001 -15"><span class='ocrx_word' id='word_1_629' title='bbox 624 5472 714 5528; x_wconf 87' lang='lat' dir='ltr'><strong>Vl.</strong></span> <span class='ocrx_word' id='word_1_630' title='bbox 732 5469 888 5543; x_wconf 76' lang='lat' dir='ltr'><strong>—Et</strong></span> <span class='ocrx_word' id='word_1_631' title='bbox 913 5469 1215 5542; x_wconf 73' lang='lat' dir='ltr'><strong>quamquam</strong></span> <span class='ocrx_word' id='word_1_632' title='bbox 1241 5471 1392 5526; x_wconf 83' lang='lat' dir='ltr'><strong>clero.</strong></span> <span class='ocrx_word' id='word_1_633' title='bbox 1419 5470 1721 5528; x_wconf 76' lang='lat' dir='ltr'><strong>TatnrneLsi</strong></span> <span class='ocrx_word' id='word_1_634' title='bbox 1750 5471 2029 5541; x_wconf 66' lang='lat' dir='ltr'><strong>Rigaltius,</strong></span> <span class='ocrx_word' id='word_1_635' title='bbox 2055 5474 2147 5543; x_wconf 89' lang='lat' dir='ltr'><strong>qtti</strong></span> 
     </span>
    </p>
   </div>
   <div class='ocr_carea' id='block_1_93' title="bbox 591 5542 2146 5613">
    <p class='ocr_par' dir='ltr' id='par_1_93' title="bbox 591 5542 2146 5613">
     <span class='ocr_line' id='line_1_93' title="bbox 591 5542 2146 5613; baseline 0.001 -15"><span class='ocrx_word' id='word_1_636' title='bbox 591 5544 758 5599; x_wconf 90' lang='lat' dir='ltr'><strong>rimus</strong></span> <span class='ocrx_word' id='word_1_637' title='bbox 820 5542 924 5613; x_wconf 86' lang='lat' dir='ltr'><strong>hoc</strong></span> <span class='ocrx_word' id='word_1_638' title='bbox 975 5551 1309 5613; x_wconf 84' lang='lat' dir='ltr'><strong>segmentum</strong></span> <span class='ocrx_word' id='word_1_639' title='bbox 1362 5543 1563 5611; x_wconf 86' lang='lat' dir='ltr'><strong>reperit</strong></span> <span class='ocrx_word' id='word_1_640' title='bbox 1615 5544 1666 5596; x_wconf 94' lang='lat' dir='ltr'><strong>iu</strong></span> <span class='ocrx_word' id='word_1_641' title='bbox 1718 5544 1907 5599; x_wconf 88' lang='lat' dir='ltr'><strong>codice</strong></span> <span class='ocrx_word' id='word_1_642' title='bbox 1975 5542 2146 5601; x_wconf 88' lang='lat' dir='ltr'><strong>sancti</strong></span> 
     </span>
    </p>
   </div>
   <div class='ocr_carea' id='block_1_94' title="bbox 603 5612 2145 5684">
    <p class='ocr_par' dir='ltr' id='par_1_94' title="bbox 603 5612 2145 5684">
     <span class='ocr_line' id='line_1_94' title="bbox 603 5612 2145 5684; baseline 0.001 -15"><span class='ocrx_word' id='word_1_643' title='bbox 603 5612 978 5684; x_wconf 88' lang='lat' dir='ltr'><strong>emigii,illud</strong></span> <span class='ocrx_word' id='word_1_644' title='bbox 1032 5612 1153 5667; x_wconf 87' lang='lat' dir='ltr'><strong>eum</strong></span> <span class='ocrx_word' id='word_1_645' title='bbox 1198 5614 1310 5680; x_wconf 85' lang='lat' dir='ltr'><strong>ipsa</strong></span> <span class='ocrx_word' id='word_1_646' title='bbox 1337 5614 1563 5683; x_wconf 86' lang='lat' dir='ltr'><strong>cpistola</strong></span> <span class='ocrx_word' id='word_1_647' title='bbox 1608 5628 1714 5667; x_wconf 91' lang='lat' dir='ltr'><strong>non</strong></span> <span class='ocrx_word' id='word_1_648' title='bbox 1756 5614 2016 5681; x_wconf 87' lang='lat' dir='ltr'><strong>ediderit,</strong></span> <span class='ocrx_word' id='word_1_649' title='bbox 2051 5615 2145 5671; x_wconf 89' lang='lat' dir='ltr'><strong>sed</strong></span> 
     </span>
    </p>
   </div>
   <div class='ocr_carea' id='block_1_95' title="bbox 549 5683 2145 5756">
    <p class='ocr_par' dir='ltr' id='par_1_95' title="bbox 549 5683 2145 5756">
     <span class='ocr_line' id='line_1_95' title="bbox 549 5683 2145 5756; baseline 0.001 -16"><span class='ocrx_word' id='word_1_650' title='bbox 549 5683 797 5756; x_wconf 81' lang='lat' dir='ltr'><strong>retulerit</strong></span> <span class='ocrx_word' id='word_1_651' title='bbox 826 5683 966 5756; x_wconf 89' lang='lat' dir='ltr'><strong>inter</strong></span> <span class='ocrx_word' id='word_1_652' title='bbox 992 5684 1430 5756; x_wconf 74' lang='lat' dir='ltr'><strong>observationes;</strong></span> <span class='ocrx_word' id='word_1_653' title='bbox 1466 5685 1744 5756; x_wconf 82' lang='lat' dir='ltr'><strong>tamenetsi</strong></span> <span class='ocrx_word' id='word_1_654' title='bbox 1774 5685 1930 5756; x_wconf 86' lang='lat' dir='ltr'><strong>Angli</strong></span> <span class='ocrx_word' id='word_1_655' title='bbox 1974 5687 2145 5742; x_wconf 90' lang='lat' dir='ltr'><strong>secuti</strong></span> 
     </span>
    </p>
   </div>
   <div class='ocr_carea' id='block_1_96' title="bbox 549 5753 2142 5827">
    <p class='ocr_par' dir='ltr' id='par_1_96' title="bbox 549 5753 2142 5827">
     <span class='ocr_line' id='line_1_96' title="bbox 549 5753 2142 5827; baseline 0.002 -18"><span class='ocrx_word' id='word_1_656' title='bbox 549 5754 661 5809; x_wconf 86' lang='lat' dir='ltr'><strong>sint</strong></span> <span class='ocrx_word' id='word_1_657' title='bbox 696 5753 1004 5827; x_wconf 55' lang='lat' dir='ltr'><strong>exemplum</strong></span> <span class='ocrx_word' id='word_1_658' title='bbox 1027 5826 1033 5827; x_wconf 14' lang='grc' dir='ltr'>ί</span> <span class='ocrx_word' id='word_1_659' title='bbox 1055 5754 1291 5827; x_wconf 81' lang='lat' dir='ltr'><strong>Rigaltii,</strong></span> <span class='ocrx_word' id='word_1_660' title='bbox 1335 5769 1456 5827; x_wconf 64' lang='lat' dir='ltr'><strong>ego</strong></span> <span class='ocrx_word' id='word_1_661' title='bbox 1479 5754 1604 5808; x_wconf 89' lang='lat' dir='ltr'><strong>illud</strong></span> <span class='ocrx_word' id='word_1_662' title='bbox 1633 5755 1835 5827; x_wconf 85' lang='lat' dir='ltr'><strong>attexui</strong></span> <span class='ocrx_word' id='word_1_663' title='bbox 1867 5753 2142 5827; x_wconf 67' lang='lat' dir='ltr'><strong>epistolae,</strong></span> 
     </span>
    </p>
   </div>
   <div class='ocr_carea' id='block_1_97' title="bbox 549 5823 2141 5900">
    <p class='ocr_par' dir='ltr' id='par_1_97' title="bbox 549 5823 2141 5900">
     <span class='ocr_line' id='line_1_97' title="bbox 549 5823 2141 5900; baseline 0.003 -18"><span class='ocrx_word' id='word_1_664' title='bbox 549 5823 927 5891; x_wconf 79' lang='lat' dir='ltr'><strong>nondubitaits</strong></span> <span class='ocrx_word' id='word_1_665' title='bbox 948 5826 1080 5900; x_wconf 87' lang='lat' dir='ltr'><strong>quin</strong></span> <span class='ocrx_word' id='word_1_666' title='bbox 1113 5826 1184 5881; x_wconf 86' lang='lat' dir='ltr'><strong>sit</strong></span> <span class='ocrx_word' id='word_1_667' title='bbox 1208 5823 1478 5898; x_wconf 82' lang='lat' dir='ltr'><strong>Cypriani,</strong></span> <span class='ocrx_word' id='word_1_668' title='bbox 1520 5826 1764 5899; x_wconf 89' lang='lat' dir='ltr'><strong>quamvis</strong></span> <span class='ocrx_word' id='word_1_669' title='bbox 1793 5826 1846 5893; x_wconf 87' lang='lat' dir='ltr'><strong>in</strong></span> <span class='ocrx_word' id='word_1_670' title='bbox 1889 5823 1997 5886; x_wconf 82' lang='lat' dir='ltr'><strong>uno</strong></span> <span class='ocrx_word' id='word_1_671' title='bbox 2024 5823 2141 5887; x_wconf 51' lang='lat' dir='ltr'><strong>tau;</strong></span> 
     </span>
    </p>
   </div>
   <div class='ocr_carea' id='block_1_98' title="bbox 2249 3282 3847 3353">
    <p class='ocr_par' dir='ltr' id='par_1_98' title="bbox 2249 3282 3847 3353">
     <span class='ocr_line' id='line_1_98' title="bbox 2249 3282 3847 3353; baseline -0.004 -8"><span class='ocrx_word' id='word_1_672' title='bbox 2249 3297 2360 3345; x_wconf 88' lang='lat' dir='ltr'><strong>tum</strong></span> <span class='ocrx_word' id='word_1_673' title='bbox 2389 3286 2553 3344; x_wconf 85' lang='lat' dir='ltr'><strong>veteri</strong></span> <span class='ocrx_word' id='word_1_674' title='bbox 2604 3285 2742 3341; x_wconf 87' lang='lat' dir='ltr'><strong>libro</strong></span> <span class='ocrx_word' id='word_1_675' title='bbox 2796 3290 3065 3353; x_wconf 88' lang='lat' dir='ltr'><strong>repertum</strong></span> <span class='ocrx_word' id='word_1_676' title='bbox 3118 3283 3206 3338; x_wconf 91' lang='lat' dir='ltr'><strong>sit.</strong></span> <span class='ocrx_word' id='word_1_677' title='bbox 3248 3282 3573 3338; x_wconf 81' lang='lat' dir='ltr'><strong>Reiuhartus</strong></span> <span class='ocrx_word' id='word_1_678' title='bbox 3624 3298 3728 3338; x_wconf 89' lang='lat' dir='ltr'><strong>non</strong></span> <span class='ocrx_word' id='word_1_679' title='bbox 3762 3291 3847 3339; x_wconf 84' lang='lat' dir='ltr'><strong>at-</strong></span> 
     </span>
    </p>
   </div>
   <div class='ocr_carea' id='block_1_99' title="bbox 2248 3354 3852 3427">
    <p class='ocr_par' dir='ltr' id='par_1_99' title="bbox 2248 3354 3852 3427">
     <span class='ocr_line' id='line_1_99' title="bbox 2248 3354 3852 3427; baseline -0.004 -11"><span class='ocrx_word' id='word_1_680' title='bbox 2248 3360 2427 3416; x_wconf 78' lang='lat' dir='ltr'><strong>texuit</strong></span> <span class='ocrx_word' id='word_1_681' title='bbox 2465 3357 2740 3427; x_wconf 83' lang='lat' dir='ltr'><strong>epistolae,</strong></span> <span class='ocrx_word' id='word_1_682' title='bbox 2778 3356 2873 3410; x_wconf 87' lang='lat' dir='ltr'><strong>sed</strong></span> <span class='ocrx_word' id='word_1_683' title='bbox 2901 3354 3104 3427; x_wconf 89' lang='lat' dir='ltr'><strong>addidit</strong></span> <span class='ocrx_word' id='word_1_684' title='bbox 3130 3355 3181 3427; x_wconf 77' lang='lat' dir='ltr'><strong>in</strong></span> <span class='ocrx_word' id='word_1_685' title='bbox 3225 3357 3397 3427; x_wconf 72' lang='lat' dir='ltr'><strong>calce,</strong></span> <span class='ocrx_word' id='word_1_686' title='bbox 3426 3354 3724 3411; x_wconf 88' lang='lat' dir='ltr'><strong>admonens</strong></span> <span class='ocrx_word' id='word_1_687' title='bbox 3753 3355 3852 3409; x_wconf 81' lang='lat' dir='ltr'><strong>Ri-</strong></span> 
     </span>
    </p>
   </div>
   <div class='ocr_carea' id='block_1_100' title="bbox 2247 3425 3420 3502">
    <p class='ocr_par' dir='ltr' id='par_1_100' title="bbox 2247 3425 3420 3502">
     <span class='ocr_line' id='line_1_100' title="bbox 2247 3425 3420 3502; baseline -0.002 -20"><span class='ocrx_word' id='word_1_688' title='bbox 2247 3431 2466 3502; x_wconf 84' lang='lat' dir='ltr'><strong>galtium</strong></span> <span class='ocrx_word' id='word_1_689' title='bbox 2501 3425 2751 3502; x_wconf 67' lang='lat' dir='ltr'><strong>edidisse</strong></span> <span class='ocrx_word' id='word_1_690' title='bbox 2797 3442 2866 3481; x_wconf 82' lang='lat' dir='ltr'><strong>ex</strong></span> <span class='ocrx_word' id='word_1_691' title='bbox 2881 3498 2888 3502; x_wconf 91' lang='lat'>_</span> <span class='ocrx_word' id='word_1_692' title='bbox 2900 3426 3089 3502; x_wconf 73' lang='lat' dir='ltr'><strong>codice</strong></span> <span class='ocrx_word' id='word_1_693' title='bbox 3111 3496 3122 3502; x_wconf 86' lang='lat'>_</span> <span class='ocrx_word' id='word_1_694' title='bbox 3145 3425 3420 3502; x_wconf 78' lang='lat' dir='ltr'><strong>Remeusi.</strong></span> 
     </span>
    </p>
   </div>
   <div class='ocr_carea' id='block_1_101' title="bbox 2320 3496 3852 3570">
    <p class='ocr_par' dir='ltr' id='par_1_101' title="bbox 2320 3496 3852 3570">
     <span class='ocr_line' id='line_1_101' title="bbox 2320 3496 3852 3570; baseline -0.003 -15"><span class='ocrx_word' id='word_1_695' title='bbox 2320 3500 2654 3570; x_wconf 85' lang='lat' dir='ltr'><strong>Sumpliculis</strong></span> <span class='ocrx_word' id='word_1_696' title='bbox 2718 3498 2955 3566; x_wconf 67' lang='lat' dir='ltr'><strong>promis.</strong></span> <span class='ocrx_word' id='word_1_697' title='bbox 3017 3496 3148 3570; x_wconf 21' lang='lat' dir='ltr'><strong>AYelA</strong></span> <span class='ocrx_word' id='word_1_698' title='bbox 3190 3498 3578 3570; x_wconf 64' lang='lat' dir='ltr'><strong>dequantitalg</strong></span> <span class='ocrx_word' id='word_1_699' title='bbox 3622 3497 3852 3570; x_wconf 80' lang='lat' dir='ltr'><strong>propria,</strong></span> 
     </span>
    </p>
   </div>
   <div class='ocr_carea' id='block_1_102' title="bbox 2247 3566 3853 3640">
    <p class='ocr_par' dir='ltr' id='par_1_102' title="bbox 2247 3566 3853 3640">
     <span class='ocr_line' id='line_1_102' title="bbox 2247 3566 3853 3640; baseline -0.003 -13"><span class='ocrx_word' id='word_1_700' title='bbox 2247 3582 2308 3627; x_wconf 89' lang='lat' dir='ltr'><strong>ttt</strong></span> <span class='ocrx_word' id='word_1_701' title='bbox 2328 3572 2380 3625; x_wconf 93' lang='lat' dir='ltr'><strong>in</strong></span> <span class='ocrx_word' id='word_1_702' title='bbox 2401 3566 2639 3640; x_wconf 83' lang='lat' dir='ltr'><strong>Epistula</strong></span> <span class='ocrx_word' id='word_1_703' title='bbox 2657 3584 2838 3633; x_wconf 74' lang='lat' dir='ltr'><strong>xxxvn,</strong></span> <span class='ocrx_word' id='word_1_704' title='bbox 2860 3584 2983 3640; x_wconf 84' lang='lat' dir='ltr'><strong>pag.</strong></span> <span class='ocrx_word' id='word_1_705' title='bbox 3004 3567 3111 3640; x_wconf 20' lang='lat' dir='ltr'><strong>49A,</strong></span> <span class='ocrx_word' id='word_1_706' title='bbox 3137 3567 3372 3640; x_wconf 79' lang='lat' dir='ltr'><strong>loquitur</strong></span> <span class='ocrx_word' id='word_1_707' title='bbox 3404 3568 3514 3640; x_wconf 83' lang='lat' dir='ltr'><strong>ipse</strong></span> <span class='ocrx_word' id='word_1_708' title='bbox 3531 3566 3853 3639; x_wconf 85' lang='lat' dir='ltr'><strong>Cyprianus,</strong></span> 
     </span>
    </p>
   </div>
   <div class='ocr_carea' id='block_1_103' title="bbox 2246 3583 3854 3709">
    <p class='ocr_par' dir='ltr' id='par_1_103' title="bbox 2246 3583 3854 3709">
     <span class='ocr_line' id='line_1_103' title="bbox 2247 3583 3853 3692; baseline -0.003 -65"><span class='ocrx_word' id='word_1_709' title='bbox 2247 3583 2308 3627; x_wconf 90' lang='lat' dir='ltr'><strong>ttt</strong></span> <span class='ocrx_word' id='word_1_710' title='bbox 2328 3588 2380 3625; x_wconf 85' lang='lat' dir='ltr'><strong>in</strong></span> <span class='ocrx_word' id='word_1_711' title='bbox 2401 3583 2639 3640; x_wconf 70' lang='lat' dir='ltr'><strong>EptSlOla</strong></span> <span class='ocrx_word' id='word_1_712' title='bbox 2657 3584 2838 3633; x_wconf 75' lang='lat' dir='ltr'><strong>xxxvn,</strong></span> <span class='ocrx_word' id='word_1_713' title='bbox 2860 3584 2983 3640; x_wconf 86' lang='lat' dir='ltr'><strong>pag.</strong></span> <span class='ocrx_word' id='word_1_714' title='bbox 3004 3583 3074 3623; x_wconf 71' lang='lat' dir='ltr'><strong>au</strong></span> <span class='ocrx_word' id='word_1_715' title='bbox 3096 3609 3111 3631; x_wconf 86' lang='lat'><strong>,</strong></span> <span class='ocrx_word' id='word_1_716' title='bbox 3138 3583 3372 3692; x_wconf 77' lang='lat' dir='ltr'><strong>loquitur</strong></span> <span class='ocrx_word' id='word_1_717' title='bbox 3404 3584 3514 3634; x_wconf 84' lang='lat' dir='ltr'><strong>ipse</strong></span> <span class='ocrx_word' id='word_1_718' title='bbox 3531 3583 3853 3639; x_wconf 69' lang='lat' dir='ltr'><strong>byprtauus,</strong></span> 
     </span>
     <span class='ocr_line' id='line_1_104' title="bbox 2246 3637 3854 3709; baseline -0.002 -11"><span class='ocrx_word' id='word_1_719' title='bbox 2246 3643 2301 3699; x_wconf 87' lang='lat' dir='ltr'><strong>id</strong></span> <span class='ocrx_word' id='word_1_720' title='bbox 2330 3651 2411 3697; x_wconf 89' lang='lat' dir='ltr'><strong>est</strong></span> <span class='ocrx_word' id='word_1_721' title='bbox 2439 3656 2509 3696; x_wconf 83' lang='lat' dir='ltr'><strong>ex</strong></span> <span class='ocrx_word' id='word_1_722' title='bbox 2550 3640 2703 3695; x_wconf 89' lang='lat' dir='ltr'><strong>bonis</strong></span> <span class='ocrx_word' id='word_1_723' title='bbox 2728 3654 2848 3709; x_wconf 75' lang='lat' dir='ltr'><strong>qua:</strong></span> <span class='ocrx_word' id='word_1_724' title='bbox 2875 3648 3028 3693; x_wconf 78' lang='lat' dir='ltr'><strong>erant</strong></span> <span class='ocrx_word' id='word_1_725' title='bbox 3062 3638 3198 3693; x_wconf 71' lang='lat' dir='ltr'><strong>Creei</strong></span> <span class='ocrx_word' id='word_1_726' title='bbox 3228 3640 3259 3691; x_wconf 93' lang='lat' dir='ltr'><strong>ii</strong></span> <span class='ocrx_word' id='word_1_727' title='bbox 3301 3637 3576 3709; x_wconf 78' lang='lat' dir='ltr'><strong>Cypriani,</strong></span> <span class='ocrx_word' id='word_1_728' title='bbox 3624 3655 3854 3709; x_wconf 87' lang='lat' dir='ltr'><strong>quorum</strong></span> 
     </span>
    </p>
   </div>
   <div class='ocr_carea' id='block_1_104' title="bbox 2247 3707 3857 3779">
    <p class='ocr_par' dir='ltr' id='par_1_104' title="bbox 2247 3707 3857 3779">
     <span class='ocr_line' id='line_1_105' title="bbox 2247 3707 3857 3779; baseline -0.002 -10"><span class='ocrx_word' id='word_1_729' title='bbox 2247 3714 2450 3769; x_wconf 90' lang='lat' dir='ltr'><strong>mentio</strong></span> <span class='ocrx_word' id='word_1_730' title='bbox 2510 3715 2699 3766; x_wconf 83' lang='lat' dir='ltr'><strong>est-in</strong></span> <span class='ocrx_word' id='word_1_731' title='bbox 2750 3707 2995 3779; x_wconf 82' lang='lat' dir='ltr'><strong>Epistula</strong></span> <span class='ocrx_word' id='word_1_732' title='bbox 3045 3724 3167 3763; x_wconf 76' lang='lat' dir='ltr'><strong>thx</strong></span> <span class='ocrx_word' id='word_1_733' title='bbox 3220 3709 3289 3762; x_wconf 86' lang='lat' dir='ltr'><strong>ad</strong></span> <span class='ocrx_word' id='word_1_734' title='bbox 3338 3707 3677 3764; x_wconf 80' lang='lat' dir='ltr'><strong>Florentium.</strong></span> <span class='ocrx_word' id='word_1_735' title='bbox 3737 3710 3857 3766; x_wconf 87' lang='lat' dir='ltr'><strong>Non</strong></span> 
     </span>
    </p>
   </div>
   <div class='ocr_carea' id='block_1_105' title="bbox 2245 3780 3858 3855">
    <p class='ocr_par' dir='ltr' id='par_1_105' title="bbox 2245 3780 3858 3855">
     <span class='ocr_line' id='line_1_106' title="bbox 2245 3780 3858 3855; baseline -0.002 -16"><span class='ocrx_word' id='word_1_736' title='bbox 2245 3794 2377 3855; x_wconf 88' lang='lat' dir='ltr'><strong>puto</strong></span> <span class='ocrx_word' id='word_1_737' title='bbox 2405 3783 2547 3855; x_wconf 60' lang='lat' dir='ltr'><strong>enim</strong></span> <span class='ocrx_word' id='word_1_738' title='bbox 2581 3780 2738 3855; x_wconf 80' lang='lat' dir='ltr'><strong>istud</strong></span> <span class='ocrx_word' id='word_1_739' title='bbox 2779 3795 2900 3835; x_wconf 88' lang='lat' dir='ltr'><strong>esse</strong></span> <span class='ocrx_word' id='word_1_740' title='bbox 2919 3780 3332 3855; x_wconf 72' lang='lat' dir='ltr'><strong>intelligendum</strong></span> <span class='ocrx_word' id='word_1_741' title='bbox 3360 3781 3428 3855; x_wconf 82' lang='lat' dir='ltr'><strong>de</strong></span> <span class='ocrx_word' id='word_1_742' title='bbox 3466 3794 3528 3855; x_wconf 80' lang='lat' dir='ltr'><strong>ea</strong></span> <span class='ocrx_word' id='word_1_743' title='bbox 3557 3790 3710 3851; x_wconf 88' lang='lat' dir='ltr'><strong>parte</strong></span> <span class='ocrx_word' id='word_1_744' title='bbox 3733 3780 3858 3855; x_wconf 56' lang='lat' dir='ltr'><strong>red.</strong></span> 
     </span>
    </p>
   </div>
   <div class='ocr_carea' id='block_1_106' title="bbox 2244 3849 3855 3920">
    <p class='ocr_par' dir='ltr' id='par_1_106' title="bbox 2244 3849 3855 3920">
     <span class='ocr_line' id='line_1_107' title="bbox 2244 3849 3855 3920; baseline -0.002 -10"><span class='ocrx_word' id='word_1_745' title='bbox 2244 3849 2452 3910; x_wconf 78' lang='lat' dir='ltr'><strong>dituum</strong></span> <span class='ocrx_word' id='word_1_746' title='bbox 2470 3853 2723 3908; x_wconf 77' lang='lat' dir='ltr'><strong>Ecclesia:</strong></span> <span class='ocrx_word' id='word_1_747' title='bbox 2736 3866 2854 3920; x_wconf 80' lang='lat' dir='ltr'><strong>qua:</strong></span> <span class='ocrx_word' id='word_1_748' title='bbox 2870 3849 2934 3904; x_wconf 90' lang='lat' dir='ltr'><strong>ad</strong></span> <span class='ocrx_word' id='word_1_749' title='bbox 2950 3851 3259 3919; x_wconf 89' lang='lat' dir='ltr'><strong>episcopum</strong></span> <span class='ocrx_word' id='word_1_750' title='bbox 3277 3849 3595 3919; x_wconf 80' lang='lat' dir='ltr'><strong>pertinebat,</strong></span> <span class='ocrx_word' id='word_1_751' title='bbox 3618 3851 3855 3907; x_wconf 86' lang='lat' dir='ltr'><strong>nondum</strong></span> 
     </span>
    </p>
   </div>
   <div class='ocr_carea' id='block_1_107' title="bbox 2244 3920 3860 3992">
    <p class='ocr_par' dir='ltr' id='par_1_107' title="bbox 2244 3920 3860 3992">
     <span class='ocr_line' id='line_1_108' title="bbox 2244 3920 3860 3992; baseline -0.002 -12"><span class='ocrx_word' id='word_1_752' title='bbox 2244 3926 2459 3981; x_wconf 92' lang='lat' dir='ltr'><strong>inventa</strong></span> <span class='ocrx_word' id='word_1_753' title='bbox 2475 3923 2737 3978; x_wconf 90' lang='lat' dir='ltr'><strong>divisione</strong></span> <span class='ocrx_word' id='word_1_754' title='bbox 2752 3921 3036 3987; x_wconf 89' lang='lat' dir='ltr'><strong>bonorum,</strong></span> <span class='ocrx_word' id='word_1_755' title='bbox 3052 3922 3173 3992; x_wconf 90' lang='lat' dir='ltr'><strong>quia</strong></span> <span class='ocrx_word' id='word_1_756' title='bbox 3192 3921 3424 3992; x_wconf 84' lang='lat' dir='ltr'><strong>Ecclesia</strong></span> <span class='ocrx_word' id='word_1_757' title='bbox 3443 3920 3676 3976; x_wconf 91' lang='lat' dir='ltr'><strong>nondum</strong></span> <span class='ocrx_word' id='word_1_758' title='bbox 3694 3923 3860 3978; x_wconf 85' lang='lat' dir='ltr'><strong>habe-</strong></span> 
     </span>
    </p>
   </div>
   <div class='ocr_carea' id='block_1_108' title="bbox 2245 3990 3860 4063">
    <p class='ocr_par' dir='ltr' id='par_1_108' title="bbox 2245 3990 3860 4063">
     <span class='ocr_line' id='line_1_109' title="bbox 2245 3990 3860 4063; baseline -0.002 -11"><span class='ocrx_word' id='word_1_759' title='bbox 2245 3997 2337 4052; x_wconf 88' lang='lat' dir='ltr'><strong>bat</strong></span> <span class='ocrx_word' id='word_1_760' title='bbox 2354 3994 2564 4051; x_wconf 85' lang='lat' dir='ltr'><strong>divitias</strong></span> <span class='ocrx_word' id='word_1_761' title='bbox 2587 4003 2746 4063; x_wconf 82' lang='lat' dir='ltr'><strong>atque</strong></span> <span class='ocrx_word' id='word_1_762' title='bbox 2768 4006 2919 4062; x_wconf 74' lang='lat' dir='ltr'><strong>opes.</strong></span> <span class='ocrx_word' id='word_1_763' title='bbox 2952 3992 3022 4045; x_wconf 88' lang='lat' dir='ltr'><strong>Ea</strong></span> <span class='ocrx_word' id='word_1_764' title='bbox 3043 3990 3150 4046; x_wconf 85' lang='lat' dir='ltr'><strong>tum</strong></span> <span class='ocrx_word' id='word_1_765' title='bbox 3168 3990 3860 4063; x_wconf 84' lang='lat' dir='ltr'><strong>sustentabaturoblationi-</strong></span> 
     </span>
    </p>
   </div>
   <div class='ocr_carea' id='block_1_109' title="bbox 2246 4062 3857 4131">
    <p class='ocr_par' dir='ltr' id='par_1_109' title="bbox 2246 4062 3857 4131">
     <span class='ocr_line' id='line_1_110' title="bbox 2246 4062 3857 4131; baseline -0.001 -9"><span class='ocrx_word' id='word_1_766' title='bbox 2246 4067 2346 4122; x_wconf 90' lang='lat' dir='ltr'><strong>bus</strong></span> <span class='ocrx_word' id='word_1_767' title='bbox 2384 4066 2641 4127; x_wconf 85' lang='lat' dir='ltr'><strong>ﬁdelium,</strong></span> <span class='ocrx_word' id='word_1_768' title='bbox 2664 4062 2793 4130; x_wconf 74' lang='lat' dir='ltr'><strong>qua:</strong></span> <span class='ocrx_word' id='word_1_769' title='bbox 2836 4063 3077 4131; x_wconf 73' lang='lat' dir='ltr'><strong>gratuita:</strong></span> <span class='ocrx_word' id='word_1_770' title='bbox 3103 4071 3257 4117; x_wconf 90' lang='lat' dir='ltr'><strong>erant</strong></span> <span class='ocrx_word' id='word_1_771' title='bbox 3279 4077 3342 4117; x_wconf 89' lang='lat' dir='ltr'><strong>ac</strong></span> <span class='ocrx_word' id='word_1_772' title='bbox 3386 4062 3715 4130; x_wconf 70' lang='lat' dir='ltr'><strong>voluntariae,</strong></span> <span class='ocrx_word' id='word_1_773' title='bbox 3749 4079 3857 4121; x_wconf 87' lang='lat' dir='ltr'><strong>non</strong></span> 
     </span>
    </p>
   </div>
   <div class='ocr_carea' id='block_1_110' title="bbox 2247 4131 3856 4202">
    <p class='ocr_par' dir='ltr' id='par_1_110' title="bbox 2247 4131 3856 4202">
     <span class='ocr_line' id='line_1_111' title="bbox 2247 4131 3856 4202; baseline -0.002 -10"><span class='ocrx_word' id='word_1_774' title='bbox 2247 4145 2468 4192; x_wconf 67' lang='lat' dir='ltr'><strong>coactae.</strong></span> <span class='ocrx_word' id='word_1_775' title='bbox 2498 4133 2859 4190; x_wconf 85' lang='lat' dir='ltr'><strong>Tertullianus</strong></span> <span class='ocrx_word' id='word_1_776' title='bbox 2904 4132 2955 4185; x_wconf 90' lang='lat' dir='ltr'><strong>in</strong></span> <span class='ocrx_word' id='word_1_777' title='bbox 2988 4131 3375 4202; x_wconf 84' lang='lat' dir='ltr'><strong>Apologetico:</strong></span> <span class='ocrx_word' id='word_1_778' title='bbox 3410 4132 3666 4188; x_wconf 82' lang='lat' dir='ltr'><strong>Modicam</strong></span> <span class='ocrx_word' id='word_1_779' title='bbox 3691 4152 3856 4189; x_wconf 83' lang='lat' dir='ltr'><strong>unus-</strong></span> 
     </span>
    </p>
   </div>
   <div class='ocr_carea' id='block_1_111' title="bbox 2248 4203 3859 4279">
    <p class='ocr_par' dir='ltr' id='par_1_111' title="bbox 2248 4203 3859 4279">
     <span class='ocr_line' id='line_1_112' title="bbox 2248 4203 3859 4279; baseline 0.001 -20"><span class='ocrx_word' id='word_1_780' title='bbox 2248 4209 2462 4279; x_wconf 82' lang='lat' dir='ltr'><strong>quisque</strong></span> <span class='ocrx_word' id='word_1_781' title='bbox 2490 4205 2671 4279; x_wconf 80' lang='lat' dir='ltr'><strong>stipent</strong></span> <span class='ocrx_word' id='word_1_782' title='bbox 2695 4213 2957 4279; x_wconf 66' lang='lat' dir='ltr'><strong>menstrua</strong></span> <span class='ocrx_word' id='word_1_783' title='bbox 2985 4203 3092 4270; x_wconf 82' lang='lat' dir='ltr'><strong>die,</strong></span> <span class='ocrx_word' id='word_1_784' title='bbox 3139 4204 3218 4257; x_wconf 85' lang='lat' dir='ltr'><strong>vel</strong></span> <span class='ocrx_word' id='word_1_785' title='bbox 3238 4204 3520 4279; x_wconf 82' lang='lat' dir='ltr'><strong>cun_t__velis,</strong></span> <span class='ocrx_word' id='word_1_786' title='bbox 3554 4206 3685 4279; x_wconf 85' lang='lat' dir='ltr'><strong>et_si</strong></span> <span class='ocrx_word' id='word_1_787' title='bbox 3704 4207 3859 4260; x_wconf 85' lang='lat' dir='ltr'><strong>modo</strong></span> 
     </span>
    </p>
   </div>
   <div class='ocr_carea' id='block_1_112' title="bbox 2253 4273 3861 4350">
    <p class='ocr_par' dir='ltr' id='par_1_112' title="bbox 2253 4273 3861 4350">
     <span class='ocr_line' id='line_1_113' title="bbox 2253 4273 3861 4350; baseline -0.001 -18"><span class='ocrx_word' id='word_1_788' title='bbox 2253 4273 2436 4350; x_wconf 79' lang='lat' dir='ltr'><strong>possis,</strong></span> <span class='ocrx_word' id='word_1_789' title='bbox 2479 4273 2714 4350; x_wconf 67' lang='lat' dir='ltr'><strong>apponit.</strong></span> <span class='ocrx_word' id='word_1_790' title='bbox 2756 4273 3095 4350; x_wconf 59' lang='lat' dir='ltr'><strong>Nammento</strong></span> <span class='ocrx_word' id='word_1_791' title='bbox 3146 4274 3488 4350; x_wconf 76' lang='lat' dir='ltr'><strong>compellitur,</strong></span> <span class='ocrx_word' id='word_1_792' title='bbox 3538 4275 3627 4350; x_wconf 66' lang='lat' dir='ltr'><strong>sed</strong></span> <span class='ocrx_word' id='word_1_793' title='bbox 3675 4287 3861 4350; x_wconf 79' lang='lat' dir='ltr'><strong>sponte</strong></span> 
     </span>
    </p>
   </div>
   <div class='ocr_carea' id='block_1_113' title="bbox 2252 4344 3861 4417">
    <p class='ocr_par' dir='ltr' id='par_1_113' title="bbox 2252 4344 3861 4417">
     <span class='ocr_line' id='line_1_114' title="bbox 2252 4344 3861 4417; baseline -0.001 -15"><span class='ocrx_word' id='word_1_794' title='bbox 2252 4344 2469 4417; x_wconf 71' lang='lat' dir='ltr'><strong>confert.</strong></span> <span class='ocrx_word' id='word_1_795' title='bbox 2515 4344 2649 4401; x_wconf 76' lang='grc' dir='ltr'><strong>Ἠιεε</strong></span> <span class='ocrx_word' id='word_1_796' title='bbox 2695 4344 2842 4417; x_wconf 83' lang='lat' dir='ltr'><strong>quasi</strong></span> <span class='ocrx_word' id='word_1_797' title='bbox 2889 4344 3121 4417; x_wconf 78' lang='lat' dir='ltr'><strong>deposita</strong></span> <span class='ocrx_word' id='word_1_798' title='bbox 3169 4344 3373 4417; x_wconf 83' lang='lat' dir='ltr'><strong>pietatis</strong></span> <span class='ocrx_word' id='word_1_799' title='bbox 3398 4354 3534 4398; x_wconf 83' lang='lat' dir='ltr'><strong>sunt.</strong></span> <span class='ocrx_word' id='word_1_800' title='bbox 3571 4344 3713 4399; x_wconf 83' lang='lat' dir='ltr'><strong>Nam</strong></span> <span class='ocrx_word' id='word_1_801' title='bbox 3735 4348 3861 4402; x_wconf 84' lang='lat' dir='ltr'><strong>inde</strong></span> 
     </span>
    </p>
   </div>
   <div class='ocr_carea' id='block_1_114' title="bbox 2253 4415 3858 4488">
    <p class='ocr_par' dir='ltr' id='par_1_114' title="bbox 2253 4415 3858 4488">
     <span class='ocr_line' id='line_1_115' title="bbox 2253 4415 3858 4488; baseline 0 -16"><span class='ocrx_word' id='word_1_802' title='bbox 2253 4415 2359 4473; x_wconf 76' lang='lat' dir='ltr'><strong>non</strong></span> <span class='ocrx_word' id='word_1_803' title='bbox 2396 4419 2559 4488; x_wconf 79' lang='lat' dir='ltr'><strong>epulis</strong></span> <span class='ocrx_word' id='word_1_804' title='bbox 2608 4415 2715 4471; x_wconf 70' lang='lat' dir='ltr'><strong>nec</strong></span> <span class='ocrx_word' id='word_1_805' title='bbox 2758 4416 3007 4488; x_wconf 79' lang='lat' dir='ltr'><strong>potaculis</strong></span> <span class='ocrx_word' id='word_1_806' title='bbox 3050 4415 3398 4488; x_wconf 28' lang='lat' dir='ltr'><strong>ttecAingratis</strong></span> <span class='ocrx_word' id='word_1_807' title='bbox 3445 4416 3706 4488; x_wconf 79' lang='lat' dir='ltr'><strong>veretrinis</strong></span> <span class='ocrx_word' id='word_1_808' title='bbox 3743 4418 3858 4473; x_wconf 81' lang='lat' dir='ltr'><strong>dis-</strong></span> 
     </span>
    </p>
   </div>
   <div class='ocr_carea' id='block_1_115' title="bbox 2257 4484 3859 4558">
    <p class='ocr_par' dir='ltr' id='par_1_115' title="bbox 2257 4484 3859 4558">
     <span class='ocr_line' id='line_1_116' title="bbox 2257 4484 3859 4558; baseline 0.001 -16"><span class='ocrx_word' id='word_1_809' title='bbox 2257 4484 2517 4558; x_wconf 79' lang='lat' dir='ltr'><strong>pensatur,</strong></span> <span class='ocrx_word' id='word_1_810' title='bbox 2552 4490 2641 4542; x_wconf 79' lang='lat' dir='ltr'><strong>sed</strong></span> <span class='ocrx_word' id='word_1_811' title='bbox 2690 4484 2860 4556; x_wconf 79' lang='lat' dir='ltr'><strong>egenis</strong></span> <span class='ocrx_word' id='word_1_812' title='bbox 2913 4484 3542 4558; x_wconf 80' lang='lat' dir='ltr'><strong>olendis_ltumandisque.</strong></span> <span class='ocrx_word' id='word_1_813' title='bbox 3596 4487 3859 4544; x_wconf 85' lang='lat' dir='ltr'><strong>llabuisse</strong></span> 
     </span>
    </p>
   </div>
   <div class='ocr_carea' id='block_1_116' title="bbox 2260 4554 3856 4630">
    <p class='ocr_par' dir='ltr' id='par_1_116' title="bbox 2260 4554 3856 4630">
     <span class='ocr_line' id='line_1_117' title="bbox 2260 4554 3856 4630; baseline 0.001 -16"><span class='ocrx_word' id='word_1_814' title='bbox 2260 4554 2585 4630; x_wconf 82' lang='lat' dir='ltr'><strong>Cyprianum</strong></span> <span class='ocrx_word' id='word_1_815' title='bbox 2624 4554 2760 4630; x_wconf 75' lang='lat' dir='ltr'><strong>bona</strong></span> <span class='ocrx_word' id='word_1_816' title='bbox 2810 4567 3020 4611; x_wconf 89' lang='lat' dir='ltr'><strong>constat</strong></span> <span class='ocrx_word' id='word_1_817' title='bbox 3051 4555 3167 4630; x_wconf 81' lang='lat' dir='ltr'><strong>:_de</strong></span> <span class='ocrx_word' id='word_1_818' title='bbox 3193 4554 3362 4630; x_wconf 79' lang='lat' dir='ltr'><strong>hortis</strong></span> <span class='ocrx_word' id='word_1_819' title='bbox 3401 4554 3580 4630; x_wconf 82' lang='lat' dir='ltr'><strong>abeo</strong></span> <span class='ocrx_word' id='word_1_820' title='bbox 3622 4558 3856 4630; x_wconf 84' lang='lat' dir='ltr'><strong>venditis</strong></span> 
     </span>
    </p>
   </div>
   <div class='ocr_carea' id='block_1_117' title="bbox 2260 4626 3857 4698">
    <p class='ocr_par' dir='ltr' id='par_1_117' title="bbox 2260 4626 3857 4698">
     <span class='ocr_line' id='line_1_118' title="bbox 2260 4626 3857 4698; baseline 0 -14"><span class='ocrx_word' id='word_1_821' title='bbox 2260 4626 2401 4685; x_wconf 76' lang='lat' dir='ltr'><strong>inter</strong></span> <span class='ocrx_word' id='word_1_822' title='bbox 2445 4629 2593 4684; x_wconf 88' lang='lat' dir='ltr'><strong>initia</strong></span> <span class='ocrx_word' id='word_1_823' title='bbox 2630 4627 2751 4698; x_wconf 81' lang='lat' dir='ltr'><strong>fidei</strong></span> <span class='ocrx_word' id='word_1_824' title='bbox 2802 4642 2914 4682; x_wconf 73' lang='lat' dir='ltr'><strong>sum</strong></span> <span class='ocrx_word' id='word_1_825' title='bbox 2962 4626 3161 4698; x_wconf 9' lang='lat' dir='ltr'><strong>etriDei</strong></span> <span class='ocrx_word' id='word_1_826' title='bbox 3218 4627 3542 4698; x_wconf 86' lang='lat' dir='ltr'><strong>indulgentia</strong></span> <span class='ocrx_word' id='word_1_827' title='bbox 3594 4629 3857 4685; x_wconf 84' lang='lat' dir='ltr'><strong>restitutis</strong></span> 
     </span>
    </p>
   </div>
   <div class='ocr_carea' id='block_1_118' title="bbox 2261 4696 3859 4770">
    <p class='ocr_par' dir='ltr' id='par_1_118' title="bbox 2261 4696 3859 4770">
     <span class='ocr_line' id='line_1_119' title="bbox 2261 4696 3859 4770; baseline 0.001 -15"><span class='ocrx_word' id='word_1_828' title='bbox 2261 4708 2488 4755; x_wconf 81' lang='lat' dir='ltr'><strong>teSIatur</strong></span> <span class='ocrx_word' id='word_1_829' title='bbox 2522 4700 2636 4770; x_wconf 85' lang='lat' dir='ltr'><strong>ipse</strong></span> <span class='ocrx_word' id='word_1_830' title='bbox 2678 4696 2977 4770; x_wconf 85' lang='lat' dir='ltr'><strong>Cyprianus</strong></span> <span class='ocrx_word' id='word_1_831' title='bbox 3017 4697 3190 4767; x_wconf 85' lang='lat' dir='ltr'><strong>Epist.</strong></span> <span class='ocrx_word' id='word_1_832' title='bbox 3219 4696 3389 4766; x_wconf 64' lang='lat' dir='ltr'><strong>Lxut,&#39;</strong></span> <span class='ocrx_word' id='word_1_833' title='bbox 3417 4707 3471 4753; x_wconf 90' lang='lat' dir='ltr'><strong>et</strong></span> <span class='ocrx_word' id='word_1_834' title='bbox 3498 4698 3716 4755; x_wconf 85' lang='lat' dir='ltr'><strong>Pontius</strong></span> <span class='ocrx_word' id='word_1_835' title='bbox 3740 4700 3859 4756; x_wconf 79' lang='lat' dir='ltr'><strong>dia-</strong></span> 
     </span>
    </p>
   </div>
   <div class='ocr_carea' id='block_1_119' title="bbox 2256 4769 3613 4839">
    <p class='ocr_par' dir='ltr' id='par_1_119' title="bbox 2256 4769 3613 4839">
     <span class='ocr_line' id='line_1_120' title="bbox 2256 4769 3613 4839; baseline -0.004 -13"><span class='ocrx_word' id='word_1_836' title='bbox 2256 4784 2426 4826; x_wconf 88' lang='lat' dir='ltr'><strong>conus</strong></span> <span class='ocrx_word' id='word_1_837' title='bbox 2449 4772 2500 4825; x_wconf 88' lang='lat' dir='ltr'><strong>itt</strong></span> <span class='ocrx_word' id='word_1_838' title='bbox 2538 4769 2653 4824; x_wconf 84' lang='lat' dir='ltr'><strong>Vita</strong></span> <span class='ocrx_word' id='word_1_839' title='bbox 2677 4769 2816 4839; x_wconf 87' lang='lat' dir='ltr'><strong>ejus.</strong></span> <span class='ocrx_word' id='word_1_840' title='bbox 3602 4810 3613 4821; x_wconf 82' lang='lat'><strong>.</strong></span> 
     </span>
    </p>
   </div>
   <div class='ocr_carea' id='block_1_120' title="bbox 2329 4839 3855 4914">
    <p class='ocr_par' dir='ltr' id='par_1_120' title="bbox 2329 4839 3855 4914">
     <span class='ocr_line' id='line_1_121' title="bbox 2329 4839 3855 4914; baseline 0.001 -18"><span class='ocrx_word' id='word_1_841' title='bbox 2329 4840 2465 4912; x_wconf 87' lang='lat' dir='ltr'><strong>Opto</strong></span> <span class='ocrx_word' id='word_1_842' title='bbox 2539 4857 2647 4914; x_wconf 78' lang='lat' dir='ltr'><strong>vos.</strong></span> <span class='ocrx_word' id='word_1_843' title='bbox 2677 4910 2688 4914; x_wconf 89' lang='lat'>_</span> <span class='ocrx_word' id='word_1_844' title='bbox 2722 4840 2935 4894; x_wconf 86' lang='lat' dir='ltr'><strong>Rctinui</strong></span> <span class='ocrx_word' id='word_1_845' title='bbox 3010 4839 3302 4914; x_wconf 87' lang='lat' dir='ltr'><strong>editionem</strong></span> <span class='ocrx_word' id='word_1_846' title='bbox 3378 4840 3643 4914; x_wconf 81' lang='lat' dir='ltr'><strong>vulgatam</strong></span> <span class='ocrx_word' id='word_1_847' title='bbox 3668 4884 3685 4908; x_wconf 92' lang='lat'><strong>,</strong></span> <span class='ocrx_word' id='word_1_848' title='bbox 3727 4858 3855 4914; x_wconf 66' lang='lat' dir='ltr'><strong>quae</strong></span> 
     </span>
    </p>
   </div>
   <div class='ocr_carea' id='block_1_121' title="bbox 2258 4910 3851 4981">
    <p class='ocr_par' dir='ltr' id='par_1_121' title="bbox 2258 4910 3851 4981">
     <span class='ocr_line' id='line_1_122' title="bbox 2258 4910 3851 4981; baseline 0.001 -15"><span class='ocrx_word' id='word_1_849' title='bbox 2258 4910 2396 4967; x_wconf 83' lang='lat' dir='ltr'><strong>bona</strong></span> <span class='ocrx_word' id='word_1_850' title='bbox 2454 4921 2557 4967; x_wconf 90' lang='lat' dir='ltr'><strong>est.</strong></span> <span class='ocrx_word' id='word_1_851' title='bbox 2609 4910 2889 4966; x_wconf 86' lang='lat' dir='ltr'><strong>Admoneo</strong></span> <span class='ocrx_word' id='word_1_852' title='bbox 2937 4919 3111 4965; x_wconf 90' lang='lat' dir='ltr'><strong>tamen</strong></span> <span class='ocrx_word' id='word_1_853' title='bbox 3158 4912 3447 4967; x_wconf 88' lang='lat' dir='ltr'><strong>editionem</strong></span> <span class='ocrx_word' id='word_1_854' title='bbox 3478 4910 3851 4981; x_wconf 57' lang='lat' dir='ltr'><strong>&#39;Spirensém,</strong></span> 
     </span>
    </p>
   </div>
   <div class='ocr_carea' id='block_1_122' title="bbox 2255 4981 3849 5050">
    <p class='ocr_par' dir='ltr' id='par_1_122' title="bbox 2255 4981 3849 5050">
     <span class='ocr_line' id='line_1_123' title="bbox 2255 4981 3849 5050; baseline 0.001 -14"><span class='ocrx_word' id='word_1_855' title='bbox 2255 4992 2492 5037; x_wconf 90' lang='lat' dir='ltr'><strong>veterem</strong></span> <span class='ocrx_word' id='word_1_856' title='bbox 2524 4982 3066 5050; x_wconf 77' lang='lat' dir='ltr'><strong>Venetam,eamqute</strong></span> <span class='ocrx_word' id='word_1_857' title='bbox 3078 4990 3163 5036; x_wconf 85' lang='lat' dir='ltr'><strong>est</strong></span> <span class='ocrx_word' id='word_1_858' title='bbox 3186 4981 3473 5047; x_wconf 80' lang='lat' dir='ltr'><strong>Rembolti,</strong></span> <span class='ocrx_word' id='word_1_859' title='bbox 3499 4983 3849 5047; x_wconf 83' lang='lat' dir='ltr'><strong>Erasmicam,</strong></span> 
     </span>
    </p>
   </div>
   <div class='ocr_carea' id='block_1_123' title="bbox 2255 5052 3853 5124">
    <p class='ocr_par' dir='ltr' id='par_1_123' title="bbox 2255 5052 3853 5124">
     <span class='ocr_line' id='line_1_124' title="bbox 2255 5052 3853 5124; baseline 0.002 -17"><span class='ocrx_word' id='word_1_860' title='bbox 2255 5063 2310 5107; x_wconf 92' lang='lat' dir='ltr'><strong>et</strong></span> <span class='ocrx_word' id='word_1_861' title='bbox 2348 5052 2714 5124; x_wconf 77' lang='lat' dir='ltr'><strong>Morellianam</strong></span> <span class='ocrx_word' id='word_1_862' title='bbox 2749 5053 3000 5124; x_wconf 74' lang='lat' dir='ltr'><strong>prtelerre</strong></span> <span class='ocrx_word' id='word_1_863' title='bbox 3036 5052 3168 5124; x_wconf 82' lang='lat' dir='ltr'><strong>Opto</strong></span> <span class='ocrx_word' id='word_1_864' title='bbox 3194 5062 3259 5124; x_wconf 85' lang='lat' dir='ltr'><strong>te,</strong></span> <span class='ocrx_word' id='word_1_865' title='bbox 3290 5057 3466 5124; x_wconf 78' lang='lat' dir='ltr'><strong>frater,</strong></span> <span class='ocrx_word' id='word_1_866' title='bbox 3508 5063 3561 5107; x_wconf 90' lang='lat' dir='ltr'><strong>et</strong></span> <span class='ocrx_word' id='word_1_867' title='bbox 3591 5056 3660 5107; x_wconf 88' lang='lat' dir='ltr'><strong>ita</strong></span> <span class='ocrx_word' id='word_1_868' title='bbox 3688 5056 3853 5111; x_wconf 90' lang='lat' dir='ltr'><strong>etiam</strong></span> 
     </span>
    </p>
   </div>
   <div class='ocr_carea' id='block_1_124' title="bbox 2255 5122 3854 5192">
    <p class='ocr_par' dir='ltr' id='par_1_124' title="bbox 2255 5122 3854 5192">
     <span class='ocr_line' id='line_1_125' title="bbox 2255 5122 3854 5192; baseline 0.002 -14"><span class='ocrx_word' id='word_1_869' title='bbox 2255 5122 2528 5192; x_wconf 87' lang='lat' dir='ltr'><strong>scripdum</strong></span> <span class='ocrx_word' id='word_1_870' title='bbox 2552 5137 2672 5178; x_wconf 88' lang='lat' dir='ltr'><strong>esse</strong></span> <span class='ocrx_word' id='word_1_871' title='bbox 2701 5123 2752 5176; x_wconf 90' lang='lat' dir='ltr'><strong>itt</strong></span> <span class='ocrx_word' id='word_1_872' title='bbox 2783 5123 3017 5178; x_wconf 87' lang='lat' dir='ltr'><strong>sedecim</strong></span> <span class='ocrx_word' id='word_1_873' title='bbox 3047 5122 3323 5179; x_wconf 85' lang='lat' dir='ltr'><strong>codicibus</strong></span> <span class='ocrx_word' id='word_1_874' title='bbox 3361 5124 3610 5191; x_wconf 87' lang='lat' dir='ltr'><strong>antiquis.</strong></span> <span class='ocrx_word' id='word_1_875' title='bbox 3644 5125 3706 5178; x_wconf 84' lang='lat' dir='ltr'><strong>Et</strong></span> <span class='ocrx_word' id='word_1_876' title='bbox 3734 5127 3854 5181; x_wconf 74' lang='lat' dir='ltr'><strong>lucc</strong></span> 
     </span>
    </p>
   </div>
   <div class='ocr_carea' id='block_1_125' title="bbox 2253 5192 3851 5266">
    <p class='ocr_par' dir='ltr' id='par_1_125' title="bbox 2253 5192 3851 5266">
     <span class='ocr_line' id='line_1_126' title="bbox 2253 5192 3851 5266; baseline 0.003 -20"><span class='ocrx_word' id='word_1_877' title='bbox 2253 5209 2468 5266; x_wconf 88' lang='lat' dir='ltr'><strong>quoque</strong></span> <span class='ocrx_word' id='word_1_878' title='bbox 2513 5193 2672 5266; x_wconf 79' lang='lat' dir='ltr'><strong>lectio</strong></span> <span class='ocrx_word' id='word_1_879' title='bbox 2701 5192 2902 5266; x_wconf 82' lang='lat' dir='ltr'><strong>optima</strong></span> <span class='ocrx_word' id='word_1_880' title='bbox 2934 5203 3063 5266; x_wconf 75' lang='lat' dir='ltr'><strong>cst._</strong></span> <span class='ocrx_word' id='word_1_881' title='bbox 3092 5192 3396 5248; x_wconf 86' lang='lat' dir='ltr'><strong>&#39;l‘amenetsi</strong></span> <span class='ocrx_word' id='word_1_882' title='bbox 3443 5194 3586 5248; x_wconf 90' lang='lat' dir='ltr'><strong>enim</strong></span> <span class='ocrx_word' id='word_1_883' title='bbox 3624 5197 3851 5266; x_wconf 86' lang='lat' dir='ltr'><strong>epistola</strong></span> 
     </span>
    </p>
   </div>
   <div class='ocr_carea' id='block_1_126' title="bbox 2252 5263 3850 5333">
    <p class='ocr_par' dir='ltr' id='par_1_126' title="bbox 2252 5263 3850 5333">
     <span class='ocr_line' id='line_1_127' title="bbox 2252 5263 3850 5333; baseline 0.001 -14"><span class='ocrx_word' id='word_1_884' title='bbox 2252 5264 2451 5333; x_wconf 89' lang='lat' dir='ltr'><strong>scripta</strong></span> <span class='ocrx_word' id='word_1_885' title='bbox 2478 5264 2549 5319; x_wconf 92' lang='lat' dir='ltr'><strong>sit</strong></span> <span class='ocrx_word' id='word_1_886' title='bbox 2576 5263 2641 5319; x_wconf 89' lang='lat' dir='ltr'><strong>ad</strong></span> <span class='ocrx_word' id='word_1_887' title='bbox 2677 5263 2877 5333; x_wconf 86' lang='lat' dir='ltr'><strong>plures,</strong></span> <span class='ocrx_word' id='word_1_888' title='bbox 2909 5264 3174 5332; x_wconf 70' lang='lat' dir='ltr'><strong>nrawipue</strong></span> <span class='ocrx_word' id='word_1_889' title='bbox 3214 5272 3389 5318; x_wconf 90' lang='lat' dir='ltr'><strong>tamen</strong></span> <span class='ocrx_word' id='word_1_890' title='bbox 3434 5273 3484 5319; x_wconf 88' lang='lat' dir='ltr'><strong>et</strong></span> <span class='ocrx_word' id='word_1_891' title='bbox 3534 5263 3850 5321; x_wconf 81' lang='lat' dir='ltr'><strong>nominatim</strong></span> 
     </span>
    </p>
   </div>
   <div class='ocr_carea' id='block_1_127' title="bbox 2251 5333 3855 5406">
    <p class='ocr_par' dir='ltr' id='par_1_127' title="bbox 2251 5333 3855 5406">
     <span class='ocr_line' id='line_1_128' title="bbox 2251 5333 3855 5406; baseline 0.001 -17"><span class='ocrx_word' id='word_1_892' title='bbox 2251 5336 2463 5406; x_wconf 68' lang='lat' dir='ltr'><strong>scripta</strong></span> <span class='ocrx_word' id='word_1_893' title='bbox 2496 5335 2672 5406; x_wconf 88' lang='lat' dir='ltr'><strong>estad</strong></span> <span class='ocrx_word' id='word_1_894' title='bbox 2721 5333 3097 5404; x_wconf 78' lang='lat' dir='ltr'><strong>Rogatianum,</strong></span> <span class='ocrx_word' id='word_1_895' title='bbox 3121 5349 3406 5404; x_wconf 90' lang='lat' dir='ltr'><strong>personam</strong></span> <span class='ocrx_word' id='word_1_896' title='bbox 3446 5334 3737 5406; x_wconf 87' lang='lat' dir='ltr'><strong>illustrem.</strong></span> <span class='ocrx_word' id='word_1_897' title='bbox 3781 5336 3855 5391; x_wconf 86' lang='lat' dir='ltr'><strong>Et</strong></span> 
     </span>
    </p>
   </div>
   <div class='ocr_carea' id='block_1_128' title="bbox 2251 5404 3854 5476">
    <p class='ocr_par' dir='ltr' id='par_1_128' title="bbox 2251 5404 3854 5476">
     <span class='ocr_line' id='line_1_129' title="bbox 2251 5404 3854 5476; baseline 0.002 -17"><span class='ocrx_word' id='word_1_898' title='bbox 2251 5404 2379 5476; x_wconf 78' lang='lat' dir='ltr'><strong>ideo</strong></span> <span class='ocrx_word' id='word_1_899' title='bbox 2425 5404 2725 5476; x_wconf 83' lang='lat' dir='ltr'><strong>Cyprianus</strong></span> <span class='ocrx_word' id='word_1_900' title='bbox 2765 5406 2926 5476; x_wconf 88' lang='lat' dir='ltr'><strong>finem</strong></span> <span class='ocrx_word' id='word_1_901' title='bbox 2975 5406 3023 5476; x_wconf 84' lang='lat' dir='ltr'><strong>ei</strong></span> <span class='ocrx_word' id='word_1_902' title='bbox 3067 5406 3367 5473; x_wconf 88' lang='lat' dir='ltr'><strong>imponens,</strong></span> <span class='ocrx_word' id='word_1_903' title='bbox 3409 5404 3704 5462; x_wconf 87' lang='lat' dir='ltr'><strong>clausulam</strong></span> <span class='ocrx_word' id='word_1_904' title='bbox 3757 5423 3854 5461; x_wconf 86' lang='lat' dir='ltr'><strong>va-</strong></span> 
     </span>
    </p>
   </div>
   <div class='ocr_carea' id='block_1_129' title="bbox 2250 5474 3631 5546">
    <p class='ocr_par' dir='ltr' id='par_1_129' title="bbox 2250 5474 3631 5546">
     <span class='ocr_line' id='line_1_130' title="bbox 2250 5474 3631 5546; baseline 0.001 -16"><span class='ocrx_word' id='word_1_905' title='bbox 2250 5474 2605 5546; x_wconf 84' lang='lat' dir='ltr'><strong>ledictoriam,</strong></span> <span class='ocrx_word' id='word_1_906' title='bbox 2653 5484 2709 5530; x_wconf 94' lang='lat' dir='ltr'><strong>ut</strong></span> <span class='ocrx_word' id='word_1_907' title='bbox 2736 5475 2893 5546; x_wconf 84' lang='lat' dir='ltr'><strong>solet,</strong></span> <span class='ocrx_word' id='word_1_908' title='bbox 2927 5474 2995 5530; x_wconf 92' lang='lat' dir='ltr'><strong>ad</strong></span> <span class='ocrx_word' id='word_1_909' title='bbox 3023 5490 3145 5531; x_wconf 89' lang='lat' dir='ltr'><strong>eum</strong></span> <span class='ocrx_word' id='word_1_910' title='bbox 3180 5477 3411 5546; x_wconf 85' lang='lat' dir='ltr'><strong>dirigere</strong></span> <span class='ocrx_word' id='word_1_911' title='bbox 3441 5478 3631 5543; x_wconf 87' lang='lat' dir='ltr'><strong>potttit.</strong></span> 
     </span>
    </p>
   </div>
   <div class='ocr_carea' id='block_1_130' title="bbox 2321 5545 3848 5618">
    <p class='ocr_par' dir='ltr' id='par_1_130' title="bbox 2321 5545 3848 5618">
     <span class='ocr_line' id='line_1_131' title="bbox 2321 5545 3848 5618; baseline 0.006 -24"><span class='ocrx_word' id='word_1_912' title='bbox 2321 5545 2389 5618; x_wconf 46' lang='grc' dir='ltr'><strong>ἓν</strong></span> <span class='ocrx_word' id='word_1_913' title='bbox 2415 5545 2597 5618; x_wconf 71' lang='grc' dir='ltr'><strong>Ενιετ.</strong></span> <span class='ocrx_word' id='word_1_914' title='bbox 2620 5561 2801 5600; x_wconf 89' lang='lat' dir='ltr'><strong>vu.—</strong></span> <span class='ocrx_word' id='word_1_915' title='bbox 2822 5545 2901 5600; x_wconf 87' lang='lat' dir='ltr'><strong>De</strong></span> <span class='ocrx_word' id='word_1_916' title='bbox 2925 5547 3177 5614; x_wconf 84' lang='lat' dir='ltr'><strong>precando</strong></span> <span class='ocrx_word' id='word_1_917' title='bbox 3205 5545 3332 5600; x_wconf 82' lang='lat' dir='ltr'><strong>Deo.</strong></span> <span class='ocrx_word' id='word_1_918' title='bbox 3355 5546 3518 5618; x_wconf 74' lang='lat' dir='ltr'><strong>Miror</strong></span> <span class='ocrx_word' id='word_1_919' title='bbox 3540 5547 3848 5618; x_wconf 82' lang='lat' dir='ltr'><strong>Rigaltium,</strong></span> 
     </span>
    </p>
   </div>
   <div class='ocr_carea' id='block_1_131' title="bbox 2247 5616 3851 5687">
    <p class='ocr_par' dir='ltr' id='par_1_131' title="bbox 2247 5616 3851 5687">
     <span class='ocr_line' id='line_1_132' title="bbox 2247 5616 3851 5687; baseline 0.001 -17"><span class='ocrx_word' id='word_1_920' title='bbox 2247 5617 2339 5686; x_wconf 89' lang='lat' dir='ltr'><strong>qui</strong></span> <span class='ocrx_word' id='word_1_921' title='bbox 2358 5617 2562 5687; x_wconf 89' lang='lat' dir='ltr'><strong>sciebat</strong></span> <span class='ocrx_word' id='word_1_922' title='bbox 2583 5624 2825 5673; x_wconf 92' lang='lat' dir='ltr'><strong>sanctum</strong></span> <span class='ocrx_word' id='word_1_923' title='bbox 2849 5618 3224 5687; x_wconf 85' lang='lat' dir='ltr'><strong>Augustinum,</strong></span> <span class='ocrx_word' id='word_1_924' title='bbox 3243 5619 3278 5671; x_wconf 92' lang='grc'><strong>1.</strong></span> <span class='ocrx_word' id='word_1_925' title='bbox 3304 5633 3358 5673; x_wconf 89' lang='lat' dir='ltr'><strong>tv</strong></span> <span class='ocrx_word' id='word_1_926' title='bbox 3368 5617 3437 5673; x_wconf 90' lang='lat' dir='ltr'><strong>de</strong></span> <span class='ocrx_word' id='word_1_927' title='bbox 3449 5616 3715 5687; x_wconf 72' lang='lat' dir='ltr'><strong>Baptiimo</strong></span> <span class='ocrx_word' id='word_1_928' title='bbox 3730 5635 3851 5673; x_wconf 85' lang='lat' dir='ltr'><strong>con-</strong></span> 
     </span>
    </p>
   </div>
   <div class='ocr_carea' id='block_1_132' title="bbox 2248 5686 3846 5759">
    <p class='ocr_par' dir='ltr' id='par_1_132' title="bbox 2248 5686 3846 5759">
     <span class='ocr_line' id='line_1_133' title="bbox 2248 5686 3846 5759; baseline 0.002 -19"><span class='ocrx_word' id='word_1_929' title='bbox 2248 5697 2329 5741; x_wconf 87' lang='lat' dir='ltr'><strong>tra</strong></span> <span class='ocrx_word' id='word_1_930' title='bbox 2341 5686 2653 5753; x_wconf 71' lang='lat' dir='ltr'><strong>Donatistae,</strong></span> <span class='ocrx_word' id='word_1_931' title='bbox 2668 5703 2715 5743; x_wconf 93' lang='lat' dir='ltr'><strong>c.</strong></span> <span class='ocrx_word' id='word_1_932' title='bbox 2739 5688 2796 5755; x_wconf 88' lang='lat'><strong>2,</strong></span> <span class='ocrx_word' id='word_1_933' title='bbox 2813 5702 2875 5743; x_wconf 90' lang='lat' dir='ltr'><strong>ea</strong></span> <span class='ocrx_word' id='word_1_934' title='bbox 2895 5688 3054 5743; x_wconf 89' lang='lat' dir='ltr'><strong>verba</strong></span> <span class='ocrx_word' id='word_1_935' title='bbox 3069 5688 3269 5744; x_wconf 78' lang='lat' dir='ltr'><strong>referre</strong></span> <span class='ocrx_word' id='word_1_936' title='bbox 3290 5686 3560 5759; x_wconf 88' lang='lat' dir='ltr'><strong>tamquam</strong></span> <span class='ocrx_word' id='word_1_937' title='bbox 3572 5689 3846 5759; x_wconf 85' lang='lat' dir='ltr'><strong>Cypriani,</strong></span> 
     </span>
    </p>
   </div>
   <div class='ocr_carea' id='block_1_133' title="bbox 2246 5758 3847 5830">
    <p class='ocr_par' dir='ltr' id='par_1_133' title="bbox 2246 5758 3847 5830">
     <span class='ocr_line' id='line_1_134' title="bbox 2246 5758 3847 5830; baseline 0.002 -19"><span class='ocrx_word' id='word_1_938' title='bbox 2246 5760 2760 5830; x_wconf 23' lang='lat' dir='ltr'><strong>sciebatuprteterea</strong></span> <span class='ocrx_word' id='word_1_939' title='bbox 2810 5774 2872 5814; x_wconf 89' lang='lat' dir='ltr'><strong>ea</strong></span> <span class='ocrx_word' id='word_1_940' title='bbox 2926 5759 3113 5816; x_wconf 87' lang='lat' dir='ltr'><strong>haberi</strong></span> <span class='ocrx_word' id='word_1_941' title='bbox 3157 5762 3212 5815; x_wconf 92' lang='lat' dir='ltr'><strong>in</strong></span> <span class='ocrx_word' id='word_1_942' title='bbox 3247 5758 3568 5830; x_wconf 83' lang='lat' dir='ltr'><strong>quibusdam</strong></span> <span class='ocrx_word' id='word_1_943' title='bbox 3615 5758 3847 5830; x_wconf 83' lang='lat' dir='ltr'><strong>antiquis</strong></span> 
     </span>
    </p>
   </div>
   <div class='ocr_carea' id='block_1_134' title="bbox 2244 5827 3843 5907">
    <p class='ocr_par' dir='ltr' id='par_1_134' title="bbox 2244 5827 3843 5907">
     <span class='ocr_line' id='line_1_135' title="bbox 2244 5827 3843 5907; baseline 0.001 -18"><span class='ocrx_word' id='word_1_944' title='bbox 2244 5827 2600 5897; x_wconf 71' lang='lat' dir='ltr'><strong>coitionibus;</strong></span> <span class='ocrx_word' id='word_1_945' title='bbox 2622 5829 2817 5902; x_wconf 87' lang='lat' dir='ltr'><strong>miror,</strong></span> <span class='ocrx_word' id='word_1_946' title='bbox 2846 5830 3060 5907; x_wconf 88' lang='lat' dir='ltr'><strong>inquam</strong></span> <span class='ocrx_word' id='word_1_947' title='bbox 3080 5872 3096 5903; x_wconf 89' lang='lat'><strong>,</strong></span> <span class='ocrx_word' id='word_1_948' title='bbox 3124 5846 3246 5889; x_wconf 90' lang='lat' dir='ltr'><strong>eum</strong></span> <span class='ocrx_word' id='word_1_949' title='bbox 3265 5827 3361 5888; x_wconf 84' lang='lat' dir='ltr'><strong>illa</strong></span> <span class='ocrx_word' id='word_1_950' title='bbox 3381 5827 3630 5889; x_wconf 87' lang='lat' dir='ltr'><strong>omisisse</strong></span> <span class='ocrx_word' id='word_1_951' title='bbox 3648 5829 3701 5887; x_wconf 90' lang='lat' dir='ltr'><strong>in</strong></span> <span class='ocrx_word' id='word_1_952' title='bbox 3728 5827 3843 5891; x_wconf 73' lang='lat' dir='ltr'><strong>sua.</strong></span> 
     </span>
    </p>
   </div>
  </div>
