4222 6288
326 343 445 400 241

1758 344 2091 404 EPISTOLA
2131 344 2239 403 VII.

3539 355 3646 414 942

335 458 572 515 assiduis
608 456 946 515 orationibus
982 464 1045 514 et
1077 459 1250 517 enixis
1277 461 1526 531 precibus
1558 462 1819 519 instanter
1850 464 1936 519 in-
1964 463 2019 524 A
2042 461 2088 519 si
2117 462 2291 519 modo.
2304 463 2517 534 pulsent
2539 464 2734 521 ostium
2762 479 2972 537 preces,
3025 467 3258 538 gemitus
3288 475 3343 525 et
3381 454 3640 542 lacrymm

333 552 623 619 cumbcre,
642 550 910 605 admoneo
940 558 1118 605 tamen
1135 561 1189 608 et
1216 553 1329 623 ipse
1345 553 1649 624 religiosam
1678 554 1937 610 sollicita-

335 641 523 698 dinem
570 650 805 697 vestram
843 651 900 696 ut
926 650 951 678 ει
983 643 1052 698 ad
1087 643 1400 713 placandum
1426 654 1585 717 atque
1610 646 1941 702 exorandum

334 732 651 797 Dominum,
672 750 779 788 non
798 748 931 788 voce
959 733 1096 802 sola,
1126 735 1220 791 sed
1237 736 1521 806 etjt-jnniis
1549 738 1868 810 ctlacrymis
1891 747 1945 793 et

338 827 493 881 omni
521 841 722 896 genere
748 826 1146 896 deprecationis
1174 830 1603 898 ingemiscamus.
1635 830 1942 901 lntclligen~

334 918 476 974 dum
522 929 605 973 est
651 918 797 973 enim
842 928 897 974 et
939 920 1303 975 conﬁtendum
1353 937 1616 992 pressura:
1658 922 1810 977 istius
1839 932 1944 978 tam

341 1010 622 1066 turbidam
656 1011 987 1078 vastitatem,
1023 1027 1144 1082 qua:
1189 1028 1404 1085 gregem
1447 1008 1685 1069 nostrum
1714 1014 1947 1070 maxima

339 1117 419 1159 ex
450 1093 597 1173 parte
626 1102 1005 1174 populata'est
1031 1113 1086 1159 et
1123 1105 1297 1161 adhuc
1325 1121 1494 1176 usque
1535 1107 1838 1178 populatur,
1861 1123 1948 1164 sc-

342 1195 583 1250 cnndum
630 1204 847 1264 peccata
889 1207 1069 1252 nostra
1130 1199 1366 1267 venisse,
1410 1198 1536 1255 dum
1568 1201 1706 1254 viam
1737 1200 1947 1256 Domini

340 1302 457 1344 non
510 1298 776 1353 tenemus,
832 1303 931 1343 nec
986 1289 1109 1343 data
1142 1291 1295 1345 nobis
1333 1290 1401 1345 ad
1451 1291 1675 1347 salutem
1706 1291 1948 1348 coelestia

341 1380 617 1438 mandata
634 1395 933 1443 servamus.
957 1382 1106 1438 Fecit
1131 1383 1389 1440 Dominus
1410 1396 1595 1440 noster
1620 1386 1948 1440 voluntatem

339 1475 543 1542 Patris,
569 1484 625 1532 et
651 1490 754 1530 nos
781 1490 884 1531 non
913 1474 1137 1531 facimus
1165 1477 1374 1531 Domini
1405 1478 1755 1545 voluntatem,
1784 1476 1950 1549 patri-

348 1569 539 1624 monio
560 1577 616 1623 et
640 1569 791 1623 luero
807 1569 1104 1636 studentes,
1136 1571 1439 1641 superbiam
1469 1580 1758 1639 sectantes,
1786 1586 1953 1627 rerum

350 1659 540 1716 lationi
576 1669 631 1715 et
664 1660 989 1715 dissensioni
1034 1674 1305 1727 vacantes,
1349 1662 1705 1733 simplicitatis
1734 1673 1790 1721 et
1827 1665 1951 1723 fidei

346 1753 709 1825 negligentes,
739 1753 940 1808 sacculo
968 1753 1147 1809 verbis
1174 1755 1303 1810 solis
1331 1764 1386 1810 et
1417 1772 1521 1811 non
1562 1754 1716 1811 factis
1754 1772 1953 1813 renun-

2047 564 2272 625 nostrre,
2303 556 2347 587 η
2373 557 2569 628 quibus
2618 559 2866 616 insistere
2894 568 2949 616 et
2976 559 3246 615 immorari
3280 571 3516 632 oportet,
3546 563 3649 619 etsi

2044 649 2114 703 sit
2137 649 2402 705 unanimis
2430 650 2622 705 oratio.

2054 772 2059 775 -
2121 740 2208 795 Ill.
2246 741 2379 796 Nam
2406 742 2546 812 quod
2581 744 2750 813 magis
2792 744 2960 800 suasit
2991 752 3046 799 et
3080 744 3338 814 compulit
3368 753 3425 800 ut
3455 745 3552 801 bas
3581 747 3651 802 atl

2048 846 2145 888 vos
2174 832 2381 889 litteras
2415 834 2731 901 scriberem,
2777 836 2917 891 scire
2942 835 3170 902 debetis,
3220 838 3360 892 sicut
3396 838 3651 893 Dominus

2047 923 2333 980 ostendere
2385 933 2438 979 et
2472 925 2714 981 revelare
2736 925 2983 997 dignatus
3001 935 3084 982 est
3113 935 3163 991 8;
3214 925 3414 980 dictum
3446 926 3574 982 esse
3597 928 3651 983 in

2049 1015 2256 1071 visione
2282 1033 2295 1069 :
2324 1014 2508 1082 Petite,
2540 1025 2587 1070 et
2613 1017 2894 1087 impetratis
2924 1015 2982 1083 h;
3040 1027 3164 1072 tunc
3189 1018 3383 1073 deinde
3414 1002 3659 1090 praecep?

2052 1112 2165 1161 tum
2195 1105 2333 1175 plebi
2365 1107 2638 1163 assistenti
2666 1116 2724 1162 ut
2755 1122 2852 1178 pro
2882 1108 3197 1178 quibusdam
3237 1111 3480 1179 personis
3503 1111 3651 1165 desi-

2051 1197 2228 1267 gnatis
2249 1196 2352 1252 sibi
2385 1205 2650 1267 peterent,
2673 1199 2724 1252 in
2756 1198 2990 1268 petendo
3013 1209 3190 1255 autem
3218 1200 3380 1255 fuisse
3406 1200 3652 1256 dissonas

2052 1304 2214 1346 voces
2278 1298 2333 1346 et
2364 1288 2608 1360 dispares
2642 1289 2659 1327 ί
2691 1290 3016 1356 voluntates,
3060 1299 3114 1346 et
3165 1292 3511 1348 vehementer
3551 1292 3653 1347 hoc

2053 1382 2392 1453 displicuisse
2448 1383 2524 1438 illi
2575 1384 2666 1455 qui
2717 1383 2945 1449 dixerat,
2999 1382 3198 1451 Petite,
3247 1394 3291 1438 et
3334 1386 3648 1455 impetratis,
3732 1421 3741 1425 -

2056 1475 2195 1546 quod
2227 1475 2398 1545 plebis
2420 1476 2750 1545 inmqualitas
2771 1475 3120 1547 discreparet,
3140 1492 3238 1532 nec
3264 1488 3406 1533 esset
3435 1478 3656 1533 fratrum

2057 1572 2344 1635 consensio
2389 1583 2492 1622 una
2531 1577 2587 1622 et
2622 1568 2857 1638 simplex
2904 1577 2959 1624 et
2981 1568 3167 1638 juncta
3193 1569 3504 1633 concordia,
3532 1584 3655 1622 ('lllll

2059 1661 2319 1731 scriptum
2372 1661 2467 1727 sit,
2507 1659 2644 1714 Deus
2685 1662 2772 1730 qui
2818 1661 3105 1715 inhabitare
3137 1663 3258 1732 facit
3297 1661 3560 1715 unanimes
3604 1661 3659 1714 itt

2054 1752 2207 1807 domo
2236 1750 2409 1824 (Psaf.
2442 1766 2606 1815 uvu,
2637 1751 2716 1822 7),
2747 1761 2803 1806 et
2842 1751 2894 1805 itt
2924 1740 3073 1806 Actis
3102 1752 3477 1820 Apostolorum
3503 1750 3657 1821 lega-

350 1845 570 1907 tiantcs,
602 1845 969 1914 unusquisque
999 1846 1099 1900 sibi
1125 1846 1394 1916 placentes
1428 1856 1482 1903 et
1506 1847 1753 1904 omnibus
1777 1850 1961 1920 displi-
1991 1847 2040 1908 B
2068 1858 2208 1913 mus,
2257 1842 2426 1898 Turba
2460 1853 2629 1897 autem
2680 1858 2853 1897 eorum
2898 1843 2985 1910 qui
3023 1843 3341 1897 crediderant
3388 1844 3561 1897 anima
3601 1860 3662 1897 ac

351 1948 559 1998 centes.
585 1938 906 2009 Vapulamus
923 1940 1099 2010 itaque
1127 1950 1182 1995 ut
1211 1955 1505 2009 meremur,
1537 1958 1658 1997 cum
1685 1944 1941 2014 scriptum

356 2034 431 2089 sit
462 2052 477 2088 :
509 2033 700 2089 Servus
720 2042 895 2111 autem
913 2033 1000 2087 ille
1022 2035 1110 2104 qui
1135 2038 1389 2106 cognoscit
1422 2036 1730 2092 voluntatem
1754 2039 1949 2092 domini

350 2125 457 2188 sui,
507 2135 554 2179 et
601 2141 701 2180 non
734 2127 959 2196 paruerit
991 2124 1019 2163 ι)
1048 2127 1293 2182 voluntati
1319 2129 1450 2193 eius,
1496 2130 1752 2200 vapulabit
1779 2131 1950 2187 multis

353 2216 507 2292 (Luc.
535 2233 628 2283 sit,
665 2216 780 2290 47).
810 2214 956 2287 Quas
992 2227 1169 2275 autem
1201 2221 1401 2291 plagas,
1436 2238 1557 2293 qua:
1591 2223 1810 2280 verbera
1842 2239 1947 2279 non

355 2324 649 2374 meremur,
684 2310 897 2379 quando
932 2326 1031 2366 nec
1058 2312 1418 2378 confessores,
1454 2316 1544 2385 qui
1569 2316 1817 2388 exemplo
1841 2331 1941 2372 ca:-

363 2404 496 2458 teris
521 2401 589 2457 ad
617 2402 789 2458 bonos
829 2418 1007 2458 mores
1029 2419 1149 2460 esse
1183 2405 1498 2474 debuerant,
1539 2415 1754 2463 teneant
1790 2409 1953 2465 disci-

360 2495 559 2562 plinatn
580 2495 604 2546 ?
631 2494 837 2565 Itaque,
862 2495 989 2552 dum
1006 2497 1264 2567 quosdam
1284 2498 1574 2555 insolenter
1595 2501 1801 2556 extollit
1819 2516 1953 2556 con-

361 2585 608 2640 fessionis
654 2602 765 2641 sure
807 2588 1006 2643 tumida
1052 2598 1072 2625 ε
1112 2599 1166 2643 et
1191 2588 1546 2646 inverecunda
1572 2591 1813 2660 jactatio,
1842 2601 1956 2647 tor-

363 2686 538 2732 menta
581 2686 861 2741 venerunt,
908 2688 962 2733 et
1008 2688 1270 2737 tormenta
1307 2679 1334 2717 εί
1373 2681 1490 2737 sine
1550 2684 1655 2739 line
1718 2684 1955 2750 tortoris,

362 2768 482 2822 sine
513 2768 659 2822 exitu
688 2767 1063 2833 damnationis,
1096 2771 1213 2827 sine
1238 2771 1429 2826 solatio
1454 2774 1662 2837 mortis,
1697 2782 1957 2829 tormenta

364 2876 492 2932 quae
518 2861 582 2916 ad
608 2876 861 2917 coronam
885 2877 989 2918 non
1009 2862 1164 2919 facile
1184 2862 1476 2928 dimittant,
1503 2863 1597 2919 sed
1627 2864 1828 2919 tamdiu
1852 2873 1961 2919 tor-

363 2960 567 3025 queant
590 2954 843 3025 quamdiu
876 2955 1163 3025 dejiciant;
1193 2954 1293 3009 nisi
1323 2955 1367 3009 si
1395 2955 1608 3025 aliquis,
1635 2956 1812 3011 divina
1840 2955 1960 3027 dig-

365 3047 584 3102 natione
633 3048 957 3114 subtractus,
1007 3048 1146 3102 inter
1200 3048 1313 3117 ipsa
1370 3049 1727 3104 cruciamenta
1780 3050 1963 3120 profe-

365 3138 501 3192 cerit
532 3147 578 3205 ο,
609 3136 832 3208 adeptus
877 3138 1097 3207 gloriam
1151 3153 1258 3193 non
1314 3138 1543 3195 termino
1570 3140 1836 3210 supplicii,
1868 3140 1963 3198 sed

369 3229 650 3285 velocitate
680 3229 965 3285 moriendi.

444 3322 506 3377 ll.
531 3321 657 3377 "(EC
682 3322 911 3392 patimur
932 3323 1126 3379 delicto
1141 3332 1197 3379 et
1218 3325 1412 3380 merito
1439 3334 1643 3393 nostro,
1665 3327 1800 3384 sicut
1828 3342 1961 3392 pra:-

369 3414 574 3469 monuit
595 3413 774 3468 divina
803 3430 1028 3470 censura
1063 3415 1250 3472 dicens
1284 3433 1299 3472 :
1328 3417 1391 3473 Si
1422 3417 1776 3486 dereliquerint
1803 3422 1966 3491 legem

369 3523 534 3561 nteant
582 3514 628 3561 et
675 3507 729 3561 in
764 3507 977 3577 judiciis
1001 3508 1123 3561 meis
1153 3507 1173 3544 ί
1203 3524 1305 3563 non
1333 3508 1716 3578 ambulaverint,
1748 3512 1791 3566 si
1807 3511 1966 3582 justi-

370 3598 633 3667 licatioues
651 3615 786 3652 meas
810 3599 1188 3670 profanaverint
1220 3610 1268 3653 et
1299 3611 1550 3671 praecepta
1585 3618 1696 3657 mea
1741 3619 1843 3656 non
1870 3603 1962 3657 ob-

371 3692 694 3758 servaveriut,
734 3691 943 3745 visitabo
982 3692 1033 3744 in
1069 3691 1211 3761 virga
1241 3691 1473 3761 facinora
1510 3709 1682 3749 eorum
1710 3702 1755 3748 et
1785 3696 1839 3748 in
1867 3696 1968 3764 ﬂa-

372 3786 516 3857 gellis
562 3786 746 3840 delicta
785 3802 957 3841 eorum
1011 3785 1183 3856 (Psal.
1225 3802 1486 3853 uxxvm,
1534 3788 1598 3844 51
1635 3786 1793 3860 αδδ).
1844 3788 1965 3844 Vir—

373 3891 467 3947 gas
492 3876 652 3947 igitur
677 3886 733 3933 et
751 3877 960 3949 ﬂagella
990 3878 1272 3945 sentimus,
1305 3879 1394 3948 qui
1421 3879 1530 3934 Deo
1552 3894 1652 3936 nec
1676 3881 1831 3935 bonis
1859 3879 1968 3935 fac-

376 3967 445 4022 tis
462 3968 754 4038 placemus,
772 3984 870 4024 nec
902 3982 999 4039 pro
1027 3969 1259 4040 peccatis
1284 3969 1662 4026 satisfacimus.
1696 3970 1968 4041 Rogemus

376 4057 445 4114 de
468 4059 659 4114 intimo
686 4059 849 4117 corde
878 4068 933 4116 et
957 4060 1025 4115 de
1057 4068 1164 4114 tota
1191 4074 1370 4116 mente
1394 4062 1817 4118 miscricordiam
1850 4062 1967 4129 Dei,

377 4152 498 4220 quia
541 4160 598 4208 et
636 4140 752 4222 ipse
792 4151 998 4206 addidit
1041 4152 1227 4207 dicens
1283 4166 1297 4204 :
1345 4150 1754 4207 Misericordiunt
1799 4166 1970 4208 autent

380 4261 542 4297 meum
568 4260 671 4299 non
700 4245 987 4316 dispergam
1018 4245 1080 4298 ab
1104 4246 1173 4299 eis
1203 4245 1413 4313 (Ibid.).
1447 4244 1717 4313 Pctamus,
1748 4257 1802 4301 et
1830 4250 1970 4305 acci-

382 4338 618 4407 piemus;
653 4348 703 4392 et
733 4339 777 4392 si
800 4338 1093 4408 accipiendi
1126 4354 1271 4393 mora
1304 4350 1358 4394 et
1386 4339 1606 4394 tarditas
1636 4342 1968 4413 fuerit,quo-

384 4430 523 4484 niam
548 4430 783 4500 graviter
801 4429 1143 4498 offendimus,
1176 4431 1449 4501 pulscmus
1468 4473 1484 4498 ,
1514 4435 1636 4504 quia
1664 4444 1718 4489 et
1740 4435 1971 4506 pulsanti

383 4521 645 4591 aperietur
680 4519 893 4592 (Matth.
920 4537 1013 4589 vn,
1044 4522 1097 4587 7,
1128 4523 1180 4589 8,
1224 4538 1374 4592 xvm,
1403 4525 1491 4592 19;
1519 4523 1647 4580 Luc.
1676 4541 1752 4592 st,
1770 4527 1826 4593 9,
1854 4526 1969 4600 10),

1987 3228 2033 3292 C

2049 1945 2217 1989 mente
2240 1952 2345 1990 una
2371 1936 2582 2006 agebant
2609 1934 2744 2006 (Act.
2780 1949 2859 2002 tv,
2888 1933 3007 2005 '52);
3038 1943 3092 1990 et
3117 1934 3373 1990 Dominus
3400 1948 3495 1990 sua
3529 1950 3663 1991 voce

2051 2027 2389 2083 mandaverit
2439 2026 2625 2082 dicens
2671 2045 2686 2081 :
2735 2025 2850 2081 Hoc
2887 2036 2960 2081 est
3003 2027 3303 2081 mandatunt
3352 2044 3553 2093 meum,
3605 2036 3663 2082 ut

2052 2120 2279 2191 diligatis
2309 2120 2523 2174 invicem
2545 2117 2694 2189 (Joa.
2719 2133 2817 2186 xv,
2850 2118 2963 2190 17).
2983 2119 3050 2175 Et
3075 2120 3267 2175 iterum
3298 2137 3310 2173 :
3336 2119 3466 2175 Dico
3494 2130 3664 2175 autent

2052 2212 2190 2268 vobis
2208 2213 2467 2283 quoniam,
2493 2212 2538 2266 si
2563 2211 2838 2268 duobusea'
2874 2211 3013 2266 vobis
3036 2213 3319 2266 convenerit
3358 2210 3371 2263 i
3409 2216 3462 2266 in
3500 2221 3659 2278 terre,

2054 2307 2117 2362 de
2131 2308 2267 2361 onmi
2292 2323 2347 2360 re
2363 2321 2730 2378 quamcumque
2756 2305 2997 2375 petieritis
3017 2306 3268 2376 continget
3289 2305 3427 2359 vobis
3445 2322 3475 2358 a
3502 2303 3659 2360 Patre

2056 2416 2166 2455 meo
2187 2400 2276 2470 qui
2310 2400 2364 2453 in
2407 2398 2547 2453 ctelis
2570 2406 2645 2452 est
2702 2396 2915 2467 (Matth.
2957 2412 3117 2463 xvnt,
3155 2397 3270 2467 19).
3301 2396 3457 2463 Quod
3484 2396 3528 2450 si
3556 2396 3664 2450 duo

2059 2494 2340 2550 unanimes
2365 2496 2574 2548 tantum
2615 2501 2861 2563 possunt,
2899 2492 3027 2563 quid
3070 2492 3114 2547 si
3157 2494 3478 2548 ttnanimitas
3520 2493 3666 2561 apud

2059 2603 2249 2645 omnes
2288 2586 2472 2646 esset?
2509 2587 2662 2656 Quod
2692 2588 2736 2641 si
2768 2586 3064 2643 secundum
3097 2602 3280 2657 pacem
3313 2604 3471 2656 quam
3511 2587 3668 2641 nobis

2061 2684 2318 2740 Dominus
2351 2682 2501 2738 dedit
2546 2681 2816 2736 universis
2853 2679 3109 2735 fratribus
3150 2682 3485 2748 conveniret,
3527 2681 3668 2750 jam.

2063 2777 2267 2849 pridem
2311 2776 2379 2831 de
2428 2774 2608 2830 divina
2646 2772 3015 2830 misericordia
3057 2774 3498 2844 impetrassemus
3522 2774 3668 2844 quod

2064 2869 2313 2940 petimus,
2364 2880 2464 2921 nec
2503 2864 2707 2920 tamdiu
2752 2865 2805 2919 in
2845 2863 2950 2920 hoc
2987 2863 3175 2919 salutis
3217 2873 3273 2919 et
3315 2864 3436 2920 fidei
3468 2876 3669 2921 nostrae

2064 2959 2304 3032 periculo
2363 2958 2762 3013 fluctuat-emus.
2817 2955 2987 3012 Immo
3042 2972 3192 3022 vero,
3249 2971 3348 3012 nec
3397 2956 3673 3013 venissent

2067 3050 2318 3107 fratribus
2372 3050 2487 3105 lucc
2533 3051 2707 3116 mala,
2760 3048 2806 3103 si
2852 3049 2904 3103 in
2947 3065 3108 3104 unum
3136 3049 3437 3104 fraternitas
3480 3049 3668 3105 fuisset

2066 3146 2320 3200 animata.

2141 3238 2230 3292 IV.
2262 3237 2398 3293 Nam
2421 3244 2475 3292 et
2497 3235 2624 3290 illud
2654 3246 2925 3291 ostensum
2947 3244 3049 3308 est,
3080 3235 3221 3307 quod
3248 3236 3461 3294 sederet
3490 3246 3669 3308 pater-

2073 3330 2321 3396 familias,
2362 3327 2585 3384 sedente
2628 3328 2730 3383 sibi
2771 3327 2837 3383 ad
2878 3328 3154 3384 dexteram
3194 3330 3429 3399 juvene;
3475 3330 3673 3401 qnijn-

2068 3422 2237 3488 venis,
2272 3423 2464 3477 anxius
2489 3427 2684 3476 etcum
2712 3420 2943 3490 quadam
2982 3421 3347 3491 indignatione
3371 3422 3668 3489 subtristis,

2068 3513 2338 3570 maxillam
2374 3528 2532 3567 manu
2574 3522 2786 3579 tenens,
2826 3521 3019 3567 mmsto
3049 3513 3196 3567 vultu
3236 3512 3479 3569 sedebat.
3515 3513 3667 3568 Alius

2068 3622 2198 3663 vero
2223 3606 2275 3660 in
2306 3606 2522 3660 sinistra
2551 3613 2704 3674 parte
2731 3604 3031 3657 consistens
3074 3613 3188 3657 rete
3226 3604 3492 3674 portabat,
3522 3604 3667 3673 quod

2070 3715 2129 3757 se
2152 3700 2388 3764 mittere,
2420 3704 2480 3750 ttt
2507 3697 2942 3752 circnmstantem
2981 3693 3237 3764 populum
3276 3703 3513 3763 caperet,
3561 3694 3668 3747 mi-

2071 3792 2319 3847 nabatur.
2351 3789 2417 3845 Et
2436 3803 2558 3843 eum
2581 3788 2866 3841 miraretur
2884 3783 3010 3854 quid
3039 3783 3141 3838 ltoc
3168 3792 3310 3838 esset
3337 3782 3431 3838 ille
3464 3783 3554 3853 qui
3588 3784 3667 3835 vi-

2071 3883 2171 3948 dit,
2199 3881 2400 3936 dictum
2425 3886 2509 3933 est
2536 3878 2583 3933 ei
2617 3877 2864 3946 iuvenem
2887 3875 2977 3944 qni
3005 3874 3070 3929 ad
3098 3873 3374 3930 dexteram
3405 3875 3484 3930 sic
3508 3875 3666 3930 sede-

2073 3982 2176 4036 ret,
2208 3968 2511 4026 contristari
2540 3976 2596 4023 et
2630 3965 2815 4022 dolere
2846 3964 2988 4035 quod
3012 3974 3276 4036 praecepta
3316 3980 3409 4022 sua
3437 3981 3544 4023 non
3572 3967 3675 4020 ob-

2072 4071 2448 4127 servarentur;
2480 4060 2629 4116 illnm
2654 4073 2783 4115 vero
2808 4059 2861 4113 in
2886 4058 3102 4113 sinistra
3129 4059 3370 4114 exultare
3396 4059 3538 4130 quod
3565 4059 3649 4114 sib

2074 4159 2296 4216 daretur
2320 4154 2534 4213 occasio
2556 4161 2656 4208 uta
2682 4150 3068 4223 patrefamilias
3097 4161 3412 4222 potestatem
3439 4160 3679 4208 sumet-ct

2075 4246 2351 4306 smviendi.
2416 4245 2529 4301 Hoc
2596 4244 2742 4314 prius
2802 4243 2959 4314 longe
3027 4252 3302 4299 ostensum
3351 4252 3469 4307 est,
3511 4258 3672 4312 quam

2076 4349 2364 4410 tempestas
2405 4336 2665 4392 vastitatis
2721 4334 2880 4405 hujus
2929 4335 3162 4390 oriretur
3214 4333 3263 4388 ιε.
3337 4334 3405 4388 Et
3448 4333 3677 4387 vidimus

2075 4435 2352 4508 impletum
2374 4430 2517 4504 quod
2546 4430 2718 4486 fuerat
2737 4439 3032 4495 ostensum,
3056 4436 3135 4492 ut,
3157 4428 3283 4482 dum
3310 4425 3516 4481 Domini
3539 4439 3678 4495 pra:-

2074 4535 2231 4600 cepta
2255 4522 2674 4591 contemnimus,
2704 4520 2832 4578 dum
2858 4518 2997 4577 datae
3035 4519 3171 4591 legis
3205 4515 3452 4574 mandata
3477 4516 3675 4573 saluta-

1615 4665 1997 4726 LECTIONES
2037 4662 2452 4724 VARIANTES.

448 4791 475 4851 ἒ
499 4787 805 4851 Religionem
826 4791 1058 4847 vestram,
1079 4791 1131 4836 ut
1166 4784 1270 4848 nig.

444 4848 473 4888 ι)
497 4848 696 4902 Feeérit
719 4852 788 4900 Μ.
812 4853 873 4901 R.

448 4917 472 4944 θ
494 4913 677 4963 Tumor
696 4911 837 4964 Corb.

450 4974 479 5015 ιὶ
499 4975 556 5025 In
577 4982 818 5025 tormenta
839 4978 1103 5033 venerum,
1131 4978 1374 5026 tormenta
1400 4971 1540 5024 Corb.

454 5041 477 5068 θ
504 5036 757 5087 Defeccrit
783 5038 942 5087 Oxon.

457 5097 476 5138 ἲ
504 5098 607 5150 Viis
629 5099 753 5151 meis
784 5102 923 5150 Voss.
950 5099 989 5148 ι.
1013 5099 1149 5148 Pent.

2007 4788 2062 4848 1)
2150 4787 2180 4850 β
2202 4785 2461 4850 Dignatur
2472 4782 2630 4850 01:011.

2148 4846 2177 4885 ιι
2200 4833 2532 4910 impetrabilis
2555 4838 2682 4893 Bod.
2702 4839 2763 4910 3.
2782 4841 2887 4910 (et.
2901 4833 3137 4910 initam.“

2155 4910 2173 4948 ἱ
2206 4897 2527 4959 Dissonantes
2552 4916 2698 4953 voces
2720 4908 2773 4950 et
2795 4900 3060 4962 dissipatas
3082 4897 3187 4962 Litt.

2156 4974 2170 5023 i
2206 4958 2317 5021 Duo
2344 4983 2426 5037 ex
2454 4967 2610 5037 _vpbis
2643 4958 2965 5013 convenerint
3006 4958 3133 5012 Bod.
3173 4959 3221 5020 l,
3262 4960 3310 5011 3.
3364 4961 3504 5011 Voss.
3549 4958 3595 5020 l,
3638 4958 3684 5011 2.

2087 5032 2427 5097 conveneritis
2449 5032 2605 5097 Βᾶθι,
2680 5086 2735 5097 η
2793 5084 2837 5097 η
3011 5086 3103 5097 η,
3145 5082 3157 5094 ,

2168 5095 2197 5135 ιι
2221 5084 2533 5158 Operaretuf
2551 5086 2656 5140 Litt.
2680 5086 2745 5140 Et
2762 5084 2984 5140 videmus
3011 5086 3118 5137 Vel.
3138 5084 3320 5136 inuam.

1637 5204 1878 5262 STEPH.
1921 5200 2197 5261 BALUZII
2245 5195 2476 5256 ΝΟΤᾹΞ.

386 5349 478 5405 Illa
504 5349 665 5423 etiam
707 5348 1015 5423 omiserunt
1050 5348 1226 5423 Angli.
1261 5345 1381 5423 _No_s
1408 5342 1741 5423 restituimus
1762 5348 1986 5423 propter

386 5421 760 5547 gnetoritatem
798 5420 1076 5490 Augustini
1124 5411 1178 5473 Et
1226 5411 1863 5500 plurimernmlveterum
1918 5411 1985 5465 li-

426 5506 632 5546 rerum.

426 5506 632 5546 rerum.

460 5562 504 5617 l.
534 5591 602 5602 —-
623 5562 934 5633 Religiosum
972 5560 1385 5633 sollicitudinem.
1418 5558 1542 5614 lla‘c
1573 5565 1654 5633 est
1678 5555 1842 5633 lectio
1871 5567 1990 5633 om-

391 5635 541 5689 nium
583 5624 824 5688 veterum
855 5634 1112 5688 librorum
1160 5637 1216 5683 et
1257 5629 1573 5684 editionum.
1605 5628 1662 5682 in
1695 5624 1992 5694 Rigaltiana

393 5714 578 5760 tamen
627 5705 886 5774 scriptum
927 5714 1009 5759 est
1050 5701 1343 5770 religionem
1370 5711 1606 5755 vestram.
1638 5697 1793 5767 Angli
1834 5709 1994 5764 repo-

393 5782 622 5830 suerunt
662 5786 897 5830 veterem
945 5775 1248 5829 lectioni-nt.

486 5837 633 5900 Viam
691 5844 900 5900 Domini
954 5860 1055 5898 non
1111 5852 1355 5895 tenemus.
1410 5835 1552 5895 Citat
1598 5837 1742 5894 hunc
1785 5847 1999 5906 quoque

2089 5340 2266 5395 locum
2289 5342 2508 5393 sanctus
2521 5331 2846 5405 Augustinus
2872 5331 2926 5387 in
2950 5327 3089 5384 libro
3110 5324 3270 5399 paulo
3290 5332 3415 5382 ante
3442 5324 3683 5391 laudato,

2091 5425 2213 5468 can.
2253 5410 2307 5463 5.

2161 5425 2330 5535 .3.—
2348 5478 2601 5533 Oriretur.
2622 5474 2681 5531 In
2701 5488 2807 5529 uno
2825 5471 3009 5529 codice
3034 5470 3182 5539 regio
3202 5468 3417 5538 legitur,
3436 5468 3687 5523 vastitatis

2096 5552 2250 5624 hujus
2275 5549 2538 5624 accederet
2557 5557 2602 5601 et
2638 5548 2853 5624 impetus
2884 5541 3091 5596 malitia:
3119 5549 3305 5624 nostra:
3344 5555 3584 5624 erguvttos
3608 5539 3688 5590 ἰη-

2098 5609 2314 5689 grueret.
2330 5618 2433 5675 Sed
2454 5618 2541 5672 alii
2558 5609 2770 5689 codices
2793 5623 3093 5689 repugnant
3113 5620 3167 5666 et
3190 5624 3377 5689 omnes
3400 5609 3684 5689 editiones.

2097 5680 2157 5748 ln
2189 5690 2549 5746 vetustissimo
2579 5680 3107 5759 codiccRemigiano
3144 5680 3400 5759 scriptum
3430 5688 3547 5759 ρει..
3569 5688 3691 5731 tent-

2103 5772 2269 5834 pestas
2333 5759 2657 5834 vastuli_on_is_
2689 5758 2844 5826 hujus
2910 5749 3147 5834 oriretur.
3204 5749 3268 5806 In
3327 5749 3697 5814 Latnonianu,

2095 5827 2373 5904 "tenqmtas
2393 5830 2548 5885 vastis
2567 5827 2719 5897 hujus
2742 5833 3057 5898 operaretur.
