4250 6282
508 330 619 395 945

1941 320 2080 380 DIVI
2106 315 2433 380 CTPRIANI

3709 306 3822 371 244

514 450 599 509 ria
627 461 736 506 non
763 451 1031 511 tenemus.
1075 439 1381 501 facultatem
1416 438 1647 500 nocendi
1686 429 1937 497 inimicus
1974 439 2116 497 aeci-
2139 442 2196 502 Α
2218 437 2359 494 ratio
2408 433 2646 507 pectoris
2706 432 2897 490 nostri.
2935 428 3125 490 Βιθυιί
3169 438 3271 488 nos
3335 429 3480 488 Deus
3547 426 3719 487 voluit
3764 432 3821 487 et

515 547 696 613 peret,
736 540 914 597 minus
944 526 1187 592 armatos
1248 543 1305 592 et
1355 533 1423 591 ad
1477 531 1884 605 repugnandum
1942 531 2120 588 minus

516 640 711 687 cautos
741 630 886 701 jaetu
915 628 1044 684 retis
1073 626 1329 698 operiret.

597 725 663 782 V.
689 721 918 780 Oremus
946 723 1209 778 instanter
1236 728 1293 776 et
1320 719 1553 777 assiduis
1581 717 1830 790 precibus
1868 716 2120 788 ingemis—

520 832 727 875 camus.
753 816 885 872 Nam
909 815 1078 872 ethoc
1092 814 1248 870 nobis
1266 828 1373 870 non
1395 813 1523 868 olim
1539 822 1565 850 ει
1582 827 1676 883 per
1700 811 1997 877 visionem,
2014 809 2120 865 fra-

516 920 633 967 tres
650 904 974 976 eharissimi,
990 908 1369 979 exprobratum
1393 907 1596 974 sciatis,
1611 905 1754 976 quod
1769 904 2123 961 dormitemus

518 1003 578 1060 in
599 1001 869 1075 precibus,
892 1015 991 1057 nec
1006 999 1287 1071 vigilanter
1301 1013 1540 1054 oremus.
1565 998 1633 1055 Et
1662 997 2007 1069 Deusutique,
2029 997 2119 1067 qui

520 1108 682 1165 quem
698 1090 1101 1161 corripitdiiigit
1123 1088 1303 1161 (Prov.
1349 1088 1562 1160 111,32),
1582 1087 1796 1158 quando
1807 1087 2029 1156 corripit
2052 1085 2120 1141 ad

519 1187 630 1242 hoc
663 1185 886 1255 corripit
919 1192 976 1239 ut
1007 1182 1276 1247 emendet,
1303 1182 1369 1237 ad
1398 1182 1498 1237 hoc
1526 1180 1779 1237 emendat
1817 1188 1875 1235 ut
1917 1189 2119 1234 servet.

521 1278 874 1335 Excutiamus
898 1277 1077 1346 itaque
1110 1284 1166 1331 et
1190 1274 1570 1345 abrumpamus
1597 1273 1774 1330 somni
1810 1272 2040 1337 vincula,
2065 1280 2122 1326 et

522 1369 789 1424 instanter
820 1382 883 1422 ac
910 1366 1191 1437 vigilanter
1219 1379 1458 1432 oremus,
1505 1365 1643 1420 sicut
1682 1363 1880 1419 Paulus
1904 1370 2122 1432 apostoo

520 1460 609 1516 ius
651 1460 891 1531 praecipit
930 1459 1114 1515 dicens
1148 1477 1163 1514 :
1196 1458 1394 1513 Instate
1439 1458 1661 1513 orationi
1688 1458 1955 1529 vigilantes
1979 1457 2033 1511 in
2062 1472 2123 1511 ea

524 1552 748 1626 (Coloss.
779 1569 855 1620 iv,
882 1550 961 1623 2).
990 1551 1122 1606 Nam
1147 1561 1204 1607 et
1227 1549 1473 1621 Apostoii
1494 1565 1651 1606 orare
1672 1550 1863 1606 diebus
1888 1564 1952 1605 ac
1986 1563 2119 1604 noe-

521 1645 670 1702 tibus
701 1660 807 1699 non
833 1644 1176 1707 destiterunt,
1208 1651 1265 1699 et
1295 1642 1554 1697 Dominus
1583 1655 1797 1712 quoque
1826 1642 1940 1711 ipse
1960 1639 2122 1697 disci-

518 1737 685 1808 plinae
705 1736 960 1806 magister
989 1745 1044 1790 et
1066 1734 1298 1803 exempli
1325 1733 1501 1789 nostri
1523 1733 1608 1788 via
1628 1732 1937 1802 frequenter
1958 1741 2012 1787 et
2035 1732 2120 1788 vi-

2224 528 2467 599 probari,
2497 527 2637 583 sicut
2659 538 2789 582 suos
2829 537 3047 595 semper
3071 521 3353 593 probavit;
3391 535 3495 578 nec
3542 532 3724 577 tamen
3763 521 3820 577 in

2223 619 2631 692 probationibus
2667 617 2785 689 ejus
2829 615 3121 688 aliquando
3164 615 3425 671 auxilium
3476 613 3857 672 credentibus-

2223 715 2407 773 defuit.

2297 846 2385 902 Vl.
2418 846 2657 918 Denique
2687 845 2752 901 ad
2774 843 3055 901 minimum
3090 842 3346 901 famulum
3383 858 3540 900 suum
3560 850 3615 900 et
3646 842 3699 898 in
3730 843 3825 900 de-

2224 936 2364 995 lictis
2388 937 2515 993 licet
2554 936 2795 1008 plurimis
2846 938 3194 992 constitutum
3250 942 3308 991 et
3350 934 3665 1007 dignatione
3703 934 3825 1005 ejus

2224 1031 2524 1103 indignum,
2560 1040 2737 1086 tamen
2764 1028 2853 1085 ille
2879 1043 2979 1102 pro
2998 1044 3095 1085 sua
3122 1029 3264 1085 circa
3294 1042 3394 1085 nos
3413 1028 3653 1084 bonitate
3670 1041 3828 1084 man-

2224 1118 2355 1179 dare
2382 1122 2629 1193 dignatus
2651 1130 2753 1177 est.
2789 1140 2808 1173 ι
2844 1121 2940 1176 Dic
2965 1116 3062 1186 iiii,
3086 1119 3278 1191 inquit,
3307 1134 3530 1175 securus
3559 1117 3650 1184 sit,
3700 1118 3828 1188 quia

2224 1218 2326 1284 pax
2356 1223 2580 1269 ventura
2609 1220 2715 1278 est;
2733 1210 2827 1269 sed
2851 1210 2996 1283 quod
3020 1210 3231 1266 interim
3261 1210 3470 1265 merula
3496 1217 3602 1274 est,
3633 1223 3827 1280 super.
3926 1204 3934 1212 ’

2230 1313 2359 1362 sunt
2398 1304 2573 1362 adhuc
2622 1303 2787 1376 aliqui
2832 1304 2923 1372 qui
2955 1302 3270 1374 probentur.
3306 1301 3454 1358 rSed
3485 1300 3633 1358 etde
3682 1301 3828 1357 victu

2222 1412 2388 1471 parco
2407 1406 2459 1454 et
2478 1397 2661 1455 sobrio
2681 1407 2809 1468 potu
2826 1397 3020 1454 divinis
3032 1396 3434 1469 dignationibus
3451 1397 3827 1466 admonemur;

2225 1491 2432 1549 scilicet
2460 1508 2527 1548 ne
2555 1491 2742 1563 vigore
2767 1490 2975 1547 caelesti
3005 1490 3236 1546 sublime
3256 1489 3368 1562 jam
3410 1498 3596 1562 peetus
3642 1488 3827 1545 illece-
3892 1501 3900 1509 '

2223 1582 2319 1639 bra
2346 1582 2623 1640 smcuiaris
2648 1590 2892 1650 enervet,
2923 1580 3009 1639 vel
3037 1596 3104 1638 ne
3126 1581 3447 1654 largioribus
3475 1582 3648 1655 epulis
3675 1595 3830 1638 mens

2224 1683 2444 1748 gravata
2469 1678 2648 1734 minus
2675 1676 2742 1733 ad
2764 1691 2954 1749 preces
2983 1676 3245 1733 orationis
3269 1675 3523 1748 evigiiet»

521 1827 753 1899 gilanlet‘
777 1826 968 1892 oravit.
997 1825 1138 1880 sicut
1177 1826 1229 1879 in
1254 1823 1544 1894 Evangelio
1574 1823 1803 1895 legimus
1843 1839 1858 1876 =
1894 1821 2037 1877 Ετίει
2069 1822 2124 1877 in
2153 1825 2202 1889 Β
2308 1829 2417 1887 VII.
2446 1828 2799 1887 Dissimulare
2823 1830 2940 1886 haec
2966 1827 3172 1901 singula
3196 1836 3250 1887 et
3275 1826 3417 1900 apud
3437 1822 3829 1884 conscientiam

520 1929 747 1975 montem
772 1935 939 1982 orare,
971 1927 1019 1972 et
1049 1917 1146 1990 fuit
1172 1926 1477 1989 pernoctans
1499 1918 1554 1971 in
1588 1918 1818 1971 oratione
1841 1914 1939 1972 Dei
1971 1916 2124 1989 (an.

521 2026 607 2076 vi,
636 2008 747 2082 12).
794 2010 861 2065 Et
889 2009 1073 2080 utique
1100 2007 1244 2080 quod
1278 2008 1468 2064 orabat
1494 2007 1683 2065 orabat
1702 2006 1798 2063 ille
1827 2022 1923 2078 pro
1946 2008 2135 2075 nobis;

522 2115 647 2156 cum
680 2108 931 2171 peccator
950 2101 1064 2171 ipse
1080 2114 1188 2156 non
1205 2107 1370 2167 esset,
1387 2099 1483 2155 sed
1510 2099 1681 2154 aliena
1707 2107 1922 2168 peccata
1948 2099 1976 2138 ι»
2006 2115 2129 2171 por-

523 2200 689 2248 taret.
720 2192 872 2249 Adco
895 2183 1074 2248 autem
1101 2207 1199 2262 pro
1235 2191 1392 2248 nobis
1427 2191 1518 2247 ille
1547 2190 1939 2261 deprecabatur
1962 2199 2025 2247 ut
2051 2191 2129 2247 ie-

522 2297 717 2354 gamus
754 2282 858 2338 aiio
894 2283 1013 2339 loco
1042 2300 1058 2340 :
1086 2281 1233 2337 Dixit
1269 2291 1439 2337 autem
1479 2281 1732 2337 Dominus
1774 2282 1843 2337 ad
1870 2280 2083 2338 Petrum
2113 2300 2128 2339 :

525 2373 666 2429 Ecce
678 2374 902 2430 Satanas
915 2374 1189 2444 postulauit
1209 2383 1264 2428 ut
1284 2390 1371 2430 vos
1392 2384 1593 2430 vexaret
1613 2374 1869 2445 quomodo
1886 2375 2127 2430 triticum.

527 2467 648 2537 Ege
673 2477 838 2521 autem
860 2467 1034 2537 rogaui
1056 2483 1148 2537 pro
1174 2475 1221 2521 te
1240 2483 1303 2521 ne
1322 2466 1525 2537 deﬁciat
1565 2466 1693 2536 ﬁdes
1711 2475 1800 2521 tua
1820 2465 1970 2539 (Luc.
1990 2482 2128 2536 xxn,

529 2559 649 2634 3|).
682 2561 835 2630 Quod
861 2562 905 2616 si
936 2577 1033 2632 pro
1060 2560 1217 2617 nobis
1242 2575 1308 2617 ac
1348 2575 1446 2632 pro
1467 2561 1676 2618 delictis
1709 2562 1910 2618 nostris
1951 2562 2044 2618 ille
2076 2572 2132 2618 et

526 2652 809 2709 laborabat
829 2661 883 2708 et
907 2651 1157 2723 vigilabat
1177 2661 1233 2708 et
1253 2652 1592 2722 precabatur,
1622 2663 1822 2723 quanto
1842 2668 1942 2709 nos
1962 2654 2134 2727 magis

529 2743 788 2805 insistere
809 2744 1057 2814 precibus
1085 2753 1141 2800 et
1160 2758 1337 2810 orare,
1364 2752 1418 2799 et
1439 2745 1616 2816 primo
1642 2744 1818 2815 ipsum
1847 2744 2131 2801 Dominum

528 2854 746 2911 rogare,
784 2848 896 2895 tum
932 2839 1126 2896 deinde
1162 2855 1259 2910 per
1303 2840 1473 2910 ipsum
1510 2841 1624 2896 Deo
1647 2838 1792 2895 Patri
1821 2840 2135 2899 satisfacere

527 2931 580 2963 ³⁵
598 2932 891 2989 debemus?
918 2931 1187 2987 Habemus
1212 2931 1530 2988 advocatum
1546 2941 1600 2989 et
1622 2931 2023 3003 deprecatorem
2036 2948 2136 3003 pro

527 3026 769 3096 peccatis
802 3023 1000 3080 nostris
1023 3022 1209 3079 Jesum
1238 3023 1512 3079 Christum
1543 3024 1827 3080 Dominum
1865 3034 1919 3079 et
1964 3024 2132 3081 Deum

526 3127 799 3186 nostrum,
829 3119 875 3173 si
904 3116 1065 3173 modo
1102 3131 1202 3171 nos
1231 3116 1286 3170 in
1308 3117 1636 3186 praeteritum
1676 3130 1929 3187 peccasse
1965 3119 2136 3188 paeni-

2231 1936 2410 1979 meam
2440 1922 2590 1980 solus
2612 1923 2886 1980 occultare
2912 1936 3018 1977 non
3043 1921 3227 1988 debui,
3254 1918 3446 1993 quibus
3465 1919 3833 1991 unuSquisqne
3900 1952 3909 1957 -

2232 2022 2477 2070 nostrum
2525 2023 2584 2071 et
2628 2014 2822 2070 instrui
2882 2022 2939 2070 et
2978 2014 3094 2085 regi
3137 2012 3327 2083 possit.
3374 2010 3486 2068 Nec
3534 2011 3633 2082 ipsi
3671 2011 3831 2068 deni-

2232 2118 2339 2176 que
2388 2116 2411 2144 ο
2451 2106 2593 2177 apud
2639 2118 2737 2161 vos
2774 2104 2915 2160 hanc
2962 2103 3244 2174 epistolam
3285 2102 3514 2157 teneatis
3542 2102 3830 2169 occultam,

2234 2194 2331 2251 sed
2358 2194 2639 2266 legendam
2681 2194 2936 2250 fratribus
2962 2197 3279 2265 suggeratis.
3316 2191 3644 2263 intercipere
3691 2192 3834 2247 enim

2233 2287 2426 2358 quibus
2454 2301 2554 2344 nos
2580 2287 2837 2343 Dominus
2864 2285 3156 2342 admonere
3183 2293 3238 2341 et
3263 2285 3533 2339 instruere
3558 2282 3831 2354 dignatur,

2231 2382 2353 2452 ejus
2375 2391 2459 2438 est
2484 2383 2573 2452 qui
2602 2382 2881 2438 admoneri
2918 2391 2973 2438 et
3001 2381 3189 2437 instrui
3213 2379 3436 2436 fratrem
3483 2393 3638 2435 suum
3676 2378 3831 2435 nolit.

2234 2474 2461 2531 Probari
2505 2488 2658 2530 nosa
2710 2474 2937 2530 Domino
2980 2481 3169 2528 nostro
3215 2473 3410 2540 sciant,
3438 2485 3538 2527 nec
3582 2484 3834 2541 umquam

2236 2580 2269 2621 a
2298 2565 2404 2644 tlde
2431 2581 2534 2637 qua
2561 2566 2615 2620 in
2643 2580 2765 2622 eum
2793 2564 2962 2621 semel
2990 2563 3338 2631 credidimus,
3369 2561 3652 2634 praesentis
3681 2575 3835 2632 pres-

2234 2671 2377 2714 sura:
2395 2655 2797 2713 conﬂictatione
2823 2656 3094 2713 deﬁciant.
3127 2655 3332 2711 Delicta
3375 2668 3469 2711 sua
3522 2651 3715 2723 singuli
3741 2667 3832 2708 re-

2236 2756 2643 2820 cognoscentes,
2683 2747 2767 2804 vel
2801 2747 2962 2803 modo
3000 2747 3464 2803 conversationem
3502 2745 3701 2801 veteris
3734 2743 3834 2801 ho-

2235 2844 2399 2899 minis
2464 2853 2757 2915 exponant.
2807 2842 2978 2900 Nemo
3033 2841 3180 2899 enim
3227 2848 3376 2899 retro
3424 2840 3709 2896 attendens
3780 2847 3838 2896 et

2237 2949 2614 3007 euperponens
2639 2950 2855 2991 manum
2901 2950 3052 2992 suam
3080 2948 3244 3005 super
3281 2941 3518 2989 aratrum
3555 2940 3710 3002 aptus
3753 2938 3838 2987 est

2235 3041 2406 3097 regno
2433 3026 2547 3083 Dei.
2582 3027 2821 3098 Denique
2847 3035 2902 3083 et
2929 3040 3063 3082 uxor
3093 3025 3211 3093 Lot,
3240 3024 3620 3097 quaeliberata,
3647 3030 3841 3102 contra

2237 3128 2584 3193 prmeeptum,
2611 3127 2759 3176 retro
2802 3120 3062 3190 respexit,
3102 3116 3245 3191 quod
3289 3123 3534 3173 evaserat
3582 3113 3829 3185 perdidit.

532 3220 665 3278 teat,
697 3220 754 3268 et
786 3210 1111 3266 confitentes
1133 3217 1293 3278 atque
1312 3208 1688 3281 intelligentes
1711 3211 1906 3271 delicta
1927 3220 2131 3279 nostra,
2159 3211 2208 3276 C
2238 3214 2592 3270 Attendamus
2631 3228 2736 3268 non
2771 3212 3092 3283 posteriora,
3148 3226 3255 3280 quo
3287 3206 3533 3265 diabolus
3593 3214 3829 3269 revocat,

531 3302 729 3374 quibus
752 3316 893 3357 nunc
931 3290 1590 3371 Dominum'oﬂ'endimus,
1617 3304 1702 3361 vel
1727 3303 1795 3359 de
1819 3313 2016 3362 caetero
2036 3318 2137 3361 nos

529 3393 811 3451 ambulare
840 3394 894 3450 in
918 3392 1019 3448 viis
1048 3392 1165 3463 ejus
1193 3402 1249 3448 et
1276 3404 1540 3463 praecepta
1563 3395 1679 3465 ejus
1702 3404 1942 3452 metuere
1968 3413 2137 3468 spon-

534 3487 781 3544 deamus.
823 3487 983 3541 Pater
1017 3500 1116 3541 nos
1142 3485 1362 3556 corrigit
1400 3494 1455 3540 et
1484 3496 1679 3555 tuetur,
1721 3498 1927 3545 stantes
1957 3500 2136 3547 tamen

531 3580 592 3637 in
626 3579 728 3637 title
772 3588 825 3633 et
855 3579 1126 3650 pressaris
1173 3587 1336 3647 atque
1370 3580 1650 3648 angustiis,
1691 3580 1894 3636 scilicet
1922 3580 2137 3638 Christo

532 3671 653 3742 ejus
676 3670 904 3725 lirmiter
921 3667 1281 3735 adhaerentes,
1308 3668 1718 3739 sicutscriptunt
1738 3680 1821 3727 est
1848 3689 1861 3725 :
1893 3671 2019 3740 Quis
2044 3689 2139 3728 nos

535 3763 794 3833 separabit
820 3778 852 3815 a
878 3759 1147 3815 dilectione
1171 3757 1399 3814 Christi?
1418 3770 1674 3831 pressura.
1706 3780 1776 3817 an
1797 3766 2054 3835 angustia,
2072 3782 2140 3821 an

533 3854 837 3925 persecutio,
852 3868 917 3905 an
933 3854 1113 3922 fames,
1128 3868 1195 3905 an
1209 3848 1439 3920 auditas,
1454 3868 1522 3906 an
1537 3854 1841 3923 periculum,
1854 3872 1920 3910 an
1938 3856 2140 3926 gladius

536 3944 719 4015 (Rom.
751 3959 867 4013 vni,
895 3942 1027 4016 55)?
1055 3942 1196 3997 Nihil
1214 3942 1404 3998 horum
1433 3953 1609 4014 potest
1638 3960 1889 4017 separare
1911 3948 2139 4007 creden-

535 4048 643 4101 tes,
672 4036 802 4091 nihil
829 4043 1003 4104 potest
1025 4034 1263 4090 avellere
1286 4037 1498 4104 corpori
1532 4036 1649 4105 ejus
1681 4044 1740 4092 et
1767 4021 2137 4108 sanguini'en-

534 4128 827 4187 hmreutes.
851 4125 1162 4184 Persecutio
1185 4126 1285 4182 ista
1307 4126 1636 4183 examinatio
1655 4139 1740 4185 est
1758 4137 1918 4200 atque
1946 4133 2135 4203 explo-

2238 3303 2335 3360 sed
2364 3304 2564 3374 priora,
2589 3318 2694 3374 quo
2731 3301 2982 3371 Christus
3006 3309 3181 3357 vocat.
3222 3298 3420 3355 Oculos
3449 3296 3719 3369 erigamus
3766 3294 3832 3350 ad

2240 3394 2459 3458 caelum,
2487 3408 2555 3449 ne
2589 3391 2995 3449 oblectamentis
3027 3400 3083 3448 et
3119 3390 3384 3448 illecebris
3422 3404 3519 3443 nos
3543 3388 3652 3444 suis
3691 3397 3831 3442 terra

2240 3486 2492 3558 decipiat.
2523 3484 2902 3556 Unusquisque
2934 3492 3055 3540 oret
3102 3482 3293 3549 Deum,
3325 3497 3430 3536 non
3475 3494 3574 3551 pro
3601 3494 3661 3534 se
3714 3484 3833 3533 tan-

2242 3588 2377 3646 tum,
2406 3578 2501 3634 sed
2524 3592 2620 3648 pro
2648 3576 2899 3633 omnibus
2921 3575 3195 3637 fratribus,
3227 3574 3365 3629 sicut
3386 3571 3642 3627 Dominus
3680 3582 3837 3623 orare

2241 3684 2343 3727 nos
2366 3670 2579 3734 docuit;
2611 3668 2699 3724 ubi
2735 3682 2841 3724 non
2872 3668 3093 3736 singulis
3135 3666 3393 3735 privatam
3447 3675 3658 3733 precem
3686 3674 3837 3722 man-

2242 3766 2355 3830 dat,
2387 3763 2481 3821 sed
2508 3762 2753 3820 oratione
2775 3764 3045 3819 communi
3084 3770 3139 3818 et
3163 3760 3413 3816 concordi
3439 3770 3599 3830 prece
3619 3765 3837 3812 orantes

2241 3875 2342 3932 pro
2369 3861 2620 3917 omnibus
2645 3858 2808 3932 jussit
2850 3874 3028 3915 orare.
3056 3858 3113 3916 Si
3162 3873 3262 3914 nos
3308 3857 3564 3911 Dominus
3610 3853 3838 3909 humiles

2241 3963 2298 4008 et
2321 3954 2551 4024 quietos,
2580 3952 2625 4008 si
2664 3951 2818 4007 nobis
2844 3951 3071 4007 invicem
3113 3949 3414 4020 ecpulatos,
3456 3949 3500 4003 si
3530 3946 3670 4003 circa
3703 3944 3834 4000 iram

2240 4059 2393 4102 suam
2439 4045 2674 4111 timidos,
2736 4045 2781 4099 si
2829 4043 3081 4113 praesenti
3151 4038 3498 4096 tribulatione
3566 4046 3838 4094 correctos

2238 4136 2657 4206 emendatusque
2678 4133 3038 4205 conspexerit,
3070 4138 3214 4188 tutos
3246 4128 3314 4187 ab
3361 4127 3563 4185 inimici
3613 4125 3837 4184 infesta-

1752 4242 2134 4305 LECTIONES
2170 4246 2585 4306 VARIANTES.

595 4358 624 4387 °
646 4354 754 4406 Iam
776 4354 891 4405 olim
908 4352 1128 4407 Eram.‘

595 4416 627 4457 ι)
648 4419 829 4471 Nostra
850 4426 1049 4483 peccata
1071 4417 1179 4475 Litt.
1202 4416 1345 4473 Voss.
1368 4418 1415 4479 i,
1430 4417 1479 4468 3.
1503 4417 1632 4470 ΒΜ.
1650 4419 1696 4470 1.
1721 4420 1864 4473 Pem.

2300 4364 2324 4395 °
2346 4361 2445 4426 Ipsi
2465 4364 2637 4428 utique
2659 4363 2815 4417 Oxon.

1790 4523 2034 4582 STEPH.
2064 4526 2335 4588 BALUZII
2358 4530 2585 4591 ΝΟΤΛΕ.

558 4703 567 4741 ί
622 4663 692 4718 V.
722 4692 795 4741 -_-—
824 4659 1425 4741 _Pecto_r_is__nostri_._Duae
1448 4668 1573 4716 sunt
1592 4660 1748 4730 hujus
1767 4661 1867 4741 loci
1894 4662 2149 4741 lectiones
2174 4660 2231 4727 Ι)
2256 4675 2436 4726 tamen
2463 4668 2681 4727 Tacitus
2707 4671 2759 4726 in
2797 4669 2915 4725 Vita
2942 4668 3195 4741 Agricolw
3206 4665 3447 4741 _videtur
3488 4680 3556 4723 eo
3576 4665 3842 4741 vocabulo

548 4737 608 4792 in
637 4735 871 4805 antiquis
898 4732 1204 4805 codicibus.
1243 4732 1376 4805 Eam
1404 4746 1565 4805 quam
1592 4746 1691 4787 nos
1732 4734 2026 4805 retinemus
2065 4736 2147 4791 in-

548 4802 798 4861 venimus
841 4805 894 4858 in
937 4814 1059 4875 octo
1086 4802 1385 4858 codicibus.
1417 4802 1629 4875 tiliam,
1679 4815 1815 4875 quae;
1839 4802 2000 4875 habet
2025 4822 2145 4875 pec-

550 4877 656 4931 cati
677 4876 859 4939 nostri,
887 4874 1143 4930 exhibent
1161 4888 1350 4928 omnes
1366 4871 1629 4944 editiones
1649 4871 1766 4944 qua:
1787 4871 2143 4931 Pamelianam

544 4953 981 5010 antecesserunt,
1032 4959 1151 4998 eam
1181 4958 1310 5003 vero
1360 4942 1851 5013 prcherunt'etiam
1896 4945 2141 5000 undecim

545 5016 671 5071 libri
718 5025 958 5080 veteres;
1010 5028 1181 5085 eaque
1214 5013 1453 5082 adjuvari
1487 5022 1662 5080 potest
1702 5029 1768 5069 ex
1818 5028 1883 5068 eo
1907 5017 2046 5084 quod
2088 5017 2140 5071 in

544 5086 704 5142 initio
743 5086 865 5140 libri
886 5084 988 5140 Job
1010 5083 1306 5154 reperitur:
1333 5092 1387 5136 ut
1413 5096 1614 5153 gnaros
1638 5083 1949 5154 iniquitatem
1975 5102 2137 5141 meam

540 5167 593 5211 et
622 5166 880 5226 peccatum
904 5153 1352 5226 meum’scruteris.
1384 5153 1629 5226 Nostram
1660 5153 1787 5209 vero
1816 5156 2137 5213 conﬁrmant

532 5224 766 5297 plurima
792 5240 959 5280 sacra:
972 5226 1266 5297 Scriptura:
1296 5224 1410 5278 ioca
1437 5224 1487 5297 in
1519 5225 1713 5297 quibus
1748 5226 1885 5279 Deus
1916 5239 2136 5297 vocatur

453 5326 462 5337 ι
530 5294 801 5353 Scrutatur
824 5297 1005 5353 cordis
1026 5294 1287 5359 et’renis,
1316 5306 1375 5350 ut
1400 5295 1561 5349 etiam
1593 5295 1878 5350 adnotatur
1906 5298 1957 5351 in
1988 5294 2136 5355 cal'ce

525 5364 1045 5450 Epistolaeoctavm.
1096 5364 1153 5421 In
1182 5363 1370 5421 codice
1416 5365 1558 5422 Fieri
1586 5366 1845 5437 scriptum
1873 5378 1989 5423 erat
2013 5385 2131 5438 pec-

522 5447 627 5492 cati
651 5447 828 5492 nostri.

598 5506 906 5580 Yil.—Nec
927 5508 1025 5576 ipsi
1043 5507 1275 5579 denique.
1298 5506 1632 5580 Quamquam
1648 5507 1986 5577 prioricctio,
2004 5525 2125 5580 quae

521 5578 688 5635 habet
714 5581 1075 5651 utique,rbona
1112 5578 1204 5648 sit,
1231 5593 1350 5635 eam
1382 5578 1590 5649 praetuli
1629 5595 1747 5648 qua:
1789 5581 1972 5634 nititur
2000 5578 2126 5636 auc-

518 5651 741 5720 toritate
783 5650 1023 5706 Omnium
1052 5650 1164 5706 fere
1209 5658 1448 5720 veterum
1501 5651 1909 5720 exemplarium.

590 5718 927 5791 Intercipere,
950 5721 1003 5776 id
1024 5729 1108 5777 est
1128 5719 1491 5791 supprimere,
1520 5718 1681 5791 modo
1705 5719 1958 5791 loquendi
1988 5722 2126 5791 mul-

516 5798 671 5863 tum,
683 5787 890 5847 remoto
926 5804 958 5845 a
984 5805 1112 5848 vera
1148 5787 1534 5860 significatione
1563 5789 1724 5860 hujus
1758 5787 2023 5849 vocabuli.
2055 5790 2127 5849 Et

2255 4755 2383 4811 usus
2427 4756 2547 4798 esse
2574 4742 2626 4796 in
2657 4743 2847 4798 eodem
2874 4737 3033 4797 sensu
3062 4755 3167 4809 quo
3194 4737 3513 4811 Cyprianus.
3558 4739 3646 4811 Ait
3675 4738 3839 4811 enim:

2253 4808 2366 4883 Nec
2395 4812 2633 4883 Agricola
2659 4828 2878 4883 unquam
2907 4828 2997 4883 per
3020 4806 3151 4865 alios
3180 4806 3316 4881 gesta
3343 4809 3523 4883 nvidus
3557 4806 3838 4883 intercepit,

2249 4882 2341 4936 sed
2387 4879 2615 4936 centurio
2653 4879 2750 4937 seu'
2780 4879 3054 4951 pra'fectus
3084 4879 3453 4951 incorruptum
3494 4879 3842 4951 facti‘testein

2250 4951 2480 5006 habebat.
2510 4954 2639 5007 ltem
2669 4946 2870 5008 Seneca
2892 4946 2909 5016 ',
2934 4952 3026 5005 lib.
3058 4950 3122 5005 de
3164 4946 3430 5018 Beneﬁciis
3452 4992 3468 5017 ,
3496 4946 3554 5020 7p.
3588 4946 3654 5020 i7
3682 4964 3697 5002 :
3723 4946 3844 5020 _Urit

2248 5023 2468 5095 illumet
2498 5025 2640 5095 angit
2679 5024 2942 5094 intercepti
2973 5022 3200 5095 beneﬁcii
3224 5016 3578 5095 conscientia._
3599 5019 3662 5088 ρ.
3695 5016 3845 5095 _Cur-

2246 5092 2458 5148 tiuslib.
2484 5091 2585 5148 xvi
2611 5094 2791 5149 Alieno
2807 5091 2940 5148 enim
2962 5093 3208 5162 sanguine
3233 5102 3429 5161 partam
3446 5091 3664 5158 gloriam
3688 5091 3843 5162 inter-

2226 5163 2357 5226 cipi.
2381 5162 2649 5223 Arnobius
2668 5166 2756 5220 lib.
2783 5180 2837 5219 tn
2855 5182 2867 5217 :
2887 5162 3026 5216 Nam
3045 5161 3342 5233 intercipere
3359 5164 3546 5233 scripta
3558 5172 3603 5215 et
3618 5161 3846 5233 publica:

2237 5241 2341 5287 tam
2358 5234 2487 5289 velle
2497 5235 2814 5305 submergere
2834 5234 3094 5305 lectionem
3112 5250 3210 5305 non
3224 5230 3296 5287 est
3309 5235 3428 5287 deos
3454 5230 3844 5305 defendere,_sed

2233 5305 2456 5374 ueritatis
2506 5302 2907 5374 testiﬁcationent
2931 5303 3122 5358 timere.
3152 5302 3458 5374 Cassianus,
3492 5305 3527 5356 Ι.
3550 5319 3623 5367 Ix,
3646 5316 3696 5356 c.
3729 5303 3788 5356 ii
3827 5318 3839 5353 :

2226 5372 2577 5447 ntercipiens
2601 5372 2876 5447 efﬁcaciam
2901 5374 3204 5447 orationum,
3226 5385 3280 5429 et
3297 5372 3485 5429 Collat.
3520 5374 3613 5428 lib.
3641 5385 3692 5439 ι,
3719 5385 3840 5441 cap.

2235 5445 2298 5500 11
2318 5461 2351 5515 γε
2374 5444 2607 5503 Charitas
2629 5444 2780 5500 nullo
2806 5445 3157 5515 intercipiatur
3192 5454 3435 5514 tempore.

2304 5514 2559 5571 Perdidit.
2606 5516 2684 5572 [ta
2765 5510 2997 5572 veteres'
3027 5510 3304 5571 editiones
3356 5523 3410 5569 et
3467 5524 3658 5569 omnes
3726 5510 3842 5567 fere

2227 5584 2350 5641 libri
2395 5597 2628 5645 veteres.
2657 5588 2719 5643 in
2742 5603 2853 5643 uno
2879 5597 3057 5641 tamen
3089 5601 3213 5641 meo
3237 5586 3493 5655 scriptum
3518 5592 3610 5655 est
3630 5582 3836 5637 indicit.

2227 5655 2618 5782 ggdzi’detur
2647 5673 2771 5716 esse
2793 5657 3009 5715 melius.
3034 5657 3094 5714 in
3115 5657 3485 5714 vetustissimo
3513 5654 3840 5727 Remigiano

2228 5739 2460 5797 percidit.
