4250 6282
262 225 401 286 249

1706 230 2039 291 EPISTOLA
2082 232 2178 290 rx.
2668 184 2669 187 γ
3248 236 3271 267 ε

3484 238 3605 299 250

258 345 586 418 patientes,
655 346 708 401 in
759 345 1057 417 quaestione
1099 345 1326 404 victores
1367 355 1425 421 u_t
1458 347 1638 405 caeteri
1674 362 1887 419 quoque
1912 350 1967 410 Α
1991 362 2206 420 pareas.
2230 346 2289 423 [η
2313 348 2621 407 emlestibus
2651 349 2842 407 castris
2876 357 2932 407 et
2953 364 3056 422 pax
3098 359 3155 408 et
3195 353 3339 410 acies
3396 353 3596 411 habent

259 440 576 495 δείξωιηίιή
602 446 657 495 et
683 447 813 510 opto
841 440 1041 510 pariter
1079 450 1134 497 et
1166 440 1455 507 exhortor;
1497 450 1558 496 ut
1600 455 1737 511 quos
1778 442 1893 495 vin-

258 532 479 587 culum
504 531 860 589 confessionis
890 543 942 588 et
960 533 1246 605 hospitium
1271 534 1503 591 carceris
1532 534 1691 589 simul
1717 533 1897 604 junxit

256 626 485 697 jungat
512 627 676 681 etiam
702 626 1101 682 consummatio
1128 628 1342 684 virtutis
1392 636 1449 684 et
1477 642 1677 683 corona
1702 628 1895 684 caeles-

261 715 368 782 tis,
410 727 475 770 ut
496 716 761 788 lacrymas
786 716 976 772 matris
1012 716 1289 784 Ecclesize,
1321 735 1441 790 qua:
1473 719 1675 791 plangit
1713 720 1896 775 ruinas

262 816 331 864 et
396 807 594 863 funera
635 807 1014 878 plurimorum,
1046 824 1143 865 vos
1182 820 1364 865 vostra
1393 810 1576 866 hetitia
1616 810 1892 881 tergeatis,

263 908 331 955 et
385 909 719 956 camerarum
776 916 988 972 quoque
1060 903 1315 958 stantium
1372 902 1678 960 ﬁrmitatem
1728 902 1894 960 vestri

266 995 528 1065 exempli
553 997 934 1066 provocatione
958 995 1221 1052 solidetis.
1256 997 1313 1054 Si
1331 1012 1427 1052 vos
1473 998 1618 1053 acies
1663 1011 1892 1054 vocave-

268 1091 353 1145 rit
389 1099 448 1157 ει,
482 1089 529 1143 si
556 1089 873 1145 certaminis
897 1090 1062 1145 vestri
1121 1089 1236 1146 dies
1279 1092 1506 1157 venerit,
1539 1090 1761 1146 militate
1784 1090 1893 1146 for-

271 1186 444 1252 titer,
494 1184 743 1240 dimicate
777 1191 1107 1250 constanter,
1168 1183 1404 1239 scientes
1449 1198 1548 1239 vos
1586 1184 1684 1238 sub
1723 1183 1892 1239 oculis

269 1277 583 1349 praesentis
602 1276 809 1331 Domini
841 1275 1115 1338 dimicare,
1148 1274 1490 1332 confessione
1515 1275 1748 1331 nominis
1772 1274 1892 1346 ejus

274 1368 350 1423 ad
385 1368 562 1438 ipsius
586 1366 811 1438 gloriam
839 1367 1148 1436 pervenire;
1181 1367 1268 1436 qui
1310 1381 1417 1422 non
1447 1366 1525 1421 sic
1574 1374 1657 1425 ast
1690 1377 1748 1420 ιιι
1772 1381 1889 1422 ser-

275 1474 390 1515 vos
417 1473 552 1516 suos
578 1466 783 1513 tantum
803 1467 1029 1528 spectet,
1055 1456 1149 1514 sed
1174 1466 1230 1513 et
1249 1458 1363 1528 ipse
1382 1458 1611 1514 luctatur
1631 1458 1683 1513 in
1714 1458 1888 1521 nobis,

276 1552 419 1624 ipse
437 1551 797 1622 congreditur,
829 1552 943 1622 ipse
981 1552 1033 1607 in
1060 1552 1356 1608 certamine
1394 1552 1581 1623 agonis
1621 1551 1789 1608 nostri
1836 1560 1891 1609 et

279 1659 524 1702 coronat
552 1646 752 1717 pariter
779 1654 835 1702 et
861 1654 1165 1701 coronatur.
1202 1644 1354 1712 Quod
1376 1644 1423 1700 si
1442 1653 1567 1700 ante
1591 1644 1733 1700 diem
1769 1659 1888 1701 cer-

283 1737 522 1793 taminis
546 1738 731 1805 vestri,
760 1737 830 1793 de
850 1736 1174 1807 indulgentia
1192 1737 1420 1804 Domini,
1439 1754 1539 1809 pax
1555 1752 1885 1809 supervene-
1914 1743 1987 1805 B’

285 1830 398 1896 rit,
428 1830 578 1886 vobis
633 1838 812 1886 tamen
860 1838 1076 1886 maneat
1122 1830 1370 1885 voluntas
1410 1830 1614 1901 integra
1669 1839 1726 1886 et
1763 1844 1893 1886 con-

286 1921 529 1979 scientia
577 1921 834 1993 gloriosa.
864 1921 977 1979 Nec
1014 1923 1360 1980 contristetur
1388 1923 1580 1995 aliquis
1629 1937 1697 1980 ex
1739 1923 1894 1979 vobis

289 2014 452 2083 quasi
479 2013 589 2068 illis
618 2014 794 2068 minor
826 2013 897 2069 sit
931 2014 1021 2084 qui
1050 2023 1176 2070 ante
1203 2029 1300 2070 vos
1340 2021 1606 2072 tormenta
1630 2016 1894 2086 perpessi,

291 2105 444 2160 victo
463 2114 521 2161 et
547 2105 754 2162 calcato
773 2105 999 2168 saeculo,
1024 2105 1093 2161 ad
1120 2106 1404 2162 Dominum
1427 2107 1662 2178 glorioso
1706 2108 1896 2165 itinere

294 2206 585 2254 venerunt.
618 2197 875 2255 Dominus
902 2207 1173 2254 scrutator
1197 2209 1279 2254 est
1304 2199 1451 2255 renis
1497 2207 1553 2257 et
1578 2198 1780 2268 cordis,
1809 2214 1896 2255 ar-

295 2303 435 2346 cana
484 2289 741 2361 perspicit
775 2298 830 2346 et
856 2291 1095 2347 intuetur
1136 2291 1367 2347 occulta.
1395 2291 1478 2349 Ad
1523 2306 1780 2347 coronam
1828 2292 1899 2350 de

297 2397 367 2438 eo
440 2382 470 2421 1)
542 2384 948 2453 promerendam
1026 2384 1226 2441 sufficit
1291 2386 1458 2456 ipsius
1535 2388 1898 2444 testimonium

296 2479 479 2533 solum
508 2479 554 2511 ¹⁸
580 2479 670 2548 qui
711 2479 1047 2549 judicaturus
1074 2489 1179 2536 est.
1219 2480 1361 2552 Ergo
1400 2490 1623 2552 utraque
1650 2497 1759 2549 res,
1796 2482 1901 2538 fra-

302 2578 419 2626 tres
434 2568 759 2637 charissimi,
777 2570 1021 2626 sublimis
1047 2570 1247 2641 pariter
1267 2578 1323 2627 et
1343 2572 1602 2627 illuSIris:
1627 2573 1716 2627 illa
1739 2588 1898 2628 secu-

302 2663 436 2729 rior,
469 2662 539 2717 ad
585 2662 863 2718 Dominum
904 2663 1146 2720 victoriae
1189 2668 1653 2723 consummatione
1710 2682 1902 2739 prope-

304 2769 461 2820 rare;
491 2753 608 2810 haec
655 2754 851 2822 lmtior,
898 2764 1118 2826 accepto
1161 2764 1280 2826 post
1326 2755 1549 2827 gloriam
1600 2767 1901 2813 commeatu

302 2844 357 2900 in
394 2844 649 2901 Ecclesia:
676 2845 832 2901 laude
858 2845 1073 2903 ﬂorere.
1109 2845 1154 2902 Ο
1197 2846 1407 2921 beatam
1439 2847 1734 2903 Ecclesiam
1772 2863 1903 2905 nos-

303 2947 471 3007 tram,
497 2954 655 3010 quam
679 2941 757 2996 sic
781 2940 955 2996 honor
1010 2940 1204 2996 divinae
1248 2940 1571 3013 dignationis
1604 2941 1902 3011 illuminat,

301 3048 471 3103 quam
500 3034 832 3104 temporibus
858 3033 1059 3089 nostris
1075 3033 1342 3106 gloriosus
1364 3043 1662 3105 martyrum
1687 3033 1905 3103 sanguis

1998 440 2159 497 ﬂores
2181 456 2328 509 suos,
2354 442 2551 513 quibus
2579 443 2732 498 miles
2752 442 2954 500 Christi
2983 443 3053 498 ob
3089 443 3314 514 gloriam
3367 461 3597 502 corone-

1999 540 2104 587 tur.
2135 534 2274 602 Opto
2293 548 2409 601 vos,
2429 533 2706 590 fortissimi
2735 550 2799 591 ac
2820 535 3113 591 beatissimi
3137 534 3354 603 fratres,
3381 552 3598 606 semper

1997 622 2052 679 in
2082 623 2311 680 Domino
2331 624 2471 681 bene
2497 627 2677 684 valere
2712 636 2764 683 et
2794 627 2962 683 nostri
3004 626 3335 683 meminisse.
3385 625 3595 685 Valete.

2562 780 2889 839 EPISTULA
2914 781 3007 840 IX.

2079 909 2313 975 (Erasm.,
2336 927 2402 974 nt,
2430 912 2507 976 14;
2532 912 2744 979 Pamel.,
2770 928 2846 979 x;_
2862 912 2994 977 Rig.,
3017 914 3204 979 Baluz.,
3231 914 3417 976 Paris,
3442 930 3514 978 1x;

2618 975 2777 1027 Oxon.
2788 975 2811 1037 ,
2823 975 2985 1041 Lipsi,
3001 977 3130 1041 χχι.)

1996 1118 2064 1157 ΔΙ)
2093 1117 2332 1170 οιειιυιι,
2365 1120 2432 1160 DE
2450 1118 2746 1169 ροιιιυεωιι
2767 1120 3125 1161 PRESBYTERIS.
3139 1120 3226 1169 QUI
3256 1114 3475 1161 ἸἚΙΙΕΒΕ
3499 1121 3596 1160 ΡΛ·-

2066 1212 2172 1252 οειι
2202 1212 2376 1253 LAPSIS
2413 1214 2718 1264 DEDEBUNT,
2760 1214 2970 1254 NECDUII
3002 1215 3206 1255 SEDATA
3243 1213 3602 1255 PERSECUTIO'

2064 1298 2133 1337 NE
2171 1299 2239 1338 ET
2266 1298 2427 1353 οιτιιᾼ
2456 1298 2847 1341 εοΝεοιεΝτιΑιι
2877 1300 3255 1342 EPISCOPORUM.
3624 1286 3627 1291 Ι

1992 1415 2366 1473 Anconenrou
2402 1447 2475 1457 —
2520 1416 2674 1489 hujus
2724 1416 2973 1487 Epistolis
3013 1417 3166 1472 habes
3230 1417 3369 1488 infra
3406 1418 3461 1472 in
3498 1418 3605 1473 hac

2064 1509 2236 1576 verba,
2271 1508 2507 1579 Epistola
2525 1524 2620 1564 xw
2648 1525 2664 1564 :
2699 1527 2719 1561 ι
2761 1507 3098 1580 Presbyteris,
3132 1510 3326 1581 inquit,
3359 1522 3407 1564 et
3434 1510 3606 1565 diaco-

2064 1602 2209 1656 nibus
2237 1617 2339 1656 non
2381 1601 2547 1679 defuit
2569 1600 2841 1656 sacerdotii
2868 1601 3033 1671 vigor,
3076 1610 3130 1654 ut
3159 1601 3390 1671 quidam,
3438 1601 3606 1655 minus

2063 1693 2347 1764 disciplina:
2370 1709 2614 1748 memores
2659 1702 2707 1747 et
2735 1692 3000 1747 temeraria
3050 1692 3371 1764 festinatione
3422 1693 3607 1762 praxi-

2066 1786 2215 1856 pites,
2255 1786 2343 1856 qui
2390 1801 2506 1839 cum
2560 1784 2718 1856 lapsis
2762 1785 3135 1840 communicare
3179 1785 3293 1855 jam
3319 1792 3604 1857 coeperant,

2066 1879 2535 1951 comprimerentur.
2569 1895 2590 1930 ι

2066 2015 2113 2072 Ι.
2137 2017 2434 2088 Cyprianus
2457 2016 2786 2088 presbyteris
2812 2024 2867 2072 et
2890 2015 3203 2076 diaconibus
3226 2013 3488 2071 fratribus
3516 2031 3605 2071 sa-

1998 2109 2184 2166 lutem.
2218 2110 2317 2165 Diu
2362 2110 2671 2181 patientiam
2700 2123 2877 2165 meam
2932 2108 3102 2175 tenui,
3141 2106 3337 2163 fratres
3367 2107 3610 2162 charissi-

1998 2205 2095 2269 mi,
2119 2205 2269 2275 quasi
2292 2203 2651 2259 verecundum
2671 2203 2941 2259 silentium
2961 2212 3199 2258 nostrum
3227 2200 3513 2270 proficeret
3538 2200 3604 2255 ad

1998 2299 2229 2370 quietem
2251 2314 2265 2351 :
2288 2297 2403 2364 sed,
2422 2312 2542 2352 cum
2558 2296 2909 2368 quorumdam
2935 2294 3284 2366 immoderata
3298 2303 3354 2350 et
3379 2294 3605 2364 abrupta

2001 2388 2345 2460 praesumptio
2375 2388 2675 2445 temeritate
2720 2402 2816 2443 sua
2842 2396 2897 2443 et
2932 2385 3192 2441 honorem
3233 2393 3523 2456 martyrum
3553 2392 3608 2440 et

2001 2480 2369 2537 confessorum
2396 2479 2657 2551 pudorem
2685 2490 2740 2534 et
2769 2477 2936 2548 plebis
2963 2477 3228 2533 universm
3251 2474 3605 2545 tranquillita-

2003 2580 2111 2628 tem
2143 2572 2360 2629 tnrbare
2387 2581 2632 2638 conetur,
2667 2581 2842 2627 tacere
2871 2570 3007 2625 ultra
3038 2586 3144 2626 non
3174 2576 3409 2640 oportet,
3440 2582 3510 2624 ne
3535 2567 3603 2624 ad

2003 2666 2298 2738 periculum
2328 2674 2384 2722 et
2411 2666 2581 2736 plebis
2604 2665 2801 2734 pariter
2819 2674 2874 2719 et
2894 2673 3134 2719 tmstrum
3165 2662 3501 2719 taciturnitas
3520 2661 3604 2718 ni-

2003 2759 2110 2815 mia
2137 2757 2410 2828 procedat.
2439 2758 2592 2826 Quod
2617 2758 2760 2814 enim
2791 2772 2897 2812 non
2932 2756 3229 2827 periculum
3249 2764 3490 2811 metuere
3513 2755 3610 2811 de-

2005 2849 2192 2906 bemus
2206 2848 2275 2904 de
2297 2846 2498 2903 olfensa
2521 2848 2730 2903 Domini
2747 2846 2959 2918 quando
2979 2847 3139 2916 aliqui
3159 2846 3226 2900 de
3254 2846 3604 2916 presbyteris,

2006 2957 2107 3000 nec
2136 2941 2409 3012 Evangelii
2453 2954 2573 2997 nec
2606 2942 2705 2996 loci
2762 2942 2846 2995 sui
2886 2951 3171 3004 memores,
3205 2937 3302 2993 sed
3330 2952 3502 3007 neque
3526 2937 3609 2991 lu-

2009 3044 2191 3091 turum
2224 3033 2434 3089 Domini
2471 3028 2732 3104 judicium
2756 3045 2927 3100 neque
2972 3043 3113 3086 nunc
3136 3027 3239 3084 sibi
3264 3029 3606 3099 praepositum

304 3127 571 3182 illustrat!
602 3127 727 3182 Erat
746 3136 873 3183 ante
893 3128 943 3183 in
966 3127 1219 3198 operibus
1243 3128 1467 3182 fratrum
1488 3125 1732 3191 candida,
1756 3141 1898 3181 nunc
1923 3124 1969 3189 C
2000 3128 2311 3198 episcopum
2333 3126 2647 3195 cogitantes,
2668 3122 2810 3194 quod
2836 3136 3123 3193 numquam
3144 3121 3365 3176 omnino
3386 3119 3489 3175 sub
3512 3134 3608 3175 an-

303 3219 448 3274 facta
475 3230 555 3275 cst
580 3220 632 3274 in
660 3231 956 3291 martyrum
984 3234 1178 3275 cruore
1194 3235 1458 3290 purpurea
1486 3238 1499 3273 :
1526 3200 1753 3275 floribus
1779 3218 1899 3290 ejus

301 3327 409 3368 nec
439 3313 548 3368 lilia
577 3328 677 3369 nec
715 3328 853 3369 rosa:
882 3314 1098 3370 desunt.
1130 3314 1350 3369 Certent
1388 3328 1529 3369 nunc
1581 3312 1779 3385 singuli
1829 3313 1898 3369 ad

303 3404 584 3474 utriusque
609 3403 829 3459 honoris
844 3404 1238 3483 amplissimam
1265 3407 1603 3479 dignitatem.
1620 3404 1901 3475 Accipiant

302 3510 533 3554 coronas
562 3495 647 3553 vel
672 3496 740 3554 de
767 3511 933 3568 opere
968 3496 1245 3568 candidas,
1271 3500 1356 3556 vel
1387 3500 1456 3557 de
1486 3500 1735 3570 passione
1775 3513 1902 3566 pur-

2003 3218 2358 3277 tecessoribus
2406 3215 2603 3273 factum
2664 3223 2765 3281 est,
2844 3227 2967 3270 eum
3015 3212 3342 3270 contumelia
3380 3220 3435 3266 et
3476 3224 3608 3266 con~

2004 3323 2205 3385 temptu
2232 3310 2502 3384 pra-positi
2528 3318 2696 3365 totum
2720 3307 2822 3363 sibi
2852 3306 3159 3364 vindicent?
3584 3321 3597 3359 .'
3644 3336 3647 3339 λ
3698 3382 3704 3387 Δ

2084 3406 2149 3461 ll.
2192 3406 2363 3477 Atque
2393 3403 2594 3458 utinam
2626 3415 2732 3479 non
2757 3408 3022 3473 prostrata
3050 3398 3274 3455 fratrmn
3305 3407 3607 3454 nostrorum

2003 3496 2175 3553 salute
2219 3495 2320 3552 sibi
2359 3494 2537 3551 omnia
2576 3491 2932 3551 vindicarent!
2984 3490 3371 3552 Contumeliam
3409 3491 3611 3563 episco-

1516 3580 1897 3690 LECTIONES
1934 3609 2361 3667 VARIANTES.

364 3707 391 3736 α
416 3704 767 3758 Provocaverit
784 3708 942 3760 Oxon.

2065 3701 2094 3742 ἲ)
2119 3703 2218 3756 Dei
2241 3706 2401 3755 Oxon.

1514 3790 1756 3850 STEPH.
1799 3787 2072 3847 BALUZlI
2110 3787 2339 3845 ΝΟΤᾹΞ.

383 3900 634 3958 Voluntas
661 3904 877 3976 integra.
909 3903 1282 3975 Hieronymus,
1312 3904 1405 3959 lib.
1435 3921 1470 3960 ιι
1511 3905 1781 3961 adversus.
1818 3904 1909 3960 Jo-

301 3976 580 4029 vinianum
616 3991 632 4027 :
664 3975 731 4029 In
769 3975 994 4046 martyre
1045 3978 1181 4047 enim
1235 3977 1500 4042 voluntas,
1545 3993 1607 4031 ea:
1653 3992 1753 4047 qua
1797 3976 1911 4045 ipsa

299 4062 443 4118 mors
468 4048 713 4118 nascitur,
745 4056 1037 4101 coronatur.
1058 4046 1195 4103 Vide
1231 4056 1385 4103 notas
1409 4047 1477 4101 ad
1503 4046 1785 4118 epistulam
1814 4062 1907 4113 LII,

299 4116 355 4170 in
394 4116 561 4171 verbo
599 4133 779 4187 passus
804 4128 896 4172 est.

372 4208 455 4261 Ad
471 4224 710 4262 coronam
731 4210 793 4264 de
817 4225 894 4263 eo.
912 4209 1075 4264 Iidem
1108 4210 1322 4267 codices
1344 4209 1544 4265 habent
1576 4207 1645 4261 ad
1669 4223 1910 4263 coronam

298 4277 422 4333 Dei.
449 4279 538 4335 Sic
562 4280 723 4334 etiam
750 4280 992 4351 quaedam
1015 4280 1297 4337 editiones.

297 4369 585 4496 d_l!"r;atres
606 4372 915 4454 charissimi.
955 4371 1139 4430 Codex
1184 4374 1354 4431 sancti
1395 4371 1681 4444 Arnulplti,
1720 4376 1903 4444 fratres

337 4460 352 4495 t
380 4459 435 4496 ec
458 4459 638 4496 tsstnn.

337 4459 638 4497 ηεςηεειηη.

373 4534 619 4609 Αςςεριοᾼ
656 4544 958 4609 commeatu.
990 4537 1083 4609 71d
1146 4547 1230 4595 est
1302 4537 1631 4609 indulgentia
1692 4552 1905 4608 perma-

298 4604 465 4679 nendi
512 4607 566 4679 ἥρ
606 4604 885 4679 Ιιειεηνίιξι,
927 4608 1001 4679 uti
1052 4618 1200 4665 recte
1252 4604 1484 4677 explicat
1533 4604 1794 4679 Rigaltius
1847 4610 1901 4666 in

297 4676 497 4751 librum
525 4674 837 4751 Tertulliani
864 4678 930 4751 de
952 4678 1098 4751 Fuga
1122 4682 1175 4734 in
1201 4674 1569 4751 persecutione.

378 4744 497 4799 Pax
522 4755 572 4799 et
611 4747 765 4802 acies.
814 4746 873 4802 lu
921 4744 1057 4804 libro
1101 4752 1164 4805 de
1200 4744 1325 4805 Zelo
1362 4760 1407 4805 et
1454 4751 1611 4806 livore
1654 4767 1708 4816 p.
1747 4750 1899 4806 260:

304 4815 474 4891 liabet
500 4828 549 4870 et
578 4833 683 4891 pax
707 4833 923 4891 coronas
966 4837 1103 4876 suas.
1130 4821 1199 4858 '9‘
1229 4821 1292 4876 Et
1314 4823 1366 4877 in
1397 4821 1534 4876 libro
1559 4822 1622 4876 de
1656 4815 1822 4891 Opere
1854 4830 1903 4877 et

299 4888 658 4960 eleemosynis,
686 4903 740 4955 p.
766 4888 874 4945 246
901 4907 915 4942 :
939 4891 1008 4945 In
1029 4908 1154 4960 pace
1174 4892 1484 4946 vincentibus
1505 4888 1744 4946 coronam
1773 4909 1901 4948 can-

302 4958 481 5010 didam
511 4975 606 5033 pro
643 4960 880 5033 operibus
901 4958 1088 5033 dabit,
1118 4965 1172 5017 in
1208 4963 1552 5033 persecutione
1594 4980 1903 5033 purpuream

301 5045 398 5096 pro
425 5029 659 5097 passione
687 5030 978 5098 geminabit.
1005 5032 1063 5087 Itt
1098 5029 1234 5090 libro
1263 5033 1331 5088 de
1358 5029 1732 5088 exhortatione
1762 5049 1903 5088 mar-

303 5100 429 5172 tyrii
459 5098 524 5151 ad
555 5098 906 5172 Fortunatum
941 5118 993 5172 p.
1025 5104 1131 5158 274
1163 5123 1176 5157 :
1206 5103 1273 5157 In
1298 5104 1643 5172 persecutione
1678 5104 1898 5171 militia,

298 5171 354 5221 in
384 5170 1233 5244 pace_co_uscientiacomitabitur.
1284 5170 1642 5244 Hieronymus
1685 5175 1736 5228 in
1770 5170 1900 5243 Epié

300 5240 438 5315 stola
471 5239 537 5315 ad
565 5239 801 5315 furiam
848 5242 916 5298 de
944 5242 1210 5315 Viduitate
1238 5239 1524 5315 servanda
1576 5256 1630 5298 et
1683 5239 1899 5315 inEpi-

298 5310 437 5364 stola
463 5310 533 5386 _atl
565 5310 910 5367 Heliodorum
942 5314 1011 5369 de
1041 5315 1198 5386 laude
1223 5314 1357 5370 Vitae
1400 5315 1695 5386 solitarize:
1726 5310 1901 5386 νίνῂὶ-

294 5396 422 5446 3mm
455 5381 952 5452 liliaAetmartyrum
991 5402 1153 5439 rosas.
1178 5384 1322 5440 Idem
1356 5387 1406 5440 in
1432 5386 1535 5440 vita
1562 5385 1753 5439 Malchi
1786 5381 1901 5439 nio-

300 5451 506 5527 naclti:
559 5450 722 5527 liabet
763 5450 830 5527 eti
846 5466 1043 5527 servata
1100 5456 1343 5525 pudicitia
1385 5457 1689 5527 martyrium
1727 5472 1898 5512 suum.

302 5521 534 5595 Sanctus
585 5513 900 5595 Ambrosius
949 5526 1000 5580 in
1029 5513 1265 5595 Epistula
1318 5526 1384 5581 ad
1432 5513 1837 5595 Siniplicianum
1880 5543 1898 5584 :

298 5592 435 5669 Sunt
464 5594 609 5647 nobis
629 5593 868 5669 quaedam
888 5605 934 5649 ct
962 5598 1011 5651 in
1040 5592 1163 5669 pace
1187 5596 1368 5669 pra'lia
1394 5609 1440 5651 et
1468 5600 1520 5651 in
1548 5592 1677 5651 bello
1700 5614 1824 5669 pax.

375 5663 511 5732 Uplo
535 5663 651 5733 vos,
685 5663 811 5733 ιιιυς
837 5663 1109 5722 (ἰθεηιιιῖιι
1150 5663 1286 5724 libro
1311 5668 1644 5723 Carnutensi.

373 5734 559 5789 Erum.
604 5731 1072 5807 nt.-lnscriptio
1114 5738 1267 5795 istius
1297 5738 1557 5808 epistola,
1598 5735 1897 5808 enjusmodl

2013 3903 2135 3958 istic
2154 3902 2388 3970 ponitur,
2405 3900 2671 3969 descripta
2686 3907 2771 3956 est
2794 3913 2859 3953 ex
2873 3898 3062 3970 codice
3075 3905 3259 3955 nostro
3276 3898 3580 3954 Fossatensi
3593 3942 3606 3963 ,

2012 3989 2081 4029 ex
2134 3969 2315 4028 vetere
2363 3970 2659 4035 Victorino,
2693 3987 2756 4024 ex
2799 3969 3138 4035 Michaelinu,
3168 3980 3222 4025 et
3250 3984 3319 4026 ex
3372 3970 3607 4031 editione

2012 4044 2287 4113 Spirensi,
2332 4050 2443 4097 tum
2484 4043 2647 4096 etiam
2694 4056 2758 4095 ex
2809 4039 3257 4113 vetertheueta.
3288 4041 3605 4113 Pessimum

2012 4111 2155 4170 illius
2181 4114 2530 4169 summarium
2566 4122 2855 4181 posuerunt
2881 4111 3034 4182 Angli
3059 4111 3108 4164 in
3138 4112 3392 4181 margine.

2083 4184 2511 4240 I.-—Patientiam
2528 4186 2683 4237 tenui.
2699 4181 2959 4238 Arcadius
2973 4181 3025 4237 et
3038 4181 3303 4237 Hortarius
3320 4182 3610 4251 imperato-

2010 4272 2101 4312 res
2122 4256 2212 4311 lib.
2246 4272 2333 4310 xrv
2355 4253 2482 4310 Cod.
2511 4254 2875 4319 Thcodos.,de
2905 4254 3269 4309 desertoribus
3299 4270 3312 4305 :
3348 4252 3415 4307 Ut
3450 4254 3501 4306 in
3528 4254 3608 4306 liis

2007 4328 2306 4399 patientiam
2317 4336 2571 4399 tenemus.

1925 4425 1980 4486 1)
2008 4392 2037 4486 ζ
2079 4392 3604 4486 4’59”?§€.Pfff‘?2‘ff.‘f:-é{‘3§_P"_‘EEEEFI‘93§‘_.9‘3_T99:

2007 4484 2112 4540 que
2159 4462 2487 4540 presbyteris
2514 4462 2943 4540 s’editiosisfde
2980 4465 3175 4536 quibus
3199 4462 3440 4519 videnda:
3465 4472 3607 4520 uota:
3651 4482 3662 4493 ο

2008 4539 2206 4595 nostra:
2235 4539 2301 4593 ad
2335 4539 2627 4607 Epistolam
2654 4552 2880 4591 xxxvm.

2078 4603 2491 4663 Antecessoribus
2513 4607 2721 4662 nostris.
2752 4607 2919 4671 Infra,
2953 4603 3103 4674 Epist
3130 4621 3265 4671 Lxx,
3303 4604 3370 4659 ad
3398 4605 3607 4674 episco-

2007 4696 2105 4751 pos
2136 4678 2396 4735 Numidas
2427 4695 2440 4732 :
2479 4679 2795 4751 Sententiam
2822 4685 3048 4730 nostram
3072 4692 3176 4751 non
3203 4692 3384 4729 novam
3408 4677 3605 4751 promi-

2006 4744 2149 4817 inus,
2192 4750 2282 4821 sed
2316 4749 2678 4821 jampridem
2715 4744 3229 4821 ab_anlecessor_ibus
3258 4748 3444 4821 nostris
3486 4757 3604 4821 sla-

2008 4813 2192 4877 tutam.
2225 4813 2340 4877 Non
2380 4813 2555 4889 agitur
2592 4818 2712 4889 istic
2764 4817 2831 4872 de
2878 4816 3146 4889 episcopis
3190 4813 3602 4889 Carthaginien-

2005 4893 2153 4947 sibus
2189 4886 2620 4946 antecessoribus
2642 4886 2930 4958 Cypriani,
2975 4886 3079 4941 sed
3101 4887 3153 4941 in
3198 4888 3505 4942 universum
3538 4886 3606 4942 de

2005 4963 2274 5035 episcopis
2308 4960 2422 5035 _qui
2470 4956 2753 5035 ecclesiam
2801 4956 3111 5035 Africanam
3170 4960 3607 5035 gubernaverunt

2004 5028 2131 5089 ante
2159 5028 2519 5103 Cyprianum,
2551 5030 2620 5084 de
2642 5030 2992 5103 septuaginta
3038 5029 3293 5103 nimirum
3318 5028 3605 5103 episcopis

2004 5119 2141 5173 quos
2169 5097 2475 5173 interfuisse
2502 5097 2944 5173 concilidltahito
2971 5098 3078 5173 sub
3110 5097 3405 5173 Agrippino
3445 5097 3606 5152 ducet

2004 5169 2223 5229 sanctus
2250 5170 2582 5242 Augustinus
2610 5172 2662 5224 in
2709 5170 2850 5242 libro
2890 5170 2961 5242 de
2992 5170 3149 5242 unico
3179 5169 3448 5242 Baptismo
3472 5183 3604 5223 cou-
3646 5228 3649 5233 ,

2006 5253 2085 5298 tra
2122 5239 2442 5298 Petilian'um
2480 5250 2535 5297 et
2581 5242 2672 5297 lib.
2706 5257 2763 5295 ιιι
2792 5241 2860 5296 de
2885 5240 3160 5309 Baptismo
3204 5250 3390 5294 coritra
3422 5239 3601 5293 Dona~

2007 5315 2159 5370 tistas
2183 5329 2301 5384 cap.
2332 5312 2423 5369 12.

2080 5384 2142 5441 ll.
2161 5415 2231 5425 —
2248 5380 2523 5439 Prostrata
2549 5383 2733 5438 salute.
2765 5381 2840 5436 Ita
2866 5381 3044 5435 omnia
3070 5380 3178 5435 fere
3207 5390 3387 5436 vetera
3412 5394 3600 5435 exent-

2004 5457 2171 5527 plaria
2198 5464 2253 5509 et
2280 5454 2544 5510 editiones
2579 5468 2770 5529 omnes
2798 5459 2922 5506 ante
2967 5451 3358 5529 Mantl'llatttlttl,
3396 5451 3447 5505 in
3491 5466 3599 5529 qua

2001 5519 2260 5595 Scriptum
2303 5534 2386 5580 est
2426 5534 2605 5578 contra
2647 5528 2867 5594 fratrum
2911 5519 3447 5595 nostrort'mrsalulem.
3493 5519 3601 5595 Sed

2003 5591 2143 5653 hanc
2170 5597 2453 5651 lectionem
2491 5610 2593 5663 ego
2622 5591 2726 5647 non
2758 5593 2932 5661 reperi
2967 5593 3068 5646 nisi
3100 5593 3166 5663 in
3207 5592 3419 5647 duobus
3457 5591 3600 5663 anti-

2002 5666 2147 5739 quis.
2211 5660 2764 5739 liciiiltartus'malu_it
2812 5660 3050 5739 yet-orem
3081 5661 3412 5739 lectionem.
3465 5660 3601 5739 Eam

2003 5731 2166 5808 porro
2192 5733 2447 5807 adjuvant
2481 5733 2595 5793 haec
2621 5734 2781 5791 verba
2812 5732 2862 5790 in
2894 5731 3129 5804 Epistula
3152 5744 3234 5801 ,xt,
3257 5748 3305 5803 p.
3334 5731 3428 5799 ﬁl,
3470 5732 3598 5789 f’ef-
