4222 6288
233 360 360 427 955

1653 366 1987 428 EPISTULA
2024 370 2093 428 Χ.

3424 371 3532 430 SSI

235 491 306 538 et
336 480 559 537 otl‘crant
597 486 650 538 et
680 473 1064 536 Eueharistlam
1092 477 1345 545 tradant,
1389 478 1620 550 quando,
1648 481 1858 536 etiamsi
1884 483 1935 543 Α
1963 484 2091 538 ιιιἰηί
2115 483 2414 554 compellit,
2454 484 2727 541 fortissimi
2765 499 2826 542 ac
2852 485 3137 541 beatissimi
3189 484 3399 550 fratres,
3439 487 3533 542 ad-

238 585 516 647 martyres
551 590 646 645 per
674 576 906 631 calorem
936 573 1121 644 gloriae
1147 574 1475 643 Scripturam
1501 575 1675 628 minus
1708 589 1845 628 con-

238 668 570 737 templantes
610 677 658 735 θ,
693 667 810 738 plus
852 663 1049 737 aliquid
1098 676 1384 735 cuperent,
1423 681 1453 718 a
1517 665 1846 736 presbyteris

237 758 566 816 etdiaconis
619 758 1026 831 suggerentibus
1060 757 1337 814 admoneri
1375 756 1662 824 deberent,
1710 757 1847 812 sicut

235 865 463 921 semper
487 853 540 906 in
572 851 898 922 prieteritum
928 850 1123 905 factum
1153 858 1254 905 est.

314 942 410 998 lV.
449 941 723 1012 Castigare
750 957 847 998 nos
875 943 1054 1012 itaque
1079 941 1256 996 divina
1285 955 1512 996 censura
1547 956 1645 995 nec
1672 941 1848 1016 nocti-

237 1035 347 1092 bus
361 1037 558 1093 desinit
570 1051 666 1094 nec
677 1037 884 1094 diebus.
903 1038 1105 1092 Praeter
1124 1045 1410 1090 nocturnas
1431 1037 1571 1090 enim
1591 1021 1845 1100 visiones,

237 1144 346 1200 per
367 1129 480 1186 dies
500 1145 713 1201 quoque
731 1131 981 1200 impletur
1002 1129 1140 1198 apud
1171 1141 1267 1182 nos
1293 1127 1492 1197 Spiritu
1515 1136 1701 1181 sancto
1721 1143 1851 1198 puc-

236 1236 432 1278 rorum
465 1223 722 1277 innocens
748 1231 899 1289 anas,
948 1233 1066 1290 quae
1093 1221 1147 1275 in
1186 1221 1381 1275 ecstasi
1426 1218 1569 1274 videt
1600 1219 1770 1274 oculis
1795 1227 1850 1274 et

235 1316 469 1372 auditet
495 1316 731 1386 loquitur
759 1331 818 1368 ea
875 1315 1070 1384 quibus
1110 1328 1208 1368 nos
1252 1315 1508 1367 Dominus
1539 1327 1757 1366 monere
1796 1321 1850 1366 et

237 1408 511 1463 instruere
540 1407 805 1477 dignatur.
856 1407 918 1460 Et
942 1405 1169 1460 audietis
1195 1405 1373 1459 omnia
1399 1404 1612 1474 quando
1641 1403 1706 1458 ad
1750 1418 1847 1458 vos

235 1503 496 1557 reducem
525 1516 610 1554 me
633 1500 894 1554 Dominus
917 1499 1121 1565 fecerit,
1149 1499 1237 1569 qui
1257 1507 1315 1552 ut
1336 1497 1643 1554 secederem
1666 1498 1845 1567 jussit.

237 1592 469 1647 Interim
527 1592 796 1647 temerarii
826 1590 852 1629 ι)
882 1591 1146 1646 etincauti
1198 1598 1253 1644 et
1295 1590 1480 1644 tumidi
1518 1589 1729 1660 quidam
1771 1589 1849 1644 in-

237 1694 327 1740 ter
350 1699 470 1750 vos,
497 1685 587 1754 qui
609 1683 877 1738 hominem
899 1699 1001 1737 non
1029 1683 1284 1753 cogitant,
1315 1681 1393 1736 vel
1420 1681 1582 1735 Deum
1605 1680 1846 1748 timeant,

237 1775 503 1840 scientes,
540 1775 786 1844 quoniam
816 1775 861 1829 si
887 1774 1022 1828 ultra
1054 1776 1106 1828 in
1136 1773 1322 1828 iisdem
1364 1773 1846 1842 perseveraverint,

1948 591 2166 630 monere
2180 591 2272 630 vos
2289 577 2478 632 litteris
2491 579 2685 634 nostris
2701 588 2757 632 ut
2777 594 2806 632 a
2828 579 3016 648 quibus
3041 589 3142 632 tam
3159 579 3344 632 devote
3363 587 3411 634 et
3430 579 3533 632 [υιιά
3569 640 3574 644 δ

1948 668 2072 722 titer
2101 677 2340 722 servatur
2371 668 2503 723 fides
2539 670 2744 724 Domini
2783 667 2808 704 ἀ
2830 711 2844 734 ,
2874 671 2940 724 ab
2985 669 3170 723 iisdem
3215 669 3296 723 lex
3327 683 3532 739 quoque

1949 767 2003 813 et
2021 759 2293 827 disciplina
2327 759 2532 813 Domini
2562 768 2881 814 reservetur.
2904 757 3058 825 Nam,
3077 775 3196 814 cum
3224 775 3404 814 omnes
3433 761 3532 814 iui.

1951 850 2070 904 lites
2101 850 2332 906 °Christi
2363 852 2629 907 custodire
2648 861 2887 922 oporteat
2917 863 3175 923 prmcepta
3208 853 3534 924 imperatoris

1951 944 1997 976 ²⁰
2019 945 2247 1010 sui,tum
2277 959 2372 999 vos
2397 947 2563 1015 magis
2593 947 2870 1016 prmceptis
2897 946 3011 1015 ejus
3027 946 3388 1016 obtemperare
3416 949 3535 1017 plus

1950 1038 2221 1103 convenit,
2250 1039 2340 1108 qui
2376 1039 2681 1108 exemplum
2713 1040 2923 1094 caeteris
2952 1037 3076 1095 facti
3103 1040 3232 1095 estis
3259 1049 3313 1095 et
3333 1041 3536 1096 virtutis

1952 1141 2006 1187 et
2029 1132 2234 1186 timoris
2275 1133 2391 1186 Dei.
2422 1133 2488 1186 Et
2509 1132 2838 1188 credideram
2873 1133 3087 1203 quidem
3119 1135 3455 1206 presbyteros
3483 1144 3537 1190 et

1954 1222 2216 1279 diaconos
2256 1224 2344 1292 qui
2371 1223 2478 1278 illic
2504 1233 2797 1294 praesentes
2845 1234 2969 1280 sunt
3005 1241 3223 1280 monere
3265 1235 3352 1281 Vos
3378 1233 3428 1280 et
3457 1227 3536 1280 in-

1952 1324 2160 1380 struere
2183 1316 2490 1386 plenissime
2510 1318 2649 1370 circa
2669 1317 2939 1387 Evangelii
2967 1317 3159 1387 legem,
3179 1317 3314 1372 sicut
3333 1318 3376 1371 in
3400 1332 3535 1386 prxu-

1953 1409 2168 1463 tcritum
2191 1422 2405 1478 semper
2433 1409 2534 1462 sub
2564 1409 2994 1464 antecessoribus
3015 1410 3212 1463 nostris
3229 1408 3414 1463 factum
3433 1416 3535 1476 est,

1953 1509 2012 1554 ut
2037 1499 2265 1563 diaconi,
2289 1498 2354 1554 ad
2382 1515 2651 1554 carcerem
2676 1509 3060 1567 commeantes,
3082 1509 3366 1572 martyrum
3400 1497 3418 1538 ί
3444 1500 3539 1556 dc-

1953 1590 2147 1646 sideria
2177 1591 2414 1646 consiliis
2427 1592 2538 1646 suis
2560 1599 2613 1646 et
2639 1593 3030 1661 Scripturarum
3048 1594 3326 1663 praeceptis
3344 1592 3537 1664 guber-

1954 1691 2168 1739 narent.
2198 1681 2302 1738 Sed
2331 1699 2469 1738 nunc
2489 1696 2610 1738 cum
2639 1684 2869 1740 maximo
2890 1684 3052 1739 animi
3071 1684 3256 1740 dolore
3284 1695 3540 1755 cognosco

1954 1792 2062 1851 non
2095 1786 2298 1830 tantum
2325 1776 2434 1829 illic
2478 1777 2628 1830 vobis
2652 1792 2758 1830 non
2801 1778 3010 1846 suggeri
3039 1777 3215 1830 divina
3257 1785 3537 1846 praecepta,

237 1877 373 1921 utar
421 1882 482 1922 ea
556 1865 923 1921 admonitione
963 1877 983 1903 ο
1018 1881 1120 1935 qua
1178 1880 1264 1919 me
1333 1865 1404 1919 uti
1461 1864 1717 1918 Dominus
1753 1863 1842 1933 ju-s
1873 1874 1920 1933 Β
1949 1866 2042 1923 sed
2075 1866 2248 1922 adhuc
2286 1867 2460 1936 potius
2483 1866 2727 1935 impediri
2759 1876 2805 1934 8,
2862 1877 2919 1921 ut
2945 1883 3006 1922 ea
3034 1883 3154 1938 quze
3192 1883 3219 1920 ιι
3247 1868 3391 1922 vobis
3413 1868 3541 1937 ipsis

237 1956 362 2022 bet,
413 1966 473 2011 ut
511 1957 721 2013 interim
765 1957 1148 2026 prohibeantur
1171 1954 1396 2017 oiierre,
1437 1955 1606 2009 aeturi
1633 1955 1845 2024 etapud

238 2063 351 2104 nos
365 2058 417 2103 et
444 2048 582 2118 apud
613 2049 947 2103 confessurus
970 2048 1114 2118 ipsos
1138 2057 1192 2101 et
1217 2045 1355 2117 apud
1381 2046 1589 2116 plebem
1632 2046 1844 2100 univer-

239 2153 366 2193 sam
405 2153 620 2194 causam
646 2155 826 2206 suam;
869 2155 1010 2203 cum,
1049 2139 1272 2194 Domino
1300 2139 1662 2208 permittente,
1695 2138 1746 2191 in
1773 2138 1848 2192 si-

242 2247 382 2287 num
410 2233 599 2287 matris
627 2232 878 2289 Ecclesia:
907 2233 1146 2303 recolligi
1169 2233 1509 2302 eruperimus.
1555 2232 1632 2287 De
1655 2232 1756 2286 hoc
1783 2232 1850 2287 ad

242 2333 518 2394 martyres
539 2325 937 2380 etcoufessores
957 2333 1012 2380 et
1026 2325 1088 2379 ad
1107 2325 1315 2395 plebem
1339 2324 1540 2378 litteras
1569 2324 1688 2390 feci,
1718 2338 1851 2392 quas

244 2426 480 2486 utraque
502 2417 653 2472 vobis
679 2419 779 2488 legi
809 2418 1074 2474 mandavi.
1111 2415 1247 2488 Opto
1279 2434 1391 2485 vos,
1420 2417 1612 2472 fratres
1640 2416 1848 2472 charis-

243 2509 374 2562 simi
399 2524 462 2563 ac
475 2507 971 2576 desiderantissimi,
989 2512 1038 2566 in
1056 2511 1282 2566 Domino
1301 2525 1512 2579 semper
1523 2509 1659 2565 bene
1672 2510 1849 2567 valere

244 2608 304 2655 et
337 2601 507 2656 nostri
539 2603 865 2658 meminisse.
913 2602 1120 2659 Valete.
1151 2611 1164 2622 '

832 2717 1165 2775 EPISTOLA
1202 2718 1271 2774 Χ.

313 2831 549 2894 (Erasm.,
576 2846 646 2892 ιιι,
669 2793 747 2894 iri;
793 2831 1004 2893 Pamel.,
1031 2845 1110 2893 x1;
1152 2833 1284 2895 Εἰς..
1308 2835 1498 2898 Baluz.,
1517 2837 1700 2894 Paris,
1737 2847 1788 2895 x;

755 2914 940 2976 Oxon.,
965 2915 1119 2978 Lips,
1147 2916 1259 2981 xv.)

325 3035 392 3074 ΑΒ
425 3032 711 3073 ΜΑΒΤῚΒΕΞ
754 3035 823 3074 ΕΤ
849 3033 1211 3077 CONFESSORES
1233 3037 1317 3086 QUI
1346 3037 1522 3083 LAPSIS
1553 3039 1876 3080 PETIERUNT’

901 3129 1074 3169 PACEII
1108 3126 1251 3170 ΒΑΜ.

1954 1971 2008 2017 et
2030 1963 2171 2017 circa
2189 1962 2353 2017 Deum
2376 1971 2532 2017 caute
2557 1969 2612 2015 et
2631 1960 2768 2014 circa
2786 1960 3115 2015 sacerdotem
3142 1959 3235 2015 Dei
3262 1959 3545 2016 honoriﬁce

1960 2053 2114 2117 ﬁunt,
2146 2069 2175 2107 τι
2209 2052 2523 2123 quibusdam
2557 2051 2882 2122 presbyteris
2912 2054 3274 2120 resolvantur,
3324 2054 3404 2123 qui
3444 2065 3544 2107 nec

1963 2144 2212 2199 timorem
2247 2144 2337 2198 Dei
2361 2159 2458 2199 nec
2496 2144 2734 2214 episcOpi
2762 2144 3019 2200 honorem
3063 2145 3354 2215 cogitantes
3383 2143 3542 2214 (cum

1955 2251 2052 2291 vos
2075 2237 2141 2292 ad
2165 2252 2249 2292 me
2271 2237 2476 2292 litteras
2499 2236 2820 2302 direxeritis,
2852 2237 3042 2306 quibus
3071 2236 3356 2292 examinari
3386 2235 3533 2290 desi-

1955 2329 2104 2384 deria
2131 2338 2307 2384 vestra
2331 2339 2385 2382 et
2410 2327 2724 2398 quibusdam
2743 2328 2905 2397 lapsis
2935 2342 3120 2398 pacem
3139 2326 3253 2382 dari
3277 2326 3545 2398 postulatis

1962 2441 2111 2492 cum,
2139 2425 2508 2495 persecutione
2525 2422 2692 2490 ﬁnita,
2718 2423 3002 2478 convenire
3018 2423 3069 2477 in
3086 2437 3245 2476 unum
3266 2435 3383 2477 cum
3401 2419 3546 2475 clero

1953 2528 2008 2574 et
2047 2519 2283 2588 recolligi
2311 2517 2676 2588 emperimus),
2707 2515 2808 2583 illi,
2839 2525 3024 2572 contra
3057 2515 3328 2585 Evangelii
3353 2515 3543 2584 legem,

1953 2607 2138 2668 contra
2174 2620 2403 2667 vestram
2432 2626 2644 2681 quoque
2675 2610 3022 2665 honorificam
3063 2610 3390 2682 petitionem,
3422 2614 3547 2662 ante

1953 2714 2127 2760 actam
2174 2704 2565 2772 paenitentiam,
2609 2710 2734 2757 ante
2759 2703 3204 2772 exomologesim,
3252 2699 3546 2771 gravissimi

1953 2805 2114 2864 atque
2134 2795 2356 2850 extremi
2380 2793 2556 2849 delicti
2586 2793 2797 2858 iactam,
2827 2804 2948 2848 ante
2975 2809 3186 2849 manum
3213 2794 3280 2849 ab
3301 2793 3549 2863 episcopo

1954 2896 2008 2944 et
2029 2890 2173 2944 clero
2216 2889 2268 2942 in
2323 2888 2686 2956 pmnitentiam
2734 2889 3057 2956 impositam,
3111 2887 3304 2943 offerre
3333 2883 3549 2957 proillis

1952 2990 2006 3036 et
2037 2980 2421 3036 Eucharistiam
2469 2978 2606 3046 dari,
2659 2979 2714 3033 id
2759 2988 2862 3046 est,
2893 2985 3133 3034 sanctum
3181 2978 3548 3044 Domini-cor-

1955 3091 2053 3147 pus
2079 3075 2359 3146 profanare
2403 3072 2652 3138 audeant,
2699 3086 2818 3126 cum
2862 3073 3113 3140 scriptum
3137 3071 3233 3124 sit:
3271 3069 3371 3136 Qui
3393 3068 3548 3123 ederit

1953 3185 2140 3239 panem
2169 3177 2258 3221 aut
2289 3165 2464 3220 biberit
2483 3165 2692 3220 calicem
2715 3163 2920 3217 Domini
2940 3163 3162 3232 indigne,
3184 3175 3301 3214 reus
3321 3160 3413 3213 erit
3437 3173 3547 3213 cor-

333 3248 696 3302 Ancuusxruu
760 3277 831 3287 -ι
873 3249 1026 3318 hujus
1081 3247 1324 3317 Epistolis
1389 3252 1540 3305 habes
1603 3253 1741 3322 infra
1798 3254 1848 3308 in
1877 3255 1923 3318 C
1956 3265 2093 3334 ρον-ξε
2140 3273 2186 3317 ει
2215 3263 2476 3333 sanguinis
2499 3260 2704 3314 Domini
2730 3258 2789 3328 (Ι
2817 3257 2937 3313 Cor.
2966 3273 3042 3324 ιι,
3071 3257 3138 3310 27

255 3339 368 3393 lure
397 3339 560 3407 verba,
596 3339 826 3406 Epistula
854 3357 945 3395 xvr
985 3359 996 3394 :
1044 3360 1062 3392 ι
1097 3340 1223 3397 Cum
1266 3347 1618 3414 comperissem
1646 3363 1729 3400 eos
1767 3349 1854 3417 qui

257 3432 519 3502 sacrilegis
561 3432 869 3486 contactibus
901 3450 1080 3487 manus
1128 3451 1245 3487 suas
1289 3446 1438 3500 atque
1475 3454 1564 3489 ora
1593 3439 1851 3492 maculasv

256 3532 390 3585 sent,
417 3523 488 3576 vel
510 3523 740 3592 nefandis
767 3523 946 3577 libellis
979 3523 1306 3578 nihilominus
1333 3527 1690 3580 conscientiam
1733 3529 1852 3599 pol-

260 3613 489 3676 luissent,
518 3613 770 3666 exambire
789 3614 858 3667 ad
880 3623 1121 3684 martyres
1144 3617 1349 3686 passim,
1377 3633 1466 3669 con
1475 3621 1687 3687 fessores
1716 3635 1842 3687 quo-

257 3723 357 3775 que
378 3707 664 3772 importuna
685 3719 730 3760 et
782 3709 1002 3776 gratiosa
1033 3709 1384 3778 deprecatione
1413 3728 1752 3783 corrumpere,
1796 3726 1848 3767 ut

257 3795 370 3851 sine
395 3799 681 3852 discrimine
709 3808 754 3851 et
784 3800 1016 3852 examine
1042 3801 1360 3870 singulorum
1382 3803 1625 3856 darentur
1651 3805 1848 3858 libello-

261 3906 377 3943 rum
405 3891 584 3956 ntillia,
619 3901 795 3944 contra
829 3890 1091 3961 Evangelii
1123 3895 1298 3961 legem,
1335 3893 1528 3946 litteras
1556 3895 1652 3962 feci
1676 3897 1854 3963 quibus

259 3991 520 4052 martyres
559 3993 604 4036 et
635 3987 947 4052 confessores
990 3985 1202 4037 consilio
1230 4001 1336 4038 meo
1386 3997 1626 4054 quantum
1656 4005 1853 4056 possem

260 4074 331 4125 ad
364 4073 629 4128 Dominica
659 4087 910 4145 prarcepta
940 4094 1244 4132 revocarem.
1283 4097 1300 4130 ι

329 4187 370 4242 1.
393 4188 687 4259 Cyprianus
710 4191 1030 4262 martyribus
1042 4201 1096 4246 et
1117 4191 1510 4246 cont‘essorihus
1525 4191 1853 4247 charissimis

260 4279 510 4337 fratribus
535 4282 784 4338 salutem.
820 4283 1132 4339 Sollicitudo
1158 4284 1258 4338 loci
1287 4285 1451 4338 noStri
1484 4293 1536 4338 et
1567 4284 1726 4337 timor
1751 4285 1852 4336 llu-

2033 3357 2096 3411 ll.
2140 3355 2207 3410 Et
2238 3355 2400 3423 lapsis
2441 3352 2653 3422 quidem
2687 3359 2861 3420 potest
2907 3350 2958 3402 in
2990 3348 3094 3403 hoc
3119 3349 3269 3402 venia
3306 3345 3543 3403 concedi.

1957 3449 2088 3516 Quis
2109 3449 2250 3502 enim
2274 3461 2379 3500 non
2401 3455 2641 3500 mortuus
2666 3442 2915 3498 viviﬁcarl
2939 3450 3186 3510 properet
3209 3439 3268 3494 hi
3304 3439 3422 3510 quis
3442 3451 3546 3494 non

1957 3541 2022 3596 ad
2067 3541 2291 3594 salutem
2323 3553 2472 3592 suam
2500 3537 2681 3592 venire
2713 3526 2961 3590 fes'tinet?
3014 3531 3117 3589 Sed
3148 3533 3546 3602 praepositorum

1955 3645 2035 3689 est
2057 3642 2380 3703 praeceptum
2406 3641 2584 3685 tenere
2609 3670 2625 3696 ,
2656 3641 2709 3684 et
2751 3629 2835 3683 vel
2877 3635 3224 3697 properantes
3272 3625 3357 3679 vel
3399 3627 3547 3693 igno—

1957 3736 2136 3779 rantes
2168 3727 2457 3785 iustrucre,
2495 3721 2675 3790 nequi
2716 3721 2892 3775 ovium
2929 3728 3169 3788 pastores
3198 3731 3316 3770 esse
3347 3709 3546 3770 debent

1958 3818 2082 3872 lanii
2114 3817 2259 3871 ﬁant.
2293 3817 2368 3870 Ea
2400 3814 2540 3869 enlm
2571 3803 2863 3868 ‘concctlerc
2890 3827 3007 3881 quae
3034 3811 3086 3863 iu
3118 3807 3400 3878 perniciem
3429 3822 3546 3860 ver-

1959 3921 2092 3976 tant,
2124 3912 2371 3978 decipere
2392 3917 2506 3972 est;
2539 3921 2633 3960 uec
2653 3907 2869 3975 erigitur
2896 3905 2970 3958 sic
3003 3904 3202 3972 lapsus,
3223 3900 3311 3956 sed
3347 3915 3437 3970 per
3460 3899 3548 3954 Dei

1956 4005 2214 4059 oﬂensam
2263 3999 2431 4069 magis
2463 3998 2748 4067 impellitur
2773 3997 2836 4050 ad
2870 3997 3098 4050 ruinam.
3153 3995 3244 4048 Vel
3283 4009 3349 4048 ex
3399 3993 3550 4046 vobis

1957 4095 2136 4164 itaque
2183 4091 2390 4145 discant
2419 4087 2557 4158 quod
2589 4087 2781 4143 docere
2807 4087 3122 4142 debuerant.
3173 4086 3458 4140 l‘etitioncs
3489 4094 3544 4139 et

1957 4185 2220 4250 desideria
2263 4192 2438 4238 vestra
2465 4183 2714 4250 episcopo
2741 4189 2977 4246 servent,
3007 4190 3060 4234 et
3080 4179 3144 4232 ad
3173 4195 3354 4248 pacem
3401 4179 3550 4232 vobis

1961 4277 2266 4353 petentibus
2323 4274 2551 4329 dandam
2583 4283 2846 4328 maturum
2871 4283 2923 4328 et
2944 4282 3189 4344 pacatum
3225 4279 3425 4339 tempus
3452 4283 3551 4324 ex.

1500 4396 1890 4454 LECTIONES
1926 4391 2344 4454 VAIllANTES.

327 4495 352 4521 ⁸
380 4490 780 4556 Contemplantes
821 4495 986 4540 contra
1021 4488 1188 4554 legem
1221 4490 1316 4541 Dei
1359 4491 1516 4542 Oxon,
1560 4489 1746 4552 Legem
1768 4491 1868 4540 Do-
1894 4489 1948 4551 D

265 4555 402 4617 mi_ni_
416 4552 544 4617 Lips.

325 4613 356 4652 ιι
385 4613 584 4666 Interim
607 4617 784 4665 morari
804 4616 940 4665 Foss.
972 4614 1098 4665 Vict.
1127 4615 1274 4664 Mich.
1659 4667 1666 4669 _

328 4682 353 4708 ο
383 4677 824 4731 Perseveraverint
845 4681 998 4728 vitare
1024 4678 1400 4728 admonitionem
1424 4677 1543 4728 Mss.
1569 4679 1629 4727 Π.

328 4739 360 4779 d
383 4739 588 4791 Domino
619 4749 776 4790 Oxon.

2040 4492 2062 4519 θ
2088 4485 2334 4536 Honestos
2357 4482 2539 4532 milites
2567 4483 2746 4532 Veron.

2042 4547 2063 4586 ί
2093 4549 2460 4598 Convenientes
2482 4553 2720 4606 martyres
2761 4545 2876 4595 Ver.

2044 4615 2068 4652 8
2097 4611 2312 4660 lnveniri
2342 4606 2483 4660 Corb.
2507 4610 2665 4670 Impr.

2044 4672 2072 4711 h
2100 4671 2341 4722 Vivilicari
2363 4678 2502 4734 optet
2524 4669 2663 4722 Corb.

1526 4823 1768 4879 STEPH.
1813 4821 2087 4879 BALUZII
2125 4819 2354 4877 ΝΟΤᾹΞ.

340 4918 434 4974 1V.
453 4919 917 4972 —-Admonitione.
950 4917 1004 4973 Id
1034 4927 1116 4973 est
1144 4918 1511 4984 suspensionis
1537 4932 1757 4972 censura
1776 4961 1790 4984 ,
1820 4927 1877 4971 ut

274 4993 663 5060 interpretatur
714 4989 976 5045 Baronius
1029 4990 1170 5044 hunc
1210 4989 1460 5062 Cypriani
1505 4990 1678 5044 locum
1734 4990 1878 5045 rele-

305 5076 430 5116 ens.

305 5079 430 5116 ens.

274 5079 301 5117 ἶ
356 5134 539 5187 Ειιιετ.
596 5147 648 5186 x.
687 5131 1192 5199 --Inscriptionem
1245 5131 1400 5201 hujus
1441 5131 1679 5198 epistolae
1730 5131 1884 5185 talem

257 5205 579 5275 posuimus
614 5203 824 5275 qualern
877 5205 1175 5270 reperimus
1233 5201 1597 5275 inhplur‘imis
1652 5205 1886 5270 antiquis

259 5272 667 5344 exemplaribus
695 5281 748 5327 et
777 5272 828 5326 in
853 5275 1231 5344 vetustioribus
1256 5272 1602 5328 editionibus.

339 5345 380 5399 l.
413 5343 484 5384 -ἐ-
515 5343 746 5398 Fratres.
778 5344 946 5414 Antea
975 5343 1247 5411 legebatur
1273 5353 1516 5413 martyres
1541 5385 1554 5407 ,
1586 5343 1724 5414 quod
1761 5358 1868 5396 non

253 5415 400 5471 solet
425 5415 751 5484 Cyprianus.
779 5413 890 5483 Ego
921 5415 1199 5468 emendavi
1226 5429 1290 5469 ex
1321 5416 1491 5468 veteri
1530 5413 1666 5468 libro
1693 5414 1866 5468 sancti

251 5485 536 5542 Michaelis
579 5487 630 5539 in
662 5485 904 5554 periclilo
938 5486 1121 5537 maris.
1157 5486 1289 5538 Nam
1339 5486 1502 5540 etiam
1550 5487 1599 5538 iu
1634 5485 1731 5538 hac
1757 5486 1866 5552 ipsa

257 5556 500 5626 Epistola
531 5557 830 5626 Cyprianus
870 5557 935 5610 ad
980 5569 1075 5610 eos
1126 5555 1372 5612 scribens
1411 5556 1504 5623 ait,
1535 5557 1796 5627 fortissimi
1826 5564 1870 5608 et

253 5629 552 5682 charissimi
575 5632 782 5697 fratres.

327 5699 405 5751 Ab
455 5693 688 5767 episcopo
741 5708 787 5752 et
836 5697 992 5752 clero.
1040 5697 1130 5754 Sic
1185 5698 1346 5753 etiam
1399 5700 1450 5752 in
1501 5693 1733 5766 Epistola
1772 5711 1858 5751 se-

249 5770 462 5840 quenti.
495 5768 635 5840 Ergo
665 5783 769 5822 non
799 5771 953 5840 solus
986 5773 1270 5840 episcopus
1284 5769 1604 5840 imponebat
1635 5777 1854 5840 manum

252 5837 424 5912 lapsis
446 5840 516 5897 ad
541 5837 838 5898 iactatam
865 5837 1232 5899 redeuntibus.
1255 5839 1386 5898 Vide
1398 5837 1856 5895 Potaviiauim‘ad-
1897 5851 1909 5863 ·

1983 4917 2284 4971 versionem
2328 4913 2395 4967 (ιιι
2451 4908 2793 4982 Epiphaniam
2846 4905 2896 4959 in
2950 4903 3139 4959 haeresi
3185 4915 3455 4971 ux,,quar.
3482 4900 3563 4954 est

1985 4988 2423 5044 Novatianorum.

2064 5058 2264 5130 O/I'erre
2325 5071 2413 5121 pro
2465 5052 2585 5130 illis.
2627 5049 2697 5103 lta
2750 5053 2983 5130 veteres
3054 5045 3195 5130 lihri‘
3239 5051 3562 5130 .et'veteres

1993 5113 2277 5186 editiones.
2307 5113 2423 5192 Quo
2451 5124 2608 5176 ctiam
2641 5120 2800 5192 modo
2826 5120 3077 5192 scriptum
3119 5125 3202 5192 est
3239 5116 3289 5169 in
3329 5113 3562 5192 Epistpla

1994 5182 2260 5267 sequenti.
2295 5182 2558 5267 Hamillus
2610 5191 2784 5267 posuit
2834 5182 3018 5267 olferre
3045 5189 3202 5267 lapsis
3225 5182 3416 5267 pacem.
3448 5182 3563 5267 Mo-

1997 5256 2204 5331 rel'lius,
2236 5282 2295 5321 ea
2339 5256 2630 5320 mutatione
2679 5256 3565 5331 insuper-habita,retinuitvcte-

1973 5324 2097 5396 rem
2152 5324 2455 5393 lectionem.
2525 5324 2986 5404 ltigaltius'sequi
3045 5327 3228 5404 maluit
3264 5324 3561 5404 editionem

1974 5411 2221 5466 Matt‘utii.
2253 5407 2406 5478 Angli
2437 5397 2797 5478 reposuerunt
2835 5397 3450 5478 veterem._ﬂeinliart11s
3482 5410 3568 5478 se:

1972 5464 2126 5536 cuius
2167 5488 2248 5534 est
2295 5464 2562 5533 editiones
2584 5474 2800 5529 Manutii
2827 5480 2880 5528 et
2909 5470 3144 5540 Rigaltii.
3168 5469 3259 5526 Sic
3280 5481 3338 5522 se
3367 5464 3567 5547 habent

1973 5553 2249 5606 hominum
2298 5548 2527 5618 ingenia.

2049 5623 2106 5676 ll.
2128 5651 2198 5661 —
2225 5608 2577 5687 Propverantes.
2601 5615 2690 5670 Sic
2711 5614 2762 5667 in
2783 5611 3014 5687 Epistola
3030 5611 3274 5687 sequenti
3300 5627 3316 5687 _:
3354 5608 3551 5687 PrOpe-

1972 5694 2189 5748 randum
2222 5680 2386 5744 tamen
2442 5705 2544 5743 non
2578 5694 2720 5757 palo,
2768 5680 2857 5757 nec
2886 5685 3088 5757 incaute
3110 5680 3310 5757 aliquid
3329 5691 3376 5757 et
3406 5680 3548 5757 [esti-

1971 5774 2152 5819 nanter
2179 5761 2447 5833 agendum.
2473 5749 2643 5830 Epist.
2672 5771 2768 5826 xu,
2795 5755 3084 5812 Temeraria
3116 5749 3436 5826 festinatione
3463 5749 3552 5804 de-

1969 5836 2154 5906 posita.
