  <div class='ocr_page' id='page_1' title='image "/cluster/home/n/w/nwhite01/storage/ocr_20150623/4/hvd.32044048207708/135.png"; bbox 0 0 4250 6282; ppageno 0'>
   <div class='ocr_carea' id='block_1_1' title="bbox 666 258 782 325">
    <p class='ocr_par' dir='ltr' id='par_1_1' title="bbox 666 258 782 325">
     <span class='ocr_line' id='line_1_1' title="bbox 666 258 782 325; baseline 0 -2"><span class='ocrx_word' id='word_1_1' title='bbox 666 258 782 325; x_wconf 67' lang='lat'><strong>259</strong></span> 
     </span>
    </p>
   </div>
   <div class='ocr_carea' id='block_1_2' title="bbox 668 472 2258 549">
    <p class='ocr_par' dir='ltr' id='par_1_2' title="bbox 668 472 2258 549">
     <span class='ocr_line' id='line_1_2' title="bbox 668 472 2258 549; baseline 0.001 -14"><span class='ocrx_word' id='word_1_2' title='bbox 668 478 943 549; x_wconf 84' lang='lat' dir='ltr'><strong>cripsisse,</strong></span> <span class='ocrx_word' id='word_1_3' title='bbox 969 492 1090 536; x_wconf 74' lang='lat' dir='ltr'><strong>cum</strong></span> <span class='ocrx_word' id='word_1_4' title='bbox 1109 472 1456 533; x_wconf 78' lang='lat' dir='ltr'><strong>fraternitatis</strong></span> <span class='ocrx_word' id='word_1_5' title='bbox 1480 486 1679 535; x_wconf 76' lang='lat' dir='ltr'><strong>nostra:</strong></span> <span class='ocrx_word' id='word_1_6' title='bbox 1707 479 1791 535; x_wconf 85' lang='lat' dir='ltr'><strong>vel</strong></span> <span class='ocrx_word' id='word_1_7' title='bbox 1816 479 2017 535; x_wconf 91' lang='lat' dir='ltr'><strong>utilitas</strong></span> <span class='ocrx_word' id='word_1_8' title='bbox 2042 480 2135 535; x_wconf 86' lang='lat' dir='ltr'><strong>vel‘</strong></span> <span class='ocrx_word' id='word_1_9' title='bbox 2158 496 2258 536; x_wconf 89' lang='lat' dir='ltr'><strong>ne-</strong></span> 
     </span>
    </p>
   </div>
   <div class='ocr_carea' id='block_1_3' title="bbox 668 570 2259 641">
    <p class='ocr_par' dir='ltr' id='par_1_3' title="bbox 668 570 2259 641">
     <span class='ocr_line' id='line_1_3' title="bbox 668 570 2259 641; baseline -0.001 -11"><span class='ocrx_word' id='word_1_10' title='bbox 668 572 892 629; x_wconf 82' lang='lat' dir='ltr'><strong>cessitas</strong></span> <span class='ocrx_word' id='word_1_11' title='bbox 919 570 997 626; x_wconf 88' lang='lat' dir='ltr'><strong>sic</strong></span> <span class='ocrx_word' id='word_1_12' title='bbox 1032 571 1219 640; x_wconf 91' lang='lat' dir='ltr'><strong>utique</strong></span> <span class='ocrx_word' id='word_1_13' title='bbox 1273 570 1619 641; x_wconf 73' lang='lat' dir='ltr'><strong>gubernetur,</strong></span> <span class='ocrx_word' id='word_1_14' title='bbox 1649 571 1694 626; x_wconf 92' lang='lat' dir='ltr'><strong>si</strong></span> <span class='ocrx_word' id='word_1_15' title='bbox 1736 586 1767 625; x_wconf 87' lang='lat' dir='ltr'><strong>a</strong></span> <span class='ocrx_word' id='word_1_16' title='bbox 1806 571 1961 628; x_wconf 80' lang='lat' dir='ltr'><strong>vobis</strong></span> <span class='ocrx_word' id='word_1_17' title='bbox 2010 571 2259 628; x_wconf 77' lang='lat' dir='ltr'><strong>instructi</strong></span> 
     </span>
    </p>
   </div>
   <div class='ocr_carea' id='block_1_4' title="bbox 671 662 2255 734">
    <p class='ocr_par' dir='ltr' id='par_1_4' title="bbox 671 662 2255 734">
     <span class='ocr_line' id='line_1_4' title="bbox 671 662 2255 734; baseline -0.002 -12"><span class='ocrx_word' id='word_1_18' title='bbox 671 678 850 722; x_wconf 78' lang='lat' dir='ltr'><strong>rerum</strong></span> <span class='ocrx_word' id='word_1_19' title='bbox 875 662 1229 734; x_wconf 81' lang='lat' dir='ltr'><strong>gerendarum</strong></span> <span class='ocrx_word' id='word_1_20' title='bbox 1254 662 1543 720; x_wconf 82' lang='lat' dir='ltr'><strong>consilium</strong></span> <span class='ocrx_word' id='word_1_21' title='bbox 1562 663 1754 719; x_wconf 83' lang='lat' dir='ltr'><strong>limare</strong></span> <span class='ocrx_word' id='word_1_22' title='bbox 1788 664 2076 734; x_wconf 75' lang='lat' dir='ltr'><strong>possimus.</strong></span> <span class='ocrx_word' id='word_1_23' title='bbox 2107 664 2255 732; x_wconf 84' lang='lat' dir='ltr'><strong>Quo-</strong></span> 
     </span>
    </p>
   </div>
   <div class='ocr_carea' id='block_1_5' title="bbox 666 755 2256 813">
    <p class='ocr_par' dir='ltr' id='par_1_5' title="bbox 666 755 2256 813">
     <span class='ocr_line' id='line_1_5' title="bbox 666 755 2256 813; baseline -0.001 -1"><span class='ocrx_word' id='word_1_24' title='bbox 666 757 813 812; x_wconf 82' lang='lat' dir='ltr'><strong>niam</strong></span> <span class='ocrx_word' id='word_1_25' title='bbox 834 765 1013 813; x_wconf 87' lang='lat' dir='ltr'><strong>tamen</strong></span> <span class='ocrx_word' id='word_1_26' title='bbox 1042 756 1201 812; x_wconf 85' lang='lat' dir='ltr'><strong>video</strong></span> <span class='ocrx_word' id='word_1_27' title='bbox 1239 757 1545 813; x_wconf 77' lang='lat' dir='ltr'><strong>facultatem</strong></span> <span class='ocrx_word' id='word_1_28' title='bbox 1593 755 1841 812; x_wconf 89' lang='lat' dir='ltr'><strong>veniendi</strong></span> <span class='ocrx_word' id='word_1_29' title='bbox 1883 756 1953 811; x_wconf 87' lang='lat' dir='ltr'><strong>ad</strong></span> <span class='ocrx_word' id='word_1_30' title='bbox 1978 771 2073 812; x_wconf 76' lang='lat' dir='ltr'><strong>vos</strong></span> <span class='ocrx_word' id='word_1_31' title='bbox 2115 771 2256 812; x_wconf 86' lang='lat' dir='ltr'><strong>non-</strong></span> 
     </span>
    </p>
   </div>
   <div class='ocr_carea' id='block_1_6' title="bbox 666 848 2257 920">
    <p class='ocr_par' dir='ltr' id='par_1_6' title="bbox 666 848 2257 920">
     <span class='ocr_line' id='line_1_6' title="bbox 666 848 2257 920; baseline -0.003 -13"><span class='ocrx_word' id='word_1_32' title='bbox 666 851 795 907; x_wconf 90' lang='lat' dir='ltr'><strong>dum</strong></span> <span class='ocrx_word' id='word_1_33' title='bbox 820 864 942 907; x_wconf 83' lang='lat' dir='ltr'><strong>esse</strong></span> <span class='ocrx_word' id='word_1_34' title='bbox 963 849 1148 920; x_wconf 75' lang='lat' dir='ltr'><strong>etiam</strong></span> <span class='ocrx_word' id='word_1_35' title='bbox 1185 859 1424 906; x_wconf 64' lang='lat' dir='ltr'><strong>aetatem</strong></span> <span class='ocrx_word' id='word_1_36' title='bbox 1451 850 1703 920; x_wconf 74' lang='lat' dir='ltr'><strong>cauisse,</strong></span> <span class='ocrx_word' id='word_1_37' title='bbox 1733 848 1877 919; x_wconf 84' lang='lat' dir='ltr'><strong>quod</strong></span> <span class='ocrx_word' id='word_1_38' title='bbox 1933 857 2145 918; x_wconf 80' lang='lat' dir='ltr'><strong>tempus</strong></span> <span class='ocrx_word' id='word_1_39' title='bbox 2174 849 2257 902; x_wconf 81' lang='lat' dir='ltr'><strong>in-</strong></span> 
     </span>
    </p>
   </div>
   <div class='ocr_carea' id='block_1_7' title="bbox 670 941 2257 1013">
    <p class='ocr_par' dir='ltr' id='par_1_7' title="bbox 670 941 2257 1013">
     <span class='ocr_line' id='line_1_7' title="bbox 670 941 2257 1013; baseline -0.003 -16"><span class='ocrx_word' id='word_1_40' title='bbox 670 941 1005 999; x_wconf 72' lang='lat' dir='ltr'><strong>ﬁrmitatibus</strong></span> <span class='ocrx_word' id='word_1_41' title='bbox 1029 941 1259 999; x_wconf 74' lang='lat' dir='ltr'><strong>assiduis</strong></span> <span class='ocrx_word' id='word_1_42' title='bbox 1281 951 1338 998; x_wconf 86' lang='lat' dir='ltr'><strong>et</strong></span> <span class='ocrx_word' id='word_1_43' title='bbox 1374 942 1625 1013; x_wconf 85' lang='lat' dir='ltr'><strong>gravibus</strong></span> <span class='ocrx_word' id='word_1_44' title='bbox 1662 941 1943 997; x_wconf 75' lang='lat' dir='ltr'><strong>infestatur</strong></span> <span class='ocrx_word' id='word_1_45' title='bbox 1973 949 2023 1007; x_wconf 73' lang='grc' dir='ltr'><strong>ιι,</strong></span> <span class='ocrx_word' id='word_1_46' title='bbox 2064 955 2257 995; x_wconf 81' lang='lat' dir='ltr'><strong>occur-</strong></span> 
     </span>
    </p>
   </div>
   <div class='ocr_carea' id='block_1_8' title="bbox 666 1032 2257 1105">
    <p class='ocr_par' dir='ltr' id='par_1_8' title="bbox 666 1032 2257 1105">
     <span class='ocr_line' id='line_1_8' title="bbox 666 1032 2257 1105; baseline -0.004 -13"><span class='ocrx_word' id='word_1_47' title='bbox 666 1035 891 1093; x_wconf 85' lang='lat' dir='ltr'><strong>rendum</strong></span> <span class='ocrx_word' id='word_1_48' title='bbox 920 1042 1047 1105; x_wconf 92' lang='lat' dir='ltr'><strong>puto</strong></span> <span class='ocrx_word' id='word_1_49' title='bbox 1070 1034 1320 1091; x_wconf 80' lang='lat' dir='ltr'><strong>fratribus</strong></span> <span class='ocrx_word' id='word_1_50' title='bbox 1342 1034 1561 1101; x_wconf 72' lang='lat' dir='ltr'><strong>nostris,</strong></span> <span class='ocrx_word' id='word_1_51' title='bbox 1593 1041 1653 1089; x_wconf 91' lang='lat' dir='ltr'><strong>ut</strong></span> <span class='ocrx_word' id='word_1_52' title='bbox 1678 1033 1771 1103; x_wconf 88' lang='lat' dir='ltr'><strong>qui</strong></span> <span class='ocrx_word' id='word_1_53' title='bbox 1809 1032 2022 1088; x_wconf 78' lang='lat' dir='ltr'><strong>libellos</strong></span> <span class='ocrx_word' id='word_1_54' title='bbox 2054 1048 2084 1085; x_wconf 91' lang='lat' dir='ltr'><strong>a</strong></span> <span class='ocrx_word' id='word_1_55' title='bbox 2112 1047 2257 1086; x_wconf 79' lang='lat' dir='ltr'><strong>mar-</strong></span> 
     </span>
    </p>
   </div>
   <div class='ocr_carea' id='block_1_9' title="bbox 670 1122 2255 1197">
    <p class='ocr_par' dir='ltr' id='par_1_9' title="bbox 670 1122 2255 1197">
     <span class='ocr_line' id='line_1_9' title="bbox 670 1122 2255 1197; baseline -0.003 -17"><span class='ocrx_word' id='word_1_56' title='bbox 670 1125 874 1197; x_wconf 87' lang='lat' dir='ltr'><strong>tyribus</strong></span> <span class='ocrx_word' id='word_1_57' title='bbox 887 1133 1236 1196; x_wconf 75' lang='lat' dir='ltr'><strong>acceperunt,</strong></span> <span class='ocrx_word' id='word_1_58' title='bbox 1265 1133 1322 1181; x_wconf 90' lang='lat' dir='ltr'><strong>et</strong></span> <span class='ocrx_word' id='word_1_59' title='bbox 1344 1124 1693 1194; x_wconf 71' lang='lat' dir='ltr'><strong>praerogativa</strong></span> <span class='ocrx_word' id='word_1_60' title='bbox 1722 1137 1909 1179; x_wconf 79' lang='lat' dir='ltr'><strong>eorum</strong></span> <span class='ocrx_word' id='word_1_61' title='bbox 1933 1122 2071 1192; x_wconf 82' lang='lat' dir='ltr'><strong>apud</strong></span> <span class='ocrx_word' id='word_1_62' title='bbox 2084 1122 2255 1177; x_wconf 87' lang='lat' dir='ltr'><strong>Deum</strong></span> 
     </span>
    </p>
   </div>
   <div class='ocr_carea' id='block_1_10' title="bbox 668 1214 2254 1288">
    <p class='ocr_par' dir='ltr' id='par_1_10' title="bbox 668 1214 2254 1288">
     <span class='ocr_line' id='line_1_10' title="bbox 668 1214 2254 1288; baseline -0.003 -15"><span class='ocrx_word' id='word_1_63' title='bbox 668 1217 906 1288; x_wconf 79' lang='lat' dir='ltr'><strong>adjuvari</strong></span> <span class='ocrx_word' id='word_1_64' title='bbox 936 1226 1183 1288; x_wconf 72' lang='lat' dir='ltr'><strong>possunt,</strong></span> <span class='ocrx_word' id='word_1_65' title='bbox 1238 1217 1284 1272; x_wconf 88' lang='lat' dir='ltr'><strong>si</strong></span> <span class='ocrx_word' id='word_1_66' title='bbox 1324 1214 1667 1272; x_wconf 83' lang='lat' dir='ltr'><strong>incommodo</strong></span> <span class='ocrx_word' id='word_1_67' title='bbox 1708 1216 1891 1285; x_wconf 78' lang='lat' dir='ltr'><strong>aliquo</strong></span> <span class='ocrx_word' id='word_1_68' title='bbox 1941 1223 1996 1269; x_wconf 87' lang='lat' dir='ltr'><strong>ct</strong></span> <span class='ocrx_word' id='word_1_69' title='bbox 2025 1214 2254 1269; x_wconf 62' lang='lat' dir='ltr'><strong>inﬁrmi-</strong></span> 
     </span>
    </p>
   </div>
   <div class='ocr_carea' id='block_1_11' title="bbox 668 1307 2255 1381">
    <p class='ocr_par' dir='ltr' id='par_1_11' title="bbox 668 1307 2255 1381">
     <span class='ocr_line' id='line_1_11' title="bbox 668 1307 2255 1381; baseline -0.004 -15"><span class='ocrx_word' id='word_1_70' title='bbox 668 1310 797 1366; x_wconf 83' lang='lat' dir='ltr'><strong>tatis</strong></span> <span class='ocrx_word' id='word_1_71' title='bbox 819 1310 1053 1381; x_wconf 82' lang='lat' dir='ltr'><strong>pericqu</strong></span> <span class='ocrx_word' id='word_1_72' title='bbox 1074 1308 1325 1379; x_wconf 80' lang='lat' dir='ltr'><strong>occupati</strong></span> <span class='ocrx_word' id='word_1_73' title='bbox 1353 1307 1576 1377; x_wconf 75' lang='lat' dir='ltr'><strong>iuerint,</strong></span> <span class='ocrx_word' id='word_1_74' title='bbox 1630 1322 1737 1362; x_wconf 91' lang='lat' dir='ltr'><strong>non</strong></span> <span class='ocrx_word' id='word_1_75' title='bbox 1785 1315 2072 1376; x_wconf 75' lang='lat' dir='ltr'><strong>expectata</strong></span> <span class='ocrx_word' id='word_1_76' title='bbox 2118 1322 2255 1375; x_wconf 72' lang='lat' dir='ltr'><strong>prte-</strong></span> 
     </span>
    </p>
   </div>
   <div class='ocr_carea' id='block_1_12' title="bbox 673 1399 2255 1471">
    <p class='ocr_par' dir='ltr' id='par_1_12' title="bbox 673 1399 2255 1471">
     <span class='ocr_line' id='line_1_12' title="bbox 673 1399 2255 1471; baseline -0.004 -14"><span class='ocrx_word' id='word_1_77' title='bbox 673 1400 844 1457; x_wconf 83' lang='lat' dir='ltr'><strong>seutia</strong></span> <span class='ocrx_word' id='word_1_78' title='bbox 872 1410 1077 1469; x_wconf 82' lang='lat' dir='ltr'><strong>nostra,</strong></span> <span class='ocrx_word' id='word_1_79' title='bbox 1101 1399 1242 1471; x_wconf 81' lang='lat' dir='ltr'><strong>apud</strong></span> <span class='ocrx_word' id='word_1_80' title='bbox 1271 1399 1639 1470; x_wconf 68' lang='lat' dir='ltr'><strong>presbyterum</strong></span> <span class='ocrx_word' id='word_1_81' title='bbox 1681 1412 2074 1469; x_wconf 81' lang='lat' dir='ltr'><strong>quemcumque</strong></span> <span class='ocrx_word' id='word_1_82' title='bbox 2118 1411 2255 1467; x_wconf 58' lang='lat' dir='ltr'><strong>pne.</strong></span> 
     </span>
    </p>
   </div>
   <div class='ocr_carea' id='block_1_13' title="bbox 667 1490 2254 1563">
    <p class='ocr_par' dir='ltr' id='par_1_13' title="bbox 667 1490 2254 1563">
     <span class='ocr_line' id='line_1_13' title="bbox 667 1490 2254 1563; baseline -0.003 -12"><span class='ocrx_word' id='word_1_83' title='bbox 667 1501 896 1560; x_wconf 80' lang='lat' dir='ltr'><strong>sentem,</strong></span> <span class='ocrx_word' id='word_1_84' title='bbox 913 1493 1021 1560; x_wconf 86' lang='lat' dir='ltr'><strong>vel,</strong></span> <span class='ocrx_word' id='word_1_85' title='bbox 1038 1494 1086 1549; x_wconf 92' lang='lat' dir='ltr'><strong>si</strong></span> <span class='ocrx_word' id='word_1_86' title='bbox 1115 1492 1395 1563; x_wconf 74' lang='lat' dir='ltr'><strong>presbyter</strong></span> <span class='ocrx_word' id='word_1_87' title='bbox 1418 1500 1661 1561; x_wconf 87' lang='lat' dir='ltr'><strong>repertus</strong></span> <span class='ocrx_word' id='word_1_88' title='bbox 1690 1506 1798 1545; x_wconf 92' lang='lat' dir='ltr'><strong>non</strong></span> <span class='ocrx_word' id='word_1_89' title='bbox 1821 1490 1999 1556; x_wconf 90' lang='lat' dir='ltr'><strong>luerit,</strong></span> <span class='ocrx_word' id='word_1_90' title='bbox 2024 1498 2077 1546; x_wconf 88' lang='lat' dir='ltr'><strong>et</strong></span> <span class='ocrx_word' id='word_1_91' title='bbox 2096 1505 2254 1561; x_wconf 59' lang='lat' dir='ltr'><strong>urgeo</strong></span> 
     </span>
    </p>
   </div>
   <div class='ocr_carea' id='block_1_14' title="bbox 670 1581 2253 1655">
    <p class='ocr_par' dir='ltr' id='par_1_14' title="bbox 670 1581 2253 1655">
     <span class='ocr_line' id='line_1_14' title="bbox 670 1581 2253 1655; baseline -0.004 -16"><span class='ocrx_word' id='word_1_92' title='bbox 670 1600 730 1639; x_wconf 90' lang='lat' dir='ltr'><strong>re</strong></span> <span class='ocrx_word' id='word_1_93' title='bbox 769 1585 939 1639; x_wconf 80' lang='lat' dir='ltr'><strong>exitus</strong></span> <span class='ocrx_word' id='word_1_94' title='bbox 988 1584 1231 1655; x_wconf 73' lang='lat' dir='ltr'><strong>coeperit,</strong></span> <span class='ocrx_word' id='word_1_95' title='bbox 1286 1581 1427 1652; x_wconf 92' lang='lat' dir='ltr'><strong>apud</strong></span> <span class='ocrx_word' id='word_1_96' title='bbox 1465 1582 1747 1637; x_wconf 82' lang='lat' dir='ltr'><strong>diaconum</strong></span> <span class='ocrx_word' id='word_1_97' title='bbox 1790 1595 2002 1652; x_wconf 82' lang='lat' dir='ltr'><strong>quoque</strong></span> <span class='ocrx_word' id='word_1_98' title='bbox 2029 1596 2253 1635; x_wconf 77' lang='lat' dir='ltr'><strong>exomn-</strong></span> 
     </span>
    </p>
   </div>
   <div class='ocr_carea' id='block_1_15' title="bbox 668 1672 2250 1747">
    <p class='ocr_par' dir='ltr' id='par_1_15' title="bbox 668 1672 2250 1747">
     <span class='ocr_line' id='line_1_15' title="bbox 668 1672 2250 1747; baseline -0.001 -17"><span class='ocrx_word' id='word_1_99' title='bbox 668 1677 867 1747; x_wconf 87' lang='lat' dir='ltr'><strong>Iogesin</strong></span> <span class='ocrx_word' id='word_1_100' title='bbox 918 1676 1093 1732; x_wconf 88' lang='lat' dir='ltr'><strong>facere</strong></span> <span class='ocrx_word' id='word_1_101' title='bbox 1141 1675 1322 1737; x_wconf 85' lang='lat' dir='ltr'><strong>delicti</strong></span> <span class='ocrx_word' id='word_1_102' title='bbox 1366 1676 1448 1735; x_wconf 90' lang='lat' dir='ltr'><strong>sui</strong></span> <span class='ocrx_word' id='word_1_103' title='bbox 1490 1674 1715 1745; x_wconf 86' lang='lat' dir='ltr'><strong>possint,</strong></span> <span class='ocrx_word' id='word_1_104' title='bbox 1775 1680 1835 1728; x_wconf 90' lang='lat' dir='ltr'><strong>ut</strong></span> <span class='ocrx_word' id='word_1_105' title='bbox 1877 1689 2037 1728; x_wconf 83' lang='lat' dir='ltr'><strong>manu</strong></span> <span class='ocrx_word' id='word_1_106' title='bbox 2066 1674 2147 1728; x_wconf 90' lang='lat' dir='ltr'><strong>eis</strong></span> <span class='ocrx_word' id='word_1_107' title='bbox 2195 1672 2250 1728; x_wconf 89' lang='lat' dir='ltr'><strong>in</strong></span> 
     </span>
    </p>
   </div>
   <div class='ocr_carea' id='block_1_16' title="bbox 2050 266 2547 332">
    <p class='ocr_par' dir='ltr' id='par_1_16' title="bbox 2050 266 2547 332">
     <span class='ocr_line' id='line_1_16' title="bbox 2050 266 2547 332; baseline 0.008 -6"><span class='ocrx_word' id='word_1_108' title='bbox 2050 266 2190 328; x_wconf 82' lang='lat' dir='ltr'><strong>DIVI</strong></span> <span class='ocrx_word' id='word_1_109' title='bbox 2225 266 2547 332; x_wconf 71' lang='lat' dir='ltr'><strong>CYPRIANI</strong></span> 
     </span>
    </p>
   </div>
   <div class='ocr_carea' id='block_1_17' title="bbox 670 379 2330 454">
    <p class='ocr_par' dir='ltr' id='par_1_17' title="bbox 670 379 2330 454">
     <span class='ocr_line' id='line_1_17' title="bbox 670 379 2330 454; baseline 0.001 -13"><span class='ocrx_word' id='word_1_110' title='bbox 670 382 753 441; x_wconf 85' lang='lat' dir='ltr'><strong>las</strong></span> <span class='ocrx_word' id='word_1_111' title='bbox 766 396 909 441; x_wconf 79' lang='lat' dir='ltr'><strong>meas</strong></span> <span class='ocrx_word' id='word_1_112' title='bbox 928 392 1064 454; x_wconf 82' lang='lat' dir='ltr'><strong>quas</strong></span> <span class='ocrx_word' id='word_1_113' title='bbox 1087 383 1157 440; x_wconf 84' lang='lat' dir='ltr'><strong>ad</strong></span> <span class='ocrx_word' id='word_1_114' title='bbox 1187 394 1284 440; x_wconf 86' lang='lat' dir='ltr'><strong>vos</strong></span> <span class='ocrx_word' id='word_1_115' title='bbox 1307 379 1786 454; x_wconf 59' lang='lat' dir='ltr'><strong>frequenterfmisi,</strong></span> <span class='ocrx_word' id='word_1_116' title='bbox 1811 382 1944 440; x_wconf 82' lang='lat' dir='ltr'><strong>nihil</strong></span> <span class='ocrx_word' id='word_1_117' title='bbox 1977 384 2107 441; x_wconf 78' lang='lat' dir='ltr'><strong>mihi</strong></span> <span class='ocrx_word' id='word_1_118' title='bbox 2136 400 2251 442; x_wconf 86' lang='lat' dir='ltr'><strong>res-</strong></span> <span class='ocrx_word' id='word_1_119' title='bbox 2275 391 2330 450; x_wconf 73' lang='grc' dir='ltr'>Α</span> 
     </span>
    </p>
   </div>
   <div class='ocr_carea' id='block_1_18' title="bbox 3848 271 3969 337">
    <p class='ocr_par' dir='ltr' id='par_1_18' title="bbox 3848 271 3969 337">
     <span class='ocr_line' id='line_1_18' title="bbox 3848 271 3969 337; baseline 0 -3"><span class='ocrx_word' id='word_1_120' title='bbox 3848 271 3969 337; x_wconf 72' lang='lat'><strong>9.60</strong></span> 
     </span>
    </p>
   </div>
   <div class='ocr_carea' id='block_1_19' title="bbox 2908 384 3412 448">
    <p class='ocr_par' dir='ltr' id='par_1_19' title="bbox 2908 384 3412 448">
     <span class='ocr_line' id='line_1_19' title="bbox 2908 384 3412 448; baseline 0.002 -4"><span class='ocrx_word' id='word_1_121' title='bbox 2908 384 3243 448; x_wconf 78' lang='lat' dir='ltr'><strong>EPISTOLA</strong></span> <span class='ocrx_word' id='word_1_122' title='bbox 3274 386 3412 448; x_wconf 80' lang='lat' dir='ltr'><strong>XIII.</strong></span> 
     </span>
    </p>
   </div>
   <div class='ocr_carea' id='block_1_20' title="bbox 2361 544 3960 615">
    <p class='ocr_par' dir='ltr' id='par_1_20' title="bbox 2361 544 3960 615">
     <span class='ocr_line' id='line_1_20' title="bbox 2361 544 3960 615; baseline 0.001 -15"><span class='ocrx_word' id='word_1_123' title='bbox 2361 547 2588 612; x_wconf 67' lang='lat' dir='ltr'><strong>(Erasm,</strong></span> <span class='ocrx_word' id='word_1_124' title='bbox 2610 561 2677 610; x_wconf 87' lang='grc' dir='ltr'>ιιι,</span> <span class='ocrx_word' id='word_1_125' title='bbox 2707 545 2768 598; x_wconf 85' lang='grc'><strong>18</strong></span> <span class='ocrx_word' id='word_1_126' title='bbox 2788 560 2802 609; x_wconf 85' lang='lat'><strong>;</strong></span> <span class='ocrx_word' id='word_1_127' title='bbox 2826 545 3034 608; x_wconf 85' lang='lat' dir='ltr'><strong>Pamel.,</strong></span> <span class='ocrx_word' id='word_1_128' title='bbox 3062 559 3143 599; x_wconf 80' lang='lat' dir='ltr'><strong>xiv</strong></span> <span class='ocrx_word' id='word_1_129' title='bbox 3165 560 3180 609; x_wconf 88' lang='lat'><strong>;</strong></span> <span class='ocrx_word' id='word_1_130' title='bbox 3204 544 3408 610; x_wconf 74' lang='lat' dir='ltr'><strong>Rigalt.,</strong></span> <span class='ocrx_word' id='word_1_131' title='bbox 3430 545 3617 611; x_wconf 65' lang='lat' dir='ltr'><strong>Betim,</strong></span> <span class='ocrx_word' id='word_1_132' title='bbox 3637 545 3815 611; x_wconf 64' lang='lat' dir='ltr'><strong>Paris,</strong></span> <span class='ocrx_word' id='word_1_133' title='bbox 3842 561 3960 615; x_wconf 77' lang='lat' dir='ltr'><strong>xm;</strong></span> 
     </span>
    </p>
   </div>
   <div class='ocr_carea' id='block_1_21' title="bbox 2622 628 3393 696">
    <p class='ocr_par' dir='ltr' id='par_1_21' title="bbox 2622 628 3393 696">
     <span class='ocr_line' id='line_1_21' title="bbox 2622 628 3393 696; baseline -0.001 -15"><span class='ocrx_word' id='word_1_134' title='bbox 2622 638 2631 646; x_wconf 81' lang='lat'><strong><em>&#39;</em></strong></span> <span class='ocrx_word' id='word_1_135' title='bbox 2875 628 3055 691; x_wconf 83' lang='lat' dir='ltr'><strong>Oxon.,</strong></span> <span class='ocrx_word' id='word_1_136' title='bbox 3086 628 3239 695; x_wconf 89' lang='lat' dir='ltr'><strong>Lips.,</strong></span> <span class='ocrx_word' id='word_1_137' title='bbox 3260 633 3393 696; x_wconf 77' lang='lat' dir='ltr'><strong>nx.)</strong></span> 
     </span>
    </p>
   </div>
   <div class='ocr_carea' id='block_1_22' title="bbox 2503 771 3810 828">
    <p class='ocr_par' dir='ltr' id='par_1_22' title="bbox 2503 771 3810 828">
     <span class='ocr_line' id='line_1_22' title="bbox 2503 771 3810 828; baseline 0 -12"><span class='ocrx_word' id='word_1_138' title='bbox 2503 774 2571 815; x_wconf 79' lang='grc' dir='ltr'><strong>ΑΙ)</strong></span> <span class='ocrx_word' id='word_1_139' title='bbox 2607 774 2839 828; x_wconf 72' lang='grc' dir='ltr'>οιειιυιί,</span> <span class='ocrx_word' id='word_1_140' title='bbox 2866 773 2935 814; x_wconf 73' lang='grc' dir='ltr'><strong>οε</strong></span> <span class='ocrx_word' id='word_1_141' title='bbox 2961 772 3044 814; x_wconf 73' lang='grc' dir='ltr'><strong>ως</strong></span> <span class='ocrx_word' id='word_1_142' title='bbox 3071 771 3160 822; x_wconf 77' lang='lat' dir='ltr'><strong>QUI</strong></span> <span class='ocrx_word' id='word_1_143' title='bbox 3190 773 3259 815; x_wconf 74' lang='grc' dir='ltr'><strong>ΑΒ</strong></span> <span class='ocrx_word' id='word_1_144' title='bbox 3286 771 3461 815; x_wconf 71' lang='lat' dir='ltr'><strong>PACEI</strong></span> <span class='ocrx_word' id='word_1_145' title='bbox 3497 773 3810 816; x_wconf 66' lang='lat' dir='ltr'><strong>IES‘I‘INAN&#39;I’.</strong></span> 
     </span>
    </p>
   </div>
   <div class='ocr_carea' id='block_1_23' title="bbox 2358 915 3955 987">
    <p class='ocr_par' dir='ltr' id='par_1_23' title="bbox 2358 915 3955 987">
     <span class='ocr_line' id='line_1_23' title="bbox 2358 915 3955 987; baseline 0.003 -16"><span class='ocrx_word' id='word_1_146' title='bbox 2358 915 2752 972; x_wconf 67' lang='lat' dir='ltr'><strong>Attenuatum.</strong></span> <span class='ocrx_word' id='word_1_147' title='bbox 2777 944 2847 957; x_wconf 90' lang='lat'><strong>—-</strong></span> <span class='ocrx_word' id='word_1_148' title='bbox 2869 915 2949 970; x_wconf 77' lang='lat' dir='ltr'><strong>Ad</strong></span> <span class='ocrx_word' id='word_1_149' title='bbox 3002 928 3185 986; x_wconf 81' lang='lat' dir='ltr'><strong>pacem</strong></span> <span class='ocrx_word' id='word_1_150' title='bbox 3226 931 3319 987; x_wconf 77' lang='lat' dir='ltr'><strong>per</strong></span> <span class='ocrx_word' id='word_1_151' title='bbox 3357 915 3704 986; x_wconf 66' lang='lat' dir='ltr'><strong>penitentiam</strong></span> <span class='ocrx_word' id='word_1_152' title='bbox 3752 916 3955 975; x_wconf 71' lang='lat' dir='ltr'><strong>senisu.-</strong></span> 
     </span>
    </p>
   </div>
   <div class='ocr_carea' id='block_1_24' title="bbox 2430 1007 3955 1080">
    <p class='ocr_par' dir='ltr' id='par_1_24' title="bbox 2430 1007 3955 1080">
     <span class='ocr_line' id='line_1_24' title="bbox 2430 1007 3955 1080; baseline 0.003 -17"><span class='ocrx_word' id='word_1_153' title='bbox 2430 1008 2552 1063; x_wconf 85' lang='lat' dir='ltr'><strong>dum</strong></span> <span class='ocrx_word' id='word_1_154' title='bbox 2572 1024 2591 1062; x_wconf 89' lang='lat'><strong><em>:</em></strong></span> <span class='ocrx_word' id='word_1_155' title='bbox 2605 1007 2698 1063; x_wconf 84' lang='lat' dir='ltr'><strong>illa</strong></span> <span class='ocrx_word' id='word_1_156' title='bbox 2718 1020 2886 1063; x_wconf 87' lang='lat' dir='ltr'><strong>autem</strong></span> <span class='ocrx_word' id='word_1_157' title='bbox 2908 1009 3078 1080; x_wconf 81' lang='lat' dir='ltr'><strong>agitur</strong></span> <span class='ocrx_word' id='word_1_158' title='bbox 3095 1009 3342 1064; x_wconf 71' lang='lat' dir='ltr'><strong>servando</strong></span> <span class='ocrx_word' id='word_1_159' title='bbox 3355 1008 3617 1071; x_wconf 79' lang='lat' dir='ltr'><strong>mandata.</strong></span> <span class='ocrx_word' id='word_1_160' title='bbox 3646 1008 3955 1079; x_wconf 69' lang='lat' dir='ltr'><strong>lit/inuitata</strong></span> 
     </span>
    </p>
   </div>
   <div class='ocr_carea' id='block_1_25' title="bbox 2431 1098 3954 1172">
    <p class='ocr_par' dir='ltr' id='par_1_25' title="bbox 2431 1098 3954 1172">
     <span class='ocr_line' id='line_1_25' title="bbox 2431 1098 3954 1172; baseline 0.001 -19"><span class='ocrx_word' id='word_1_161' title='bbox 2431 1099 2613 1169; x_wconf 79' lang='lat' dir='ltr'><strong>pressi,</strong></span> <span class='ocrx_word' id='word_1_162' title='bbox 2644 1099 2688 1156; x_wconf 96' lang='lat' dir='ltr'><strong>si</strong></span> <span class='ocrx_word' id='word_1_163' title='bbox 2724 1111 3006 1171; x_wconf 79' lang='lat' dir='ltr'><strong>martyrum</strong></span> <span class='ocrx_word' id='word_1_164' title='bbox 3024 1098 3293 1171; x_wconf 71' lang='lat' dir='ltr'><strong>suﬂ&#39;ragiis</strong></span> <span class='ocrx_word' id='word_1_165' title='bbox 3316 1100 3661 1168; x_wconf 71' lang='lat' dir='ltr'><strong>subleventur,</strong></span> <span class='ocrx_word' id='word_1_166' title='bbox 3687 1102 3755 1155; x_wconf 85' lang='lat' dir='ltr'><strong>ad</strong></span> <span class='ocrx_word' id='word_1_167' title='bbox 3776 1117 3954 1172; x_wconf 81' lang='lat' dir='ltr'><strong>pacem</strong></span> 
     </span>
    </p>
   </div>
   <div class='ocr_carea' id='block_1_26' title="bbox 2429 1190 3951 1267">
    <p class='ocr_par' dir='ltr' id='par_1_26' title="bbox 2429 1190 3951 1267">
     <span class='ocr_line' id='line_1_26' title="bbox 2429 1190 3951 1267; baseline 0.005 -23"><span class='ocrx_word' id='word_1_168' title='bbox 2429 1190 2628 1245; x_wconf 80' lang='lat' dir='ltr'><strong>admitti</strong></span> <span class='ocrx_word' id='word_1_169' title='bbox 2648 1202 2858 1262; x_wconf 87' lang='lat' dir='ltr'><strong>possunt</strong></span> <span class='ocrx_word' id='word_1_170' title='bbox 2888 1194 3098 1249; x_wconf 75' lang='lat' dir='ltr'><strong>:cazteri</strong></span> <span class='ocrx_word' id='word_1_171' title='bbox 3114 1209 3272 1265; x_wconf 86' lang='lat' dir='ltr'><strong>usque</strong></span> <span class='ocrx_word' id='word_1_172' title='bbox 3291 1195 3359 1248; x_wconf 84' lang='lat' dir='ltr'><strong>ad</strong></span> <span class='ocrx_word' id='word_1_173' title='bbox 3381 1211 3555 1266; x_wconf 87' lang='lat' dir='ltr'><strong>pacem</strong></span> <span class='ocrx_word' id='word_1_174' title='bbox 3578 1194 3823 1255; x_wconf 74' lang='lat' dir='ltr'><strong>Ecclesia:</strong></span> <span class='ocrx_word' id='word_1_175' title='bbox 3835 1198 3951 1267; x_wconf 64' lang='grc' dir='ltr'><strong>[σος</strong></span> 
     </span>
    </p>
   </div>
   <div class='ocr_carea' id='block_1_27' title="bbox 2428 1284 2841 1342">
    <p class='ocr_par' dir='ltr' id='par_1_27' title="bbox 2428 1284 2841 1342">
     <span class='ocr_line' id='line_1_27' title="bbox 2428 1284 2841 1342; baseline 0.007 -4"><span class='ocrx_word' id='word_1_176' title='bbox 2428 1294 2533 1341; x_wconf 82' lang='lat' dir='ltr'><strong>tant</strong></span> <span class='ocrx_word' id='word_1_177' title='bbox 2563 1284 2841 1342; x_wconf 81' lang='lat' dir='ltr'><strong>detineudi.</strong></span> 
     </span>
    </p>
   </div>
   <div class='ocr_carea' id='block_1_28' title="bbox 2429 1458 3949 1536">
    <p class='ocr_par' dir='ltr' id='par_1_28' title="bbox 2429 1458 3949 1536">
     <span class='ocr_line' id='line_1_28' title="bbox 2429 1458 3949 1536; baseline 0.008 -23"><span class='ocrx_word' id='word_1_178' title='bbox 2429 1459 2469 1514; x_wconf 91' lang='lat' dir='ltr'><strong>l.</strong></span> <span class='ocrx_word' id='word_1_179' title='bbox 2496 1458 2793 1533; x_wconf 80' lang='lat' dir='ltr'><strong>Cyprianus</strong></span> <span class='ocrx_word' id='word_1_180' title='bbox 2818 1463 3146 1536; x_wconf 85' lang='lat' dir='ltr'><strong>presbyteris</strong></span> <span class='ocrx_word' id='word_1_181' title='bbox 3170 1472 3225 1520; x_wconf 87' lang='lat' dir='ltr'><strong>et</strong></span> <span class='ocrx_word' id='word_1_182' title='bbox 3251 1464 3566 1525; x_wconf 85' lang='lat' dir='ltr'><strong>diaconibus</strong></span> <span class='ocrx_word' id='word_1_183' title='bbox 3594 1465 3849 1526; x_wconf 86' lang='lat' dir='ltr'><strong>fratribus</strong></span> <span class='ocrx_word' id='word_1_184' title='bbox 3860 1483 3949 1525; x_wconf 68' lang='lat'><strong>882</strong></span> 
     </span>
    </p>
   </div>
   <div class='ocr_carea' id='block_1_29' title="bbox 2355 1552 3947 1635">
    <p class='ocr_par' dir='ltr' id='par_1_29' title="bbox 2355 1552 3947 1635">
     <span class='ocr_line' id='line_1_29' title="bbox 2355 1552 3947 1635; baseline 0.007 -25"><span class='ocrx_word' id='word_1_185' title='bbox 2355 1552 2543 1610; x_wconf 87' lang='lat' dir='ltr'><strong>iutcm.</strong></span> <span class='ocrx_word' id='word_1_186' title='bbox 2570 1554 2694 1627; x_wconf 76' lang='lat' dir='ltr'><strong>Legi</strong></span> <span class='ocrx_word' id='word_1_187' title='bbox 2716 1556 2922 1612; x_wconf 81' lang='lat' dir='ltr'><strong>litteras</strong></span> <span class='ocrx_word' id='word_1_188' title='bbox 2944 1567 3169 1625; x_wconf 87' lang='lat' dir='ltr'><strong>vestras,</strong></span> <span class='ocrx_word' id='word_1_189' title='bbox 3198 1559 3393 1617; x_wconf 78' lang='lat' dir='ltr'><strong>fratres</strong></span> <span class='ocrx_word' id='word_1_190' title='bbox 3414 1560 3736 1629; x_wconf 81' lang='lat' dir='ltr'><strong>cbarissimi,</strong></span> <span class='ocrx_word' id='word_1_191' title='bbox 3753 1564 3947 1635; x_wconf 85' lang='lat' dir='ltr'><strong>quibus</strong></span> 
     </span>
    </p>
   </div>
   <div class='ocr_carea' id='block_1_30' title="bbox 2356 1644 3948 1717">
    <p class='ocr_par' dir='ltr' id='par_1_30' title="bbox 2356 1644 3948 1717">
     <span class='ocr_line' id='line_1_30' title="bbox 2356 1644 3948 1717; baseline 0.008 -18"><span class='ocrx_word' id='word_1_192' title='bbox 2356 1644 2646 1717; x_wconf 86' lang='lat' dir='ltr'><strong>scripsistis</strong></span> <span class='ocrx_word' id='word_1_193' title='bbox 2671 1646 2887 1707; x_wconf 86' lang='lat' dir='ltr'><strong>salubre</strong></span> <span class='ocrx_word' id='word_1_194' title='bbox 2915 1649 3200 1707; x_wconf 81' lang='lat' dir='ltr'><strong>consilium</strong></span> <span class='ocrx_word' id='word_1_195' title='bbox 3218 1659 3454 1707; x_wconf 87' lang='lat' dir='ltr'><strong>vestrum</strong></span> <span class='ocrx_word' id='word_1_196' title='bbox 3476 1666 3584 1709; x_wconf 83' lang='lat' dir='ltr'><strong>non</strong></span> <span class='ocrx_word' id='word_1_197' title='bbox 3623 1653 3813 1711; x_wconf 85' lang='lat' dir='ltr'><strong>deesse</strong></span> <span class='ocrx_word' id='word_1_198' title='bbox 3835 1654 3948 1711; x_wconf 56' lang='lat' dir='ltr'><strong>frae</strong></span> 
     </span>
    </p>
   </div>
   <div class='ocr_carea' id='block_1_31' title="bbox 669 1737 2330 1840">
    <p class='ocr_par' dir='ltr' id='par_1_31' title="bbox 669 1737 2327 1840">
     <span class='ocr_line' id='line_1_31' title="bbox 669 1737 2327 1840; baseline 0 -19"><span class='ocrx_word' id='word_1_199' title='bbox 669 1737 1031 1838; x_wconf 48' lang='lat' dir='ltr'><strong>paenitentiam</strong></span> <span class='ocrx_word' id='word_1_200' title='bbox 1050 1767 1295 1838; x_wconf 89' lang='lat' dir='ltr'><strong>imposita</strong></span> <span class='ocrx_word' id='word_1_201' title='bbox 1321 1737 1541 1821; x_wconf 80' lang='lat' dir='ltr'><strong>veniant</strong></span> <span class='ocrx_word' id='word_1_202' title='bbox 1568 1764 1636 1821; x_wconf 90' lang='lat' dir='ltr'><strong>ad</strong></span> <span class='ocrx_word' id='word_1_203' title='bbox 1659 1737 1943 1820; x_wconf 90' lang='lat' dir='ltr'><strong>Dominum</strong></span> <span class='ocrx_word' id='word_1_204' title='bbox 1964 1780 2088 1820; x_wconf 91' lang='lat' dir='ltr'><strong>cum</strong></span> <span class='ocrx_word' id='word_1_205' title='bbox 2120 1779 2251 1834; x_wconf 89' lang='lat' dir='ltr'><strong>pace</strong></span> <span class='ocrx_word' id='word_1_206' title='bbox 2277 1778 2327 1840; x_wconf 77' lang='grc' dir='ltr'><strong>Β</strong></span> 
     </span>
    </p>
   </div>
   <div class='ocr_carea' id='block_1_32' title="bbox 2355 1737 3946 1840">
    <p class='ocr_par' dir='ltr' id='par_1_32' title="bbox 2357 1737 3946 1815">
     <span class='ocr_line' id='line_1_32' title="bbox 2357 1737 3946 1815; baseline 0.008 -24"><span class='ocrx_word' id='word_1_207' title='bbox 2357 1737 2525 1793; x_wconf 86' lang='lat' dir='ltr'><strong>tribus</strong></span> <span class='ocrx_word' id='word_1_208' title='bbox 2552 1740 2771 1805; x_wconf 86' lang='lat' dir='ltr'><strong>nostris,</strong></span> <span class='ocrx_word' id='word_1_209' title='bbox 2788 1749 2865 1806; x_wconf 89' lang='grc' dir='ltr'>ιιι,</span> <span class='ocrx_word' id='word_1_210' title='bbox 2895 1740 3180 1797; x_wconf 83' lang='lat' dir='ltr'><strong>temeraria</strong></span> <span class='ocrx_word' id='word_1_211' title='bbox 3206 1739 3545 1800; x_wconf 82' lang='lat' dir='ltr'><strong>festinatione</strong></span> <span class='ocrx_word' id='word_1_212' title='bbox 3569 1743 3833 1815; x_wconf 76' lang='lat' dir='ltr'><strong>deposita.</strong></span> <span class='ocrx_word' id='word_1_213' title='bbox 3860 1760 3946 1813; x_wconf 79' lang='lat' dir='ltr'><strong>re-</strong></span> 
     </span>
    </p>
   </div>
   <div class='ocr_carea' id='block_1_33' title="bbox 666 1855 2251 1930">
    <p class='ocr_par' dir='ltr' id='par_1_33' title="bbox 666 1855 2251 1930">
     <span class='ocr_line' id='line_1_33' title="bbox 666 1855 2251 1930; baseline -0.003 -16"><span class='ocrx_word' id='word_1_214' title='bbox 666 1875 822 1930; x_wconf 89' lang='lat' dir='ltr'><strong>quam</strong></span> <span class='ocrx_word' id='word_1_215' title='bbox 852 1858 967 1915; x_wconf 88' lang='lat' dir='ltr'><strong>dari</strong></span> <span class='ocrx_word' id='word_1_216' title='bbox 988 1868 1256 1929; x_wconf 85' lang='lat' dir='ltr'><strong>martyres</strong></span> <span class='ocrx_word' id='word_1_217' title='bbox 1286 1857 1479 1913; x_wconf 87' lang='lat' dir='ltr'><strong>litteris</strong></span> <span class='ocrx_word' id='word_1_218' title='bbox 1535 1855 1603 1912; x_wconf 88' lang='lat' dir='ltr'><strong>ad</strong></span> <span class='ocrx_word' id='word_1_219' title='bbox 1642 1871 1742 1912; x_wconf 85' lang='lat' dir='ltr'><strong>nos</strong></span> <span class='ocrx_word' id='word_1_220' title='bbox 1770 1855 1927 1912; x_wconf 83' lang='lat' dir='ltr'><strong>factis</strong></span> <span class='ocrx_word' id='word_1_221' title='bbox 1967 1855 2251 1913; x_wconf 83' lang='lat' dir='ltr'><strong>desidera-</strong></span> 
     </span>
    </p>
   </div>
   <div class='ocr_carea' id='block_1_34' title="bbox 667 1957 874 2007">
    <p class='ocr_par' dir='ltr' id='par_1_34' title="bbox 667 1957 874 2007">
     <span class='ocr_line' id='line_1_34' title="bbox 667 1957 874 2007; baseline -0.005 -1"><span class='ocrx_word' id='word_1_222' title='bbox 667 1957 874 2007; x_wconf 85' lang='lat' dir='ltr'><strong>verunt.</strong></span> 
     </span>
    </p>
   </div>
   <div class='ocr_carea' id='block_1_35' title="bbox 738 2039 2252 2114">
    <p class='ocr_par' dir='ltr' id='par_1_35' title="bbox 738 2039 2252 2114">
     <span class='ocr_line' id='line_1_35' title="bbox 738 2039 2252 2114; baseline -0.001 -17"><span class='ocrx_word' id='word_1_223' title='bbox 738 2040 1081 2098; x_wconf 50' lang='grc' dir='ltr'><strong>κοίμα-ιω</strong></span> <span class='ocrx_word' id='word_1_224' title='bbox 1106 2056 1319 2114; x_wconf 86' lang='lat' dir='ltr'><strong>quoque</strong></span> <span class='ocrx_word' id='word_1_225' title='bbox 1364 2048 1571 2113; x_wconf 83' lang='lat' dir='ltr'><strong>partem</strong></span> <span class='ocrx_word' id='word_1_226' title='bbox 1600 2040 1631 2080; x_wconf 68' lang='grc' dir='ltr'>δ</span> <span class='ocrx_word' id='word_1_227' title='bbox 1656 2039 1830 2112; x_wconf 72' lang='lat' dir='ltr'><strong>plebis</strong></span> <span class='ocrx_word' id='word_1_228' title='bbox 1865 2055 1985 2110; x_wconf 73' lang='lat' dir='ltr'><strong>qua:</strong></span> <span class='ocrx_word' id='word_1_229' title='bbox 2006 2040 2252 2110; x_wconf 85' lang='lat' dir='ltr'><strong>lapsaest</strong></span> 
     </span>
    </p>
   </div>
   <div class='ocr_carea' id='block_1_36' title="bbox 667 2131 2248 2203">
    <p class='ocr_par' dir='ltr' id='par_1_36' title="bbox 667 2131 2248 2203">
     <span class='ocr_line' id='line_1_36' title="bbox 667 2131 2248 2203; baseline -0.001 -15"><span class='ocrx_word' id='word_1_230' title='bbox 667 2131 1130 2203; x_wconf 59' lang='lat' dir='ltr'><strong>prtesentiaﬁvestra</strong></span> <span class='ocrx_word' id='word_1_231' title='bbox 1147 2131 1429 2199; x_wconf 86' lang='lat' dir='ltr'><strong>iovete,et,</strong></span> <span class='ocrx_word' id='word_1_232' title='bbox 1446 2142 1550 2188; x_wconf 85' lang='lat' dir='ltr'><strong>uta</strong></span> <span class='ocrx_word' id='word_1_233' title='bbox 1562 2132 1667 2188; x_wconf 80' lang='lat' dir='ltr'><strong>lide</strong></span> <span class='ocrx_word' id='word_1_234' title='bbox 1683 2142 1736 2188; x_wconf 93' lang='lat' dir='ltr'><strong>et</strong></span> <span class='ocrx_word' id='word_1_235' title='bbox 1753 2131 2119 2187; x_wconf 89' lang='lat' dir='ltr'><strong>misericordia</strong></span> <span class='ocrx_word' id='word_1_236' title='bbox 2144 2133 2248 2187; x_wconf 86' lang='lat' dir='ltr'><strong>Do-</strong></span> 
     </span>
    </p>
   </div>
   <div class='ocr_carea' id='block_1_37' title="bbox 665 2222 2248 2301">
    <p class='ocr_par' dir='ltr' id='par_1_37' title="bbox 665 2222 2248 2301">
     <span class='ocr_line' id='line_1_37' title="bbox 665 2222 2248 2301; baseline 0.001 -22"><span class='ocrx_word' id='word_1_237' title='bbox 665 2224 797 2279; x_wconf 90' lang='lat' dir='ltr'><strong>mini</strong></span> <span class='ocrx_word' id='word_1_238' title='bbox 820 2240 924 2279; x_wconf 91' lang='lat' dir='ltr'><strong>non</strong></span> <span class='ocrx_word' id='word_1_239' title='bbox 944 2223 1391 2281; x_wconf 90' lang='lat' dir='ltr'><strong>deliciantvestro</strong></span> <span class='ocrx_word' id='word_1_240' title='bbox 1410 2224 1603 2281; x_wconf 90' lang='lat' dir='ltr'><strong>solatio</strong></span> <span class='ocrx_word' id='word_1_241' title='bbox 1618 2223 1874 2281; x_wconf 87' lang='lat' dir='ltr'><strong>focillate.</strong></span> <span class='ocrx_word' id='word_1_242' title='bbox 1891 2222 2075 2301; x_wconf 83' lang='lat' dir='ltr'><strong>Neque</strong></span> <span class='ocrx_word' id='word_1_243' title='bbox 2100 2224 2248 2281; x_wconf 87' lang='lat' dir='ltr'><strong>enim</strong></span> 
     </span>
    </p>
   </div>
   <div class='ocr_carea' id='block_1_38' title="bbox 663 2317 2250 2389">
    <p class='ocr_par' dir='ltr' id='par_1_38' title="bbox 663 2317 2250 2389">
     <span class='ocr_line' id='line_1_38' title="bbox 663 2317 2250 2389; baseline 0 -15"><span class='ocrx_word' id='word_1_244' title='bbox 663 2317 976 2375; x_wconf 90' lang='lat' dir='ltr'><strong>deserentur</strong></span> <span class='ocrx_word' id='word_1_245' title='bbox 995 2319 1063 2374; x_wconf 91' lang='lat' dir='ltr'><strong>ab</strong></span> <span class='ocrx_word' id='word_1_246' title='bbox 1086 2333 1188 2389; x_wconf 90' lang='lat' dir='ltr'><strong>ope</strong></span> <span class='ocrx_word' id='word_1_247' title='bbox 1235 2326 1290 2374; x_wconf 89' lang='lat' dir='ltr'><strong>et</strong></span> <span class='ocrx_word' id='word_1_248' title='bbox 1330 2318 1527 2377; x_wconf 82' lang='lat' dir='ltr'><strong>auxilio</strong></span> <span class='ocrx_word' id='word_1_249' title='bbox 1555 2317 1765 2373; x_wconf 85' lang='lat' dir='ltr'><strong>Domini</strong></span> <span class='ocrx_word' id='word_1_250' title='bbox 1796 2317 1850 2379; x_wconf 79' lang='lat' dir='ltr'><strong>lii</strong></span> <span class='ocrx_word' id='word_1_251' title='bbox 1883 2318 1972 2388; x_wconf 89' lang='lat' dir='ltr'><strong>qui</strong></span> <span class='ocrx_word' id='word_1_252' title='bbox 2000 2318 2157 2373; x_wconf 90' lang='lat' dir='ltr'><strong>mites</strong></span> <span class='ocrx_word' id='word_1_253' title='bbox 2194 2326 2250 2374; x_wconf 89' lang='lat' dir='ltr'><strong>et</strong></span> 
     </span>
    </p>
   </div>
   <div class='ocr_carea' id='block_1_39' title="bbox 665 2407 2245 2492">
    <p class='ocr_par' dir='ltr' id='par_1_39' title="bbox 665 2407 2245 2492">
     <span class='ocr_line' id='line_1_39' title="bbox 665 2407 2245 2492; baseline 0 -27"><span class='ocrx_word' id='word_1_254' title='bbox 665 2407 889 2467; x_wconf 85' lang='lat' dir='ltr'><strong>humiles</strong></span> <span class='ocrx_word' id='word_1_255' title='bbox 916 2420 970 2467; x_wconf 90' lang='lat' dir='ltr'><strong>et</strong></span> <span class='ocrx_word' id='word_1_256' title='bbox 996 2409 1363 2483; x_wconf 71' lang='lat' dir='ltr'><strong>paenitentiam</strong></span> <span class='ocrx_word' id='word_1_257' title='bbox 1387 2424 1515 2467; x_wconf 86' lang='lat' dir='ltr'><strong>vere</strong></span> <span class='ocrx_word' id='word_1_258' title='bbox 1551 2417 1774 2482; x_wconf 88' lang='lat' dir='ltr'><strong>agentes</strong></span> <span class='ocrx_word' id='word_1_259' title='bbox 1800 2409 1853 2464; x_wconf 91' lang='lat' dir='ltr'><strong>in</strong></span> <span class='ocrx_word' id='word_1_260' title='bbox 1882 2408 2036 2464; x_wconf 90' lang='lat' dir='ltr'><strong>bonis</strong></span> <span class='ocrx_word' id='word_1_261' title='bbox 2065 2411 2245 2492; x_wconf 86' lang='lat' dir='ltr'><strong>operi-</strong></span> 
     </span>
    </p>
   </div>
   <div class='ocr_carea' id='block_1_40' title="bbox 664 2500 2248 2574">
    <p class='ocr_par' dir='ltr' id='par_1_40' title="bbox 664 2500 2248 2574">
     <span class='ocr_line' id='line_1_40' title="bbox 664 2500 2248 2574; baseline -0.002 -15"><span class='ocrx_word' id='word_1_262' title='bbox 664 2502 770 2559; x_wconf 89' lang='lat' dir='ltr'><strong>bus</strong></span> <span class='ocrx_word' id='word_1_263' title='bbox 810 2502 1272 2573; x_wconf 88' lang='lat' dir='ltr'><strong>perseveraverint</strong></span> <span class='ocrx_word' id='word_1_264' title='bbox 1300 2514 1321 2541; x_wconf 76' lang='grc' dir='ltr'><strong>ο</strong></span> <span class='ocrx_word' id='word_1_265' title='bbox 1346 2544 1361 2569; x_wconf 92' lang='grc'><strong>,</strong></span> <span class='ocrx_word' id='word_1_266' title='bbox 1393 2500 1676 2574; x_wconf 86' lang='lat' dir='ltr'><strong>quominus</strong></span> <span class='ocrx_word' id='word_1_267' title='bbox 1728 2500 1833 2557; x_wconf 88' lang='lat' dir='ltr'><strong>illis</strong></span> <span class='ocrx_word' id='word_1_268' title='bbox 1859 2515 2074 2573; x_wconf 89' lang='lat' dir='ltr'><strong>quoque</strong></span> <span class='ocrx_word' id='word_1_269' title='bbox 2109 2501 2248 2558; x_wconf 86' lang='lat' dir='ltr'><strong>divi-</strong></span> 
     </span>
    </p>
   </div>
   <div class='ocr_carea' id='block_1_41' title="bbox 663 2592 2248 2664">
    <p class='ocr_par' dir='ltr' id='par_1_41' title="bbox 663 2592 2248 2664">
     <span class='ocr_line' id='line_1_41' title="bbox 663 2592 2248 2664; baseline 0 -14"><span class='ocrx_word' id='word_1_270' title='bbox 663 2609 733 2650; x_wconf 89' lang='lat' dir='ltr'><strong>no</strong></span> <span class='ocrx_word' id='word_1_271' title='bbox 760 2593 997 2654; x_wconf 85' lang='lat' dir='ltr'><strong>remedio</strong></span> <span class='ocrx_word' id='word_1_272' title='bbox 1027 2593 1358 2650; x_wconf 87' lang='lat' dir='ltr'><strong>consulatur.</strong></span> <span class='ocrx_word' id='word_1_273' title='bbox 1381 2592 1737 2649; x_wconf 84' lang='lat' dir='ltr'><strong>Audientibus</strong></span> <span class='ocrx_word' id='word_1_274' title='bbox 1755 2592 1938 2658; x_wconf 90' lang='lat' dir='ltr'><strong>etiam,</strong></span> <span class='ocrx_word' id='word_1_275' title='bbox 1962 2594 2007 2649; x_wconf 89' lang='lat' dir='ltr'><strong>si</strong></span> <span class='ocrx_word' id='word_1_276' title='bbox 2024 2594 2112 2664; x_wconf 88' lang='lat' dir='ltr'><strong>qui</strong></span> <span class='ocrx_word' id='word_1_277' title='bbox 2136 2593 2248 2650; x_wconf 90' lang='lat' dir='ltr'><strong>fue-</strong></span> 
     </span>
    </p>
   </div>
   <div class='ocr_carea' id='block_1_42' title="bbox 661 2683 2247 2757">
    <p class='ocr_par' dir='ltr' id='par_1_42' title="bbox 661 2683 2247 2757">
     <span class='ocr_line' id='line_1_42' title="bbox 661 2683 2247 2757; baseline -0.002 -15"><span class='ocrx_word' id='word_1_278' title='bbox 661 2687 768 2742; x_wconf 92' lang='lat' dir='ltr'><strong>rint</strong></span> <span class='ocrx_word' id='word_1_279' title='bbox 796 2685 1030 2756; x_wconf 88' lang='lat' dir='ltr'><strong>periculo</strong></span> <span class='ocrx_word' id='word_1_280' title='bbox 1052 2684 1308 2757; x_wconf 59' lang='lat' dir='ltr'><strong>praeventi</strong></span> <span class='ocrx_word' id='word_1_281' title='bbox 1334 2692 1388 2740; x_wconf 89' lang='lat' dir='ltr'><strong>et</strong></span> <span class='ocrx_word' id='word_1_282' title='bbox 1411 2683 1463 2738; x_wconf 90' lang='lat' dir='ltr'><strong>in</strong></span> <span class='ocrx_word' id='word_1_283' title='bbox 1479 2684 1625 2738; x_wconf 83' lang='lat' dir='ltr'><strong>exitu</strong></span> <span class='ocrx_word' id='word_1_284' title='bbox 1650 2683 1951 2751; x_wconf 87' lang='lat' dir='ltr'><strong>constituti,</strong></span> <span class='ocrx_word' id='word_1_285' title='bbox 1975 2684 2247 2754; x_wconf 79' lang='lat' dir='ltr'><strong>vigilantia</strong></span> 
     </span>
    </p>
   </div>
   <div class='ocr_carea' id='block_1_43' title="bbox 660 2758 2246 2847">
    <p class='ocr_par' dir='ltr' id='par_1_43' title="bbox 660 2758 2246 2847">
     <span class='ocr_line' id='line_1_43' title="bbox 660 2758 2246 2847; baseline -0.001 -15"><span class='ocrx_word' id='word_1_286' title='bbox 660 2786 834 2832; x_wconf 82' lang='lat' dir='ltr'><strong>vestra</strong></span> <span class='ocrx_word' id='word_1_287' title='bbox 860 2792 966 2832; x_wconf 88' lang='lat' dir='ltr'><strong>non</strong></span> <span class='ocrx_word' id='word_1_288' title='bbox 994 2774 1154 2843; x_wconf 87' lang='lat' dir='ltr'><strong>desit,</strong></span> <span class='ocrx_word' id='word_1_289' title='bbox 1178 2774 1593 2846; x_wconf 86' lang='lat' dir='ltr'><strong>implorantibus</strong></span> <span class='ocrx_word' id='word_1_290' title='bbox 1617 2773 1857 2831; x_wconf 89' lang='lat' dir='ltr'><strong>divinam</strong></span> <span class='ocrx_word' id='word_1_291' title='bbox 1886 2758 2112 2847; x_wconf 72' lang='lat' dir='ltr'><strong>gratiam</strong></span> <span class='ocrx_word' id='word_1_292' title='bbox 2143 2778 2246 2831; x_wconf 90' lang='lat' dir='ltr'><strong>mi-</strong></span> 
     </span>
    </p>
   </div>
   <div class='ocr_carea' id='block_1_44' title="bbox 658 2865 2245 2937">
    <p class='ocr_par' dir='ltr' id='par_1_44' title="bbox 658 2865 2245 2937">
     <span class='ocr_line' id='line_1_44' title="bbox 658 2865 2245 2937; baseline -0.001 -12"><span class='ocrx_word' id='word_1_293' title='bbox 658 2868 947 2925; x_wconf 84' lang='lat' dir='ltr'><strong>sericordia</strong></span> <span class='ocrx_word' id='word_1_294' title='bbox 976 2867 1188 2923; x_wconf 88' lang='lat' dir='ltr'><strong>Domini</strong></span> <span class='ocrx_word' id='word_1_295' title='bbox 1219 2881 1324 2923; x_wconf 82' lang='lat' dir='ltr'><strong>non</strong></span> <span class='ocrx_word' id='word_1_296' title='bbox 1342 2867 1664 2937; x_wconf 23' lang='lat' dir='ltr'><strong>,denegetur.</strong></span> <span class='ocrx_word' id='word_1_297' title='bbox 1694 2865 1835 2937; x_wconf 89' lang='lat' dir='ltr'><strong>Opto</strong></span> <span class='ocrx_word' id='word_1_298' title='bbox 1891 2881 1986 2923; x_wconf 90' lang='lat' dir='ltr'><strong>vos</strong></span> <span class='ocrx_word' id='word_1_299' title='bbox 2008 2908 2022 2933; x_wconf 95' lang='lat'><strong>,</strong></span> <span class='ocrx_word' id='word_1_300' title='bbox 2051 2870 2245 2924; x_wconf 87' lang='lat' dir='ltr'><strong>fratres</strong></span> 
     </span>
    </p>
   </div>
   <div class='ocr_carea' id='block_1_45' title="bbox 658 2961 2241 3034">
    <p class='ocr_par' dir='ltr' id='par_1_45' title="bbox 658 2961 2241 3034">
     <span class='ocr_line' id='line_1_45' title="bbox 658 2961 2241 3034; baseline -0.003 -13"><span class='ocrx_word' id='word_1_301' title='bbox 658 2964 977 3029; x_wconf 83' lang='lat' dir='ltr'><strong>cbarissimi,</strong></span> <span class='ocrx_word' id='word_1_302' title='bbox 1004 2976 1221 3034; x_wconf 89' lang='lat' dir='ltr'><strong>semper</strong></span> <span class='ocrx_word' id='word_1_303' title='bbox 1246 2961 1384 3019; x_wconf 88' lang='lat' dir='ltr'><strong>bene</strong></span> <span class='ocrx_word' id='word_1_304' title='bbox 1411 2961 1595 3018; x_wconf 90' lang='lat' dir='ltr'><strong>valere</strong></span> <span class='ocrx_word' id='word_1_305' title='bbox 1620 2970 1674 3017; x_wconf 90' lang='lat' dir='ltr'><strong>et</strong></span> <span class='ocrx_word' id='word_1_306' title='bbox 1704 2962 1873 3017; x_wconf 87' lang='lat' dir='ltr'><strong>nostri</strong></span> <span class='ocrx_word' id='word_1_307' title='bbox 1902 2961 2241 3019; x_wconf 89' lang='lat' dir='ltr'><strong>meminisse.</strong></span> 
     </span>
    </p>
   </div>
   <div class='ocr_carea' id='block_1_46' title="bbox 658 3053 2246 3121">
    <p class='ocr_par' dir='ltr' id='par_1_46' title="bbox 658 3053 2246 3121">
     <span class='ocr_line' id='line_1_46' title="bbox 658 3053 2246 3121; baseline -0.001 -10"><span class='ocrx_word' id='word_1_308' title='bbox 658 3055 1063 3113; x_wconf 83' lang='lat' dir='ltr'><strong>Fraternitatem</strong></span> <span class='ocrx_word' id='word_1_309' title='bbox 1114 3054 1420 3111; x_wconf 84' lang='lat' dir='ltr'><strong>universam</strong></span> <span class='ocrx_word' id='word_1_310' title='bbox 1463 3067 1585 3109; x_wconf 90' lang='lat' dir='ltr'><strong>meo</strong></span> <span class='ocrx_word' id='word_1_311' title='bbox 1624 3053 1842 3110; x_wconf 88' lang='lat' dir='ltr'><strong>nomine</strong></span> <span class='ocrx_word' id='word_1_312' title='bbox 1888 3054 2135 3121; x_wconf 87' lang='lat' dir='ltr'><strong>salutate,</strong></span> <span class='ocrx_word' id='word_1_313' title='bbox 2191 3061 2246 3111; x_wconf 89' lang='lat' dir='ltr'><strong>et</strong></span> 
     </span>
    </p>
   </div>
   <div class='ocr_carea' id='block_1_47' title="bbox 2358 1826 3947 1902">
    <p class='ocr_par' dir='ltr' id='par_1_47' title="bbox 2358 1826 3947 1902">
     <span class='ocr_line' id='line_1_47' title="bbox 2358 1826 3947 1902; baseline 0.009 -21"><span class='ocrx_word' id='word_1_314' title='bbox 2358 1826 2602 1899; x_wconf 80' lang='lat' dir='ltr'><strong>ligiosam</strong></span> <span class='ocrx_word' id='word_1_315' title='bbox 2634 1829 2942 1898; x_wconf 83' lang='lat' dir='ltr'><strong>patientiam</strong></span> <span class='ocrx_word' id='word_1_316' title='bbox 2976 1830 3085 1888; x_wconf 88' lang='lat' dir='ltr'><strong>Deo</strong></span> <span class='ocrx_word' id='word_1_317' title='bbox 3113 1831 3405 1902; x_wconf 57' lang='lat' dir='ltr'><strong>praebeant,</strong></span> <span class='ocrx_word' id='word_1_318' title='bbox 3430 1846 3508 1902; x_wconf 90' lang='lat' dir='ltr'><strong>ul,</strong></span> <span class='ocrx_word' id='word_1_319' title='bbox 3542 1848 3665 1890; x_wconf 89' lang='lat' dir='ltr'><strong>cum</strong></span> <span class='ocrx_word' id='word_1_320' title='bbox 3695 1836 3750 1891; x_wconf 92' lang='lat' dir='ltr'><strong>in</strong></span> <span class='ocrx_word' id='word_1_321' title='bbox 3781 1852 3947 1897; x_wconf 85' lang='lat' dir='ltr'><strong>unum</strong></span> 
     </span>
    </p>
   </div>
   <div class='ocr_carea' id='block_1_48' title="bbox 2356 1921 3944 1995">
    <p class='ocr_par' dir='ltr' id='par_1_48' title="bbox 2356 1921 3944 1995">
     <span class='ocr_line' id='line_1_48' title="bbox 2356 1921 3944 1995; baseline 0.008 -20"><span class='ocrx_word' id='word_1_322' title='bbox 2356 1934 2453 1995; x_wconf 87' lang='lat' dir='ltr'><strong>per</strong></span> <span class='ocrx_word' id='word_1_323' title='bbox 2504 1921 3095 1990; x_wconf 71' lang='lat' dir='ltr'><strong>ejusmisericordiam</strong></span> <span class='ocrx_word' id='word_1_324' title='bbox 3141 1926 3467 1995; x_wconf 85' lang='lat' dir='ltr'><strong>venerimus,</strong></span> <span class='ocrx_word' id='word_1_325' title='bbox 3495 1925 3640 1983; x_wconf 79' lang='lat' dir='ltr'><strong>“de</strong></span> <span class='ocrx_word' id='word_1_326' title='bbox 3686 1929 3944 1987; x_wconf 83' lang='lat' dir='ltr'><strong>omnibus</strong></span> 
     </span>
    </p>
   </div>
   <div class='ocr_carea' id='block_1_49' title="bbox 2355 2009 3948 2089">
    <p class='ocr_par' dir='ltr' id='par_1_49' title="bbox 2355 2009 3948 2089">
     <span class='ocr_line' id='line_1_49' title="bbox 2355 2009 3948 2089; baseline 0.007 -24"><span class='ocrx_word' id='word_1_327' title='bbox 2355 2009 2636 2079; x_wconf 79' lang='lat' dir='ltr'><strong>Speciebus</strong></span> <span class='ocrx_word' id='word_1_328' title='bbox 2680 2010 2974 2069; x_wconf 89' lang='lat' dir='ltr'><strong>secundum</strong></span> <span class='ocrx_word' id='word_1_329' title='bbox 3005 2013 3423 2070; x_wconf 87' lang='lat' dir='ltr'><strong>ecclesiasticam</strong></span> <span class='ocrx_word' id='word_1_330' title='bbox 3452 2016 3786 2089; x_wconf 87' lang='lat' dir='ltr'><strong>disciplinam</strong></span> <span class='ocrx_word' id='word_1_331' title='bbox 3836 2028 3948 2075; x_wconf 84' lang='lat' dir='ltr'><strong>tra-</strong></span> 
     </span>
    </p>
   </div>
   <div class='ocr_carea' id='block_1_50' title="bbox 2354 2104 3947 2178">
    <p class='ocr_par' dir='ltr' id='par_1_50' title="bbox 2354 2104 3947 2178">
     <span class='ocr_line' id='line_1_50' title="bbox 2354 2104 3947 2178; baseline 0.008 -20"><span class='ocrx_word' id='word_1_332' title='bbox 2354 2112 2501 2161; x_wconf 90' lang='lat' dir='ltr'><strong>ctare</strong></span> <span class='ocrx_word' id='word_1_333' title='bbox 2532 2106 2819 2175; x_wconf 87' lang='lat' dir='ltr'><strong>possimus,</strong></span> <span class='ocrx_word' id='word_1_334' title='bbox 2851 2107 3083 2163; x_wconf 82' lang='lat' dir='ltr'><strong>maxime</strong></span> <span class='ocrx_word' id='word_1_335' title='bbox 3100 2122 3221 2164; x_wconf 87' lang='lat' dir='ltr'><strong>cum</strong></span> <span class='ocrx_word' id='word_1_336' title='bbox 3242 2109 3504 2178; x_wconf 84' lang='lat' dir='ltr'><strong>scriptum</strong></span> <span class='ocrx_word' id='word_1_337' title='bbox 3530 2110 3599 2165; x_wconf 85' lang='lat' dir='ltr'><strong>sit</strong></span> <span class='ocrx_word' id='word_1_338' title='bbox 3628 2128 3642 2165; x_wconf 90' lang='lat'><strong>:</strong></span> <span class='ocrx_word' id='word_1_339' title='bbox 3680 2104 3947 2171; x_wconf 76' lang='lat' dir='ltr'><strong>Memento</strong></span> 
     </span>
    </p>
   </div>
   <div class='ocr_carea' id='block_1_51' title="bbox 2352 2198 3944 2275">
    <p class='ocr_par' dir='ltr' id='par_1_51' title="bbox 2352 2198 3944 2275">
     <span class='ocr_line' id='line_1_51' title="bbox 2352 2198 3944 2275; baseline 0.008 -25"><span class='ocrx_word' id='word_1_340' title='bbox 2352 2198 2488 2251; x_wconf 82' lang='lat' dir='ltr'><strong>unde</strong></span> <span class='ocrx_word' id='word_1_341' title='bbox 2516 2198 2776 2266; x_wconf 79' lang='lat' dir='ltr'><strong>cecideris,</strong></span> <span class='ocrx_word' id='word_1_342' title='bbox 2801 2209 2846 2254; x_wconf 84' lang='lat' dir='ltr'><strong>et</strong></span> <span class='ocrx_word' id='word_1_343' title='bbox 2868 2215 2963 2269; x_wconf 87' lang='lat' dir='ltr'><strong>age</strong></span> <span class='ocrx_word' id='word_1_344' title='bbox 2983 2201 3329 2272; x_wconf 64' lang='lat' dir='ltr'><strong>penitentiam</strong></span> <span class='ocrx_word' id='word_1_345' title='bbox 3360 2201 3600 2274; x_wconf 71' lang='lat' dir='ltr'><strong>(Appeal.</strong></span> <span class='ocrx_word' id='word_1_346' title='bbox 3633 2218 3695 2269; x_wconf 84' lang='lat' dir='ltr'><strong>tt,</strong></span> <span class='ocrx_word' id='word_1_347' title='bbox 3713 2204 3791 2275; x_wconf 87' lang='grc'><strong>5).</strong></span> <span class='ocrx_word' id='word_1_348' title='bbox 3820 2203 3944 2262; x_wconf 76' lang='grc' dir='ltr'><strong>Ρω-</strong></span> 
     </span>
    </p>
   </div>
   <div class='ocr_carea' id='block_1_52' title="bbox 2354 2290 3945 2368">
    <p class='ocr_par' dir='ltr' id='par_1_52' title="bbox 2354 2290 3945 2368">
     <span class='ocr_line' id='line_1_52' title="bbox 2354 2290 3945 2368; baseline 0.006 -23"><span class='ocrx_word' id='word_1_349' title='bbox 2354 2290 2634 2347; x_wconf 90' lang='lat' dir='ltr'><strong>nitentiam</strong></span> <span class='ocrx_word' id='word_1_350' title='bbox 2662 2302 2845 2348; x_wconf 88' lang='lat' dir='ltr'><strong>autem</strong></span> <span class='ocrx_word' id='word_1_351' title='bbox 2867 2292 2958 2349; x_wconf 91' lang='lat' dir='ltr'><strong>ille</strong></span> <span class='ocrx_word' id='word_1_352' title='bbox 2976 2293 3085 2365; x_wconf 89' lang='lat' dir='ltr'><strong>agit</strong></span> <span class='ocrx_word' id='word_1_353' title='bbox 3108 2293 3220 2365; x_wconf 89' lang='lat' dir='ltr'><strong>qui.</strong></span> <span class='ocrx_word' id='word_1_354' title='bbox 3249 2293 3416 2351; x_wconf 70' lang='lat' dir='ltr'><strong>divini</strong></span> <span class='ocrx_word' id='word_1_355' title='bbox 3444 2297 3691 2368; x_wconf 72' lang='lat' dir='ltr'><strong>praecepti</strong></span> <span class='ocrx_word' id='word_1_356' title='bbox 3719 2312 3945 2365; x_wconf 85' lang='lat' dir='ltr'><strong>memor,</strong></span> 
     </span>
    </p>
   </div>
   <div class='ocr_carea' id='block_1_53' title="bbox 2356 2384 3950 2459">
    <p class='ocr_par' dir='ltr' id='par_1_53' title="bbox 2356 2384 3950 2459">
     <span class='ocr_line' id='line_1_53' title="bbox 2356 2384 3950 2459; baseline 0.004 -20"><span class='ocrx_word' id='word_1_357' title='bbox 2356 2384 2502 2439; x_wconf 89' lang='lat' dir='ltr'><strong>mitis</strong></span> <span class='ocrx_word' id='word_1_358' title='bbox 2529 2394 2550 2420; x_wconf 71' lang='grc' dir='ltr'><strong><em>ε</em></strong></span> <span class='ocrx_word' id='word_1_359' title='bbox 2574 2393 2627 2439; x_wconf 89' lang='lat' dir='ltr'><strong>et</strong></span> <span class='ocrx_word' id='word_1_360' title='bbox 2643 2385 2848 2455; x_wconf 87' lang='lat' dir='ltr'><strong>patiens</strong></span> <span class='ocrx_word' id='word_1_361' title='bbox 2872 2393 2924 2440; x_wconf 90' lang='lat' dir='ltr'><strong>et</strong></span> <span class='ocrx_word' id='word_1_362' title='bbox 2938 2385 3305 2443; x_wconf 84' lang='lat' dir='ltr'><strong>sacerdotibus</strong></span> <span class='ocrx_word' id='word_1_363' title='bbox 3318 2385 3413 2442; x_wconf 89' lang='lat' dir='ltr'><strong>Dei</strong></span> <span class='ocrx_word' id='word_1_364' title='bbox 3433 2386 3831 2459; x_wconf 87' lang='lat' dir='ltr'><strong>obtemperans,</strong></span> <span class='ocrx_word' id='word_1_365' title='bbox 3852 2390 3950 2445; x_wconf 78' lang='lat' dir='ltr'><strong>ob-</strong></span> 
     </span>
    </p>
   </div>
   <div class='ocr_carea' id='block_1_54' title="bbox 2352 2468 3946 2549">
    <p class='ocr_par' dir='ltr' id='par_1_54' title="bbox 2352 2468 3946 2549">
     <span class='ocr_line' id='line_1_54' title="bbox 2352 2468 3946 2549; baseline 0.004 -18"><span class='ocrx_word' id='word_1_366' title='bbox 2352 2478 2550 2548; x_wconf 86' lang='lat' dir='ltr'><strong>sequiis</strong></span> <span class='ocrx_word' id='word_1_367' title='bbox 2577 2480 2688 2532; x_wconf 90' lang='lat' dir='ltr'><strong>suis</strong></span> <span class='ocrx_word' id='word_1_368' title='bbox 2715 2468 3040 2548; x_wconf 76' lang='lat' dir='ltr'><strong>ctOperibus</strong></span> <span class='ocrx_word' id='word_1_369' title='bbox 3074 2477 3236 2549; x_wconf 88' lang='lat' dir='ltr'><strong>justis</strong></span> <span class='ocrx_word' id='word_1_370' title='bbox 3266 2477 3553 2535; x_wconf 87' lang='lat' dir='ltr'><strong>Dominum</strong></span> <span class='ocrx_word' id='word_1_371' title='bbox 3584 2489 3946 2549; x_wconf 83' lang='lat' dir='ltr'><strong>promeretur.</strong></span> 
     </span>
    </p>
   </div>
   <div class='ocr_carea' id='block_1_55' title="bbox 2422 2587 3942 2661">
    <p class='ocr_par' dir='ltr' id='par_1_55' title="bbox 2422 2587 3942 2661">
     <span class='ocr_line' id='line_1_55' title="bbox 2422 2587 3942 2661; baseline 0.004 -19"><span class='ocrx_word' id='word_1_372' title='bbox 2422 2587 2487 2643; x_wconf 90' lang='lat' dir='ltr'><strong>ll.</strong></span> <span class='ocrx_word' id='word_1_373' title='bbox 2506 2588 2767 2657; x_wconf 87' lang='lat' dir='ltr'><strong>Quoniam</strong></span> <span class='ocrx_word' id='word_1_374' title='bbox 2791 2597 2966 2645; x_wconf 87' lang='lat' dir='ltr'><strong>tamen</strong></span> <span class='ocrx_word' id='word_1_375' title='bbox 2992 2587 3306 2659; x_wconf 82' lang='lat' dir='ltr'><strong>signiﬁcatis</strong></span> <span class='ocrx_word' id='word_1_376' title='bbox 3328 2588 3590 2661; x_wconf 86' lang='lat' dir='ltr'><strong>quosdam</strong></span> <span class='ocrx_word' id='word_1_377' title='bbox 3613 2590 3942 2648; x_wconf 87' lang='lat' dir='ltr'><strong>immodera-</strong></span> 
     </span>
    </p>
   </div>
   <div class='ocr_carea' id='block_1_56' title="bbox 2352 2684 3949 2755">
    <p class='ocr_par' dir='ltr' id='par_1_56' title="bbox 2352 2684 3949 2755">
     <span class='ocr_line' id='line_1_56' title="bbox 2352 2684 3949 2755; baseline 0.001 -15"><span class='ocrx_word' id='word_1_378' title='bbox 2352 2694 2434 2740; x_wconf 90' lang='lat' dir='ltr'><strong>tos</strong></span> <span class='ocrx_word' id='word_1_379' title='bbox 2461 2699 2583 2740; x_wconf 88' lang='lat' dir='ltr'><strong>esse</strong></span> <span class='ocrx_word' id='word_1_380' title='bbox 2610 2692 2667 2739; x_wconf 92' lang='lat' dir='ltr'><strong>et</strong></span> <span class='ocrx_word' id='word_1_381' title='bbox 2716 2684 3260 2741; x_wconf 82' lang='lat' dir='ltr'><strong>communicationem</strong></span> <span class='ocrx_word' id='word_1_382' title='bbox 3289 2684 3652 2755; x_wconf 82' lang='lat' dir='ltr'><strong>accipiendam</strong></span> <span class='ocrx_word' id='word_1_383' title='bbox 3682 2684 3949 2741; x_wconf 82' lang='lat' dir='ltr'><strong>festinan-</strong></span> 
     </span>
    </p>
   </div>
   <div class='ocr_carea' id='block_1_57' title="bbox 2352 2775 3950 2848">
    <p class='ocr_par' dir='ltr' id='par_1_57' title="bbox 2352 2775 3950 2848">
     <span class='ocr_line' id='line_1_57' title="bbox 2352 2775 3950 2848; baseline 0.001 -15"><span class='ocrx_word' id='word_1_384' title='bbox 2352 2786 2432 2834; x_wconf 92' lang='lat' dir='ltr'><strong>ter</strong></span> <span class='ocrx_word' id='word_1_385' title='bbox 2458 2791 2670 2848; x_wconf 89' lang='lat' dir='ltr'><strong>urgere,</strong></span> <span class='ocrx_word' id='word_1_386' title='bbox 2695 2784 2748 2833; x_wconf 86' lang='lat' dir='ltr'><strong>et</strong></span> <span class='ocrx_word' id='word_1_387' title='bbox 2777 2775 3128 2832; x_wconf 87' lang='lat' dir='ltr'><strong>desiderastis</strong></span> <span class='ocrx_word' id='word_1_388' title='bbox 3144 2777 3196 2831; x_wconf 93' lang='lat' dir='ltr'><strong>in</strong></span> <span class='ocrx_word' id='word_1_389' title='bbox 3224 2777 3326 2832; x_wconf 82' lang='lat' dir='ltr'><strong>hac</strong></span> <span class='ocrx_word' id='word_1_390' title='bbox 3351 2792 3410 2832; x_wconf 90' lang='lat' dir='ltr'><strong>re</strong></span> <span class='ocrx_word' id='word_1_391' title='bbox 3429 2775 3657 2833; x_wconf 77' lang='lat' dir='ltr'><strong>formam</strong></span> <span class='ocrx_word' id='word_1_392' title='bbox 3682 2792 3713 2832; x_wconf 87' lang='lat' dir='ltr'><strong>a</strong></span> <span class='ocrx_word' id='word_1_393' title='bbox 3738 2792 3827 2834; x_wconf 89' lang='lat' dir='ltr'><strong>me</strong></span> <span class='ocrx_word' id='word_1_394' title='bbox 3855 2792 3950 2835; x_wconf 84' lang='lat' dir='ltr'><strong>vo-</strong></span> 
     </span>
    </p>
   </div>
   <div class='ocr_carea' id='block_1_58' title="bbox 2349 2868 3948 2939">
    <p class='ocr_par' dir='ltr' id='par_1_58' title="bbox 2349 2868 3948 2939">
     <span class='ocr_line' id='line_1_58' title="bbox 2349 2868 3948 2939; baseline 0.003 -13"><span class='ocrx_word' id='word_1_395' title='bbox 2349 2869 2433 2926; x_wconf 88' lang='lat' dir='ltr'><strong>bis</strong></span> <span class='ocrx_word' id='word_1_396' title='bbox 2485 2869 2621 2934; x_wconf 90' lang='lat' dir='ltr'><strong>dari,</strong></span> <span class='ocrx_word' id='word_1_397' title='bbox 2670 2869 2800 2924; x_wconf 83' lang='lat' dir='ltr'><strong>satis</strong></span> <span class='ocrx_word' id='word_1_398' title='bbox 2837 2868 2996 2938; x_wconf 90' lang='lat' dir='ltr'><strong>plene</strong></span> <span class='ocrx_word' id='word_1_399' title='bbox 3052 2869 3340 2939; x_wconf 85' lang='lat' dir='ltr'><strong>scripsisse</strong></span> <span class='ocrx_word' id='word_1_400' title='bbox 3391 2883 3482 2925; x_wconf 89' lang='lat' dir='ltr'><strong>me</strong></span> <span class='ocrx_word' id='word_1_401' title='bbox 3531 2868 3602 2925; x_wconf 85' lang='lat' dir='ltr'><strong>ad</strong></span> <span class='ocrx_word' id='word_1_402' title='bbox 3647 2870 3786 2927; x_wconf 86' lang='lat' dir='ltr'><strong>hanc</strong></span> <span class='ocrx_word' id='word_1_403' title='bbox 3831 2887 3948 2930; x_wconf 72' lang='lat' dir='ltr'><strong>rem</strong></span> 
     </span>
    </p>
   </div>
   <div class='ocr_carea' id='block_1_59' title="bbox 2348 2958 3947 3032">
    <p class='ocr_par' dir='ltr' id='par_1_59' title="bbox 2348 2958 3947 3032">
     <span class='ocr_line' id='line_1_59' title="bbox 2348 2958 3947 3032; baseline 0.004 -18"><span class='ocrx_word' id='word_1_404' title='bbox 2348 2960 2614 3031; x_wconf 78' lang='lat' dir='ltr'><strong>proximis</strong></span> <span class='ocrx_word' id='word_1_405' title='bbox 2639 2959 2831 3015; x_wconf 86' lang='lat' dir='ltr'><strong>litteris</strong></span> <span class='ocrx_word' id='word_1_406' title='bbox 2857 2958 2926 3015; x_wconf 89' lang='lat' dir='ltr'><strong>ad</strong></span> <span class='ocrx_word' id='word_1_407' title='bbox 2951 2973 3046 3015; x_wconf 89' lang='lat' dir='ltr'><strong>vos</strong></span> <span class='ocrx_word' id='word_1_408' title='bbox 3072 2958 3228 3018; x_wconf 85' lang='lat' dir='ltr'><strong>factis</strong></span> <span class='ocrx_word' id='word_1_409' title='bbox 3250 2959 3416 3017; x_wconf 89' lang='lat' dir='ltr'><strong>credo</strong></span> <span class='ocrx_word' id='word_1_410' title='bbox 3436 3002 3454 3028; x_wconf 89' lang='lat'><strong>,</strong></span> <span class='ocrx_word' id='word_1_411' title='bbox 3481 2968 3539 3019; x_wconf 86' lang='lat' dir='ltr'><strong>ut</strong></span> <span class='ocrx_word' id='word_1_412' title='bbox 3563 2962 3657 3032; x_wconf 86' lang='lat' dir='ltr'><strong>qui</strong></span> <span class='ocrx_word' id='word_1_413' title='bbox 3705 2962 3947 3020; x_wconf 87' lang='lat' dir='ltr'><strong>libellum</strong></span> 
     </span>
    </p>
   </div>
   <div class='ocr_carea' id='block_1_60' title="bbox 2326 3051 3951 3123">
    <p class='ocr_par' dir='ltr' id='par_1_60' title="bbox 2326 3051 3951 3123">
     <span class='ocr_line' id='line_1_60' title="bbox 2326 3051 3951 3123; baseline 0.002 -16"><span class='ocrx_word' id='word_1_414' title='bbox 2326 3068 2378 3107; x_wconf 74' lang='lat' dir='ltr'><strong>&#39;a</strong></span> <span class='ocrx_word' id='word_1_415' title='bbox 2437 3051 2761 3123; x_wconf 86' lang='lat' dir='ltr'><strong>martyribus</strong></span> <span class='ocrx_word' id='word_1_416' title='bbox 2827 3061 3186 3122; x_wconf 88' lang='lat' dir='ltr'><strong>acceperunt,</strong></span> <span class='ocrx_word' id='word_1_417' title='bbox 3232 3061 3288 3110; x_wconf 85' lang='lat' dir='ltr'><strong>et</strong></span> <span class='ocrx_word' id='word_1_418' title='bbox 3334 3052 3538 3110; x_wconf 77' lang='lat' dir='ltr'><strong>auxilio</strong></span> <span class='ocrx_word' id='word_1_419' title='bbox 3608 3068 3798 3110; x_wconf 82' lang='lat' dir='ltr'><strong>eorum</strong></span> <span class='ocrx_word' id='word_1_420' title='bbox 3850 3054 3951 3111; x_wconf 82' lang='lat' dir='ltr'><strong>ad-</strong></span> 
     </span>
    </p>
   </div>
   <div class='ocr_carea' id='block_1_61' title="bbox 659 3144 3949 3233">
    <p class='ocr_par' dir='ltr' id='par_1_61' title="bbox 659 3144 3949 3233">
     <span class='ocr_line' id='line_1_61' title="bbox 659 3144 3949 3233; baseline -0.001 -27"><span class='ocrx_word' id='word_1_421' title='bbox 659 3158 717 3207; x_wconf 89' lang='lat' dir='ltr'><strong>nt</strong></span> <span class='ocrx_word' id='word_1_422' title='bbox 768 3150 935 3225; x_wconf 85' lang='lat' dir='ltr'><strong>nostri</strong></span> <span class='ocrx_word' id='word_1_423' title='bbox 983 3149 1289 3217; x_wconf 87' lang='lat' dir='ltr'><strong>meminerit</strong></span> <span class='ocrx_word' id='word_1_424' title='bbox 1338 3146 1625 3206; x_wconf 90' lang='lat' dir='ltr'><strong>admonete</strong></span> <span class='ocrx_word' id='word_1_425' title='bbox 1681 3145 1709 3185; x_wconf 75' lang='grc' dir='ltr'>ἀ</span> <span class='ocrx_word' id='word_1_426' title='bbox 1763 3155 1819 3204; x_wconf 85' lang='lat' dir='ltr'><strong>et</strong></span> <span class='ocrx_word' id='word_1_427' title='bbox 1866 3157 2068 3233; x_wconf 84' lang='lat' dir='ltr'><strong>rogate.</strong></span> <span class='ocrx_word' id='word_1_428' title='bbox 2133 3149 2243 3205; x_wconf 86' lang='lat' dir='ltr'><strong>Va-</strong></span> <span class='ocrx_word' id='word_1_429' title='bbox 2271 3164 2319 3230; x_wconf 72' lang='grc' dir='ltr'><strong>ρ</strong></span> <span class='ocrx_word' id='word_1_430' title='bbox 2348 3146 2522 3219; x_wconf 82' lang='lat' dir='ltr'><strong>juvari</strong></span> <span class='ocrx_word' id='word_1_431' title='bbox 2566 3144 2709 3217; x_wconf 85' lang='lat' dir='ltr'><strong>apud</strong></span> <span class='ocrx_word' id='word_1_432' title='bbox 2754 3145 3043 3202; x_wconf 87' lang='lat' dir='ltr'><strong>Dominum</strong></span> <span class='ocrx_word' id='word_1_433' title='bbox 3096 3146 3152 3203; x_wconf 83' lang='lat' dir='ltr'><strong>in</strong></span> <span class='ocrx_word' id='word_1_434' title='bbox 3201 3146 3414 3203; x_wconf 86' lang='lat' dir='ltr'><strong>delictis</strong></span> <span class='ocrx_word' id='word_1_435' title='bbox 3462 3148 3577 3204; x_wconf 86' lang='lat' dir='ltr'><strong>suis</strong></span> <span class='ocrx_word' id='word_1_436' title='bbox 3608 3158 3853 3219; x_wconf 85' lang='lat' dir='ltr'><strong>possunt,</strong></span> <span class='ocrx_word' id='word_1_437' title='bbox 3902 3150 3949 3204; x_wconf 90' lang='lat' dir='ltr'><strong>si</strong></span> 
     </span>
    </p>
   </div>
   <div class='ocr_carea' id='block_1_62' title="bbox 660 3242 785 3299">
    <p class='ocr_par' dir='ltr' id='par_1_62' title="bbox 660 3242 785 3299">
     <span class='ocr_line' id='line_1_62' title="bbox 660 3242 785 3299; baseline -0.016 -1"><span class='ocrx_word' id='word_1_438' title='bbox 660 3242 785 3299; x_wconf 89' lang='lat' dir='ltr'><strong>lete.</strong></span> 
     </span>
    </p>
   </div>
   <div class='ocr_carea' id='block_1_63' title="bbox 2355 3236 3954 3314">
    <p class='ocr_par' dir='ltr' id='par_1_63' title="bbox 2355 3236 3954 3314">
     <span class='ocr_line' id='line_1_63' title="bbox 2355 3236 3954 3314; baseline 0.002 -18"><span class='ocrx_word' id='word_1_439' title='bbox 2355 3239 2526 3314; x_wconf 86' lang='lat' dir='ltr'><strong>premi</strong></span> <span class='ocrx_word' id='word_1_440' title='bbox 2546 3236 2853 3295; x_wconf 82' lang='lat' dir='ltr'><strong>infirmitate</strong></span> <span class='ocrx_word' id='word_1_441' title='bbox 2869 3237 3045 3309; x_wconf 88' lang='lat' dir='ltr'><strong>aliqua</strong></span> <span class='ocrx_word' id='word_1_442' title='bbox 3066 3246 3124 3295; x_wconf 82' lang='lat' dir='ltr'><strong>et</strong></span> <span class='ocrx_word' id='word_1_443' title='bbox 3143 3238 3380 3309; x_wconf 81' lang='lat' dir='ltr'><strong>periculo</strong></span> <span class='ocrx_word' id='word_1_444' title='bbox 3402 3240 3669 3311; x_wconf 66' lang='lat' dir='ltr'><strong>eruperint</strong></span> <span class='ocrx_word' id='word_1_445' title='bbox 3683 3281 3699 3309; x_wconf 94' lang='lat'><strong>,</strong></span> <span class='ocrx_word' id='word_1_446' title='bbox 3730 3255 3954 3299; x_wconf 75' lang='lat' dir='ltr'><strong>exorno-</strong></span> 
     </span>
    </p>
   </div>
   <div class='ocr_carea' id='block_1_64' title="bbox 1874 3350 2712 3414">
    <p class='ocr_par' dir='ltr' id='par_1_64' title="bbox 1874 3350 2712 3414">
     <span class='ocr_line' id='line_1_64' title="bbox 1874 3350 2712 3414; baseline 0 -7"><span class='ocrx_word' id='word_1_447' title='bbox 1874 3350 2257 3413; x_wconf 85' lang='lat' dir='ltr'><strong>LECTIONES</strong></span> <span class='ocrx_word' id='word_1_448' title='bbox 2295 3351 2712 3414; x_wconf 77' lang='lat' dir='ltr'><strong>VARIANTES.</strong></span> 
     </span>
    </p>
   </div>
   <div class='ocr_carea' id='block_1_65' title="bbox 727 3443 1726 3505">
    <p class='ocr_par' dir='ltr' id='par_1_65' title="bbox 727 3443 1726 3505">
     <span class='ocr_line' id='line_1_65' title="bbox 727 3443 1726 3505; baseline -0.002 -8"><span class='ocrx_word' id='word_1_449' title='bbox 727 3449 753 3480; x_wconf 79' lang='grc'><strong><em>⁸</em></strong></span> <span class='ocrx_word' id='word_1_450' title='bbox 772 3445 969 3497; x_wconf 81' lang='lat' dir='ltr'><strong>lnfestat</strong></span> <span class='ocrx_word' id='word_1_451' title='bbox 993 3444 1117 3496; x_wconf 81' lang='lat' dir='ltr'><strong>Bod.</strong></span> <span class='ocrx_word' id='word_1_452' title='bbox 1144 3444 1192 3505; x_wconf 77' lang='grc'>1,</span> <span class='ocrx_word' id='word_1_453' title='bbox 1211 3444 1263 3497; x_wconf 67' lang='grc'><strong>2.</strong></span> <span class='ocrx_word' id='word_1_454' title='bbox 1288 3443 1420 3496; x_wconf 67' lang='lat' dir='ltr'><strong>Ian.</strong></span> <span class='ocrx_word' id='word_1_455' title='bbox 1444 3444 1591 3496; x_wconf 66' lang='grc' dir='ltr'><em>κων.</em></span> <span class='ocrx_word' id='word_1_456' title='bbox 1616 3446 1726 3498; x_wconf 76' lang='lat' dir='ltr'><strong>NG.</strong></span> 
     </span>
    </p>
   </div>
   <div class='ocr_carea' id='block_1_66' title="bbox 726 3507 1554 3574">
    <p class='ocr_par' dir='ltr' id='par_1_66' title="bbox 726 3507 1554 3574">
     <span class='ocr_line' id='line_1_66' title="bbox 726 3507 1554 3574; baseline -0.002 -14"><span class='ocrx_word' id='word_1_457' title='bbox 726 3508 755 3548; x_wconf 68' lang='grc' dir='ltr'>δ</span> <span class='ocrx_word' id='word_1_458' title='bbox 773 3508 1200 3574; x_wconf 76' lang='lat' dir='ltr'><strong>Desideraverunt.</strong></span> <span class='ocrx_word' id='word_1_459' title='bbox 1220 3507 1421 3565; x_wconf 81' lang='lat' dir='ltr'><strong>Partem</strong></span> <span class='ocrx_word' id='word_1_460' title='bbox 1442 3507 1554 3574; x_wconf 72' lang='lat' dir='ltr'><strong>Dig.</strong></span> 
     </span>
    </p>
   </div>
   <div class='ocr_carea' id='block_1_67' title="bbox 727 3570 2250 3635">
    <p class='ocr_par' dir='ltr' id='par_1_67' title="bbox 727 3570 2250 3635">
     <span class='ocr_line' id='line_1_67' title="bbox 727 3570 2250 3635; baseline 0 -12"><span class='ocrx_word' id='word_1_461' title='bbox 727 3575 750 3604; x_wconf 82' lang='lat'>°</span> <span class='ocrx_word' id='word_1_462' title='bbox 778 3571 1147 3635; x_wconf 82' lang='lat' dir='ltr'><strong>Operationibus</strong></span> <span class='ocrx_word' id='word_1_463' title='bbox 1189 3570 1636 3634; x_wconf 76' lang='lat' dir='ltr'><strong>perseveraverant</strong></span> <span class='ocrx_word' id='word_1_464' title='bbox 1676 3570 1809 3622; x_wconf 84' lang='lat' dir='ltr'><strong>Lam.</strong></span> <span class='ocrx_word' id='word_1_465' title='bbox 1867 3570 2013 3623; x_wconf 81' lang='lat' dir='ltr'><strong>Ebor.</strong></span> <span class='ocrx_word' id='word_1_466' title='bbox 2056 3571 2165 3624; x_wconf 79' lang='grc' dir='ltr'><strong>ΝΟ.</strong></span> <span class='ocrx_word' id='word_1_467' title='bbox 2202 3572 2250 3623; x_wconf 86' lang='grc'><strong>1.</strong></span> 
     </span>
    </p>
   </div>
   <div class='ocr_carea' id='block_1_68' title="bbox 668 3633 1155 3699">
    <p class='ocr_par' dir='ltr' id='par_1_68' title="bbox 668 3633 1155 3699">
     <span class='ocr_line' id='line_1_68' title="bbox 668 3633 1155 3699; baseline -0.008 -12"><span class='ocrx_word' id='word_1_468' title='bbox 668 3633 984 3699; x_wconf 85' lang='lat' dir='ltr'><strong>Opinionibus</strong></span> <span class='ocrx_word' id='word_1_469' title='bbox 1004 3641 1155 3697; x_wconf 84' lang='lat' dir='ltr'><strong>Neap.</strong></span> 
     </span>
    </p>
   </div>
   <div class='ocr_carea' id='block_1_69' title="bbox 2415 3447 3808 3505">
    <p class='ocr_par' dir='ltr' id='par_1_69' title="bbox 2415 3447 3808 3505">
     <span class='ocr_line' id='line_1_69' title="bbox 2415 3447 3808 3505; baseline 0.002 -7"><span class='ocrx_word' id='word_1_470' title='bbox 2415 3447 2446 3489; x_wconf 72' lang='grc' dir='ltr'><em>ἃ</em></span> <span class='ocrx_word' id='word_1_471' title='bbox 2467 3447 2690 3498; x_wconf 66' lang='lat' dir='ltr'><strong>Meminit</strong></span> <span class='ocrx_word' id='word_1_472' title='bbox 2711 3458 2923 3497; x_wconf 75' lang='lat' dir='ltr'><strong>exorare</strong></span> <span class='ocrx_word' id='word_1_473' title='bbox 2953 3449 3044 3497; x_wconf 74' lang='lat' dir='ltr'><strong>Ar.</strong></span> <span class='ocrx_word' id='word_1_474' title='bbox 3071 3448 3206 3498; x_wconf 82' lang='lat' dir='ltr'><strong>Lam.</strong></span> <span class='ocrx_word' id='word_1_475' title='bbox 3230 3449 3373 3505; x_wconf 45' lang='grc' dir='ltr'><strong>εὐοῖ-λ</strong></span> <span class='ocrx_word' id='word_1_476' title='bbox 3404 3450 3511 3501; x_wconf 80' lang='lat' dir='ltr'><strong>N0.</strong></span> <span class='ocrx_word' id='word_1_477' title='bbox 3538 3451 3587 3501; x_wconf 87' lang='grc'><strong>1.</strong></span> <span class='ocrx_word' id='word_1_478' title='bbox 3624 3452 3751 3502; x_wconf 81' lang='lat' dir='ltr'><strong>Bod.</strong></span> <span class='ocrx_word' id='word_1_479' title='bbox 3777 3453 3808 3501; x_wconf 79' lang='grc'><strong>2</strong></span> 
     </span>
    </p>
   </div>
   <div class='ocr_carea' id='block_1_70' title="bbox 2357 3508 3954 3625">
    <p class='ocr_par' dir='ltr' id='par_1_70' title="bbox 2357 3508 3954 3625">
     <span class='ocr_line' id='line_1_70' title="bbox 2357 3508 3954 3625; baseline 0.008 -69"><span class='ocrx_word' id='word_1_480' title='bbox 2357 3508 2657 3625; x_wconf 29' lang='grc' dir='ltr'><strong>Νυθὲἰῖιιιίε</strong></span> <span class='ocrx_word' id='word_1_481' title='bbox 2678 3510 2939 3575; x_wconf 81' lang='lat' dir='ltr'><strong>praeceptis</strong></span> <span class='ocrx_word' id='word_1_482' title='bbox 2972 3510 3107 3563; x_wconf 83' lang='lat' dir='ltr'><strong>mitis</strong></span> <span class='ocrx_word' id='word_1_483' title='bbox 3136 3511 3294 3564; x_wconf 70' lang='lat' dir='ltr'><strong>Oxon.</strong></span> <span class='ocrx_word' id='word_1_484' title='bbox 3320 3510 3482 3564; x_wconf 83' lang='lat' dir='ltr'><strong>Divini</strong></span> <span class='ocrx_word' id='word_1_485' title='bbox 3504 3514 3634 3565; x_wconf 82' lang='lat' dir='ltr'><strong>mitis</strong></span> <span class='ocrx_word' id='word_1_486' title='bbox 3650 3513 3954 3569; x_wconf 66' lang='lat' dir='ltr'><strong>LanLEbor.</strong></span> 
     </span>
    </p>
   </div>
   <div class='ocr_carea' id='block_1_71' title="bbox 1903 3742 2725 3805">
    <p class='ocr_par' dir='ltr' id='par_1_71' title="bbox 1903 3742 2725 3805">
     <span class='ocr_line' id='line_1_71' title="bbox 1903 3742 2725 3805; baseline -0.002 -5"><span class='ocrx_word' id='word_1_487' title='bbox 1903 3742 2146 3801; x_wconf 77' lang='lat' dir='ltr'><strong>STEPH.</strong></span> <span class='ocrx_word' id='word_1_488' title='bbox 2186 3743 2463 3803; x_wconf 79' lang='lat' dir='ltr'><strong>BALUle</strong></span> <span class='ocrx_word' id='word_1_489' title='bbox 2499 3742 2725 3805; x_wconf 71' lang='grc' dir='ltr'><strong>ΝΟΤᾹΞ.</strong></span> 
     </span>
    </p>
   </div>
   <div class='ocr_carea' id='block_1_72' title="bbox 669 3852 2241 3928">
    <p class='ocr_par' dir='ltr' id='par_1_72' title="bbox 669 3852 2241 3928">
     <span class='ocr_line' id='line_1_72' title="bbox 669 3852 2241 3928; baseline 0.001 -15"><span class='ocrx_word' id='word_1_490' title='bbox 669 3858 937 3928; x_wconf 73' lang='lat' dir='ltr'><strong>explorata</strong></span> <span class='ocrx_word' id='word_1_491' title='bbox 959 3864 1060 3912; x_wconf 90' lang='lat' dir='ltr'><strong>est.</strong></span> <span class='ocrx_word' id='word_1_492' title='bbox 1083 3852 1257 3928; x_wconf 67' lang='lat' dir='ltr'><strong>capsa</strong></span> <span class='ocrx_word' id='word_1_493' title='bbox 1273 3867 1400 3911; x_wconf 86' lang='lat' dir='ltr'><strong>vero</strong></span> <span class='ocrx_word' id='word_1_494' title='bbox 1426 3863 1542 3910; x_wconf 87' lang='lat' dir='ltr'><strong>erat</strong></span> <span class='ocrx_word' id='word_1_495' title='bbox 1566 3855 1618 3910; x_wconf 94' lang='lat' dir='ltr'><strong>in</strong></span> <span class='ocrx_word' id='word_1_496' title='bbox 1642 3855 1921 3927; x_wconf 87' lang='lat' dir='ltr'><strong>provincia</strong></span> <span class='ocrx_word' id='word_1_497' title='bbox 1942 3855 2241 3928; x_wconf 86' lang='lat' dir='ltr'><strong>Byzacena.</strong></span> 
     </span>
    </p>
   </div>
   <div class='ocr_carea' id='block_1_73' title="bbox 671 3926 2245 3987">
    <p class='ocr_par' dir='ltr' id='par_1_73' title="bbox 671 3926 2245 3987">
     <span class='ocr_line' id='line_1_73' title="bbox 671 3926 2245 3987; baseline -0.001 -2"><span class='ocrx_word' id='word_1_498' title='bbox 671 3926 796 3985; x_wconf 79' lang='lat' dir='ltr'><strong>Vide</strong></span> <span class='ocrx_word' id='word_1_499' title='bbox 824 3927 1080 3983; x_wconf 85' lang='lat' dir='ltr'><strong>Joannem</strong></span> <span class='ocrx_word' id='word_1_500' title='bbox 1111 3926 1416 3981; x_wconf 80' lang='lat' dir='ltr'><strong>Tristaaum</strong></span> <span class='ocrx_word' id='word_1_501' title='bbox 1442 3942 1474 3983; x_wconf 88' lang='lat' dir='ltr'><strong>a</strong></span> <span class='ocrx_word' id='word_1_502' title='bbox 1502 3926 1690 3982; x_wconf 77' lang='lat' dir='ltr'><strong>sancto</strong></span> <span class='ocrx_word' id='word_1_503' title='bbox 1719 3928 1971 3985; x_wconf 75' lang='lat' dir='ltr'><strong>Amantio</strong></span> <span class='ocrx_word' id='word_1_504' title='bbox 1990 3926 2068 3984; x_wconf 72' lang='grc' dir='ltr'><strong>ἰιι</strong></span> <span class='ocrx_word' id='word_1_505' title='bbox 2098 3937 2245 3987; x_wconf 79' lang='lat' dir='ltr'><strong>tonio</strong></span> 
     </span>
    </p>
   </div>
   <div class='ocr_carea' id='block_1_74' title="bbox 672 3997 1955 4067">
    <p class='ocr_par' dir='ltr' id='par_1_74' title="bbox 672 3997 1955 4067">
     <span class='ocr_line' id='line_1_74' title="bbox 672 3997 1955 4067; baseline -0.004 -12"><span class='ocrx_word' id='word_1_506' title='bbox 672 3998 903 4055; x_wconf 69' lang='lat' dir='ltr'><strong>secundo</strong></span> <span class='ocrx_word' id='word_1_507' title='bbox 929 3997 1434 4053; x_wconf 85' lang='lat' dir='ltr'><strong>commentamrium</strong></span> <span class='ocrx_word' id='word_1_508' title='bbox 1478 4011 1694 4051; x_wconf 89' lang='lat' dir='ltr'><strong>suorum</strong></span> <span class='ocrx_word' id='word_1_509' title='bbox 1717 4013 1837 4067; x_wconf 81' lang='lat' dir='ltr'><strong>pug.</strong></span> <span class='ocrx_word' id='word_1_510' title='bbox 1866 4014 1955 4055; x_wconf 74' lang='grc' dir='ltr'>ιχ.</span> 
     </span>
    </p>
   </div>
   <div class='ocr_carea' id='block_1_75' title="bbox 747 4067 2245 4124">
    <p class='ocr_par' dir='ltr' id='par_1_75' title="bbox 747 4067 2245 4124">
     <span class='ocr_line' id='line_1_75' title="bbox 747 4067 2245 4124; baseline 0 -1"><span class='ocrx_word' id='word_1_511' title='bbox 747 4071 786 4123; x_wconf 94' lang='grc' dir='ltr'><strong>Ι.</strong></span> <span class='ocrx_word' id='word_1_512' title='bbox 812 4098 883 4108; x_wconf 92' lang='grc'><strong><em>-</em></strong></span> <span class='ocrx_word' id='word_1_513' title='bbox 911 4067 1057 4121; x_wconf 79' lang='lat' dir='ltr'><strong>Nihil</strong></span> <span class='ocrx_word' id='word_1_514' title='bbox 1086 4069 1229 4121; x_wconf 85' lang='lat' dir='ltr'><strong>mihi.</strong></span> <span class='ocrx_word' id='word_1_515' title='bbox 1263 4067 1387 4122; x_wconf 82' lang='lat' dir='ltr'><strong>llaec</strong></span> <span class='ocrx_word' id='word_1_516' title='bbox 1412 4076 1495 4122; x_wconf 90' lang='lat' dir='ltr'><strong>est</strong></span> <span class='ocrx_word' id='word_1_517' title='bbox 1531 4069 1688 4122; x_wconf 89' lang='lat' dir='ltr'><strong>lectio</strong></span> <span class='ocrx_word' id='word_1_518' title='bbox 1715 4076 1955 4123; x_wconf 86' lang='lat' dir='ltr'><strong>veterum</strong></span> <span class='ocrx_word' id='word_1_519' title='bbox 1986 4069 2245 4124; x_wconf 89' lang='lat' dir='ltr'><strong>librorum</strong></span> 
     </span>
    </p>
   </div>
   <div class='ocr_carea' id='block_1_76' title="bbox 673 4137 2245 4197">
    <p class='ocr_par' dir='ltr' id='par_1_76' title="bbox 673 4137 2245 4197">
     <span class='ocr_line' id='line_1_76' title="bbox 673 4137 2245 4197; baseline 0.003 -5"><span class='ocrx_word' id='word_1_520' title='bbox 673 4150 905 4195; x_wconf 75' lang='lat' dir='ltr'><strong>vcta&#39;um</strong></span> <span class='ocrx_word' id='word_1_521' title='bbox 939 4139 1253 4193; x_wconf 83' lang='lat' dir='ltr'><strong>editionum.</strong></span> <span class='ocrx_word' id='word_1_522' title='bbox 1288 4137 1613 4193; x_wconf 85' lang='lat' dir='ltr'><strong>Veronensis</strong></span> <span class='ocrx_word' id='word_1_523' title='bbox 1667 4147 1844 4193; x_wconf 89' lang='lat' dir='ltr'><strong>tamen</strong></span> <span class='ocrx_word' id='word_1_524' title='bbox 1876 4151 1930 4193; x_wconf 87' lang='lat' dir='ltr'><strong>et</strong></span> <span class='ocrx_word' id='word_1_525' title='bbox 1979 4140 2245 4197; x_wconf 76' lang='lat' dir='ltr'><strong>anensis</strong></span> 
     </span>
    </p>
   </div>
   <div class='ocr_carea' id='block_1_77' title="bbox 679 4207 2244 4280">
    <p class='ocr_par' dir='ltr' id='par_1_77' title="bbox 679 4207 2244 4280">
     <span class='ocr_line' id='line_1_77' title="bbox 679 4207 2244 4280; baseline 0.001 -15"><span class='ocrx_word' id='word_1_526' title='bbox 679 4211 867 4280; x_wconf 71' lang='lat' dir='ltr'><strong>habent</strong></span> <span class='ocrx_word' id='word_1_527' title='bbox 890 4226 1146 4279; x_wconf 86' lang='lat' dir='ltr'><strong>nunquam</strong></span> <span class='ocrx_word' id='word_1_528' title='bbox 1176 4207 1300 4280; x_wconf 73' lang='lat' dir='ltr'><strong>milii</strong></span> <span class='ocrx_word' id='word_1_529' title='bbox 1324 4209 1661 4279; x_wconf 77' lang='lat' dir='ltr'><strong>rescripsisse.</strong></span> <span class='ocrx_word' id='word_1_530' title='bbox 1688 4209 1822 4280; x_wconf 82' lang='lat' dir='ltr'><strong>Hinc</strong></span> <span class='ocrx_word' id='word_1_531' title='bbox 1852 4225 1984 4279; x_wconf 79' lang='lat' dir='ltr'><strong>ergo</strong></span> <span class='ocrx_word' id='word_1_532' title='bbox 2011 4210 2244 4280; x_wconf 80' lang='lat' dir='ltr'><strong>profecta</strong></span> 
     </span>
    </p>
   </div>
   <div class='ocr_carea' id='block_1_78' title="bbox 677 4276 2246 4351">
    <p class='ocr_par' dir='ltr' id='par_1_78' title="bbox 677 4276 2246 4351">
     <span class='ocr_line' id='line_1_78' title="bbox 677 4276 2246 4351; baseline -0.003 -11"><span class='ocrx_word' id='word_1_533' title='bbox 677 4290 761 4340; x_wconf 88' lang='lat' dir='ltr'><strong>est</strong></span> <span class='ocrx_word' id='word_1_534' title='bbox 783 4278 938 4336; x_wconf 89' lang='lat' dir='ltr'><strong>lectio</strong></span> <span class='ocrx_word' id='word_1_535' title='bbox 962 4276 1117 4351; x_wconf 84' lang='lat' dir='ltr'><strong>quam</strong></span> <span class='ocrx_word' id='word_1_536' title='bbox 1156 4276 1449 4351; x_wconf 68' lang='lat' dir='ltr'><strong>prmferunt</strong></span> <span class='ocrx_word' id='word_1_537' title='bbox 1474 4276 1738 4335; x_wconf 76' lang='lat' dir='ltr'><strong>editiones</strong></span> <span class='ocrx_word' id='word_1_538' title='bbox 1782 4276 2023 4351; x_wconf 43' lang='lat' dir='ltr'><strong>ltigaitii’</strong></span> <span class='ocrx_word' id='word_1_539' title='bbox 2047 4289 2102 4336; x_wconf 88' lang='lat' dir='ltr'><strong>et</strong></span> <span class='ocrx_word' id='word_1_540' title='bbox 2133 4283 2246 4336; x_wconf 79' lang='lat' dir='ltr'><strong>An-</strong></span> 
     </span>
    </p>
   </div>
   <div class='ocr_carea' id='block_1_79' title="bbox 678 4355 901 4425">
    <p class='ocr_par' dir='ltr' id='par_1_79' title="bbox 678 4355 901 4425">
     <span class='ocr_line' id='line_1_79' title="bbox 678 4355 901 4425; baseline -0.009 -19"><span class='ocrx_word' id='word_1_541' title='bbox 678 4355 901 4425; x_wconf 73' lang='lat' dir='ltr'><strong>glorum.</strong></span> 
     </span>
    </p>
   </div>
   <div class='ocr_carea' id='block_1_80' title="bbox 754 4417 2245 4492">
    <p class='ocr_par' dir='ltr' id='par_1_80' title="bbox 754 4417 2245 4492">
     <span class='ocr_line' id='line_1_80' title="bbox 754 4417 2245 4492; baseline 0 -14"><span class='ocrx_word' id='word_1_542' title='bbox 754 4422 1000 4492; x_wconf 77' lang='lat' dir='ltr'><strong>Quoniam</strong></span> <span class='ocrx_word' id='word_1_543' title='bbox 1048 4429 1245 4492; x_wconf 78' lang='lat' dir='ltr'><strong>tamen.</strong></span> <span class='ocrx_word' id='word_1_544' title='bbox 1297 4418 1429 4492; x_wconf 86' lang='lat' dir='ltr'><strong>Vide</strong></span> <span class='ocrx_word' id='word_1_545' title='bbox 1486 4417 1883 4479; x_wconf 83' lang='lat' dir='ltr'><strong>Ferdinandum</strong></span> <span class='ocrx_word' id='word_1_546' title='bbox 1935 4419 2245 4478; x_wconf 82' lang='lat' dir='ltr'><strong>Mendozam</strong></span> 
     </span>
    </p>
   </div>
   <div class='ocr_carea' id='block_1_81' title="bbox 677 4490 1557 4553">
    <p class='ocr_par' dir='ltr' id='par_1_81' title="bbox 677 4490 1557 4553">
     <span class='ocr_line' id='line_1_81' title="bbox 677 4490 1557 4553; baseline -0.011 0"><span class='ocrx_word' id='word_1_547' title='bbox 677 4494 744 4553; x_wconf 85' lang='lat' dir='ltr'><strong>ad</strong></span> <span class='ocrx_word' id='word_1_548' title='bbox 762 4490 1024 4550; x_wconf 70' lang='lat' dir='ltr'><strong>tationem</strong></span> <span class='ocrx_word' id='word_1_549' title='bbox 1048 4492 1122 4553; x_wconf 75' lang='grc'><strong>,52</strong></span> <span class='ocrx_word' id='word_1_550' title='bbox 1149 4490 1557 4546; x_wconf 84' lang='lat' dir='ltr'><strong>llliberitanum.</strong></span> 
     </span>
    </p>
   </div>
   <div class='ocr_carea' id='block_1_82' title="bbox 750 4561 2263 4686">
    <p class='ocr_par' dir='ltr' id='par_1_82' title="bbox 750 4561 2263 4686">
     <span class='ocr_line' id='line_1_82' title="bbox 750 4561 2263 4686; baseline 0.002 -68"><span class='ocrx_word' id='word_1_551' title='bbox 750 4565 809 4599; x_wconf 72' lang='lat'><strong>&quot;9</strong></span> <span class='ocrx_word' id='word_1_552' title='bbox 844 4564 989 4630; x_wconf 83' lang='lat' dir='ltr'><strong>Quod</strong></span> <span class='ocrx_word' id='word_1_553' title='bbox 1030 4573 1226 4632; x_wconf 85' lang='lat' dir='ltr'><strong>tempus</strong></span> <span class='ocrx_word' id='word_1_554' title='bbox 1267 4562 1645 4686; x_wconf 47' lang='lat' dir='ltr'><strong>infinitatibus</strong></span> <span class='ocrx_word' id='word_1_555' title='bbox 1682 4561 1922 4619; x_wconf 82' lang='lat' dir='ltr'><strong>assiduis.</strong></span> <span class='ocrx_word' id='word_1_556' title='bbox 1977 4562 2067 4619; x_wconf 86' lang='lat' dir='ltr'><strong>Sic</strong></span> <span class='ocrx_word' id='word_1_557' title='bbox 2105 4562 2263 4621; x_wconf 84' lang='lat' dir='ltr'><strong>Ruri-</strong></span> 
     </span>
     <span class='ocr_line' id='line_1_83' title="bbox 750 4632 2260 4686; baseline 0 0"><span class='ocrx_word' id='word_1_558' title='bbox 750 4653 809 4686; x_wconf 76' lang='lat' dir='ltr'><strong>is-</strong></span> <span class='ocrx_word' id='word_1_559' title='bbox 849 4636 943 4686; x_wconf 86' lang='lat' dir='ltr'><strong>lib.</strong></span> <span class='ocrx_word' id='word_1_560' title='bbox 982 4651 1042 4686; x_wconf 90' lang='grc' dir='ltr'>ιι.</span> <span class='ocrx_word' id='word_1_561' title='bbox 1073 4633 1246 4686; x_wconf 86' lang='lat' dir='ltr'><strong>Euist.</strong></span> <span class='ocrx_word' id='word_1_562' title='bbox 1274 4634 1308 4686; x_wconf 79' lang='grc'><strong>’5</strong></span> <span class='ocrx_word' id='word_1_563' title='bbox 1351 4674 1365 4686; x_wconf 91' lang='grc'><em>.</em></span> <span class='ocrx_word' id='word_1_564' title='bbox 1397 4647 1456 4686; x_wconf 90' lang='lat' dir='ltr'><strong>se</strong></span> <span class='ocrx_word' id='word_1_565' title='bbox 1497 4648 1758 4686; x_wconf 82' lang='lat' dir='ltr'><strong>excusans</strong></span> <span class='ocrx_word' id='word_1_566' title='bbox 1781 4632 1921 4686; x_wconf 84' lang='lat' dir='ltr'><strong>annd</strong></span> <span class='ocrx_word' id='word_1_567' title='bbox 1966 4635 2260 4686; x_wconf 69' lang='lat' dir='ltr'><strong>Caesarium</strong></span> 
     </span>
    </p>
   </div>
   <div class='ocr_carea' id='block_1_83' title="bbox 677 4632 2261 4703">
    <p class='ocr_par' dir='ltr' id='par_1_83' title="bbox 677 4632 2261 4703">
     <span class='ocr_line' id='line_1_84' title="bbox 677 4632 2261 4703; baseline -0.001 -11"><span class='ocrx_word' id='word_1_568' title='bbox 677 4637 809 4703; x_wconf 88' lang='lat' dir='ltr'><strong>cius,</strong></span> <span class='ocrx_word' id='word_1_569' title='bbox 849 4636 943 4691; x_wconf 87' lang='lat' dir='ltr'><strong>lib.</strong></span> <span class='ocrx_word' id='word_1_570' title='bbox 982 4651 1042 4701; x_wconf 87' lang='grc' dir='ltr'>ιι,</span> <span class='ocrx_word' id='word_1_571' title='bbox 1073 4633 1246 4703; x_wconf 85' lang='lat' dir='ltr'><strong>Epist.</strong></span> <span class='ocrx_word' id='word_1_572' title='bbox 1274 4632 1456 4703; x_wconf 16' lang='lat' dir='ltr'><strong>&#39;52,,se</strong></span> <span class='ocrx_word' id='word_1_573' title='bbox 1497 4648 1758 4688; x_wconf 82' lang='lat' dir='ltr'><strong>excusans</strong></span> <span class='ocrx_word' id='word_1_574' title='bbox 1781 4632 1921 4702; x_wconf 89' lang='lat' dir='ltr'><strong>apud</strong></span> <span class='ocrx_word' id='word_1_575' title='bbox 1966 4635 2261 4690; x_wconf 70' lang='lat' dir='ltr'><strong>Caesarium</strong></span> 
     </span>
    </p>
   </div>
   <div class='ocr_carea' id='block_1_84' title="bbox 678 4702 2260 4775">
    <p class='ocr_par' dir='ltr' id='par_1_84' title="bbox 678 4702 2260 4775">
     <span class='ocr_line' id='line_1_85' title="bbox 678 4702 2260 4775; baseline -0.003 -10"><span class='ocrx_word' id='word_1_576' title='bbox 678 4702 1038 4765; x_wconf 79' lang='lat' dir='ltr'><strong>Arelatensem</strong></span> <span class='ocrx_word' id='word_1_577' title='bbox 1062 4702 1204 4775; x_wconf 81' lang='lat' dir='ltr'><strong>quod</strong></span> <span class='ocrx_word' id='word_1_578' title='bbox 1234 4702 1526 4775; x_wconf 81' lang='lat' dir='ltr'><strong>Agathensi</strong></span> <span class='ocrx_word' id='word_1_579' title='bbox 1552 4704 1758 4773; x_wconf 86' lang='lat' dir='ltr'><strong>synodo</strong></span> <span class='ocrx_word' id='word_1_580' title='bbox 1784 4720 1888 4758; x_wconf 86' lang='lat' dir='ltr'><strong>non</strong></span> <span class='ocrx_word' id='word_1_581' title='bbox 1912 4703 2260 4775; x_wconf 86' lang='lat' dir='ltr'><strong>interfuisset,</strong></span> 
     </span>
    </p>
   </div>
   <div class='ocr_carea' id='block_1_85' title="bbox 678 4774 2265 4847">
    <p class='ocr_par' dir='ltr' id='par_1_85' title="bbox 678 4774 2265 4847">
     <span class='ocr_line' id='line_1_86' title="bbox 678 4774 2265 4847; baseline -0.003 -12"><span class='ocrx_word' id='word_1_582' title='bbox 678 4780 753 4835; x_wconf 88' lang='lat' dir='ltr'><strong>ait</strong></span> <span class='ocrx_word' id='word_1_583' title='bbox 780 4794 884 4833; x_wconf 91' lang='lat' dir='ltr'><strong>non</strong></span> <span class='ocrx_word' id='word_1_584' title='bbox 911 4774 1153 4847; x_wconf 83' lang='lat' dir='ltr'><strong>potuisse</strong></span> <span class='ocrx_word' id='word_1_585' title='bbox 1179 4790 1240 4829; x_wconf 89' lang='lat' dir='ltr'><strong>se</strong></span> <span class='ocrx_word' id='word_1_586' title='bbox 1263 4774 1703 4847; x_wconf 70' lang='lat' dir='ltr'><strong>adessepropter</strong></span> <span class='ocrx_word' id='word_1_587' title='bbox 1731 4783 1895 4847; x_wconf 70' lang='lat' dir='ltr'><strong>aestus</strong></span> <span class='ocrx_word' id='word_1_588' title='bbox 1916 4775 2066 4829; x_wconf 88' lang='lat' dir='ltr'><strong>istius</strong></span> <span class='ocrx_word' id='word_1_589' title='bbox 2092 4774 2265 4845; x_wconf 80' lang='lat' dir='ltr'><strong>regio-</strong></span> 
     </span>
    </p>
   </div>
   <div class='ocr_carea' id='block_1_86' title="bbox 678 4844 2268 4919">
    <p class='ocr_par' dir='ltr' id='par_1_86' title="bbox 678 4844 2268 4919">
     <span class='ocr_line' id='line_1_87' title="bbox 678 4844 2268 4919; baseline 0.023 -29"><span class='ocrx_word' id='word_1_590' title='bbox 678 4850 791 4916; x_wconf 64' lang='lat' dir='ltr'><strong>nis,</strong></span> <span class='ocrx_word' id='word_1_591' title='bbox 829 4844 1014 4919; x_wconf 74' lang='lat' dir='ltr'><strong>primm</strong></span> <span class='ocrx_word' id='word_1_592' title='bbox 1042 4846 1310 4919; x_wconf 76' lang='lat' dir='ltr'><strong>nimirum</strong></span> <span class='ocrx_word' id='word_1_593' title='bbox 1358 4844 1720 4919; x_wconf 62' lang='grc' dir='ltr'>ῌειιιιριιςιιεὶξ</span> <span class='ocrx_word' id='word_1_594' title='bbox 1744 4885 1757 4905; x_wconf 77' lang='grc' dir='ltr'><strong>ο</strong></span> <span class='ocrx_word' id='word_1_595' title='bbox 1801 4845 1854 4900; x_wconf 70' lang='lat' dir='ltr'><strong>in</strong></span> <span class='ocrx_word' id='word_1_596' title='bbox 1897 4861 2003 4919; x_wconf 58' lang='grc' dir='ltr'>(ιυίὶ</span> <span class='ocrx_word' id='word_1_597' title='bbox 2039 4844 2268 4919; x_wconf 36' lang='lat' dir='ltr'><strong>sude“</strong></span> 
     </span>
    </p>
   </div>
   <div class='ocr_carea' id='block_1_87' title="bbox 680 4915 2268 4990">
    <p class='ocr_par' dir='ltr' id='par_1_87' title="bbox 680 4915 2268 4990">
     <span class='ocr_line' id='line_1_88' title="bbox 680 4915 2268 4990; baseline -0.001 -16"><span class='ocrx_word' id='word_1_598' title='bbox 680 4915 882 4990; x_wconf 79' lang='lat' dir='ltr'><strong>Agatlia</strong></span> <span class='ocrx_word' id='word_1_599' title='bbox 923 4936 949 4990; x_wconf 76' lang='lat'><strong>:_</strong></span> <span class='ocrx_word' id='word_1_600' title='bbox 968 4917 1087 4990; x_wconf 82' lang='lat' dir='ltr'><strong>quia</strong></span> <span class='ocrx_word' id='word_1_601' title='bbox 1115 4916 1298 4972; x_wconf 79' lang='lat' dir='ltr'><strong>testivis</strong></span> <span class='ocrx_word' id='word_1_602' title='bbox 1320 4915 1470 4969; x_wconf 89' lang='lat' dir='ltr'><strong>etiam</strong></span> <span class='ocrx_word' id='word_1_603' title='bbox 1491 4915 2182 4990; x_wconf 53' lang='lat' dir='ltr'><strong>lit_/t08yilto_lil_¢0,dlltlllll,</strong></span> <span class='ocrx_word' id='word_1_604' title='bbox 2219 4925 2268 4973; x_wconf 79' lang='lat' dir='ltr'><strong>et</strong></span> 
     </span>
    </p>
   </div>
   <div class='ocr_carea' id='block_1_88' title="bbox 682 4985 2268 5060">
    <p class='ocr_par' dir='ltr' id='par_1_88' title="bbox 682 4985 2268 5060">
     <span class='ocr_line' id='line_1_89' title="bbox 682 4985 2268 5060; baseline 0.001 -18"><span class='ocrx_word' id='word_1_605' title='bbox 682 4985 802 5045; x_wconf 66' lang='lat' dir='ltr'><strong>lacis</strong></span> <span class='ocrx_word' id='word_1_606' title='bbox 828 4985 1030 5060; x_wconf 77' lang='lat' dir='ltr'><strong>[rigidis</strong></span> <span class='ocrx_word' id='word_1_607' title='bbox 1058 4989 1224 5060; x_wconf 84' lang='lat' dir='ltr'><strong>ipsam</strong></span> <span class='ocrx_word' id='word_1_608' title='bbox 1261 4985 1757 5047; x_wconf 77' lang='lat' dir='ltr'><strong>consuetudinariam</strong></span> <span class='ocrx_word' id='word_1_609' title='bbox 1792 4985 2140 5056; x_wconf 74' lang='lat' dir='ltr'><strong>inﬁrmitatem</strong></span> <span class='ocrx_word' id='word_1_610' title='bbox 2180 5004 2268 5043; x_wconf 85' lang='lat' dir='ltr'><strong>su-</strong></span> 
     </span>
    </p>
   </div>
   <div class='ocr_carea' id='block_1_89' title="bbox 678 5058 1206 5118">
    <p class='ocr_par' dir='ltr' id='par_1_89' title="bbox 678 5058 1206 5118">
     <span class='ocr_line' id='line_1_90' title="bbox 678 5058 1206 5118; baseline -0.011 0"><span class='ocrx_word' id='word_1_611' title='bbox 678 5058 1022 5118; x_wconf 32' lang='lat' dir='ltr'><strong>stentare‘non</strong></span> <span class='ocrx_word' id='word_1_612' title='bbox 1046 5058 1206 5113; x_wconf 80' lang='lat' dir='ltr'><strong>valeo.</strong></span> 
     </span>
    </p>
   </div>
   <div class='ocr_carea' id='block_1_90' title="bbox 754 5126 2270 5208">
    <p class='ocr_par' dir='ltr' id='par_1_90' title="bbox 754 5126 2270 5208">
     <span class='ocr_line' id='line_1_91' title="bbox 754 5126 2270 5208; baseline -0.001 -22"><span class='ocrx_word' id='word_1_613' title='bbox 754 5130 819 5186; x_wconf 80' lang='lat' dir='ltr'><strong>Et</strong></span> <span class='ocrx_word' id='word_1_614' title='bbox 851 5129 1317 5208; x_wconf 57' lang='lat' dir='ltr'><strong>prwrogativw...&quot;</strong></span> <span class='ocrx_word' id='word_1_615' title='bbox 1355 5138 1595 5208; x_wconf 62' lang='lat' dir='ltr'><strong>possunt.</strong></span> <span class='ocrx_word' id='word_1_616' title='bbox 1641 5126 1769 5195; x_wconf 79' lang='lat' dir='ltr'><strong>ista,</strong></span> <span class='ocrx_word' id='word_1_617' title='bbox 1818 5142 1941 5208; x_wconf 76' lang='lat' dir='ltr'><strong>_q_u:e</strong></span> <span class='ocrx_word' id='word_1_618' title='bbox 1989 5137 2135 5208; x_wconf 80' lang='lat' dir='ltr'><strong>certe</strong></span> <span class='ocrx_word' id='word_1_619' title='bbox 2174 5142 2270 5208; x_wconf 30' lang='lat' dir='ltr'><strong>nie-</strong></span> 
     </span>
    </p>
   </div>
   <div class='ocr_carea' id='block_1_91' title="bbox 682 5197 2268 5270">
    <p class='ocr_par' dir='ltr' id='par_1_91' title="bbox 682 5197 2268 5270">
     <span class='ocr_line' id='line_1_92' title="bbox 682 5197 2268 5270; baseline -0.003 -12"><span class='ocrx_word' id='word_1_620' title='bbox 682 5197 911 5258; x_wconf 80' lang='lat' dir='ltr'><strong>cessaria</strong></span> <span class='ocrx_word' id='word_1_621' title='bbox 961 5197 1280 5270; x_wconf 23' lang='lat' dir='ltr'><strong>nouisunt,</strong></span> <span class='ocrx_word' id='word_1_622' title='bbox 1337 5197 1534 5255; x_wconf 86' lang='lat' dir='ltr'><strong>desunt</strong></span> <span class='ocrx_word' id='word_1_623' title='bbox 1561 5198 1628 5270; x_wconf 86' lang='lat' dir='ltr'><strong>in</strong></span> <span class='ocrx_word' id='word_1_624' title='bbox 1673 5213 1770 5255; x_wconf 74' lang='lat' dir='ltr'><strong>sex</strong></span> <span class='ocrx_word' id='word_1_625' title='bbox 1815 5197 1967 5254; x_wconf 85' lang='lat' dir='ltr'><strong>libris</strong></span> <span class='ocrx_word' id='word_1_626' title='bbox 2012 5200 2268 5270; x_wconf 88' lang='lat' dir='ltr'><strong>antiquis.</strong></span> 
     </span>
    </p>
   </div>
   <div class='ocr_carea' id='block_1_92' title="bbox 683 5269 2271 5343">
    <p class='ocr_par' dir='ltr' id='par_1_92' title="bbox 683 5269 2271 5343">
     <span class='ocr_line' id='line_1_93' title="bbox 683 5269 2271 5343; baseline -0.003 -15"><span class='ocrx_word' id='word_1_627' title='bbox 683 5272 816 5343; x_wconf 80' lang='lat' dir='ltr'><strong>Esse</strong></span> <span class='ocrx_word' id='word_1_628' title='bbox 844 5282 1020 5329; x_wconf 88' lang='lat' dir='ltr'><strong>tamen</strong></span> <span class='ocrx_word' id='word_1_629' title='bbox 1061 5269 1312 5343; x_wconf 88' lang='lat' dir='ltr'><strong>Cypriani</strong></span> <span class='ocrx_word' id='word_1_630' title='bbox 1356 5278 1509 5341; x_wconf 86' lang='lat' dir='ltr'><strong>putat</strong></span> <span class='ocrx_word' id='word_1_631' title='bbox 1535 5269 1877 5343; x_wconf 77' lang='lat' dir='ltr'><strong>_l’amelins_,_</strong></span> <span class='ocrx_word' id='word_1_632' title='bbox 1905 5270 1981 5324; x_wconf 87' lang='lat' dir='ltr'><strong>uti</strong></span> <span class='ocrx_word' id='word_1_633' title='bbox 2017 5285 2120 5343; x_wconf 80' lang='lat' dir='ltr'><strong>ego</strong></span> <span class='ocrx_word' id='word_1_634' title='bbox 2149 5269 2271 5343; x_wconf 81' lang='lat' dir='ltr'><strong>non</strong></span> 
     </span>
    </p>
   </div>
   <div class='ocr_carea' id='block_1_93' title="bbox 683 5338 2274 5414">
    <p class='ocr_par' dir='ltr' id='par_1_93' title="bbox 683 5338 2274 5414">
     <span class='ocr_line' id='line_1_94' title="bbox 683 5338 2274 5414; baseline -0.003 -15"><span class='ocrx_word' id='word_1_635' title='bbox 683 5341 917 5414; x_wconf 85' lang='lat' dir='ltr'><strong>dil‘liteor</strong></span> <span class='ocrx_word' id='word_1_636' title='bbox 954 5338 1332 5414; x_wconf 26' lang='lat' dir='ltr'><strong>quinipossint</strong></span> <span class='ocrx_word' id='word_1_637' title='bbox 1358 5338 1495 5414; x_wconf 32' lang='lat' dir='ltr'><strong>Tesse</strong></span> <span class='ocrx_word' id='word_1_638' title='bbox 1523 5338 2096 5414; x_wconf 77' lang='lat' dir='ltr'><strong>Cypriani._Manutius</strong></span> <span class='ocrx_word' id='word_1_639' title='bbox 2117 5339 2274 5414; x_wconf 80' lang='lat' dir='ltr'><strong>addi-</strong></span> 
     </span>
    </p>
   </div>
   <div class='ocr_carea' id='block_1_94' title="bbox 684 5410 2273 5482">
    <p class='ocr_par' dir='ltr' id='par_1_94' title="bbox 684 5410 2273 5482">
     <span class='ocr_line' id='line_1_95' title="bbox 684 5410 2273 5482; baseline -0.003 -14"><span class='ocrx_word' id='word_1_640' title='bbox 684 5413 846 5469; x_wconf 77' lang='lat' dir='ltr'><strong>ditex</strong></span> <span class='ocrx_word' id='word_1_641' title='bbox 870 5410 1057 5469; x_wconf 84' lang='lat' dir='ltr'><strong>codice</strong></span> <span class='ocrx_word' id='word_1_642' title='bbox 1083 5410 1377 5482; x_wconf 80' lang='lat' dir='ltr'><strong>Veronensi</strong></span> <span class='ocrx_word' id='word_1_643' title='bbox 1400 5452 1417 5480; x_wconf 91' lang='lat'><strong>,</strong></span> <span class='ocrx_word' id='word_1_644' title='bbox 1450 5421 1509 5467; x_wconf 76' lang='lat' dir='ltr'><strong>ut</strong></span> <span class='ocrx_word' id='word_1_645' title='bbox 1544 5410 1758 5482; x_wconf 81' lang='lat' dir='ltr'><strong>opinor.</strong></span> <span class='ocrx_word' id='word_1_646' title='bbox 1790 5410 2021 5467; x_wconf 80' lang='lat' dir='ltr'><strong>Exstant</strong></span> <span class='ocrx_word' id='word_1_647' title='bbox 2043 5412 2184 5466; x_wconf 91' lang='lat' dir='ltr'><strong>enim</strong></span> <span class='ocrx_word' id='word_1_648' title='bbox 2218 5412 2273 5482; x_wconf 87' lang='lat' dir='ltr'><strong>in</strong></span> 
     </span>
    </p>
   </div>
   <div class='ocr_carea' id='block_1_95' title="bbox 686 5480 2274 5554">
    <p class='ocr_par' dir='ltr' id='par_1_95' title="bbox 686 5480 2274 5554">
     <span class='ocr_line' id='line_1_96' title="bbox 686 5480 2274 5554; baseline -0.003 -14"><span class='ocrx_word' id='word_1_649' title='bbox 686 5483 951 5554; x_wconf 76' lang='lat' dir='ltr'><strong>Fuxensi,</strong></span> <span class='ocrx_word' id='word_1_650' title='bbox 989 5499 1145 5553; x_wconf 87' lang='lat' dir='ltr'><strong>quem</strong></span> <span class='ocrx_word' id='word_1_651' title='bbox 1175 5493 1300 5554; x_wconf 91' lang='lat' dir='ltr'><strong>puto</strong></span> <span class='ocrx_word' id='word_1_652' title='bbox 1338 5480 1661 5553; x_wconf 64' lang='lat' dir='ltr'><strong>descriptiun</strong></span> <span class='ocrx_word' id='word_1_653' title='bbox 1705 5497 1826 5539; x_wconf 86' lang='lat' dir='ltr'><strong>esse</strong></span> <span class='ocrx_word' id='word_1_654' title='bbox 1867 5497 1933 5536; x_wconf 81' lang='lat' dir='ltr'><strong>ex</strong></span> <span class='ocrx_word' id='word_1_655' title='bbox 1981 5481 2274 5537; x_wconf 87' lang='lat' dir='ltr'><strong>Veronensi</strong></span> 
     </span>
    </p>
   </div>
   <div class='ocr_carea' id='block_1_96' title="bbox 688 5553 2274 5635">
    <p class='ocr_par' dir='ltr' id='par_1_96' title="bbox 688 5553 2274 5635">
     <span class='ocr_line' id='line_1_97' title="bbox 688 5553 2274 5635; baseline -0.003 -23"><span class='ocrx_word' id='word_1_656' title='bbox 688 5567 775 5635; x_wconf 79' lang='lat' dir='ltr'><strong>aut</strong></span> <span class='ocrx_word' id='word_1_657' title='bbox 801 5553 1272 5635; x_wconf 79' lang='lat' dir='ltr'><strong>ex_alio__quoda_m</strong></span> <span class='ocrx_word' id='word_1_658' title='bbox 1310 5555 1508 5635; x_wconf 71' lang='lat' dir='ltr'><strong>simili,</strong></span> <span class='ocrx_word' id='word_1_659' title='bbox 1547 5564 1602 5610; x_wconf 85' lang='lat' dir='ltr'><strong>et</strong></span> <span class='ocrx_word' id='word_1_660' title='bbox 1642 5555 1700 5611; x_wconf 85' lang='lat' dir='ltr'><strong>in</strong></span> <span class='ocrx_word' id='word_1_661' title='bbox 1740 5553 2017 5610; x_wconf 85' lang='lat' dir='ltr'><strong>Beccensi.</strong></span> <span class='ocrx_word' id='word_1_662' title='bbox 2051 5554 2274 5609; x_wconf 73' lang='lat' dir='ltr'><strong>Exsutut</strong></span> 
     </span>
    </p>
   </div>
   <div class='ocr_carea' id='block_1_97' title="bbox 689 5624 1450 5688">
    <p class='ocr_par' dir='ltr' id='par_1_97' title="bbox 689 5624 1450 5688">
     <span class='ocr_line' id='line_1_98' title="bbox 689 5624 1450 5688; baseline -0.008 -4"><span class='ocrx_word' id='word_1_663' title='bbox 689 5626 839 5688; x_wconf 84' lang='lat' dir='ltr'><strong>etiam</strong></span> <span class='ocrx_word' id='word_1_664' title='bbox 868 5626 922 5681; x_wconf 89' lang='lat' dir='ltr'><strong>in</strong></span> <span class='ocrx_word' id='word_1_665' title='bbox 948 5624 1182 5680; x_wconf 90' lang='lat' dir='ltr'><strong>editione</strong></span> <span class='ocrx_word' id='word_1_666' title='bbox 1207 5624 1450 5681; x_wconf 77' lang='lat' dir='ltr'><strong>Morellii.</strong></span> 
     </span>
    </p>
   </div>
   <div class='ocr_carea' id='block_1_98' title="bbox 730 5693 2272 5772">
    <p class='ocr_par' dir='ltr' id='par_1_98' title="bbox 730 5693 2272 5772">
     <span class='ocr_line' id='line_1_99' title="bbox 730 5693 2272 5772; baseline -0.001 -22"><span class='ocrx_word' id='word_1_667' title='bbox 730 5696 895 5772; x_wconf 47' lang='lat' dir='ltr'><strong>.Apttd</strong></span> <span class='ocrx_word' id='word_1_668' title='bbox 956 5695 1424 5772; x_wconf 80' lang='lat' dir='ltr'><strong>diaconum.___Vide</strong></span> <span class='ocrx_word' id='word_1_669' title='bbox 1460 5695 1672 5772; x_wconf 73' lang='lat' dir='ltr'><strong>Petavii</strong></span> <span class='ocrx_word' id='word_1_670' title='bbox 1703 5693 1987 5772; x_wconf 69' lang='lat' dir='ltr'><strong>diatribam</strong></span> <span class='ocrx_word' id='word_1_671' title='bbox 2052 5696 2115 5749; x_wconf 85' lang='lat' dir='ltr'><strong>de</strong></span> <span class='ocrx_word' id='word_1_672' title='bbox 2154 5694 2272 5772; x_wconf 57' lang='lat' dir='ltr'><strong>(fa:-</strong></span> 
     </span>
    </p>
   </div>
   <div class='ocr_carea' id='block_1_99' title="bbox 693 5764 2269 5827">
    <p class='ocr_par' dir='ltr' id='par_1_99' title="bbox 693 5764 2269 5827">
     <span class='ocr_line' id='line_1_100' title="bbox 693 5764 2269 5827; baseline -0.003 0"><span class='ocrx_word' id='word_1_673' title='bbox 693 5764 896 5827; x_wconf 69' lang='lat' dir='ltr'><strong>ttitcntia</strong></span> <span class='ocrx_word' id='word_1_674' title='bbox 955 5775 1003 5827; x_wconf 81' lang='lat' dir='ltr'><strong>et</strong></span> <span class='ocrx_word' id='word_1_675' title='bbox 1065 5766 1471 5825; x_wconf 79' lang='lat' dir='ltr'><strong>reconciliatione</strong></span> <span class='ocrx_word' id='word_1_676' title='bbox 1523 5766 1698 5822; x_wconf 78' lang='lat' dir='ltr'><strong>ueteris</strong></span> <span class='ocrx_word' id='word_1_677' title='bbox 1753 5764 1999 5824; x_wconf 62' lang='lat' dir='ltr'><strong>Ecclesia</strong></span> <span class='ocrx_word' id='word_1_678' title='bbox 2048 5764 2269 5824; x_wconf 77' lang='lat' dir='ltr'><strong>moribus</strong></span> 
     </span>
    </p>
   </div>
   <div class='ocr_carea' id='block_1_100' title="bbox 2347 3856 2963 3926">
    <p class='ocr_par' dir='ltr' id='par_1_100' title="bbox 2347 3856 2963 3926">
     <span class='ocr_line' id='line_1_101' title="bbox 2347 3856 2963 3926; baseline 0 -14"><span class='ocrx_word' id='word_1_679' title='bbox 2347 3866 2548 3926; x_wconf 80' lang='lat' dir='ltr'><strong>recepta</strong></span> <span class='ocrx_word' id='word_1_680' title='bbox 2568 3899 2583 3925; x_wconf 93' lang='lat'><strong>,</strong></span> <span class='ocrx_word' id='word_1_681' title='bbox 2607 3872 2726 3926; x_wconf 85' lang='lat' dir='ltr'><strong>cap.</strong></span> <span class='ocrx_word' id='word_1_682' title='bbox 2749 3856 2786 3912; x_wconf 75' lang='grc'><strong>2</strong></span> <span class='ocrx_word' id='word_1_683' title='bbox 2827 3865 2882 3914; x_wconf 88' lang='lat' dir='ltr'><strong>et</strong></span> <span class='ocrx_word' id='word_1_684' title='bbox 2907 3859 2963 3912; x_wconf 72' lang='grc'><strong>4.</strong></span> 
     </span>
    </p>
   </div>
   <div class='ocr_carea' id='block_1_101' title="bbox 2470 3927 3954 4015">
    <p class='ocr_par' dir='ltr' id='par_1_101' title="bbox 2470 3927 3954 4015">
     <span class='ocr_line' id='line_1_102' title="bbox 2470 3927 3954 4015; baseline 0.007 -33"><span class='ocrx_word' id='word_1_685' title='bbox 2470 3927 2838 4015; x_wconf 68' lang='lat' dir='ltr'><strong>xoutologesin.</strong></span> <span class='ocrx_word' id='word_1_686' title='bbox 2904 3928 3034 4010; x_wconf 75' lang='lat' dir='ltr'><strong>Vide</strong></span> <span class='ocrx_word' id='word_1_687' title='bbox 3091 3929 3339 4015; x_wconf 76' lang='lat' dir='ltr'><strong>eamdem</strong></span> <span class='ocrx_word' id='word_1_688' title='bbox 3387 3933 3688 4015; x_wconf 48' lang='lat' dir='ltr'><strong>“diatribam</strong></span> <span class='ocrx_word' id='word_1_689' title='bbox 3724 3953 3878 4015; x_wconf 77' lang='lat' dir='ltr'><strong>__ca_p.</strong></span> <span class='ocrx_word' id='word_1_690' title='bbox 3927 3942 3954 3996; x_wconf 79' lang='grc' dir='ltr'><strong>ι</strong></span> 
     </span>
    </p>
   </div>
   <div class='ocr_carea' id='block_1_102' title="bbox 2348 3998 3957 4084">
    <p class='ocr_par' dir='ltr' id='par_1_102' title="bbox 2348 3998 3957 4084">
     <span class='ocr_line' id='line_1_103' title="bbox 2348 3998 3957 4084; baseline 0.007 -30"><span class='ocrx_word' id='word_1_691' title='bbox 2348 4009 2403 4081; x_wconf 80' lang='lat' dir='ltr'><strong>et</strong></span> <span class='ocrx_word' id='word_1_692' title='bbox 2426 3998 2482 4060; x_wconf 75' lang='grc'><strong>2.</strong></span> <span class='ocrx_word' id='word_1_693' title='bbox 2510 4010 2565 4053; x_wconf 88' lang='lat' dir='ltr'><strong>et</strong></span> <span class='ocrx_word' id='word_1_694' title='bbox 2595 3998 3084 4084; x_wconf 43' lang='lat' dir='ltr'><strong>anitn‘a_d_vers_i‘u_n‘cs</strong></span> <span class='ocrx_word' id='word_1_695' title='bbox 3115 4001 3356 4084; x_wconf 56' lang='lat' dir='ltr'><strong>eiusdem</strong></span> <span class='ocrx_word' id='word_1_696' title='bbox 3371 4003 3588 4084; x_wconf 53' lang='lat' dir='ltr'><strong>feutvii</strong></span> <span class='ocrx_word' id='word_1_697' title='bbox 3618 4008 3688 4084; x_wconf 78' lang='lat' dir='ltr'><strong>ad</strong></span> <span class='ocrx_word' id='word_1_698' title='bbox 3714 3998 3957 4084; x_wconf 62' lang='lat' dir='ltr'><strong>Epipha-</strong></span> 
     </span>
    </p>
   </div>
   <div class='ocr_carea' id='block_1_103' title="bbox 2350 4069 3707 4138">
    <p class='ocr_par' dir='ltr' id='par_1_103' title="bbox 2350 4069 3707 4138">
     <span class='ocr_line' id='line_1_104' title="bbox 2350 4069 3707 4138; baseline 0.01 -15"><span class='ocrx_word' id='word_1_699' title='bbox 2350 4072 2488 4123; x_wconf 90' lang='lat' dir='ltr'><strong>nium</strong></span> <span class='ocrx_word' id='word_1_700' title='bbox 2520 4085 2573 4138; x_wconf 95' lang='lat' dir='ltr'><strong>p.</strong></span> <span class='ocrx_word' id='word_1_701' title='bbox 2600 4069 2691 4133; x_wconf 76' lang='lat' dir='ltr'><strong>7i,</strong></span> <span class='ocrx_word' id='word_1_702' title='bbox 2717 4070 2828 4124; x_wconf 73' lang='lat'><strong>9.53</strong></span> <span class='ocrx_word' id='word_1_703' title='bbox 2849 4080 2904 4124; x_wconf 87' lang='lat' dir='ltr'><strong>et</strong></span> <span class='ocrx_word' id='word_1_704' title='bbox 2931 4072 3057 4138; x_wconf 76' lang='lat'><strong>2&#39;50,</strong></span> <span class='ocrx_word' id='word_1_705' title='bbox 3091 4069 3340 4127; x_wconf 82' lang='lat' dir='ltr'><strong>editionis</strong></span> <span class='ocrx_word' id='word_1_706' title='bbox 3370 4074 3707 4136; x_wconf 79' lang='lat' dir='ltr'><strong>Parisiensis.</strong></span> 
     </span>
    </p>
   </div>
   <div class='ocr_carea' id='block_1_104' title="bbox 2411 4141 3954 4216">
    <p class='ocr_par' dir='ltr' id='par_1_104' title="bbox 2411 4141 3954 4216">
     <span class='ocr_line' id='line_1_105' title="bbox 2411 4141 3954 4216; baseline 0.006 -19"><span class='ocrx_word' id='word_1_707' title='bbox 2411 4142 2593 4216; x_wconf 71' lang='lat' dir='ltr'><strong>Epist.</strong></span> <span class='ocrx_word' id='word_1_708' title='bbox 2618 4154 2827 4216; x_wconf 77' lang='lat' dir='ltr'><strong>xtn.-—</strong></span> <span class='ocrx_word' id='word_1_709' title='bbox 2855 4141 3263 4216; x_wconf 82' lang='lat' dir='ltr'><strong>Inscriptioncm</strong></span> <span class='ocrx_word' id='word_1_710' title='bbox 3290 4144 3445 4214; x_wconf 86' lang='lat' dir='ltr'><strong>linjus</strong></span> <span class='ocrx_word' id='word_1_711' title='bbox 3491 4147 3751 4216; x_wconf 74' lang='lat' dir='ltr'><strong>Epistula:</strong></span> <span class='ocrx_word' id='word_1_712' title='bbox 3794 4152 3954 4207; x_wconf 85' lang='lat' dir='ltr'><strong>talem</strong></span> 
     </span>
    </p>
   </div>
   <div class='ocr_carea' id='block_1_105' title="bbox 2352 4211 3962 4338">
    <p class='ocr_par' dir='ltr' id='par_1_105' title="bbox 2352 4211 3962 4338">
     <span class='ocr_line' id='line_1_106' title="bbox 2352 4211 3962 4338; baseline 0.012 -76"><span class='ocrx_word' id='word_1_713' title='bbox 2352 4213 2533 4338; x_wconf 52' lang='lat' dir='ltr'><strong>posui;</strong></span> <span class='ocrx_word' id='word_1_714' title='bbox 2561 4211 2771 4264; x_wconf 85' lang='lat' dir='ltr'><strong>dualem</strong></span> <span class='ocrx_word' id='word_1_715' title='bbox 2802 4213 2974 4279; x_wconf 87' lang='lat' dir='ltr'><strong>reperi</strong></span> <span class='ocrx_word' id='word_1_716' title='bbox 3018 4214 3069 4268; x_wconf 92' lang='lat' dir='ltr'><strong>in</strong></span> <span class='ocrx_word' id='word_1_717' title='bbox 3103 4211 3605 4288; x_wconf 58' lang='lat' dir='ltr'><strong>omuilms&#39;antiqtiis</strong></span> <span class='ocrx_word' id='word_1_718' title='bbox 3633 4219 3962 4288; x_wconf 84' lang='lat' dir='ltr'><strong>exemplari-</strong></span> 
     </span>
     <span class='ocr_line' id='line_1_107' title="bbox 2392 4280 3961 4338; baseline 0.001 -2"><span class='ocrx_word' id='word_1_719' title='bbox 2392 4296 2455 4337; x_wconf 89' lang='lat' dir='ltr'><strong>us</strong></span> <span class='ocrx_word' id='word_1_720' title='bbox 2474 4322 2488 4338; x_wconf 92' lang='lat'><strong>.</strong></span> <span class='ocrx_word' id='word_1_721' title='bbox 2523 4280 2732 4337; x_wconf 85' lang='lat' dir='ltr'><strong>duobus</strong></span> <span class='ocrx_word' id='word_1_722' title='bbox 2755 4284 2992 4338; x_wconf 72' lang='lat' dir='ltr'><strong>exceptis</strong></span> <span class='ocrx_word' id='word_1_723' title='bbox 3013 4325 3027 4338; x_wconf 90' lang='lat'><strong>.</strong></span> <span class='ocrx_word' id='word_1_724' title='bbox 3068 4285 3120 4338; x_wconf 90' lang='lat' dir='ltr'><strong>in</strong></span> <span class='ocrx_word' id='word_1_725' title='bbox 3146 4284 3342 4338; x_wconf 85' lang='lat' dir='ltr'><strong>uuibns</strong></span> <span class='ocrx_word' id='word_1_726' title='bbox 3371 4286 3566 4338; x_wconf 76' lang='lat' dir='ltr'><strong>lenitur</strong></span> <span class='ocrx_word' id='word_1_727' title='bbox 3599 4292 3961 4338; x_wconf 69' lang='lat' dir='ltr'><strong>eucharistiam</strong></span> 
     </span>
    </p>
   </div>
   <div class='ocr_carea' id='block_1_106' title="bbox 2392 4280 3961 4357">
    <p class='ocr_par' dir='ltr' id='par_1_106' title="bbox 2392 4280 3961 4357">
     <span class='ocr_line' id='line_1_108' title="bbox 2392 4280 3961 4357; baseline 0.007 -21"><span class='ocrx_word' id='word_1_728' title='bbox 2392 4296 2455 4337; x_wconf 91' lang='lat' dir='ltr'><strong>us</strong></span> <span class='ocrx_word' id='word_1_729' title='bbox 2474 4322 2488 4347; x_wconf 96' lang='lat'><strong>,</strong></span> <span class='ocrx_word' id='word_1_730' title='bbox 2523 4280 2732 4337; x_wconf 85' lang='lat' dir='ltr'><strong>duobus</strong></span> <span class='ocrx_word' id='word_1_731' title='bbox 2747 4284 2992 4357; x_wconf 70' lang='lat' dir='ltr'><strong>exceptis</strong></span> <span class='ocrx_word' id='word_1_732' title='bbox 3013 4325 3027 4348; x_wconf 93' lang='lat'><strong>,</strong></span> <span class='ocrx_word' id='word_1_733' title='bbox 3068 4285 3120 4339; x_wconf 90' lang='lat' dir='ltr'><strong>in</strong></span> <span class='ocrx_word' id='word_1_734' title='bbox 3146 4284 3342 4357; x_wconf 83' lang='lat' dir='ltr'><strong>quibus</strong></span> <span class='ocrx_word' id='word_1_735' title='bbox 3371 4280 3566 4357; x_wconf 78' lang='lat' dir='ltr'><strong>legitur</strong></span> <span class='ocrx_word' id='word_1_736' title='bbox 3599 4280 3961 4348; x_wconf 78' lang='lat' dir='ltr'><strong>eucharistiam</strong></span> 
     </span>
    </p>
   </div>
   <div class='ocr_carea' id='block_1_107' title="bbox 2354 4352 3962 4426">
    <p class='ocr_par' dir='ltr' id='par_1_107' title="bbox 2354 4352 3962 4426">
     <span class='ocr_line' id='line_1_109' title="bbox 2354 4352 3962 4426; baseline 0.012 -25"><span class='ocrx_word' id='word_1_737' title='bbox 2354 4367 2456 4426; x_wconf 77' lang='lat' dir='ltr'><strong>pro</strong></span> <span class='ocrx_word' id='word_1_738' title='bbox 2500 4368 2692 4426; x_wconf 76' lang='lat' dir='ltr'><strong>pacem.</strong></span> <span class='ocrx_word' id='word_1_739' title='bbox 2736 4352 2853 4426; x_wconf 82' lang='lat' dir='ltr'><strong>Quo</strong></span> <span class='ocrx_word' id='word_1_740' title='bbox 2882 4354 3039 4408; x_wconf 84' lang='lat' dir='ltr'><strong>etiam</strong></span> <span class='ocrx_word' id='word_1_741' title='bbox 3095 4352 3252 4426; x_wconf 72' lang='lat' dir='ltr'><strong>tundo</strong></span> <span class='ocrx_word' id='word_1_742' title='bbox 3292 4352 3486 4426; x_wconf 77' lang='lat' dir='ltr'><strong>legitur</strong></span> <span class='ocrx_word' id='word_1_743' title='bbox 3525 4359 3575 4413; x_wconf 92' lang='lat' dir='ltr'><strong>in</strong></span> <span class='ocrx_word' id='word_1_744' title='bbox 3622 4371 3808 4419; x_wconf 82' lang='lat' dir='ltr'><strong>vetere</strong></span> <span class='ocrx_word' id='word_1_745' title='bbox 3847 4364 3962 4419; x_wconf 82' lang='lat' dir='ltr'><strong>edi-</strong></span> 
     </span>
    </p>
   </div>
   <div class='ocr_carea' id='block_1_108' title="bbox 2278 4422 3961 4519">
    <p class='ocr_par' dir='ltr' id='par_1_108' title="bbox 2278 4422 3961 4519">
     <span class='ocr_line' id='line_1_110' title="bbox 2278 4422 3961 4519; baseline 0 0"><span class='ocrx_word' id='word_1_746' title='bbox 2278 4452 2333 4519; x_wconf 79' lang='lat' dir='ltr'><strong>n</strong></span> <span class='ocrx_word' id='word_1_747' title='bbox 2361 4422 3564 4519; x_wconf 55' lang='lat' dir='ltr'><strong>E‘EEE_XEEEE‘::-‘IL?‘£.q.?ii&#39;1..§°2i&#39;¥i&quot;£§§_</strong></span> <span class='ocrx_word' id='word_1_748' title='bbox 3579 4432 3878 4519; x_wconf 55' lang='grc' dir='ltr'>ριηξείιιρι</span> <span class='ocrx_word' id='word_1_749' title='bbox 3908 4436 3961 4490; x_wconf 75' lang='grc' dir='ltr'><strong>εει</strong></span> 
     </span>
    </p>
   </div>
   <div class='ocr_carea' id='block_1_109' title="bbox 2364 4492 3957 4570">
    <p class='ocr_par' dir='ltr' id='par_1_109' title="bbox 2364 4492 3957 4570">
     <span class='ocr_line' id='line_1_111' title="bbox 2364 4492 3957 4570; baseline 0.008 -22"><span class='ocrx_word' id='word_1_750' title='bbox 2364 4492 2690 4570; x_wconf 81' lang='lat' dir='ltr'><strong>editionilius</strong></span> <span class='ocrx_word' id='word_1_751' title='bbox 2719 4493 2929 4570; x_wconf 80' lang='lat' dir='ltr'><strong>Erasini</strong></span> <span class='ocrx_word' id='word_1_752' title='bbox 2954 4506 3007 4550; x_wconf 89' lang='lat' dir='ltr'><strong>et</strong></span> <span class='ocrx_word' id='word_1_753' title='bbox 3034 4492 3279 4552; x_wconf 79' lang='lat' dir='ltr'><strong>Morellii.</strong></span> <span class='ocrx_word' id='word_1_754' title='bbox 3306 4497 3414 4570; x_wconf 72' lang='lat' dir='ltr'><strong>Sed</strong></span> <span class='ocrx_word' id='word_1_755' title='bbox 3440 4499 3735 4570; x_wconf 87' lang='lat' dir='ltr'><strong>Spirensis,</strong></span> <span class='ocrx_word' id='word_1_756' title='bbox 3769 4492 3957 4560; x_wconf 66' lang='lat' dir='ltr'><strong>hiann-</strong></span> 
     </span>
    </p>
   </div>
   <div class='ocr_carea' id='block_1_110' title="bbox 2367 4565 3964 4646">
    <p class='ocr_par' dir='ltr' id='par_1_110' title="bbox 2367 4565 3964 4646">
     <span class='ocr_line' id='line_1_112' title="bbox 2367 4565 3964 4646; baseline 0.01 -30"><span class='ocrx_word' id='word_1_757' title='bbox 2367 4565 2531 4627; x_wconf 86' lang='lat' dir='ltr'><strong>tiana,</strong></span> <span class='ocrx_word' id='word_1_758' title='bbox 2560 4573 2772 4646; x_wconf 39' lang='lat' dir='ltr'><strong>caetera:</strong></span> <span class='ocrx_word' id='word_1_759' title='bbox 2790 4604 2806 4629; x_wconf 95' lang='lat'><strong>,</strong></span> <span class='ocrx_word' id='word_1_760' title='bbox 2836 4565 3035 4646; x_wconf 67' lang='lat' dir='ltr'><strong>liabent</strong></span> <span class='ocrx_word' id='word_1_761' title='bbox 3060 4582 3255 4638; x_wconf 84' lang='lat' dir='ltr'><strong>pacem.</strong></span> <span class='ocrx_word' id='word_1_762' title='bbox 3287 4566 3448 4640; x_wconf 77' lang='lat' dir='ltr'><strong>Angli</strong></span> <span class='ocrx_word' id='word_1_763' title='bbox 3483 4565 3643 4628; x_wconf 80' lang='lat' dir='ltr'><strong>aliter</strong></span> <span class='ocrx_word' id='word_1_764' title='bbox 3666 4565 3964 4644; x_wconf 83' lang='lat' dir='ltr'><strong>posuerunt</strong></span> 
     </span>
    </p>
   </div>
   <div class='ocr_carea' id='block_1_111' title="bbox 2366 4644 3001 4706">
    <p class='ocr_par' dir='ltr' id='par_1_111' title="bbox 2366 4644 3001 4706">
     <span class='ocr_line' id='line_1_113' title="bbox 2366 4644 3001 4706; baseline 0.005 -18"><span class='ocrx_word' id='word_1_765' title='bbox 2366 4650 2463 4706; x_wconf 88' lang='lat' dir='ltr'><strong>pro</strong></span> <span class='ocrx_word' id='word_1_766' title='bbox 2488 4644 2644 4706; x_wconf 80' lang='lat' dir='ltr'><strong>captu</strong></span> <span class='ocrx_word' id='word_1_767' title='bbox 2675 4644 2868 4706; x_wconf 67' lang='lat' dir='ltr'><strong>ingenii</strong></span> <span class='ocrx_word' id='word_1_768' title='bbox 2898 4644 3001 4691; x_wconf 89' lang='lat' dir='ltr'><strong>sui.</strong></span> 
     </span>
    </p>
   </div>
   <div class='ocr_carea' id='block_1_112' title="bbox 2358 4704 3966 4787">
    <p class='ocr_par' dir='ltr' id='par_1_112' title="bbox 2358 4704 3966 4787">
     <span class='ocr_line' id='line_1_114' title="bbox 2358 4704 3966 4787; baseline 0.009 -29"><span class='ocrx_word' id='word_1_769' title='bbox 2358 4704 2379 4743; x_wconf 64' lang='grc' dir='ltr'><strong><em>ί</em></strong></span> <span class='ocrx_word' id='word_1_770' title='bbox 2440 4706 2482 4762; x_wconf 89' lang='lat' dir='ltr'><strong>l.</strong></span> <span class='ocrx_word' id='word_1_771' title='bbox 2513 4704 2582 4747; x_wconf 58' lang='lat'><strong>-—4</strong></span> <span class='ocrx_word' id='word_1_772' title='bbox 2603 4704 2778 4787; x_wconf 42' lang='lat' dir='ltr'><strong>Brittii&quot;.</strong></span> <span class='ocrx_word' id='word_1_773' title='bbox 2815 4708 3052 4777; x_wconf 76' lang='lat' dir='ltr'><strong>prterepti</strong></span> <span class='ocrx_word' id='word_1_774' title='bbox 3081 4724 3287 4787; x_wconf 52' lang='lat' dir='ltr'><strong>memor&quot;.</strong></span> <span class='ocrx_word' id='word_1_775' title='bbox 3316 4708 3678 4787; x_wconf 62' lang='lat' dir='ltr'><strong>Locumiiuttc</strong></span> <span class='ocrx_word' id='word_1_776' title='bbox 3690 4717 3966 4787; x_wconf 85' lang='lat' dir='ltr'><strong>supplevi-</strong></span> 
     </span>
    </p>
   </div>
   <div class='ocr_carea' id='block_1_113' title="bbox 2368 4776 3965 4856">
    <p class='ocr_par' dir='ltr' id='par_1_113' title="bbox 2368 4776 3965 4856">
     <span class='ocr_line' id='line_1_115' title="bbox 2368 4776 3965 4856; baseline 0.011 -28"><span class='ocrx_word' id='word_1_777' title='bbox 2368 4791 2486 4856; x_wconf 68' lang='lat' dir='ltr'><strong>mns</strong></span> <span class='ocrx_word' id='word_1_778' title='bbox 2518 4792 2593 4856; x_wconf 76' lang='lat' dir='ltr'><strong>ex</strong></span> <span class='ocrx_word' id='word_1_779' title='bbox 2641 4776 3489 4856; x_wconf 42' lang='lat' dir='ltr'><strong>fide.vetusthodicisilegiani.</strong></span> <span class='ocrx_word' id='word_1_780' title='bbox 3519 4776 3965 4856; x_wconf 62' lang='lat' dir='ltr'><strong>Respicit&#39;autcm</strong></span> 
     </span>
    </p>
   </div>
   <div class='ocr_carea' id='block_1_114' title="bbox 2368 4845 3961 4919">
    <p class='ocr_par' dir='ltr' id='par_1_114' title="bbox 2368 4845 3961 4919">
     <span class='ocr_line' id='line_1_116' title="bbox 2368 4845 3961 4919; baseline 0.01 -20"><span class='ocrx_word' id='word_1_781' title='bbox 2368 4846 2666 4919; x_wconf 66' lang='lat' dir='ltr'><strong>Cyprianus</strong></span> <span class='ocrx_word' id='word_1_782' title='bbox 2711 4845 2777 4901; x_wconf 89' lang='lat' dir='ltr'><strong>ad</strong></span> <span class='ocrx_word' id='word_1_783' title='bbox 2820 4849 2946 4903; x_wconf 92' lang='lat' dir='ltr'><strong>illud</strong></span> <span class='ocrx_word' id='word_1_784' title='bbox 2979 4848 3253 4919; x_wconf 87' lang='lat' dir='ltr'><strong>Evangelii</strong></span> <span class='ocrx_word' id='word_1_785' title='bbox 3276 4845 3575 4909; x_wconf 59' lang='lat' dir='ltr'><strong>secundum</strong></span> <span class='ocrx_word' id='word_1_786' title='bbox 3606 4845 3961 4915; x_wconf 65' lang='lat' dir='ltr'><strong>Hatthazum:</strong></span> 
     </span>
    </p>
   </div>
   <div class='ocr_carea' id='block_1_115' title="bbox 2370 4916 3679 4986">
    <p class='ocr_par' dir='ltr' id='par_1_115' title="bbox 2370 4916 3679 4986">
     <span class='ocr_line' id='line_1_117' title="bbox 2370 4916 3679 4986; baseline 0.008 -16"><span class='ocrx_word' id='word_1_787' title='bbox 2370 4916 2563 4972; x_wconf 77' lang='lat' dir='ltr'><strong>Discite</strong></span> <span class='ocrx_word' id='word_1_788' title='bbox 2589 4936 2619 4971; x_wconf 92' lang='lat' dir='ltr'><strong>a</strong></span> <span class='ocrx_word' id='word_1_789' title='bbox 2641 4934 2720 4972; x_wconf 87' lang='lat' dir='ltr'><strong>me</strong></span> <span class='ocrx_word' id='word_1_790' title='bbox 2749 4919 2868 4986; x_wconf 86' lang='lat' dir='ltr'><strong>quia</strong></span> <span class='ocrx_word' id='word_1_791' title='bbox 2894 4920 3030 4975; x_wconf 88' lang='lat' dir='ltr'><strong>mitis</strong></span> <span class='ocrx_word' id='word_1_792' title='bbox 3055 4916 3167 4974; x_wconf 78' lang='lat' dir='ltr'><strong>sum</strong></span> <span class='ocrx_word' id='word_1_793' title='bbox 3197 4930 3243 4974; x_wconf 87' lang='lat' dir='ltr'><strong>et</strong></span> <span class='ocrx_word' id='word_1_794' title='bbox 3272 4920 3480 4979; x_wconf 76' lang='lat' dir='ltr'><strong>Immitis</strong></span> <span class='ocrx_word' id='word_1_795' title='bbox 3504 4926 3679 4982; x_wconf 77' lang='lat' dir='ltr'><strong>corde.</strong></span> 
     </span>
    </p>
   </div>
   <div class='ocr_carea' id='block_1_116' title="bbox 2446 4987 3969 5066">
    <p class='ocr_par' dir='ltr' id='par_1_116' title="bbox 2446 4987 3969 5066">
     <span class='ocr_line' id='line_1_118' title="bbox 2446 4987 3969 5066; baseline 0.011 -25"><span class='ocrx_word' id='word_1_796' title='bbox 2446 4987 2833 5066; x_wconf 66' lang='lat' dir='ltr'><strong>0pcribus._ltu</strong></span> <span class='ocrx_word' id='word_1_797' title='bbox 2878 4990 3045 5045; x_wconf 79' lang='lat' dir='ltr'><strong>codex</strong></span> <span class='ocrx_word' id='word_1_798' title='bbox 3090 4991 3263 5066; x_wconf 82' lang='lat' dir='ltr'><strong>sancti</strong></span> <span class='ocrx_word' id='word_1_799' title='bbox 3307 4993 3549 5066; x_wconf 84' lang='lat' dir='ltr'><strong>Dionysii</strong></span> <span class='ocrx_word' id='word_1_800' title='bbox 3590 4995 3875 5055; x_wconf 83' lang='lat' dir='ltr'><strong>Bemensis</strong></span> <span class='ocrx_word' id='word_1_801' title='bbox 3912 5009 3969 5057; x_wconf 85' lang='lat' dir='ltr'><strong>et</strong></span> 
     </span>
    </p>
   </div>
   <div class='ocr_carea' id='block_1_117' title="bbox 2372 5057 3970 5131">
    <p class='ocr_par' dir='ltr' id='par_1_117' title="bbox 2372 5057 3970 5131">
     <span class='ocr_line' id='line_1_119' title="bbox 2372 5057 3970 5131; baseline 0.009 -19"><span class='ocrx_word' id='word_1_802' title='bbox 2372 5057 2930 5131; x_wconf 62' lang='lat' dir='ltr'><strong>Gratianopolitanus,</strong></span> <span class='ocrx_word' id='word_1_803' title='bbox 2975 5070 3084 5117; x_wconf 89' lang='lat' dir='ltr'><strong>tum</strong></span> <span class='ocrx_word' id='word_1_804' title='bbox 3114 5062 3277 5118; x_wconf 82' lang='lat' dir='ltr'><strong>etiam</strong></span> <span class='ocrx_word' id='word_1_805' title='bbox 3308 5057 3463 5119; x_wconf 73' lang='lat' dir='ltr'><strong>vetus</strong></span> <span class='ocrx_word' id='word_1_806' title='bbox 3489 5064 3652 5121; x_wconf 90' lang='lat' dir='ltr'><strong>editio</strong></span> <span class='ocrx_word' id='word_1_807' title='bbox 3681 5067 3886 5127; x_wconf 83' lang='lat' dir='ltr'><strong>Veneta</strong></span> <span class='ocrx_word' id='word_1_808' title='bbox 3912 5081 3970 5127; x_wconf 84' lang='lat' dir='ltr'><strong>et</strong></span> 
     </span>
    </p>
   </div>
   <div class='ocr_carea' id='block_1_118' title="bbox 2370 5129 3968 5198">
    <p class='ocr_par' dir='ltr' id='par_1_118' title="bbox 2370 5129 3968 5198">
     <span class='ocr_line' id='line_1_120' title="bbox 2370 5129 3968 5198; baseline 0.008 -13"><span class='ocrx_word' id='word_1_809' title='bbox 2370 5129 2701 5185; x_wconf 64' lang='lat' dir='ltr'><strong>Mixrclliaiia.</strong></span> <span class='ocrx_word' id='word_1_810' title='bbox 2734 5133 2867 5186; x_wconf 77' lang='lat' dir='ltr'><strong>Alia:</strong></span> <span class='ocrx_word' id='word_1_811' title='bbox 2898 5142 3107 5188; x_wconf 88' lang='lat' dir='ltr'><strong>veteres</strong></span> <span class='ocrx_word' id='word_1_812' title='bbox 3126 5133 3390 5189; x_wconf 88' lang='lat' dir='ltr'><strong>editiones</strong></span> <span class='ocrx_word' id='word_1_813' title='bbox 3418 5144 3475 5190; x_wconf 91' lang='lat' dir='ltr'><strong>et</strong></span> <span class='ocrx_word' id='word_1_814' title='bbox 3500 5152 3690 5193; x_wconf 87' lang='lat' dir='ltr'><strong>novem</strong></span> <span class='ocrx_word' id='word_1_815' title='bbox 3724 5140 3849 5196; x_wconf 89' lang='lat' dir='ltr'><strong>libri</strong></span> <span class='ocrx_word' id='word_1_816' title='bbox 3879 5159 3968 5198; x_wconf 75' lang='lat' dir='ltr'><strong>ve-</strong></span> 
     </span>
    </p>
   </div>
   <div class='ocr_carea' id='block_1_119' title="bbox 2376 5200 3970 5280">
    <p class='ocr_par' dir='ltr' id='par_1_119' title="bbox 2376 5200 3970 5280">
     <span class='ocr_line' id='line_1_121' title="bbox 2376 5200 3970 5280; baseline 0.009 -25"><span class='ocrx_word' id='word_1_817' title='bbox 2376 5209 2517 5255; x_wconf 82' lang='lat' dir='ltr'><strong>tercs</strong></span> <span class='ocrx_word' id='word_1_818' title='bbox 2546 5200 2746 5257; x_wconf 81' lang='lat' dir='ltr'><strong>habent</strong></span> <span class='ocrx_word' id='word_1_819' title='bbox 2772 5202 3113 5280; x_wconf 70' lang='lat' dir='ltr'><strong>opinionibus.</strong></span> <span class='ocrx_word' id='word_1_820' title='bbox 3157 5204 3270 5275; x_wconf 82' lang='lat' dir='ltr'><strong>Ego</strong></span> <span class='ocrx_word' id='word_1_821' title='bbox 3299 5207 3525 5274; x_wconf 69' lang='lat' dir='ltr'><strong>praefero</strong></span> <span class='ocrx_word' id='word_1_822' title='bbox 3545 5209 3803 5280; x_wconf 79' lang='lat' dir='ltr'><strong>operibus,</strong></span> <span class='ocrx_word' id='word_1_823' title='bbox 3838 5227 3970 5269; x_wconf 88' lang='lat' dir='ltr'><strong>voce</strong></span> 
     </span>
    </p>
   </div>
   <div class='ocr_carea' id='block_1_120' title="bbox 2373 5273 3006 5343">
    <p class='ocr_par' dir='ltr' id='par_1_120' title="bbox 2373 5273 3006 5343">
     <span class='ocr_line' id='line_1_122' title="bbox 2373 5273 3006 5343; baseline 0.002 -17"><span class='ocrx_word' id='word_1_824' title='bbox 2373 5281 2523 5343; x_wconf 74' lang='lat' dir='ltr'><strong>sueta</strong></span> <span class='ocrx_word' id='word_1_825' title='bbox 2553 5282 2740 5327; x_wconf 80' lang='lat' dir='ltr'><strong>sancto</strong></span> <span class='ocrx_word' id='word_1_826' title='bbox 2770 5273 3006 5343; x_wconf 84' lang='lat' dir='ltr'><strong>Martyri.</strong></span> 
     </span>
    </p>
   </div>
   <div class='ocr_carea' id='block_1_121' title="bbox 2447 5340 3972 5420">
    <p class='ocr_par' dir='ltr' id='par_1_121' title="bbox 2447 5340 3972 5420">
     <span class='ocr_line' id='line_1_123' title="bbox 2447 5340 3972 5420; baseline 0.01 -25"><span class='ocrx_word' id='word_1_827' title='bbox 2447 5340 2517 5420; x_wconf 84' lang='lat' dir='ltr'><strong>il._</strong></span> <span class='ocrx_word' id='word_1_828' title='bbox 2540 5343 2796 5420; x_wconf 44' lang='grc' dir='ltr'><strong>-τηνοιήσ</strong></span> <span class='ocrx_word' id='word_1_829' title='bbox 2820 5361 2852 5396; x_wconf 91' lang='lat' dir='ltr'><strong>a</strong></span> <span class='ocrx_word' id='word_1_830' title='bbox 2873 5340 2971 5420; x_wconf 75' lang='lat' dir='ltr'><strong>me.</strong></span> <span class='ocrx_word' id='word_1_831' title='bbox 2991 5344 3045 5420; x_wconf 84' lang='lat' dir='ltr'><strong>In</strong></span> <span class='ocrx_word' id='word_1_832' title='bbox 3070 5346 3207 5420; x_wconf 80' lang='lat' dir='ltr'><strong>libro</strong></span> <span class='ocrx_word' id='word_1_833' title='bbox 3237 5347 3493 5403; x_wconf 76' lang='lat' dir='ltr'><strong>lteccensi</strong></span> <span class='ocrx_word' id='word_1_834' title='bbox 3515 5349 3710 5420; x_wconf 83' lang='lat' dir='ltr'><strong>legitur</strong></span> <span class='ocrx_word' id='word_1_835' title='bbox 3731 5394 3746 5420; x_wconf 94' lang='lat'><strong>,</strong></span> <span class='ocrx_word' id='word_1_836' title='bbox 3775 5353 3913 5409; x_wconf 76' lang='lat' dir='ltr'><strong>vobis</strong></span> <span class='ocrx_word' id='word_1_837' title='bbox 3936 5370 3972 5409; x_wconf 78' lang='grc' dir='ltr'><em>α</em></span> 
     </span>
    </p>
   </div>
   <div class='ocr_carea' id='block_1_122' title="bbox 2373 5414 3623 5487">
    <p class='ocr_par' dir='ltr' id='par_1_122' title="bbox 2373 5414 3623 5487">
     <span class='ocr_line' id='line_1_124' title="bbox 2373 5414 3623 5487; baseline 0.006 -19"><span class='ocrx_word' id='word_1_838' title='bbox 2373 5428 2452 5468; x_wconf 83' lang='lat' dir='ltr'><strong>me</strong></span> <span class='ocrx_word' id='word_1_839' title='bbox 2463 5414 2596 5487; x_wconf 81' lang='lat' dir='ltr'><strong>_da_ri</strong></span> <span class='ocrx_word' id='word_1_840' title='bbox 2611 5414 2808 5487; x_wconf 61' lang='lat' dir='ltr'><strong>litteras</strong></span> <span class='ocrx_word' id='word_1_841' title='bbox 2826 5456 2841 5479; x_wconf 92' lang='lat'><strong>,</strong></span> <span class='ocrx_word' id='word_1_842' title='bbox 2868 5417 3039 5487; x_wconf 72' lang='lat' dir='ltr'><strong>sciatis</strong></span> <span class='ocrx_word' id='word_1_843' title='bbox 3065 5418 3213 5486; x_wconf 83' lang='lat' dir='ltr'><strong>plene</strong></span> <span class='ocrx_word' id='word_1_844' title='bbox 3232 5419 3495 5487; x_wconf 81' lang='lat' dir='ltr'><strong>scripsisse</strong></span> <span class='ocrx_word' id='word_1_845' title='bbox 3526 5414 3623 5475; x_wconf 65' lang='lat' dir='ltr'><strong>me.</strong></span> 
     </span>
    </p>
   </div>
   <div class='ocr_carea' id='block_1_123' title="bbox 2450 5483 3973 5553">
    <p class='ocr_par' dir='ltr' id='par_1_123' title="bbox 2450 5483 3973 5553">
     <span class='ocr_line' id='line_1_125' title="bbox 2450 5483 3973 5553; baseline 0.009 -18"><span class='ocrx_word' id='word_1_846' title='bbox 2450 5483 2551 5548; x_wconf 83' lang='lat' dir='ltr'><strong>Qui</strong></span> <span class='ocrx_word' id='word_1_847' title='bbox 2601 5483 2849 5539; x_wconf 81' lang='lat' dir='ltr'><strong>libellum.</strong></span> <span class='ocrx_word' id='word_1_848' title='bbox 2906 5485 3037 5542; x_wconf 80' lang='lat' dir='ltr'><strong>Vide</strong></span> <span class='ocrx_word' id='word_1_849' title='bbox 3066 5483 3587 5546; x_wconf 71' lang='lat' dir='ltr'><strong>animadversiones</strong></span> <span class='ocrx_word' id='word_1_850' title='bbox 3642 5492 3843 5553; x_wconf 79' lang='lat' dir='ltr'><strong>Petavii</strong></span> <span class='ocrx_word' id='word_1_851' title='bbox 3903 5495 3973 5549; x_wconf 80' lang='lat' dir='ltr'><strong>ad</strong></span> 
     </span>
    </p>
   </div>
   <div class='ocr_carea' id='block_1_124' title="bbox 2375 5552 3974 5625">
    <p class='ocr_par' dir='ltr' id='par_1_124' title="bbox 2375 5552 3974 5625">
     <span class='ocr_line' id='line_1_126' title="bbox 2375 5552 3974 5625; baseline 0.013 -24"><span class='ocrx_word' id='word_1_852' title='bbox 2375 5552 2725 5625; x_wconf 74' lang='lat' dir='ltr'><strong>Epiphaniam</strong></span> <span class='ocrx_word' id='word_1_853' title='bbox 2777 5571 2834 5625; x_wconf 90' lang='lat' dir='ltr'><strong>p.</strong></span> <span class='ocrx_word' id='word_1_854' title='bbox 2886 5556 3012 5621; x_wconf 71' lang='grc'><strong>255,</strong></span> <span class='ocrx_word' id='word_1_855' title='bbox 3071 5559 3196 5625; x_wconf 67' lang='lat'><strong>250,</strong></span> <span class='ocrx_word' id='word_1_856' title='bbox 3254 5559 3503 5614; x_wconf 85' lang='lat' dir='ltr'><strong>editionis</strong></span> <span class='ocrx_word' id='word_1_857' title='bbox 3560 5563 3877 5619; x_wconf 83' lang='lat' dir='ltr'><strong>i’arisiensis</strong></span> <span class='ocrx_word' id='word_1_858' title='bbox 3916 5575 3974 5621; x_wconf 87' lang='lat' dir='ltr'><strong>et</strong></span> 
     </span>
    </p>
   </div>
   <div class='ocr_carea' id='block_1_125' title="bbox 2375 5624 3975 5753">
    <p class='ocr_par' dir='ltr' id='par_1_125' title="bbox 2375 5624 3975 5753">
     <span class='ocr_line' id='line_1_127' title="bbox 2375 5624 3975 5753; baseline 0.009 -77"><span class='ocrx_word' id='word_1_859' title='bbox 2375 5624 2630 5752; x_wconf 50' lang='grc' dir='ltr'>ἓίιιιῆιὲιι</span> <span class='ocrx_word' id='word_1_860' title='bbox 2655 5667 2669 5691; x_wconf 85' lang='grc'><strong>,</strong></span> <span class='ocrx_word' id='word_1_861' title='bbox 2688 5626 2896 5753; x_wconf 41' lang='grc' dir='ltr'>ἰιίόυιίι</span> <span class='ocrx_word' id='word_1_862' title='bbox 2922 5628 2983 5681; x_wconf 88' lang='lat' dir='ltr'><strong>de</strong></span> <span class='ocrx_word' id='word_1_863' title='bbox 3012 5626 3185 5683; x_wconf 76' lang='lat' dir='ltr'><strong>Ptenis</strong></span> <span class='ocrx_word' id='word_1_864' title='bbox 3214 5640 3259 5683; x_wconf 87' lang='lat' dir='ltr'><strong>et</strong></span> <span class='ocrx_word' id='word_1_865' title='bbox 3280 5632 3710 5701; x_wconf 77' lang='lat' dir='ltr'><strong>satisfactiouibus</strong></span> <span class='ocrx_word' id='word_1_866' title='bbox 3736 5636 3975 5691; x_wconf 79' lang='lat' dir='ltr'><strong>humanis</strong></span> 
     </span>
     <span class='ocr_line' id='line_1_128' title="bbox 2408 5712 2844 5753; baseline 0.014 -8"><span class='ocrx_word' id='word_1_867' title='bbox 2408 5712 2417 5725; x_wconf 89' lang='lat'><strong><em>&#39;</em></strong></span> <span class='ocrx_word' id='word_1_868' title='bbox 2444 5713 2494 5753; x_wconf 82' lang='grc' dir='ltr'><strong>Ι).</strong></span> <span class='ocrx_word' id='word_1_869' title='bbox 2592 5736 2606 5753; x_wconf 72' lang='grc'><strong>,</strong></span> <span class='ocrx_word' id='word_1_870' title='bbox 2636 5712 2689 5753; x_wconf 74' lang='grc' dir='ltr'><strong>ι).</strong></span> <span class='ocrx_word' id='word_1_871' title='bbox 2728 5713 2744 5749; x_wconf 75' lang='grc' dir='ltr'><strong><em>Ι</em></strong></span> <span class='ocrx_word' id='word_1_872' title='bbox 2831 5737 2844 5751; x_wconf 76' lang='grc' dir='ltr'><strong>ι</strong></span> 
     </span>
    </p>
   </div>
   <div class='ocr_carea' id='block_1_126' title="bbox 2375 5711 2844 5765">
    <p class='ocr_par' dir='ltr' id='par_1_126' title="bbox 2375 5711 2844 5765">
     <span class='ocr_line' id='line_1_129' title="bbox 2375 5711 2844 5765; baseline -0.002 -13"><span class='ocrx_word' id='word_1_873' title='bbox 2375 5711 2494 5763; x_wconf 86' lang='lat' dir='ltr'><strong>cap.</strong></span> <span class='ocrx_word' id='word_1_874' title='bbox 2524 5711 2606 5760; x_wconf 81' lang='lat' dir='ltr'><strong>‘ID,</strong></span> <span class='ocrx_word' id='word_1_875' title='bbox 2636 5712 2689 5765; x_wconf 90' lang='lat' dir='ltr'><strong>p.</strong></span> <span class='ocrx_word' id='word_1_876' title='bbox 2728 5711 2844 5753; x_wconf 74' lang='grc' dir='ltr'>ιυυ.</span> 
     </span>
    </p>
   </div>
   <div class='ocr_carea' id='block_1_127' title="bbox 2448 5765 3982 5847">
    <p class='ocr_par' dir='ltr' id='par_1_127' title="bbox 2448 5765 3982 5847">
     <span class='ocr_line' id='line_1_130' title="bbox 2448 5765 3982 5847; baseline 0.012 -27"><span class='ocrx_word' id='word_1_877' title='bbox 2448 5765 2778 5839; x_wconf 80' lang='lat' dir='ltr'><strong>Acceperunt.</strong></span> <span class='ocrx_word' id='word_1_878' title='bbox 2837 5768 3020 5829; x_wconf 83' lang='lat' dir='ltr'><strong>Codex</strong></span> <span class='ocrx_word' id='word_1_879' title='bbox 3067 5769 3596 5847; x_wconf 81' lang='lat' dir='ltr'><strong>Gratianopolitanus</strong></span> <span class='ocrx_word' id='word_1_880' title='bbox 3652 5773 3817 5835; x_wconf 81' lang='lat' dir='ltr'><strong>habet</strong></span> <span class='ocrx_word' id='word_1_881' title='bbox 3845 5794 3861 5833; x_wconf 83' lang='lat'><strong>:</strong></span> <span class='ocrx_word' id='word_1_882' title='bbox 3889 5776 3982 5837; x_wconf 83' lang='lat' dir='ltr'><strong>lo-</strong></span> 
     </span>
    </p>
   </div>
  </div>
