4250 6282
237 285 356 342 261

1639 274 1970 341 EPISTOLA
2010 277 2152 340 XIV.

3444 287 3552 345 262

245 397 434 468 logesi
482 396 622 453 facta
697 402 750 451 et
789 409 949 452 manu
977 396 1054 453 eis
1103 409 1133 450 a
1183 396 1337 452 vobis
1389 397 1443 452 in
1491 399 1856 467 pmnitcntiam
1885 400 1938 462 Α
1965 399 2356 460 Αιιιςωιεῐιτυιι.
2392 433 2458 446 --
2485 408 2723 466 Secessus
2753 414 2834 467 sui
2882 423 2927 469 et
2973 433 3148 474 eorum
3195 435 3307 490 qua:
3352 420 3404 475 in
3459 419 3551 477 illo

244 491 530 562 imposita,
560 504 680 546 cum
706 503 838 559 pace
886 504 915 542 a
957 489 1281 560 martyribus
1325 489 1425 544 sibi
1479 491 1739 558 promissa
1784 490 1854 544 ad

243 583 541 638 Dominum
572 583 933 636 remittantur.
961 579 1152 636 Caneri
1184 595 1315 636 vero
1341 581 1453 652 qui,
1485 581 1628 635 nullo
1677 582 1858 637 libello

241 688 274 730 a
301 673 636 744 martyribus
659 683 903 743 accepto,
939 672 1190 729 invidiam
1212 673 1431 738 faciunt,
1476 675 1726 743 quoniam
1751 688 1858 727 non

242 782 571 839 paucorum,
603 782 701 822 nec
727 766 970 822 ecclesiae
1000 767 1154 822 unius
1201 777 1292 822 aut
1333 767 1492 824 unius
1517 767 1806 839 provinciae
1839 809 1854 835 ,

241 860 353 916 sed
382 860 542 916 totius
566 858 715 914 orbis
743 858 860 915 haec
883 874 1041 914 causa
1085 868 1187 925 est,
1215 869 1502 929 expectent
1548 860 1616 914 de
1648 856 1859 914 Domini

244 951 591 1022 protectioue
637 950 893 1006 Ecclesia:
944 953 1112 1021 ipsius
1168 952 1432 1022 publicam
1491 967 1697 1022 pacem.
1748 952 1862 1007 Hoc

244 1046 400 1101 enim
427 1055 484 1100 et
508 1044 850 1100 verecundire
878 1055 932 1100 et
956 1045 1249 1116 disciplinae
1267 1055 1319 1101 et
1347 1047 1470 1100 Viue
1499 1047 1596 1116 ipsi
1619 1047 1860 1101 omnium

247 1147 504 1192 nostrum
559 1137 829 1201 convenit,
876 1146 932 1192 ut
976 1139 1249 1208 praepositi
1307 1154 1428 1193 cum
1471 1139 1616 1193 clero
1662 1153 1862 1193 conve-

249 1232 506 1296 nientes,
559 1239 826 1300 praesente
876 1230 1034 1286 etiam
1075 1232 1325 1286 stantium
1378 1231 1531 1301 plebe
1572 1241 1618 1296 ιι,
1671 1232 1862 1302 quibus

251 1334 315 1380 et
350 1325 477 1394 ipsis
504 1340 601 1396 pro
641 1325 746 1380 ﬁde
771 1333 825 1379 et
853 1324 1044 1380 timore
1073 1340 1171 1380 suo
1202 1325 1378 1379 honor
1402 1325 1678 1380 habendus
1731 1335 1813 1380 cst
1843 1366 1858 1391 ,

251 1415 547 1487 disponere
593 1415 771 1470 omnia
819 1417 1028 1471 consilii
1057 1417 1358 1472 communis
1389 1417 1645 1487 religione
1693 1418 1865 1485 possi-

254 1521 402 1561 mus.
432 1505 727 1572 Cazterum,
765 1519 919 1576 quam
945 1507 1296 1577 irreligiosum
1317 1518 1400 1561 est
1427 1516 1479 1562 et
1503 1508 1628 1576 ipsis
1653 1522 1866 1577 quoque

255 1595 643 1651 festinantibus
675 1598 1052 1665 perniciosum,
1088 1608 1162 1663 ut,
1193 1614 1313 1654 cum
1344 1608 1588 1652 extorres
1616 1611 1667 1653 et
1697 1600 1864 1668 patria

258 1688 401 1758 pulsi
431 1703 493 1742 ac
524 1688 678 1741 bonis
709 1689 823 1743 suis
855 1689 1102 1743 omnibus
1132 1690 1341 1759 spoliati
1367 1733 1378 1754 ,
1412 1691 1648 1746 nondum
1675 1693 1739 1746 ad
1768 1693 1866 1747 [Sc-

2031 497 2201 565 gessit,
2230 499 2469 554 rationem
2496 504 2680 568 reddit,
2715 507 2878 560 missis
2908 508 3122 566 Romam
3162 514 3212 566 in
3235 515 3311 567 sui
3355 530 3550 585 purga-

2031 588 2237 656 tionem,
2261 609 2385 661 quas
2401 596 2468 648 ad
2493 613 2608 652 suos
2631 601 2920 671 scripserat,
2943 606 3269 674 epistularum
3283 608 3546 677 exemplis,

2034 679 2134 827 211w
2154 680 2331 829 inlitam
2374 687 2552 754 quibus
2589 691 2694 746 illic
2713 694 2871 752 verbis
2898 697 3072 754 utitur.
3100 698 3185 770 Cf.
3209 698 3312 770 Ep.
3341 715 3468 770 XXII,
3486 701 3556 756 ad

2098 791 2168 828 er.
2247 794 2348 829 om.

2098 791 2168 828 er.
2201 791 2348 833 ηοηι.

2034 908 2076 966 I.
2119 911 2412 983 Cyprianus
2439 920 2767 992 presbyteris
2793 935 2851 982 et
2871 927 3186 988 diaconibus
3210 932 3396 990 Roma:
3423 951 3556 993 con-

1964 1002 2275 1064 sistentibus
2295 1009 2544 1069 fratribus
2572 1016 2821 1076 salutem.
2862 1021 3124 1089 Quoniam
3162 1029 3560 1098 comperi,fra-

1968 1105 2074 1151 tres
2095 1099 2418 1170 cbarissimi,
2439 1107 2612 1164 minus
2625 1111 2938 1182 simpliciter
2951 1126 3005 1172 et
3021 1119 3198 1175 minus
3217 1121 3448 1178 fideliter
3461 1139 3559 1179 vo-

1966 1186 2046 1243 bis
2073 1194 2362 1250 renuutiari
2387 1214 2507 1266 quin
2537 1199 2624 1258 bic
2643 1218 2671 1257 ιι
2696 1205 2852 1262 nobis
2879 1217 2934 1263 et
2953 1221 3104 1280 gesta
3125 1222 3249 1270 sunt
3274 1224 3329 1271 et
3367 1231 3564 1286 gerun-

1969 1289 2074 1380 tur,
2107 1289 2466 1380 necessarium
2490 1291 2618 1348 duxi
2645 1296 2743 1353 bas
2766 1299 2834 1354 ad
2863 1316 2958 1356 vos
2981 1303 3185 1362 litteras
3211 1305 3410 1375 facere,
3441 1309 3563 1380 qui-

1969 1371 2068 1470 bus
2099 1377 2249 1470 vobis
2276 1392 2427 1436 aetas
2456 1387 2626 1442 nostri
2651 1398 2705 1443 et
2727 1389 3024 1462 disciplina:
3050 1406 3108 1451 et
3156 1371 3564 1470 diligentiae-ra-

1969 1463 2042 1518 tio
2093 1467 2429 1528 redderetur.
2481 1474 2634 1542 Nam,
2694 1480 2833 1538 sicut
2892 1484 3105 1542 Domini
3169 1463 3419 1547 mandata
3479 1495 3568 1548 in-

1968 1569 2203 1628 struunt,
2255 1577 2375 1621 orto
2416 1570 2596 1626 statim
2645 1573 2962 1633 turbationis
2991 1579 3194 1650 impetu
3221 1585 3413 1654 primo,
3446 1601 3570 1643 cum

1970 1666 2056 1708 me
2076 1655 2311 1714 clamore
2331 1657 2566 1718 violento
2616 1663 2924 1736 frequenter
2976 1675 3202 1741 populus
3229 1675 3517 1747 flagitasset
3547 1719 3566 1747 ,

259 1757 484 1835 elesiam
519 1782 794 1847 redierint,
825 1782 1037 1851 quidam
1064 1782 1132 1838 de
1161 1757 1323 1852 iapsis
1349 1783 1686 1839 confessores
1715 1785 1859 1854 ipsos
1891 1787 1940 1848 B
1971 1762 2076 1854 lion
2109 1761 2415 1854 mm,meam.
2441 1757 2672 1854 “'9‘6‘“
2703 1778 2860 1831 quam
2883 1767 3118 1834 quietem
3142 1769 3366 1825 fratrum
3393 1773 3568 1842 pub'i‘

266 1873 565 1942 praevenire
582 1883 633 1927 et
647 1883 768 1927 ante
792 1889 884 1927 eos
903 1873 965 1926 ad
984 1873 1275 1928 Ecclesium
1295 1873 1321 1912 ι)
1344 1875 1567 1931 introire
1587 1875 1857 1931 festinent!

264 1962 371 2030 Qui
415 1963 456 2016 si
487 1962 709 2016 nimium
760 1974 1071 2033 properant,
1117 1963 1312 2017 habent
1358 1965 1408 2018 in
1459 1981 1552 2020 sua
1601 1975 1864 2036 potestate

264 2054 406 2124 quod
439 2055 725 2124 postulant,
758 2065 996 2126 tempore
1051 2055 1166 2125 ipso
1197 2056 1294 2110 sibi
1309 2057 1443 2128 'plus
1491 2073 1648 2128 quam
1681 2070 1864 2130 posin.

267 2148 372 2201 lant
425 2147 701 2217 largiente.
771 2147 929 2200 Acies
979 2145 1154 2201 adhuc
1207 2148 1427 2218 geritur,
1477 2157 1529 2204 et
1556 2165 1692 2219 agon
1733 2167 1866 2220 quo-

268 2237 395 2293 tidie
438 2238 760 2293 celebratur.
792 2237 850 2294 Si
875 2239 1148 2292 commiSsi
1181 2254 1304 2294 vere
1332 2248 1387 2294 et
1415 2241 1638 2296 lirmiter
1684 2244 1864 2314 poeni-

271 2337 345 2384 tet
382 2339 437 2384 et
463 2329 583 2384 fidei
615 2329 761 2384 calor
799 2329 1050 2399 praevalet
1082 2340 1128 2395 ο,
1173 2329 1262 2400 qui
1290 2329 1488 2385 differri
1532 2348 1636 2386 non
1674 2342 1868 2404 potest,

271 2431 448 2491 potest
472 2424 738 2478 coronari.
768 2422 907 2493 Opto
938 2438 1053 2489 vos,
1082 2422 1274 2478 fratres
1305 2423 1629 2493 eliarissimi,
1657 2440 1872 2499 semper

270 2516 411 2572 bene
437 2517 619 2595 valere
646 2526 698 2572 et
730 2517 895 2571 nostri
924 2516 1250 2572 meminisse.
1285 2514 1694 2574 Fraternitatem
1748 2521 1868 2578 uui-

273 2625 484 2664 versam
515 2623 635 2664 meo
683 2609 896 2664 nomine
923 2609 1174 2678 salutate,
1202 2618 1256 2665 et
1302 2620 1358 2664 ut
1405 2611 1572 2664 nostri
1603 2627 1870 2669 memores

275 2705 384 2759 sint
421 2705 726 2760 admonete.
755 2702 968 2758 Valete.

813 2795 1145 2852 EPISTULA
1203 2794 1341 2851 XIV.

314 2936 548 2999 (Erasm.,
567 2948 644 2997 ιιι,
669 2935 719 2985 5.
743 2932 951 2993 Pamel.,
977 2947 1059 2994 xv;
1084 2932 1287 2995 Rigalt.,
1305 2934 1492 2998 Baluz.,
1520 2936 1722 2998 Pariss.,
1749 2952 1851 2999 xw;

811 3017 989 3080 Oxon.,
1011 3017 1162 3082 Lips.,
1187 3018 1300 3082 xx.)

1968 1852 2083 1894 eam
2113 1844 2375 1911 cogitans,
2404 1848 2615 1906 interim
2647 1855 2871 1920 secessi,
2899 1871 2967 1911 ne
2986 1872 3081 1926 per
3101 1859 3514 1918 inverecundam
3542 1861 3573 1903 ἀ

1971 1935 2308 1998 praesentiam
2343 1949 2600 2008 nostram,
2649 1945 2842 2001 seditio
2870 1964 2991 2018 quae
3009 1965 3268 2021 cmperat,
3303 1956 3420 2024 plus
3449 1972 3576 2026 pro-

1971 2034 2270 2080 vocaretur.
2315 2029 2526 2088 Absens
2565 2042 2740 2091 tamen
2779 2052 3028 2108 corpore,
3057 2057 3156 2097 nec
3197 2045 3388 2115 spiritu
3420 2057 3443 2084 ε’
3473 2063 3573 2104 nec

1973 2125 2094 2205 actu
2146 2134 2246 2174 nec
2313 2125 2531 2205 monitis
2581 2129 2716 2184 meis
2757 2129 2900 2186 defui
2943 2136 3228 2199 quominus
3281 2141 3574 2197 secundum

1964 2203 2190 2264 Domini
2222 2203 2508 2284 praecepta,
2545 2217 2796 2276 fratribus
2823 2224 3026 2279 nostris
3053 2225 3105 2279 in
3145 2227 3334 2297 quibus
3361 2243 3575 2300 possem

1978 2314 2094 2354 mea
2128 2304 2496 2363 mediocritate
2530 2307 2548 2347 ί
2583 2313 2945 2370 consulerem.

2047 2391 2109 2446 Il.
2138 2393 2205 2450 Et
2225 2398 2348 2466 quid
2367 2402 2567 2470 egerim
2585 2403 2872 2474 loquuntur
2890 2408 3040 2464 vobis
3058 2411 3299 2480 epistola
3331 2426 3427 2482 pro
3453 2423 3581 2471 tem-
3629 2413 3634 2416 ’

1976 2486 2194 2552 poribus
2215 2491 2424 2546 emissa:
2446 2509 2670 2552 numero
2688 2498 2966 2567 tredecim,
2987 2500 3033 2534 ’⁵
3053 2518 3187 2574 quas
3199 2503 3374 2573 advos
3400 2513 3580 2561 trans-

1976 2579 2132 2646 misi;
2162 2582 2212 2636 in
2241 2585 2434 2652 quibus
2462 2603 2560 2644 nec
2588 2591 2734 2646 clero
2760 2594 3066 2662 consilium,
3098 2611 3198 2652 nec
3249 2598 3582 2654 confessori-

1986 2675 2083 2731 bus
2134 2675 2455 2747 exhortatio,
2504 2698 2604 2739 nec
2655 2686 2983 2754 extorribus,
3037 2688 3251 2758 quando
3296 2693 3579 2761 oportuit,

1984 2766 2304 2838 objurgatio,
2337 2787 2435 2826 nec
2463 2775 2730 2831 universae
2759 2777 3075 2834 fraternitati
3100 2781 3166 2836 ad
3188 2781 3584 2851 deprecandam

1987 2859 2078 2916 Dei
2119 2863 2541 2922 misericordiam
2564 2867 2815 2925 allocutio
2871 2881 2926 2926 et
2967 2875 3244 2940 persuasio
3271 2885 3456 2932 nostra
3486 2877 3585 2931 de-

1987 2952 2104 3018 fuit,
2129 2963 2405 3025 quantum,
2431 2958 2724 3012 secundum
2751 2960 2923 3030 legem
2954 2961 3077 3017 fidei
3107 2972 3162 3019 et
3188 2965 3432 3019 timorem
3469 2967 3582 3034 Dei,

1989 3047 2216 3102 Domino
2259 3061 2596 3118 suggerente,
2634 3060 2816 3106 nostra
2845 3052 3186 3110 mediocritas
3215 3054 3386 3124 potuit
3430 3058 3584 3116 eniti.

284 3152 359 3200 An
409 3143 776 3201 rasssvrsaos
829 3159 896 3200 er
965 3158 1218 3200 DIACONOS
1277 3159 1436 3201 noua:
1483 3158 1886 3202 consummes.
1917 3137 1963 3199 C
1998 3142 2350 3211 Posteaquam
2379 3157 2506 3197 vero
2535 3151 2589 3198 et
2628 3150 2892 3204 tiu-menta
2919 3155 3200 3216 venerunt,
3222 3148 3338 3204 sive
3356 3147 3466 3220 jam
3487 3161 3592 3207 tor-

1516 3255 1900 3314 LECTIONES
1935 3224 2354 3313 mutamus.

349 3368 379 3430 ξ·
404 3364 466 3430 [Et
484 3363 889 3430 stantiumplebe
916 3365 1074 3430 Oxon.
1100 3364 1339 3419 Adstante
1355 3367 1504 3430 plebe
1530 3368 1708 3418 Bcnev.

347 3425 380 3464 δ
403 3428 460 3477 Ει
482 3434 597 3478 ante
622 3427 680 3477 ad
701 3425 970 3478 Beclcsiam
989 3429 1148 3478 Oxon.

351 3493 378 3522 ‘
406 3490 543 3542 Calor
567 3496 822 3553 permanet
843 3491 1020 3544 Δν.Ν.
1047 3490 1101 3542 C.
1127 3493 1170 3541 l.
1198 3492 1330 3542 Lam.
1349 3491 1494 3544 Ebor.
1518 3490 1646 3544 Bod.
1671 3491 1717 3540 ‘2.

2054 3363 2082 3404 ὰ
2104 3364 2448 3414 Verecundam
2491 3365 2597 3416 Lin.

2057 3425 2210 3490 {’Nec
2241 3428 2434 3490 scriptis
2471 3429 2644 3480 BOdJ
2679 3468 2688 3478 .

2054 3486 2075 3527 τ
2105 3489 2282 3540 Posset
2300 3486 2410 3540 nica
2434 3491 2748 3544 mediocritas
2771 3491 2877 3546 Lin.

1530 3573 1778 3632 STEPH.
1821 3570 2092 3630 BALUZII
2130 3572 2360 3630 ΝΟΤᾸΕ.

293 3689 589 3758 Acceperint
609 3697 655 3741 et
681 3686 874 3740 auxilio
904 3703 1074 3742 eorum
1103 3688 1336 3758 adjuvari
1366 3688 1504 3758 apud
1533 3687 1802 3742 Dominum
1832 3689 1887 3740 in

294 3760 488 3813 delictis
512 3760 617 3812 suis
649 3769 876 3828 possunt,
911 3759 953 3811 si
983 3760 1141 3829 premi
1169 3760 1463 3826 inﬁrmitate
1482 3760 1654 3829 aliqua
1679 3771 1723 3812 et
1747 3760 1886 3829 peri-

295 3831 412 3883 culo
437 3831 707 3900 coeperint,
740 3829 1075 3900 exomologesi
1104 3833 1240 3900 facta
1261 3871 1277 3892 ,
1321 3840 1366 3883 et
1413 3847 1564 3886 manu
1595 3832 1666 3884 eis
1691 3849 1723 3884 a
1753 3831 1888 3900 vobis

296 3903 348 3973 in
377 3899 719 3970 paenitentiam
758 3902 922 3970 posita
942 3916 1174 3973 ,_paceia
1205 3901 1506 3973 martyribus
1531 3902 1781 3973 promissa
1821 3899 1890 3953 ad

298 3971 572 4025 Dominum
594 3973 928 4041 remittantur.
959 3970 1137 4024 Crateri
1168 3988 1280 4024 vero
1304 3970 1388 4041 qui
1417 3970 1558 4025 nullo
1581 3973 1769 4038 libello,
1791 3982 1885 4025 etc.

373 4041 750 4112 Exomologesi.
792 4040 850 4096 Id
909 4049 991 4112 est
1054 4040 1456 4106 satisfactione,
1514 4044 1556 4096 si
1618 4060 1739 4097 vera
1809 4052 1892 4096 est.

302 4114 674 4181 interpretatio
708 4111 906 4165 Dallaei.
942 4111 1010 4166 At
1051 4111 1407 4168 Tertullianus
1438 4114 1487 4166 in
1532 4113 1670 4168 libro
1698 4113 1765 4168 de
1794 4129 1903 4166 mo-

301 4184 536 4254 nogamia
579 4183 1009 4254 Exouiologesin
1037 4184 1112 4254 ait
1161 4200 1281 4238 esse
1332 4184 1638 4253 petitionem
1691 4185 1859 4239 venise
1886 4223 1902 4250 ,

301 4252 425 4322 quia
453 4254 541 4322 qui
567 4254 950 4322 petitveniam,
981 4252 1232 4309 delictum
1263 4252 1565 4310 confitetur.
1597 4255 1729 4310 Vide
1754 4269 1905 4308 cum-

303 4325 426 4381 dem
457 4327 507 4378 in
537 4325 675 4378 libro
705 4324 766 4377 de
795 4323 1124 4380 Puenitentia.

379 4396 505 4449 (ἐιιηι
561 4393 817 4468 ραςεημιιι
862 4405 944 4450 est
999 4394 1213 4452 viatico.
1272 4395 1406 4454 Vide
1450 4397 1796 4468 Bevcregium
1853 4395 1906 4449 in

305 4481 569 4522 canonem
601 4467 668 4520 15
703 4465 997 4520 Nicarnum.

385 4537 626 4590 Ecclesia
669 4538 850 4610 iusius.
880 4537 1042 4593 Vetus
1089 4537 1256 4594 codex
1309 4539 1672 4610 Remigiauus,
1722 4537 1907 4591 Eccle-

303 4610 400 4664 sice
437 4610 580 4681 prius
606 4608 858 4681 publicam
897 4625 1089 4677 pacem.
1138 4612 1330 4679 Supra,
1366 4608 1537 4681 Epiét.
1570 4627 1604 4665 χ
1637 4630 1649 4665 ;
1682 4609 1810 4664 Ante
1835 4617 1910 4664 est

313 4692 368 4734 ut
395 4697 429 4751 ρ
461 4678 682 4733 Domino
708 4695 884 4751 pacem
910 4689 1069 4751 mater
1099 4678 1240 4751 prior
1268 4678 1454 4736 sumat.

383 4749 660 4816 Praepositi
699 4748 814 4803 cum
885 4750 1041 4804 clero.
1100 4748 1224 4805 Ὀιιο
1275 4753 1392 4808 libri
1451 4762 1662 4807 veteres
1715 4748 1908 4816 praéfe-

311 4831 472 4885 runt,
505 4819 574 4875 Ut
594 4821 816 4890 episwpi
856 4823 1025 4890 plures
1045 4822 1098 4876 in
1128 4839 1287 4876 unum
1315 4825 1683 4878 convenientes.
1723 4822 1908 4876 l’iecte.

312 4893 524 4974 Quippe
577 4891 874 4963 Cyprianus
922 4893 1081 4963 vulgo
1144 4908 1241 4963 per
1291 4896 1607 4968 prchositos
1666 4894 1915 4960 intelligit

312 4978 622 5020 emsconos.

352 4979 655 5107 ρξῒὲιέὶὲῧῶ
706 5033 876 5107 plebe.
903 5033 1284 5107 Hieronymus,
1326 5038 1378 5107 in
1409 5035 1644 5105 Epistola
1695 5034 1764 5107 ad
1794 5033 1917 5107 Sal-

317 5107 491 5159 vinam
535 5103 603 5160 de
652 5103 914 5160 servanda
967 5103 1222 5161 viduitate
1255 5103 1277 5160 εί
1317 5106 1398 5160 Ea:
1444 5103 1542 5175 quo
1586 5105 1918 5176 intelligimus

319 5177 470 5248 illum
503 5192 606 5230 non
649 5176 895 5230 stantibus
938 5193 1210 5245 coronam,
1255 5178 1342 5232 sed
1375 5177 1663 5248 jacentibus
1712 5192 1919 5232 manum

324 5247 603 5318 porrigere.

403 5318 504 5384 Qui
558 5318 608 5390 si
648 5318 860 5372 nimium
910 5329 1201 5389 praperant.
1255 5319 1365 5375 lloc
1419 5319 1771 5390 fragmentum
1830 5334 1920 5374 re-

327 5391 499 5459 fertur
530 5387 688 5454 infra,
720 5390 770 5443 in
805 5387 1039 5459 Epistula
1074 5406 1160 5454 LII,
1185 5391 1253 5443 ad
1276 5387 1622 5446 Antonianum
1666 5406 1718 5459 p.
1744 5390 1831 5444 67.

405 5458 717 5534 {fugientes
764 5458 935 5534 llancg
966 5477 1152 5515 vocem
1213 5465 1456 5531 nuspiam
1520 5458 1694 5534 reperi
1729 5474 1922 5534 quam

331 5531 386 5583 in
412 5530 550 5605 libro
576 5530 1090 5605 Gratianopolitano.
1121 5533 1261 5587 Sane
1305 5530 1597 5605 largientes"
1615 5533 1694 5587 vel
1719 5532 1926 5605 largiter

330 5602 590 5669 scriptum
625 5611 708 5656 est
736 5605 786 5656 in
819 5603 966 5666 aliis,
997 5612 1048 5656 et
1075 5602 1399 5658 alterutrum
1425 5607 1611 5658 horum
1643 5604 1929 5658 vocabulo-

334 5687 455 5748 rum
482 5673 578 5748 sic
624 5675 729 5748 illic
781 5676 1055 5748 constituit
1097 5675 1303 5730 initium
1365 5678 1634 5748 sequentis
1674 5673 1922 5747 periodi:

333 5740 573 5818 Largiter
597 5745 729 5800 acies
759 5745 925 5799 adhuc
951 5746 1158 5816 geritur.

1931 4431 1985 4491 D

2067 3757 2137 3792 ‘°°
2167 3757 2345 3812 EPIST.
2382 3773 2493 3830 xiv.
2513 3758 2990 3815 —-—lllnstrissimus
3012 3762 3312 3822 Cardinalis
3337 3769 3596 3830 Baronius

1995 3830 2068 3901 ait
2091 3829 2224 3883 hanc
2250 3829 2540 3901 Epistolam
2569 3830 2822 3901 scriptam
2837 3849 2862 3881 a
2883 3831 3152 3900 Cypriane
3169 3853 3289 3894 esse
3310 3841 3376 3896 ad
3391 3829 3597 3900 clerum

2000 3899 2296 3982 Romanum
2318 3940 2332 3962 ,
2365 3899 2457 3982 cui
2502 3899 2797 3982 (rlyprianus
2818 3899 3068 3982 hius-tituli
3103 3909 3221 3982 sui,
3255 3921 3311 3965 ut
3339 3930 3430 3982 par
3455 3899 3596 3982 erat,

1997 3971 2257 4055 ικιιίυιιριιι
2287 3969 2478 4024 reddit.
2502 3970 2627 4055 'Sed
2655 3975 2855 4055 e‘i'ratvit
2891 3974 2973 4054 vir
2992 3969 3357 4055 doctissimus:
3391 3969 3599 4055 Scripta

1998 4052 2079 4094 est
2123 4041 2186 4092 ad
2233 4055 2326 4095 eos
2383 4041 2613 4118 e_.clero
2661 4037 3068 4118 Carthagincnsi
3119 4052 3207 4118 qui
3265 4037 3598 4112 ιιδητὲέίὖέίί

1997 4121 2147 4193 erant
2167 4153 2181 4176 ,
2210 4120 2264 4196 ιιι
2295 4110 2572 4192 ntanifeste
2599 4120 2740 4196 patet
2779 4130 2842 4167 ex
2864 4110 3069 4171 ultimis
3102 4110 3279 4177 verbis
3306 4110 3600 4196 Epistulae,

2002 4183 2054 4236 in
2086 4198 2188 4252 qua
2215 4180 2510 4258 Cyprianus
2535 4182 2718 4237 scribit
2744 4199 2802 4258 se
2829 4200 2922 4240 eos
2951 4200 3237 4258 expectare
3281 4207 3335 4249 ut
3355 4180 3606 4253 'cumeo1

2003 4269 2120 4336 rum
2149 4252 2374 4336 consilio
2399 4252 2685 4336 disponere
2724 4252 3036 4336 singulaﬂet'
3064 4264 3356 4320 reformare
3406 4252 3594 4336 possit.

2006 4324 2188 4394 Itaque
2213 4325 2336 4403 liinc
2360 4323 2534 4403 colligi
2561 4339 2664 4403 non
2710 4323 2886 4403 potest
2919 4328 3246 4399 Cyprianum
3285 4352 3381 4403 pro
3406 4323 3605 4394 'debito

2011 4409 2108 4475 suo
2139 4395 2418 4476 scripsisse
2447 4401 2513 4448 ad
2545 4396 2756 4476 clerum.
2782 4395 3082 4454 Roiitanum
3106 4445 3120 4466 ,
3152 4395 3309 4476 quem
3355 4419 3564 4463 constat
3584 4453 3601 4476 ,

2015 4467 2086 4519 uti
2110 4479 2266 4520 antea
2295 4466 2401 4518 dixi
2419 4507 2434 4531 ,
2465 4481 2571 4519 non
2600 4465 2848 4522 habuisse
2873 4486 3056 4524 curam
3082 4465 3396 4532 universalis
3422 4465 3609 4536 Eisele-'-

2011 4539 2104 4590 sia:
2145 4537 2273 4614 sedc
2303 4545 2546 4614 vacante.
2582 4538 2734 4614 anin
2780 4547 2953 4614 tamen
2981 4543 3322 4600 crediderunt
3350 4552 3604 4614 scriptam

2012 4623 2130 4688 esse
2158 4607 2450 4687 Epistulam
2482 4607 2547 4662 ad
2575 4607 2779 4688 clerum
2809 4609 3106 4688 [ionianum
3126 4653 3139 4675 ,
3174 4616 3408 4688 itemque
3447 4607 3612 4678 Rein-

2014 4678 2201 4732 liartus
2222 4718 2236 4742 ,
2271 4679 2357 4746 qui
2392 4693 2580 4750 novam
2620 4679 3019 4750 inscriptionem
3052 4687 3244 4750 posuit.

2089 4750 2126 4802 Ι.
2156 4779 2225 4787 —
2257 4749 2399 4802 Sicut
2425 4747 2632 4802 Domini
2672 4749 2932 4820 nmndata.
2961 4747 3074 4806 Duo
3119 4756 3238 4810 libri
3267 4768 3476 4818 veteres
3509 4764 3610 4820 Ita-

2016 4821 2167 4884 bent,
2190 4821 2335 4875 Sicut
2360 4819 2564 4874 Domini
2591 4819 2842 4874 mandatis
2862 4822 3178 4880 iustruimur.

2093 4891 2237 4946 Orto.
2280 4890 2471 4944 Mirum
2523 4899 2602 4944 est
2654 4890 2795 4972 bane
2837 4907 3042 4959 vocem,
3077 4896 3275 4972 absque
3325 4917 3426 4972 qua
3475 4919 3612 4961 con-

2018 4972 2162 5018 stare
2213 4973 2386 5029 potest
2435 4976 2654 5021 sensus.
2702 4961 2797 5018 sed
2842 4979 2962 5032 qua:
3014 4961 3202 5024 tamen
3233 4961 3382 5026 illum
3414 4975 3612 5031 clario-

2020 5049 2132 5090 rem
2166 5032 2378 5106 reddit,
2421 5033 2609 5106 deesse
2638 5032 2693 5106 in
2726 5032 2912 5106 decem
2955 5039 3172 5106 nptimis
3217 5045 3615 5106 exemplaribus

2021 5106 2252 5171 antiquis
2286 5111 2338 5156 et
2371 5103 2419 5155 in
2448 5102 2680 5172 antiquis
2709 5102 3055 5161 editionibus.
3099 5109 3313 5168 Primus
3346 5102 3615 5172 Manutius

2023 5175 2166 5246 illam
2195 5173 2431 5246 addidit,
2476 5174 2751 5246 illorellius
2772 5176 2980 5246 rejecit.
3011 5179 3198 5238 Exstat
3227 5193 3404 5240 tamen
3437 5187 3489 5242 in
3517 5202 3613 5246 sex

2023 5244 2296 5301 codicibus
2329 5243 2580 5313 antiquis.

2096 5315 2162 5392 ll_.
2192 5344 2264 5392 -έ
2293 5314 2624 5392 Επιοντὶὺιιε.-
2657 5317 2713 5392 ld
2753 5327 2835 5374 est
2872 5319 2934 5374 iis
2979 5323 3067 5390 qui
3108 5334 3298 5392 spome
3325 5341 3418 5382 seu
3443 5330 3616 5386 coacti

2025 5387 2246 5468 profecti
2276 5396 2425 5468 erant
2464 5388 2514 5440 in
2542 5387 2758 5468 exilium
2791 5387 3074 5468 procatisa
3121 5387 3264 5449 fidei.
3296 5397 3348 5450 In
3393 5401 3619 5468 quibus~

2028 5457 2151 5513 dam
2201 5459 2424 5511 vetustis
2475 5457 2747 5520 codicibus
2806 5461 2998 5529 legitur
3044 5457 3432 5523 extorrentibus'.
3482 5470 3619 5527 Vide

2032 5529 2201 5598 Epist.
2258 5545 2417 5582 XXXIX
2442 5570 2456 5594 ,
2497 5538 2551 5583 et
2578 5531 2785 5583 (urnales
2813 5530 3143 5600 Cyprianicos
3169 5537 3234 5591 ad
3263 5555 3460 5594 annum
3488 5542 3617 5597 250.

2038 5600 2368 5684 \I'ideetiain
2442 5600 2688 5653 Carolina
2741 5601 3006 5672 Guyetum
3063 5605 3155 5661 lib.
3215 5623 3283 5676 ιι,
3337 5625 3457 5682 pag.
3494 5613 3622 5684 175,

2037 5671 2084 5724 Η
2091 5671 2394 5740 eorlologia’.

2106 5741 2358 5797 Timorem
2417 5739 2528 5797 Dei.
2584 5741 2764 5799 Codex
2819 5744 3107 5820 Fuxeusis,
3160 5760 3206 5806 et
3253 5751 3482 5814 timorem
3508 5754 3626 5839 Dos.
