4222 6288
603 307 711 367 265

2016 293 2152 351 DIVI
2191 288 2509 350 CYPRUM

3781 285 3892 342 264

603 422 673 476 tis
695 417 948 474 fratribus
971 414 1188 480 nostris,
1211 414 1325 468 sive
1351 410 1526 466 adhuc
1552 416 1604 464 ut
1628 412 2004 479 torquerentur
2026 407 2192 463 inclu-
2219 415 2268 472 Α
2295 409 2346 462 vi
2375 415 2430 465 et
2454 420 2571 462 eum
2601 411 2778 459 vestra
2806 405 3094 468 sententia,
3129 413 3195 456 ne
3211 406 3365 456 actus
3391 407 3572 456 noster
3595 441 3610 466 ,
3641 397 3729 470 qui
3757 397 3861 453 adu
3885 427 3897 442 ο

602 515 678 569 sis
704 555 718 580 ,
768 511 836 566 ad
881 506 1308 566 corroborandos
1352 515 1406 559 et
1447 497 1827 573 confortandos
1873 510 1898 538 λ
1938 516 2031 556 eos
2071 515 2198 556 nos-

605 617 687 663 ter
712 619 888 660 sermo
915 599 1230 674 penetravit.
1249 598 1541 666 ltem,cum
1574 597 1957 667 comperissem
1997 592 2194 664 eosqui

603 697 880 767 sacrilegis
906 694 1238 752 contactibus
1267 707 1456 748 manus
1480 707 1604 747 suas
1631 701 1791 761 atque
1806 704 1896 744 ora
1928 689 2194 744 maculas-

603 799 746 855 sent,
787 789 870 843 vel
901 787 1143 843 nefandis
1196 785 1389 841 libellis
1442 785 1785 840 nihilominus
1813 781 2196 837 conscientiam

604 881 941 954 polluissent,
970 881 1244 936 exambire
1281 879 1346 934 ad
1380 889 1644 950 martyres
1675 877 1891 947 passim,
1926 878 2198 930 confesso.

603 989 692 1032 res
720 990 931 1046 quoque
961 975 1262 1045 importuna
1317 983 1370 1030 et
1395 974 1626 1044 gratiosa
1651 971 2026 1040 deprecatione
2072 981 2199 1021 cor-

604 1083 873 1138 rumpere,
907 1079 965 1123 ut
1015 1070 1133 1124 sine
1159 1068 1267 1122 ttllo
1296 1067 1606 1123 discrimine
1630 1075 1788 1136 atque
1817 1065 2061 1119 examine
2087 1063 2201 1116 sin-

605 1162 848 1231 gulorum
902 1161 1156 1216 darentur
1185 1159 1420 1229 quotidie
1469 1157 1768 1212 libellorum
1821 1156 1984 1210 millia
2015 1162 2200 1208 contra

605 1253 881 1324 Evangelii
904 1252 1095 1323 legem,
1123 1251 1326 1306 litteras
1355 1249 1452 1304 feci
1478 1249 1671 1320 quibus
1699 1257 1958 1320 martyres
1985 1255 2038 1301 et
2067 1260 2198 1300 con-

607 1343 839 1400 fessores
863 1344 1088 1400 consilio
1113 1358 1233 1398 meo
1261 1351 1515 1413 quantum
1554 1355 1765 1410 possem
1817 1338 1882 1394 ad
1927 1337 2201 1392 Dominica

609 1446 872 1509 praecepta
902 1451 1232 1492 revocarent.
1281 1433 1409 1488 Item
1432 1431 1758 1503 presbyteris
1809 1440 1859 1484 et
1892 1428 2203 1484 diaconibus

609 1544 716 1586 non
765 1528 931 1584 defuit
968 1526 1251 1583 sacerdotii
1293 1527 1460 1597 vigor,
1499 1535 1555 1580 ut
1577 1522 1814 1594 quidam,
1844 1521 2017 1576 minus
2043 1521 2204 1577 disci-

609 1621 768 1693 plina:
795 1635 1062 1676 memores
1087 1628 1142 1674 et
1171 1619 1454 1674 temeraria
1485 1615 1825 1672 festinatione
1861 1613 2161 1684 praecipites
2184 1655 2200 1679 ,

611 1713 699 1784 qtti
727 1727 846 1767 cum
876 1712 1037 1781 lapsis
1065 1710 1462 1766 communicare
1484 1709 1593 1778 jam
1639 1717 1932 1776 eruperant,
1969 1707 2204 1776 compri-

2304 510 2460 554 natus
2485 513 2607 554 esse
2629 505 2683 552 et
2709 496 3014 552 consentire
3045 495 3186 549 circa
3217 495 3394 548 omnia
3423 494 3602 554 debet,
3636 493 3686 546 in
3715 492 3897 562 aliquo

2302 590 2652 661 discreparet.
2681 589 2842 644 Plane
2872 597 3189 644 cancrorum
3221 582 3688 655 eausas,quamvis
3710 582 3899 638 libello

2302 697 2330 736 a
2370 682 2693 753 martyribus
2720 689 2961 748 accepto,
2995 677 3196 734 differri
3220 675 3466 731 mandavi
3499 685 3553 731 et
3582 676 3632 729 in
3661 683 3896 728 nostram

2304 775 2644 843 praesentiam
2675 772 2960 838 reservari,
2985 780 3061 838 ut,
3089 787 3238 835 cum,
3266 786 3397 841 pace
3417 786 3446 824 a
3498 771 3720 824 Domino
3742 769 3900 825 nobis

2303 865 2449 930 data,
2472 865 2651 934 plures
2671 864 2937 935 praepositi
2964 864 3254 918 convenire
3275 863 3328 917 in
3358 879 3519 916 unum
3552 863 3897 932 caapcrimus,

2305 956 2702 1012 eonuuunicato
2729 957 2890 1010 etiam
2921 955 3193 1009 vobiscum
3218 953 3466 1018 consilio,
3488 953 3773 1024 disponere
3785 955 3898 1008 sin-

2304 1046 2424 1116 gula
2453 1055 2507 1101 et
2529 1046 2820 1102 refortnare
2853 1047 3138 1116 possimus.
3159 1044 3298 1117 Opto
3328 1059 3442 1114 vos,
3467 1045 3659 1101 fratres
3689 1045 3926 1101 cltaris~.

2305 1141 2448 1208 simi,
2480 1156 2695 1212 semper
2717 1141 2851 1197 bene
2884 1141 3078 1196 valere.

2852 1294 3182 1352 EPISTOIA
3218 1295 3333 1351 XV.

2369 1429 2600 1493 (Erasm.,
2635 1443 2686 1478 ιι.
2710 1428 2758 1479 4.
2806 1429 3018 1490 Pamcl.,
3059 1444 3159 1480 xvi.
3205 1430 3542 1493 Rig.,Baluz.,
3592 1431 3769 1493 Paris,
3815 1449 3900 1487 xv.

2821 1512 3003 1574 Oxon.,
3029 1512 3158 1576 Lips.
3185 1513 3392 1576 xxxvii.)

2365 1677 2433 1716 AD
2472 1674 2677 1716 MOYSEN
2708 1677 2776 1716 ΕΤ
2808 1677 3054 1717 MAXIMUM
3083 1677 3149 1717 ΕΤ
3175 1676 3428 1718 CETEROS
3457 1678 3837 1723 CONFESSOBES.

611 1814 916 1872 merentur,
964 1803 1420 1859 intercedentibus
1470 1801 1646 1856 nobis.
1679 1801 1823 1856 Plebi
1863 1817 2074 1871 quoque
2107 1798 2204 1870 ipsi

2323 1827 2687 1884 dncuuosruu
2702 1828 2853 1893 huius
2877 1825 3123 1898 Episton
3137 1826 3288 1882 habes
3311 1829 3470 1900 infra,
3495 1827 3729 1895 Epistola
3751 1845 3898 1898 XXXI,

613 1907 870 1968 quantum
900 1897 1168 1966 potuimus
1210 1895 1446 1950 animum
1473 1895 1902 1963 composuimus,
1932 1903 1985 1948 et
2025 1903 2082 1948 ut
2111 1909 2203 1949 ec-

613 1989 912 2046 clesiastica
934 1989 1212 2059 disciplina
1242 1998 1542 2044 servaretur
1561 1987 1586 2026 ι)
1618 1988 1988 2042 instruximus.

687 2083 774 2138 III.
805 2082 1152 2138 Postmodum
1184 2097 1336 2149 vero,
1374 2096 1492 2138 eum
1525 2079 1739 2150 quidam
1768 2080 1836 2136 de
1877 2081 2059 2151 lapsis,
2092 2081 2207 2138 sive

616 2189 710 2231 sua
763 2183 990 2245 sponte,
1033 2172 1145 2228 sive
1187 2172 1369 2243 aliquo
1408 2173 1722 2238 incitatore,
1759 2171 1947 2226 audaci
1995 2173 2206 2243 ﬂagita-

615 2269 761 2324 tione
811 2273 1125 2336 proruerent
1166 2275 1187 2302 ο
1229 2275 1288 2319 ut
1333 2279 1514 2334 pacem
1559 2263 1658 2318 sibi
1711 2279 1740 2317 a
1783 2251 2105 2336 martyribus
2153 2277 2208 2320 et

616 2357 1013 2414 confessoribus
1049 2359 1362 2428 promissam
1391 2367 1708 2426 extorquere
1733 2357 1968 2412 violento
2005 2359 2206 2426 impetu

617 2453 940 2518 niterentur,
968 2450 1042 2506 de
1062 2452 1162 2505 ltoc
1193 2450 1354 2506 etiam
1387 2450 1470 2506 bis
1491 2450 1556 2505 ad
1587 2451 1787 2505 elerum
1814 2452 2016 2506 litteras
2043 2452 2208 2506 feciet

619 2545 824 2616 lcgieis
871 2543 1142 2611 mandavi,
1193 2551 1251 2598 ut
1281 2542 1348 2598 ad
1374 2543 1586 2598 illorum
1638 2543 1944 2598 violentiam
1995 2543 2208 2600 interim

619 2653 833 2710 quoquo
869 2653 1064 2710 genere
1089 2637 1454 2708 mitigandam,
1483 2638 1526 2692 si
1553 2637 1641 2708 qui
1671 2637 1852 2692 libello
1878 2653 1906 2691 a
1957 2639 2207 2710 martyri-

619 2730 720 2787 bus
744 2739 964 2800 accepto
980 2729 1051 2785 de
1070 2729 1268 2785 smculo
1293 2727 1643 2794 excederent,
1685 2728 2044 2798 exomologesi
2074 2729 2209 2784 faeta

619 2831 674 2878 et
703 2837 861 2876 manu
886 2821 964 2876 eis
988 2821 1041 2877 in
1074 2821 1440 2891 paenitentiam
1469 2820 1737 2890 imposita,
1771 2835 1891 2875 cum
1925 2837 2054 2891 pace
2107 2822 2208 2878 sibi

621 2931 649 2968 a
680 2915 1006 2986 martyribus
1051 2915 1315 2985 promissa
1352 2912 1418 2968 ad
1450 2913 1730 2968 Dominum
1786 2916 2208 2971 remitterentur.

620 3009 730 3066 Nec
778 3009 830 3064 in
863 3010 964 3065 hoc
1008 3009 1178 3079 legem
1206 3007 1374 3075 dedi,
1406 3015 1498 3062 aut
1541 3023 1626 3062 me
1673 3017 1947 3062 auctorem
2009 3017 2212 3065 temere

621 3101 892 3161 constitui.
912 3100 1040 3167 Sed,
1059 3117 1181 3157 eum
1205 3101 1474 3156 videretur
1494 3111 1547 3156 et
1569 3101 1741 3156 Itonor
1763 3101 2084 3173 martyribus
2111 3101 2210 3155 ba-

620 3197 830 3256 bendus
845 3206 900 3253 et
919 3212 1105 3252 eorum
1135 3196 1227 3268 qui
1251 3195 1430 3252 omnia
1458 3196 1673 3252 turbare
1703 3197 1990 3266 cupiebant
2041 3197 2214 3267 impc-
2243 3193 2288 3255 C

625 3302 709 3348 tus
735 3291 1191 3361 comprimendus,
1222 3299 1272 3345 et
1303 3300 1562 3361 praeterea
1595 3299 1778 3345 vestra
1821 3290 2021 3359 scripta
2048 3289 2212 3360 legis-

623 3399 736 3441 sem
773 3399 891 3453 quae
915 3384 1020 3439 huc
1051 3383 1114 3437 ad
1139 3382 1338 3438 clerum
1372 3391 1614 3437 nostrum
1657 3396 1752 3450 per
1785 3378 2145 3437 Crementium
2186 3379 2212 3418 ἀ

624 3473 1051 3546 ltypodiaconum
1082 3489 1252 3543 nuper
1279 3473 1548 3541 feceratis,
1574 3482 1629 3528 ut
1657 3473 1721 3527 iis
1749 3473 1837 3543 qui
1864 3483 1983 3542 post
2010 3474 2214 3543 lapsum

625 3564 938 3620 infirmitate
959 3563 1287 3634 apprehensi
1315 3573 1518 3628 essent,
1546 3572 1602 3619 et
1625 3563 1949 3634 ptenitentes
1976 3577 2219 3621 commu-

624 3658 944 3717 nicationem
962 3657 1354 3726 desiderarent,
1379 3656 1773 3724 subveniretur,
1789 3657 2038 3713 standum
2067 3667 2218 3728 puta-

691 3894 718 3925 ⁸
745 3891 828 3944 Sic
853 3893 984 3943 Lam.
1007 3889 1110 3942 Lin.
1131 3890 1258 3942 Bod.
1277 3890 1324 3948 1,
1345 3889 1394 3939 2.
1419 3888 1526 3940 NG.
1551 3888 1596 3938 1.
1631 3887 1778 3940 Ebur.

688 3953 720 3993 1)
744 3955 1129 4005 Ecclesiastieam
1147 3952 1447 4012 disciplinam
1473 3960 1734 4001 servarent
1755 3949 1884 4000 Bod.
1911 3951 1957 4012 1,
1981 3951 2031 4000 2.

693 4021 716 4049 θ
742 4019 1061 4080 I‘roruperint
1085 4017 1220 4067 Lam.
1245 4013 1392 4065 Ebor.
1418 4015 1526 4065 NC.
1553 4015 1598 4064 I.
1621 4013 1747 4063 Bod.
1772 4015 1818 4075 l,
1837 4015 1884 4062 2.

2382 1920 2468 1973 ubi
2519 1919 2695 1973 Clcrus
2741 1921 3052 1975 Romanus:
3091 1937 3110 1970 ς
3154 1919 3221 1972 In
3277 1937 3376 1989 quo
3432 1919 3575 1984 loco,
3646 1922 3898 1990 inquiunt,

2382 2013 2632 2066 maximas
2677 2013 2770 2066 tibi
2809 2023 2959 2084 atque
2999 2013 3170 2067 uberes
3215 2014 3405 2083 gratias
3443 2014 3628 2083 referre
3663 2015 3900 2069 debemus

2381 2118 2426 2159 et
2466 2105 2762 2172 reddimus,
2810 2107 2949 2177 quod
2992 2107 3198 2161 illorum
3243 2106 3458 2160 carceris
3503 2108 3724 2162 tenebras
3761 2109 3901 2163 litte-

2381 2201 2451 2254 ris
2477 2200 2817 2263 illuminasti;
2857 2199 2992 2268 quod
3017 2200 3085 2253 ad
3126 2199 3240 2253 illos
3281 2200 3477 2266 venisti,
3526 2201 3775 2270 quomodo
3818 2202 3898 2255 in-

2381 2293 2533 2346 troire
2560 2292 2800 2361 potuisti;
2827 2292 2962 2360 quod
2985 2293 3189 2346 illorum
3216 2294 3414 2346 animos
3429 2309 3522 2348 sua
3567 2295 3667 2362 ﬁde
3701 2305 3746 2350 et
3776 2311 3903 2350 con-

2383 2387 2597 2457 fessione
2648 2388 2878 2439 robustas
2928 2387 3028 2440 tuis
3081 2386 3468 2442 allocutianibus
3512 2389 3788 2460 litterisque
3825 2408 3906 2445 re-

2381 2481 2560 2533 creain
2577 2496 2598 2541 ;
2625 2481 2778 2549 quod,
2809 2480 3070 2550 felicitates
3085 2496 3256 2534 eorum
3269 2483 3530 2552 condignis
3543 2484 3776 2539 laudibus
3789 2503 3910 2555 pro-

2382 2581 2601 2636 secutus,
2633 2571 2906 2625 accendiin
2925 2572 2995 2624 ad
3029 2573 3189 2640 multo
3205 2573 3537 2629 ardentioreut
3558 2577 3770 2630 caelestis
3790 2577 3907 2647 glo-

2383 2665 2475 2718 ria:
2499 2666 2873 2732 cupiditatem;
2917 2667 3054 2734 quod
3104 2684 3291 2737 pronos
3332 2668 3611 2738 impulisti;
3659 2671 3812 2741 quod,
3857 2683 3912 2727 ut

2383 2757 2634 2838 credimus
2659 2767 2704 2810 et
2732 2769 2990 2826 Optamus,
3022 2759 3236 2812 victores
3275 2763 3478 2830 futuros
3505 2763 3691 2816 viribus
3709 2764 3780 2816 tui
3805 2781 3910 2818 ser-

2365 2848 2548 2904 ‘monis
2573 2849 2848 2915 animasli;
2871 2859 2948 2915 ut,
2970 2866 3277 2920 quamquam
3295 2853 3390 2906 hoc
3412 2862 3571 2907 totum
3591 2855 3654 2908 de
3680 2857 3779 2922 ﬁde
3790 2873 3911 2910 ron-

2385 2941 2634 3011 ﬁtentium
2657 2951 2703 2996 et
2729 2942 2900 2996 divina
2938 2943 3252 3014 indulgentia
3273 2947 3441 3000 venire
3468 2947 3716 3016 videatur,
3745 2959 3911 3004 tamen

2385 3041 2437 3093 in
2465 3039 2710 3110 martyrio
2740 3055 2832 3093 suo
2858 3039 2946 3094 tibi
2967 3057 3031 3095 ea:
3055 3041 3227 3112 aliqua
3255 3041 3502 3098 debitores
3538 3046 3664 3115 [acti
3707 3062 3814 3101 esse
3833 3047 3908 3100 vi-

2392 3131 2625 3186 deantur.
2666 3149 2684 3182 ι

2393 3288 2436 3343 I.
2463 3287 2763 3360 Cyprianus
2801 3287 2967 3361 Moysi
2991 3297 3045 3345 et
3070 3289 3300 3344 Maximo
3326 3290 3651 3362 presbyteris
3677 3300 3732 3347 et
3759 3303 3912 3350 caete-

2321 3384 2397 3438 ris
2426 3382 2827 3454 confessoribus
2855 3383 3110 3438 fratribus
3156 3383 3401 3438 salutem.
3432 3384 3500 3438 Et
3541 3393 3776 3461 cunctos
3817 3401 3914 3442 vos
3992 3421 3997 3426 -

2324 3475 2530 3545 pariter
2559 3483 2612 3530 et
2641 3475 2881 3545 singulos
2919 3477 3325 3544 repraesentavit
3367 3474 3644 3530 affectibus
3683 3477 3911 3545 nostris,

2321 3564 2516 3622 fratres
2553 3565 2851 3620 charissimi
2874 3607 2890 3634 ,
2931 3566 3209 3623 Celeriuus
3245 3566 3570 3633 adveniens,
3602 3577 3655 3623 et
3695 3568 3813 3624 fidei
3853 3583 3918 3624 ac

2323 3659 2535 3714 virtutis
2554 3668 2746 3715 vestra:
2769 3673 2955 3715 comes
2972 3701 2988 3728 ,
3019 3669 3072 3716 et
3113 3659 3361 3730 gloriosis
3395 3661 3865 3732 congressionibus
3891 3673 3914 3701 ο

1871 3770 2248 3832 LECTIONES
2286 3771 2700 3829 VARIANTES.

2399 3887 2426 3926 ιι
2451 3887 2775 3939 Clementium
2797 3889 2958 3940 Oxon.

2400 3954 2423 3981 ο
2451 3949 2805 4014 Congressibus
2828 3955 2986 4002 Oxon.

1858 4117 2096 4173 STEPII.
2145 4119 2415 4179 BALUZII
2453 4119 2685 4176 NOTAE.

629 4227 753 4297 mini
791 4253 1057 4312 suggerere
1095 4246 1266 4293 nostra
1305 4235 1625 4291 mediocritas
1663 4233 1842 4304 potuit.
1888 4234 2076 4289 Postea
2106 4252 2220 4291 vero

628 4321 1098 4454 (Iuieiirifgiiandos.
1145 4376 1635 4454 Rigaltitts__posuit
1659 4376 2064 4454 conﬁrmandos,
2089 4393 2222 4454 _cou-

2329 4245 2735 4313 prorumperent.
2760 4235 2896 4313 Hine
2923 4251 3051 4313 ergo
3075 4245 3190 4292 orta
3210 4245 3291 4294 est
3316 4239 3538 4294 mutatio
3557 4254 3716 4311 quam
3735 4241 3918 4313 Rigal-

2327 4307 2431 4363 tius
2459 4308 2658 4362 invexit
2689 4308 2741 4361 in
2770 4307 2910 4362 hunc
2939 4307 3130 4362 locum.

2395 4379 2578 4434 EPIST.
2599 4394 2764 4433 xv.—
2781 4379 2818 4431 Ι.
2839 4377 3118 4451 Celeriuus.
3133 4379 3298 4451 Cujus
3314 4382 3554 4451 egregias
3573 4381 3757 4438 laudes
3773 4399 3893 4440 com
3907 4415 3921 4425 -

630 4463 709 4525 tra
760 4449 996 4508 omnium
1044 4461 1284 4525 veterum
1332 4449 1577 4525 codicum
1625 4456 1678 4503 et
1715 4449 2007 4503 editionum
2037 4449 2215 4503 fidem.
2246 4457 2297 4516 ι)
2325 4449 3509 4525 memoratsanctusCyprianusEpist.3i,ad
3530 4454 3730 4508 clerum
3750 4459 3922 4525 etple-

628 4523 792 4584 Miror
831 4536 1010 4579 autem
1038 4523 1268 4592 Anglos,
1321 4521 1412 4590 qui
1459 4520 1743 4592 lectionem
1787 4535 1942 4587 quam
1987 4536 2105 4592 nos,
2134 4536 2219 4574 re-

629 4611 886 4652 vocamus
938 4590 1285 4649 inveniebant
1323 4592 1484 4646 etiam
1536 4590 1586 4644 in
1629 4591 1854 4644 vetustis
1900 4591 2221 4659 exctnplari-

628 4667 731 4723 bus
773 4668 903 4731 suis,
937 4665 1223 4720 retinuisse
1261 4662 1402 4734 quod
1431 4671 1546 4715 erat
1584 4662 1840 4734 scriptum
1890 4661 1940 4715 in
1987 4661 2222 4717 editione

631 4738 868 4807 Rigaltii.
901 4736 1226 4807 Reinhartus
1265 4733 1504 4807 reposuit
1533 4733 1929 4807 >§9tt[0t‘lttttd_08.

701 4801 946 4862 Diaconis
975 4823 1073 4860 non
1115 4806 1293 4874 defuit.
1335 4805 1502 4859 Erant
1533 4803 1608 4856 illi
1650 4805 1701 4874 ill
1741 4804 1896 4857 tertio
1920 4801 2222 4874 sacerdotio

631 4879 942 4942 constituti,
977 4886 1036 4932 ut
1081 4878 1132 4929 in
1175 4873 1312 4930 libro
1367 4875 1540 4945 primo
1569 4876 1645 4928 ait
1671 4873 1932 4942 Optatus,
1963 4882 2018 4927 et
2056 4873 2222 4927 multa

631 4951 808 5007 facere
857 4955 1102 5019 poterant
1153 4947 1206 5000 in
1237 4946 1477 5019 absentia
1508 4945 1962 5019 episeopnrutuet
1991 4945 2222 5019 presby-

633 5013 892 5076 teroruui.
925 5019 1106 5087 Itaque
1136 5030 1283 5087 recte
1311 5018 1385 5087 ait
1407 5013 1832 5087 Cyprianusuou
1864 5014 2096 5087 defuisse
2121 5013 2224 5070 illis

633 5089 920 5146 sacerdotii
953 5084 1213 5158 vigorem.
1232 5086 1367 5142 Vide
1389 5084 1669 5155 epistolam
1698 5084 1979 5154 Augustini
2002 5089 2226 5156 presby-

636 5162 733 5218 teri
762 5161 829 5214 ad
863 5158 1146 5215 Valerium.

705 5233 960 5286 Animum.
999 5231 1145 5285 Hanc
1171 5241 1356 5283 vocem
1377 5269 1391 5292 ,
1423 5241 1544 5297 qua:
1583 5225 1770 5281 deerat
1799 5227 1850 5281 in
1880 5224 1997 5297 aliis
2028 5225 2224 5297 editio-

637 5303 825 5366 nibus,
853 5311 908 5357 et
938 5301 1086 5357 deest
1117 5304 1169 5354 ltt
1197 5298 1378 5353 multis
1421 5296 1694 5353 codicibus
1724 5296 1954 5365 antiquis
1979 5335 1993 5361 ,
2043 5296 2227 5350 Manu-

637 5375 779 5428 tiana
818 5372 982 5428 editio
1008 5370 1229 5426 addidit.
1258 5368 1441 5424 Inveni
1464 5377 1640 5423 autem
1674 5369 1814 5422 illam
1857 5369 1908 5422 iu
1937 5376 2059 5421 octo
2082 5367 2228 5422 codi-

635 5446 788 5500 cibus
812 5442 1206 5512 manuscriptis.
1236 5440 1496 5511 Rigaltius
1511 5440 1697 5512 posuit
1726 5441 1943 5512 animos.

709 5514 997 5569 IIl.—-Sive
1025 5509 1195 5583 aliqua
1213 5509 1570 5583 incitatoreJn
1598 5510 1734 5583 libro
1752 5510 1983 5565 Fuxcnsi
2013 5509 2226 5583 legitur,

637 5589 747 5644 sine
767 5587 939 5655 aliqua
960 5579 1294 5655 disputatore.
1323 5581 1378 5635 In
1408 5582 1712 5655 Divionensi
1744 5593 1798 5637 et
1826 5583 1877 5636 in
1907 5597 2013 5637 uno
2046 5579 2227 5635 licini-

636 5659 796 5730 εἰειῃο
817 5697 831 5720 ,
853 5653 1151 5730 nescioquo
1177 5653 1492 5721 disputatare
1520 5653 1779 5730 incitante.

711 5726 1041 5781 Proruerent.
1091 5724 1163 5779 Ita
1208 5738 1396 5779 omnes
1430 5730 1640 5778 veteres
1675 5723 1794 5777 libri
1835 5731 1888 5778 et
1927 5723 2226 5788 editiones,

641 5797 803 5860 ctiam
833 5811 896 5854 ea
931 5811 1050 5868 qua:
1083 5803 1165 5852 est
1195 5793 1493 5850 Iteinbarti.
1524 5792 1704 5850 Codex
1730 5793 2050 5852 Veronensis
2074 5794 2234 5852 habet

2324 4521 2444 4576 bctn
2462 4520 2606 4591 (pag.
2621 4521 2682 4574 Η
2695 4519 2736 4589 ),
2753 4528 2805 4574 et
2821 4519 2973 4588 cujus
2993 4519 3383 4589 perhonorifica
3399 4525 3600 4578 mentio
3622 4519 3847 4579 habetur
3870 4529 3918 4580 in

2325 4589 2812 4714 ClilSlOlaCtlrIICIII
2842 4592 3000 4660 Papa:
3027 4592 3094 4646 ad
3125 4591 3346 4647 Fabium
3382 4595 3692 4664 episcopum
3733 4599 3919 4651 Antiu-

2325 4677 2355 4714 c
2380 4678 2554 4714 tenttm
2585 4661 2722 4714 antttl
2745 4661 3058 4714 Eusebium.
3089 4664 3180 4714 lib.
3207 4679 3279 4714 vt.
3303 4680 3420 4714 can.
3450 4666 3540 4714 45-
3569 4666 3812 4714 llismrim
3834 4684 3919 4714 pc.

2325 4661 2556 4735 ebenum
2585 4661 2722 4732 apud
2745 4661 3058 4735 Eusebium,
3089 4664 3180 4717 lib.
3207 4679 3279 4727 vt,
3303 4661 3430 4735 cap.
3450 4666 3540 4729 43,
3569 4661 3812 4720 Ilistorizc
3834 4684 3922 4722 ec-

2326 4733 2661 4796 clesiasticae,
2689 4732 2912 4806 scripta,
2939 4735 3233 4806 ItlﬂOpillOl‘,
3253 4749 3319 4788 eo
3340 4732 3580 4804 tempore
3597 4753 3702 4806 quo
3722 4736 3923 4792 Celeri-

2327 4819 2429 4857 nus
2465 4814 2580 4857 erat
2623 4803 2768 4873 apud
2801 4802 3131 4858 Corneliutn.
3159 4806 3387 4858 Omnino
3415 4802 3559 4862 enim
3594 4802 3768 4862 sentio
3798 4824 3919 4862 cum

2328 4872 2691 4928 illustrissimo
2743 4872 3028 4928 Cardinale
3074 4875 3302 4930 Baronio
3348 4875 3653 4932 Celcrinum
3708 4880 3757 4932 in
3822 4877 3924 4934 bac

2328 4944 2807 5016 Corneliicpislola
2840 4944 3134 5016 laudatum,
3175 4961 3296 5000 eum
3325 4961 3445 5002 esse
3489 4949 3578 5016 qui
3620 4947 3716 5002 fuit
3753 4949 3924 5003 lector

2328 5016 2572 5071 ecclesiae
2611 5014 3068 5085 Carthaginensis.
3117 5015 3250 5070 Illud
3304 5027 3479 5071 autem
3508 5014 3699 5071 ‘obiter
3736 5019 3923 5074 admo-

2330 5088 2499 5152 nebo,
2547 5086 2840 5140 Marianum
2893 5085 3182 5140 \‘ictorium
3232 5088 3284 5140 in
3331 5087 3764 5142 annotationibus
3810 5091 3924 5146 suis

2331 5156 2395 5210 ad
2435 5171 2598 5225 opera
2633 5157 2804 5212 sancti
2847 5155 3156 5226 Ilieronymi
3188 5157 3494 5212 confudisse
3524 5157 3666 5212 bunc
3698 5156 3926 5214 Fabium

2330 5227 2638 5297 episcopum
2661 5228 3051 5299 Antiocltenum
3083 5243 3203 5281 cum
3230 5228 3480 5282 Flaviano
3501 5229 3754 5299 episcopo
3779 5231 3924 5284 Con-

2332 5298 2841 5367 stantinopolitano,
2887 5297 3040 5366 cujus
3097 5299 3262 5354 multa
3317 5297 3548 5354 mentio’
3587 5300 3639 5353 in
3689 5297 3924 5355 concilio

2332 5367 2604 5437 Epltesino
2633 5379 2685 5422 et
2712 5369 2764 5422 in
2791 5367 3235 5423 Clialcedonensi.
3290 5370 3345 5424 In
3389 5372 3529 5425 hunc
3563 5386 3803 5426 errorem
3844 5371 3928 5426 in-

2333 5437 2525 5512 ductus
2547 5438 2612 5512 ‘°_‘
2633 5447 2717 5492 est
2734 5440 2817 5512 vir
2833 5437 3180 5512 doctissimus
3206 5455 3271 5496 ex
3293 5440 3423 5512 falsa
3447 5441 3676 5496 lectione
3693 5458 3810 5512 qua}.
3830 5457 3927 5496 an-

2336 5509 2556 5578 tiquitus
2587 5510 2801 5578 irrepsit
2831 5509 2884 5563 in
2914 5508 3110 5564 librum
3151 5511 3320 5565 sancti
3352 5511 3662 5570 Hieronymi
3689 5508 3751 5567 de
3790 5511 3926 5566 Viris

2335 5579 2616 5653 illustribus
2637 5622 2651 5645 ,
2685 5579 2771 5635 ubi
2809 5581 3177 5653 scriptumest
3201 5581 3508 5636 Cornelium
3536 5581 3735 5651 Papam
3758 5585 3928 5653 scrip-

2335 5652 2470 5724 sisse
2496 5659 2720 5720 quatuor
2745 5651 2998 5720 epistolas
3026 5651 3092 5706 ad
3139 5651 3448 5724 Flavianum
3477 5655 3787 5724 episcOpum
3815 5651 3927 5708 Ait-

2337 5721 2684 5795 tiocltcnum__;
2721 5738 2817 5792 pro
2846 5735 2951 5795 quo
2978 5733 3158 5778 vetera
3186 5723 3327 5778 illius
3357 5724 3479 5778 libri
3505 5721 3833 5795 exemplaria
3871 5733 3928 5780 et

2335 5801 2606 5866 postrema
2640 5793 3174 5866 Hieronymianorum
3215 5807 3440 5867 cperum
3464 5795 3628 5852 editio
3655 5793 3798 5852 recte
3826 5798 3925 5854 tta-
