4222 6288
295 334 401 391 265

1709 326 2039 388 EPISTOLA
2080 326 2217 386 XVI.

3479 326 3584 381 266

296 445 581 504 Deimiles.
605 445 895 503 Universos
909 457 1007 500 vos
1028 443 1119 499 illo
1143 441 1454 500 veniente”
1469 444 1883 512 conspeximus;
1910 446 1962 504 Λ
1993 444 2083 497 tim
2111 443 2315 512 paritur
2342 458 2355 498 :
2386 448 2441 495 at
2469 441 2560 511 qui
2599 436 2820 497 manens
2854 440 2871 479 ί
2902 454 3114 511 semper
3154 442 3205 495 in
3246 438 3420 510 poenis
3447 452 3582 494 con-

295 550 505 598 etcum
536 538 850 595 charitatem
892 547 918 573 ει
963 536 1106 592 circa
1147 550 1234 591 me
1279 543 1511 590 vestram
1559 535 1784 589 dulciter
1823 550 1887 590 ac

294 646 436 701 saepe
460 628 863 701 loqueretur,‘in
890 627 1004 698 ejus
1025 625 1362 683 sermonibus
1391 641 1486 681 vos
1511 626 1883 681 audiebamus.

295 724 435 780 Satis
465 738 529 778 ac
559 721 844 792 plurimum
876 719 1088 791 gaudeo
1116 718 1328 789 quando
1358 733 1386 772 a
1425 718 1575 773 vobis
1624 733 1722 788 per
1750 717 1885 773 tales

292 816 414 872 talia
448 814 811 886 perferuntur.
841 813 1131 870 Vobiscum
1154 814 1261 868 illic
1287 813 1340 867 in
1384 827 1599 867 carcere
1650 812 1881 882 quodam

288 908 449 965 modo
468 919 523 963 et
553 922 654 962 nos
680 921 864 961 sumus
900 948 916 976 ,
967 906 1163 961 divina:
1205 905 1533 976 dignationis
1555 914 1881 984 ornamenta

284 1000 562 1057 vobiscum
584 999 785 1055 sentire
810 1013 910 1053 nos
939 998 1231 1064 credimus,
1262 999 1349 1067 qui
1378 998 1456 1052 sic
1482 997 1674 1053 vestris
1703 996 1881 1052 cordi-

285 1095 381 1149 bus
407 1092 754 1147 adhzcremus
777 1090 826 1145 ι).
854 1090 1055 1147 Honori
1077 1107 1176 1146 nos
1205 1099 1385 1147 vestro
1410 1089 1642 1145 Charitas
1662 1098 1837 1144 vestra
1857 1101 1879 1128 ο

286 1185 565 1242 individua
617 1184 918 1253 connectit,
963 1180 1249 1254 separarid
1278 1182 1621 1238 dilectionem
1659 1181 1878 1251 spiritus

284 1293 386 1333 non
447 1278 599 1331 sinit.
634 1275 742 1331 Vos
795 1275 905 1330 illic
956 1274 1263 1342 confessio,
1325 1289 1410 1329 me
1458 1284 1481 1309 ο
1530 1272 1744 1328 affectio
1804 1275 1883 1328 in-

285 1369 467 1426 cludit.
503 1369 574 1423 Et
601 1382 697 1423 nos
723 1365 939 1439 quidem
966 1368 1129 1422 vestri
1159 1366 1347 1439 diebus
1381 1380 1444 1420 ac
1489 1366 1735 1421 noctibus
1765 1381 1881 1420 mc-

283 1477 481 1530 tnores,
506 1471 564 1518 et
586 1460 798 1532 quando
826 1460 878 1515 in
906 1460 1187 1516 sacriﬁciis
1210 1474 1421 1531 precem
1458 1475 1577 1515 cum
1632 1459 1871 1530 pluribus

284 1554 548 1621 facimus,
599 1565 653 1608 et
700 1568 822 1607 cum
861 1553 914 1607 in
959 1566 1175 1607 secessu
1228 1551 1450 1622 privatis
1488 1551 1734 1621 precibus
1764 1565 1885 1606 ora-
1926 1586 1929 1587 ν

282 1662 418 1709 mus,
451 1644 677 1701 coronis
705 1659 768 1699 ac
795 1642 1042 1699 laudibus
1066 1645 1261 1699 vestris
1286 1643 1494 1713 plenam
1516 1658 1546 1697 a
1567 1643 1789 1697 Domino
1807 1641 1883 1697 fa-

281 1739 517 1793 ventium
558 1736 577 1775 ί
613 1736 965 1809 postulamus.
1016 1736 1121 1793 Sed
1148 1736 1215 1793 ad
1255 1736 1581 1793 reddendam
1623 1735 1775 1791 vobis
1803 1736 1885 1789 vi-

1989 534 2226 606 greditur
2263 547 2383 589 cum
2421 532 2609 588 dolore
2650 546 2751 589 nec
2780 532 3030 602 vincitur,
3070 530 3308 602 quotidie
3347 544 3583 587 corona-

1988 634 2095 683 tur.

1993 764 2025 788 ,
2059 718 2124 772 II.
2162 718 2295 772 Eant
2331 733 2471 773 nitnc
2497 718 2837 789 magistratus
2860 727 2915 774 et
2947 718 3193 775 consules
3221 718 3332 772 sive
3352 731 3586 787 procon-

1988 811 2150 872 sules,
2185 826 2375 865 annua:
2403 811 2674 880 dignitatis
2706 811 2999 881 insignibus
3029 819 3083 864 et
3110 809 3391 883 duodecim
3420 807 3583 863 fascie

1992 903 2096 958 bus
2124 903 2437 972 glorientur.
2470 902 2605 957 Ecce
2630 902 2863 972 dignitas
2888 902 3127 959 cmlestis
3150 902 3201 956 in
3230 902 3380 957 vobis
3409 900 3585 955 hono-

1988 996 2061 1049 ris
2108 995 2267 1049 annui
2313 994 2555 1049 claritate
2604 995 2807 1065 signata
2857 1004 2984 1059 est,
3013 1004 3069 1050 et
3108 994 3219 1064 jam
3264 994 3583 1053 revertentis

1986 1086 2111 1140 anni
2142 1086 2422 1141 volubilem
2454 1086 2713 1141 circulum
2745 1085 2983 1141 victricis
3017 1084 3201 1155 gloriae
3233 1084 3585 1139 diuturnitate

1985 1189 2316 1251 transgressa
2359 1190 2460 1236 cst.
2510 1181 2840 1236 illuminabat
2894 1180 3152 1235 mundum
3189 1181 3270 1235 sol
3313 1180 3491 1234 oriens
3531 1187 3587 1233 et

1986 1272 2108 1325 luna
2153 1273 2481 1327 decurrens:
2517 1273 2611 1327 sed
2649 1273 2801 1327 vobis
2845 1270 2982 1326 idem
3023 1274 3111 1342 qui
3154 1271 3322 1326 solem
3368 1270 3493 1326 fecit
3530 1279 3586 1324 ct

1986 1365 2182 1430 lunam,
2229 1366 2398 1435 majus
2430 1366 2480 1419 iu
2511 1380 2727 1420 carcere
2774 1365 2952 1419 lumen
2983 1363 3079 1419 fuit
3106 1379 3122 1429 ;
3164 1372 3219 1417 et
3248 1364 3297 1416 itt
3327 1363 3490 1418 corde
3515 1378 3582 1418 ac

1986 1457 2253 1512 mentibus
2272 1457 2464 1512 vestris
2487 1457 2685 1511 ChriSti
2714 1456 2979 1511 claritudo
3004 1454 3374 1525 reSplendens,
3403 1454 3584 1509 horri-

1987 1547 2122 1603 biles
2174 1548 2383 1602 caeteris
2426 1556 2583 1617 atque
2626 1546 2867 1602 funestas
2910 1548 3138 1617 ptenalis
3183 1546 3283 1601 loci
3338 1547 3585 1601 tenebras

1989 1647 2187 1694 aeterna
2227 1640 2314 1693 illa
2344 1648 2398 1694 et
2437 1639 2663 1695 candida
2702 1640 2818 1694 luce
2848 1639 3095 1694 radiavit.
3129 1639 3231 1693 Per
3261 1636 3587 1693 vicissitudi-

1992 1746 2087 1786 nes
2138 1733 2401 1787 mensium
2453 1731 2802 1786 transmeavit
2851 1731 3130 1785 hibernum
3178 1748 3193 1784 :
3244 1729 3339 1784 sed
3388 1739 3441 1784 ct
3490 1744 3588 1786 vos

282 1845 392 1885 cem
421 1832 608 1885 minor
658 1837 743 1885 est
799 1839 981 1885 nostra
1027 1828 1387 1885 mediocritas.
1443 1828 1572 1883 Plus
1616 1841 1710 1883 vos
1750 1827 1963 1895 datis];
1992 1825 2181 1881 inclusi
2237 1835 2476 1896 tempora
2529 1822 2723 1878 hiemis
2781 1822 3167 1892 persecutionis
3218 1822 3397 1877 hieme
3451 1837 3585 1891 pen-

282 1922 495 1994 quando
515 1921 685 1977 nostri
703 1920 755 1975 in
785 1921 1029 1977 oratione
1060 1921 1399 1987 meministis,
1431 1921 1522 1992 qui
1557 1921 1825 1991 spirantes
1860 1930 1886 1968 Β

278 2013 383 2085 jam
435 2014 559 2071 sola
588 2013 831 2071 cwlestia
873 2021 928 2068 et
968 2023 1171 2069 tantum
1212 2014 1391 2070 divina
1439 2008 1786 2081 meditantes,
1820 2013 1887 2069 ad

282 2108 491 2179 faStigia
525 2106 750 2162 celsiora
783 2121 930 2163 mora
959 2108 1074 2178 ipsa
1103 2107 1367 2177 passionis
1402 2107 1695 2163 ascenditis
1716 2148 1731 2175 ,
1764 2106 1885 2161 lon-

281 2214 452 2270 goque
499 2208 804 2273 temporum
849 2199 1013 2255 ductu
1059 2200 1258 2271 glorias
1310 2208 1514 2255 vestras
1560 2216 1666 2255 non
1721 2199 1886 2254 trahi—

284 2299 348 2354 tis
376 2298 425 2363 h.
457 2300 559 2356 sed
589 2296 815 2369 augetis.
848 2293 1066 2349 Beatum
1100 2291 1225 2348 facit
1252 2294 1422 2363 prima
1451 2301 1504 2347 et
1538 2308 1641 2349 una
1671 2290 1883 2348 confes-

283 2391 380 2446 sio.
414 2391 535 2448 Vos
572 2391 731 2445 toties
756 2387 1081 2443 conﬁtemini
1108 2390 1351 2459 quoties,
1372 2388 1556 2458 rogati
1586 2395 1645 2441 ut
1673 2386 1740 2442 de
1765 2399 1881 2441 car-

283 2498 405 2540 cere
434 2483 737 2549 recedatis,
769 2497 1049 2539 carcerem
1096 2481 1200 2537 ﬁde
1230 2491 1283 2537 ct
1318 2481 1513 2537 virtute
1542 2479 1881 2551 prmelcgitis.

285 2574 385 2631 Tot
415 2585 617 2632 vestra;
658 2574 843 2631 laudes
871 2584 1001 2645 quot
1039 2574 1193 2639 dies;
1236 2583 1368 2645 quot
1415 2574 1686 2629 mensium
1715 2573 1888 2628 curri-

285 2667 426 2736 cula,
455 2677 539 2723 tot
558 2667 883 2722 incrementa
910 2666 1247 2723 meritorum.
1276 2664 1463 2721 Semel
1484 2664 1752 2735 vincitqui
1781 2672 1893 2720 sta-

1991 1918 2193 1973 sabatis
2221 1917 2264 1968 i.
2295 1916 2567 1973 Successit
2599 1913 2760 1968 hiemi
2790 1925 2952 1967 verna
2985 1913 3270 1982 temperies
3296 1913 3433 1967 rosis
3464 1912 3587 1991 laeta

1993 2018 2047 2066 et
2090 2009 2311 2064 floribus
2358 2016 2658 2063 coronata:
2703 2004 2797 2061 sed
2844 2005 2997 2059 vobis
3043 2019 3181 2060 rosa:
3227 2012 3281 2059 et
3320 2003 3480 2059 liores
3521 2004 3589 2058 de

1966 2102 2223 2173 _paradisi
2251 2100 2457 2156 deliciis
2484 2100 2740 2162 aderant,
2771 2107 2825 2153 et
2854 2104 3013 2166 caput
3039 2106 3274 2153 vestrum
3306 2105 3450 2153 serta
3478 2113 3590 2153 cm-

1991 2195 2142 2250 lestia
2189 2194 2540 2250 coronabant.
2593 2190 2785 2246 Estas.
2827 2204 2952 2244 ecce
3001 2190 3258 2245 messium
3310 2190 3580 2245 fertilitate

1990 2286 2235 2344 ftecunda
2265 2294 2368 2354 est,
2397 2294 2452 2341 ct
2479 2299 2603 2339 area
2630 2282 2865 2354 frugibus
2892 2281 3045 2350 plena
3070 2290 3152 2336 est
3184 2297 3198 2336 :
3233 2280 3327 2336 setl
3350 2296 3466 2345 vos,
3500 2282 3592 2352 qui

1987 2383 2211 2453 gloriam
2250 2378 2588 2444 seminastis,
2630 2376 2837 2447 frugem
2874 2373 3061 2445 gloriae
3100 2375 3327 2453 metistis
3352 2417 3365 2442 ,
3409 2385 3590 2443 atque,

1991 2452 2287 2529 in'Domini
2321 2486 2447 2526 area
2481 2469 2779 2531 con5tituti,
2807 2467 2958 2521 exuri
2991 2452 3592 2536 paleas’inextinguibili
3662 2528 3666 2532 Α

1992 2570 2115 2639 igne
2150 2564 2461 2635 conspicitis
2492 2562 2551 2629 ¹ί;
2602 2562 2721 2633 ipsi,
2758 2570 2813 2616 ut
2855 2558 3013 2615 tritici
3060 2575 3226 2631 grana
3269 2568 3489 2629 purgata
3539 2568 3596 2613 ct

1997 2661 2265 2717 frumenta
2318 2657 2587 2729 pretiosa,
2633 2654 2743 2725 jam
2776 2653 2983 2725 purgati
3025 2664 3079 2707 et
3118 2650 3363 2719 conditi,
3413 2651 3595 2721 hospi-

1471 2754 1857 2814 LECTIONES
1896 2749 2313 2812 VARIANTES.

351 2855 379 2883 ⁸
409 2850 493 2901 De
515 2851 754 2900 charitate
773 2845 912 2899 Corb.

342 2914 380 2951 1)
412 2914 723 2963 Ῑηὶιωνθωιις
742 2913 900 2964 Oxon.

346 2981 373 3010 °
398 2978 578 3029 Nostra
610 2976 756 3027 Ebor.

346 3042 377 3078 (ι
403 3040 641 3103 Separari
669 3040 801 3088 enim
826 3042 959 3091 Lam.

351 3106 377 3135 ο
403 3102 489 3135 ιιι.
516 3102 595 3135 Itin
625 3102 666 3135 tu
719 3101 816 3135 Fnh

351 3106 377 3135 θ
403 3101 495 3152 Mé
516 3102 595 3151 hic
617 3102 686 3150 N.
713 3101 834 3153 Fab.

350 3162 373 3202 τ
400 3164 602 3214 Domini
625 3162 886 3214 faventiam
907 3165 1042 3214 Lam.
1067 3162 1194 3214 Bod.
1218 3163 1267 3213 5.
1293 3162 1401 3213 ΝΟ.
1428 3161 1474 3211 1.
1493 3161 1541 3211 Ξ.
1570 3159 1676 3211 Litt.

2076 2843 2103 2913 ἕ
2123 2840 2395 2913 ἓρεθςαηεεεξ
2416 2837 2541 2913 Beti-
2556 2839 2631 2913 .¹-.
2652 2833 2932 2913 νηιξξ-ητρηιετ
2942 2836 3102 2913 179:0..-

2077 2902 2107 2941 ιι
2130 2895 2427 2951 subtrahitis
2459 2899 2587 2950 Bod.
2612 2900 2661 2949 1.
2685 2896 2813 2949 Thu.
2838 2898 2975 2947 Foss.
3004 2895 3148 2947 Corb.

2078 2966 2094 3004 i
2126 2964 2330 3013 Manens
2354 2964 2401 3011 in
2430 2962 2612 3023 praeliis
2637 2962 2770 3023 Lam.

2077 3026 2091 3077 i
2125 3025 2350 3074 Pensatis
2374 3021 2499 3073 Bod.
2525 3022 2573 3071 1.
2604 3021 2731 3070 Tha.

1927 3092 1973 3154 C
2069 3091 2100 3127 κ
2121 3087 2409 3150 Perspicitis
2430 3084 2557 3135 Bod.
2583 3085 2629 3133 1.
2665 3081 2807 3134 Corb.

1543 3243 1787 3301 STEPH.
1829 3238 2104 3297 BALUZII
2142 3235 2366 3293 NOTAE.

290 3341 439 3398 bent'
463 3345 726 3414 scriptum
774 3357 967 3398 nomen
1004 3341 1203 3414 Fabii._
1233 3338 1402 3414 Hujus
1447 3351 1627 3414 po_rro_
1656 3332 1891 3414 Celeriui

290 3415 517 3483 epistola
546 3406 615 3469 ait
640 3414 923 3468 Lucianutn
947 3421 1094 3483 extat
1110 3409 1257 3483 infra
1281 3406 1421 3464 inter
1441 3406 1692 3477 epistolas
1719 3406 1889 3462 sancti

290 3481 566 3555 Cypriani.
594 3484 723 3540 Vide
747 3493 905 3540 notas
924 3483 991 3538 ad
1021 3481 1314 3553 Epistolam
1341 3494 1523 3555 xrtxw.

358 3547 602 3613 Alterius
630 3556 881 3621 Celeriui,
928 3555 1017 3626 qui
1046 3547 1199 3626 pater
1224 3560 1341 3606 erat
1361 3547 1730 3626 _Ageruchiat,
1776 3563 1889 3603 me-

290 3627 444 3681 minit
501 3637 717 3683 sanctus
765 3619 1120 3696 Hieronymus
1188 3624 1240 3676 in
1289 3619 1515 3696 epistola
1548 3620 1630 3696 ad
1677 3619 1881 3696 _Ageru-

293 3696 503 3763 thiam;
544 3696 766 3753 alterius
805 3690 1082 3765 inscriptio
1129 3702 1283 3748 vetus
1310 3690 1334 3759 ,'
1365 3692 1507 3746 edita
1535 3690 1575 3765 a_
1596 3690 1847 3765 Reinesio
1866 3730 1882 3755 ,

292 3782 412 3840 pag.
445 3760 572 3825 161.
606 3768 839 3824 Celeriui
864 3760 1111 3840 praftpris
1151 3779 1345 3840 nomen
1382 3769 1527 3840 estet
1564 3762 1614 3814 in
1662 3760 1882 3840 historia

294 3830 561 3920 passionis
606 3830 1268 3907 sanctorufn‘Chrysanthi
1310 3843 1365 3889 et
1409 3833 1578 3887 Daritn
1606 3830 1747 3901 apud
1776 3831 1882 3886 Su-

244 3952 247 3953 ν
294 3924 455 3975 rium,
490 3922 620 3966 tom.
652 3926 710 3965 ν.

374 3972 479 4038 Vos
509 3985 561 4037 in
587 3982 699 4036 illo.
742 3980 989 4035 Ruricius
1010 4021 1022 4039 .
1065 3979 1160 4033 lib.
1202 3993 1259 4043 ιι,
1291 3974 1453 4044 epist.
1476 3973 1546 4029 δε
1577 3991 1590 4028 :
1628 3972 1812 4028 Frater
1838 3982 1887 4029 et

296 4050 669 4125 compreibyter
691 4063 857 4125 noster
886 4051 1170 4125 Capilitttus
1194 4045 1722 4125 dupliciterhhac-vice
1745 4046 1888 4099 nobis

297 4116 470 4192 graius
498 4116 758 4197 apparuit,
792 4122 914 4197 dum
956 4131 1002 4177 et
1028 4123 1138 4191 ipse
1164 4118 1306 4174 nobis
1328 4116 1533 4197 jamdiu
1572 4116 1888 4197 desideratus

298 4188 544 4264 occurrit,
564 4188 610 4252 et
644 4188 919 4266 quamdam
938 4188 1092 4249 vestri
1122 4188 1441 4263 praesentiam
1472 4203 1561 4257 per
1586 4197 1776 4241 vestras
1803 4188 1889 4240 lit-

300 4273 427 4323 teras
449 4277 774 4335 repraesentat
786 4315 792 4321 .

371 4328 703 4395 Ornamenta.
750 4336 825 4392 Ita
856 4336 1116 4408 Rigaltius
1141 4375 1156 4401 ,
1207 4341 1488 4404 propterea
1531 4328 1889 4408 reprehensus

301 4406 351 4480 in
395 4412 633 4467 editione
682 4399 993 4480 Anglicaria.
1052 4399 1357 4480 Et'_ta'me'n_
1404 4399 1677 4480 auctorem
1730 4399 1887 4480 hujus

303 4477 544 4537 lectionis
598 4473 791 4537 habuit:
829 4481 1118 4536 editionem
1164 4475 1553 4549 Manutianam,
1586 4474 1637 4528 in
1669 4488 1773 4549 qua
1816 4473 1886 4527 ita

302 4553 558 4624 scriptum
608 4563 688 4609 est
715 4596 730 4617 ,
788 4554 943 4624 eique
989 4550 1268 4624 scripturae
1313 4544 1888 4602 consentiunt'novem

303 4621 865 4693 vewraexemplaria.
887 4623 1029 4679 Sane
1056 4636 1161 4693 vox
1194 4621 1532 4693 hortamento,
1564 4630 1723 4685 quam
1754 4629 1892 4684 pra:-

307 4691 483 4752 ferunt
506 4689 716 4752 veteres
745 4694 1006 4750 editiones
1028 4702 1076 4747 et
1112 4690 1295 4747 decem
1342 4689 1469 4743 item
1495 4696 1673 4741 vetera
1707 4701 1891 4740 exem-

307 4765 468 4835 plaria
502 4811 516 4835 ,
547 4769 687 4823 bona
717 4780 837 4821 esse
865 4773 1059 4835 potest.
1110 4763 1258 4817 lllam
1301 4774 1430 4835 ergo
1474 4757 1895 4835 prmtttli_t_Rein-

308 4826 515 4909 hartus.
556 4839 807 4909 Adjuvari
851 4826 1033 4909 autem,
1070 4844 1341 4909 pot_est_ex_
1367 4826 1487 4909 hoc
1514 4830 1632 4884 loco
1675 4827 1794 4909 libri
1823 4826 1896 4909 Ade

309 4903 488 4977 Lapsis
517 4908 536 4974 (
562 4900 684 4981 pag.
716 4908 862 4983 185)
895 4925 906 4960 :
933 4900 1175 4983 Episcopi
1208 4903 1448 4983 plurimi,
1477 4917 1602 4971 quos
1629 4909 1674 4954 et
1716 4900 1893 4953 horta-

310 4974 470 5051 mento
493 4974 603 5037 esse
627 4974 821 5051 oportet
842 4974 1041 5051 'cteteris
1066 4986 1112 5032 et
1136 4974 1384 5051 exempto.

378 5048 444 5105 In
472 5043 687 5107 secessu.
740 5052 852 5106 Duo
901 5049 1019 5104 libri
1069 5058 1278 5103 veteres
1327 5044 1523 5100 habent
1566 5043 1619 5096 in
1658 5050 1847 5095 secreto
1879 5079 1894 5106 ,

312 5122 445 5186 quod
491 5123 700 5178 videtur
748 5122 958 5177 melius.
990 5119 1056 5174 Et
1099 5130 1277 5173 tamen
1330 5113 1848 5186 tnutare_noluimt_ts
1879 5151 1895 5175 ,

313 5182 428 5257 quia
453 5207 640 5250 omnes
664 5195 775 5249 fere
805 5192 925 5248 librt
966 5202 1174 5246 veteres
1201 5197 1254 5244 et
1283 5200 1472 5242 omnes
1497 5184 1762 5240 editiones
1801 5182 1897 5235 ha-

314 5256 435 5318 bent
461 5265 513 5317 in
541 5282 755 5321 secessu.

382 5335 423 5387 A
463 5335 683 5392 Domino
717 5336 1011 5407 faventium.
1051 5332 1275 5407 Codices
1318 5326 1741 5407 Cgrnotensisct
1770 5325 1903 5407 Bec-

316 5407 484 5475 ccnsis
547 5396 755 5464 habent
778 5404 984 5460 Domini
1024 5406 1316 5475 faventium.
1362 5402 1554 5475 Festus
1591 5418 1604 5453 :
1654 5396 1903 5475 Fauentia

319 5470 491 5548 (tenam
537 5482 818 5533 orationem
879 5466 1154 5548 signi/"ient.
1198 5476 1389 5548 Accius
1420 5472 1677 5548 _Oeuom.
1705 5512 1719 5534 ,
1762 5466 1902 5548 apud

318 5539 536 5615 Nouium
583 5549 888 5605 Marcellum
926 5539 946 5601 ἷ
985 5539 1229 5600 Omnibus
1274 5546 1454 5615 faustis
1504 5548 1762 5610 acceptam
1810 5543 1905 5615 Ita-

322 5612 791 5695 b€an_l_faventiam._
833 5619 921 5695 Sic
948 5618 1089 5673 enim
1114 5627 1260 5672 recte
1274 5608 1426 5695 hunc
1453 5608 1632 5671 locum
1652 5608 1905 5666 emenda-

322 5689 732 5760 vit_Hadrianus
763 5689 972 5760 Junius.
1220 5757 1229 5760 _
1396 5690 1401 5699 ’
1656 5750 1704 5760 ,.
1749 5759 1753 5760 ,
1864 5748 1877 5760 .

389 5757 674 5829 Spirantes.
707 5761 886 5815 Codex
917 5757 1295 5821 Carnotensis,
1327 5767 1582 5827 sperantes
1611 5769 1629 5808 :
1656 5750 1908 5808 Metensis

328 5832 490 5889 sancti
520 5832 812 5906 Arnulplti,
852 5834 1100 5901 spirantes
1130 5834 1204 5885 vel
1234 5839 1511 5899 sperantes.

832 5936 1103 6001 Panos.
1155 5925 1262 5991 IV.
1309 5923 1370 5987 S.
1417 5919 1721 5984 Cyrum.

2067 3329 2218 3384 Mora
2244 3329 2356 3397 ipsa
2373 3325 2646 3397 passionis.
2675 3321 2904 3397 Codices
2935 3318 3197 3397 Fuxensis
3219 3333 3273 3379 ct
3302 3323 3596 3397 Eligianus,

1996 3404 2123 3457 hora
2160 3393 2661 3471 ipsa.rCorbeien_sis
2689 3434 2727 3471 λ
2751 3394 2819 3447 ad
2844 3394 3021 3471 harant
3049 3393 3237 3471 ipsam.

2067 3464 2191 3525 Non
2215 3469 2432 3524 trahitis.
2475 3466 2662 3522 Codex
2688 3464 3053 3527 Carnotensis,
3094 3465 3410 3520 subtrahitis.

2063 3542 2203 3597 ll.-—
2234 3539 2452 3595 Honoris
2480 3538 2660 3592 annui.
2700 3536 2867 3592 Vetus
2892 3534 3256 3603 Remigianus,
3288 3554 3460 3592 annuo
3489 3540 3598 3594 cla-

1993 3615 2160 3669 ritatis
2187 3613 2395 3666 honore.

2062 3685 2279 3755 Signata
2305 3690 2402 3736 est.
2447 3676 3175 3755 Codexusancti“Arnulpbi,
3207 3678 3459 3755 signatur.

2066 3745 2349 3810 Horribiies
2379 3751 2591 3807 caneris.
2628 3747 2806 3803 Codex
2838 3745 3186 3801 Carnotensis
3205 3788 3221 3814 ,
3256 3745 3485 3803 carceris
3513 3751 3591 3803 vel

1989 3828 2203 3880 cwteris.

2067 3897 2342 3951 Mensium.
2401 3891 2628 3946 Veteres
2681 3888 2801 3943 libri
2856 3888 3056 3956 habent
3118 3903 3402 3942 mensuum.
3467 3890 3585 3958 Quo

1992 3968 2153 4023 etiam
2181 3965 2339 4020 modo
2368 3977 2512 4031 smpe
2547 3959 2800 4028 scriptum
2829 3958 2936 4013 vidi
2969 3959 3021 4013 in
3060 3961 3282 4014 vetustis
3314 3962 3585 4030 exempla-

1992 4039 2138 4094 ribus
2204 4032 2580 4100 manuscriptis
2643 4031 2871 4085 aliorum
2936 4039 3176 4085 veterum
3237 4032 3583 4100 scriptorum.

1994 4107 2228 4163 Mensam
2248 4122 2376 4161 vero
2411 4120 2504 4174 pro
2531 4116 2788 4174 mensuum
2844 4100 3151 4172 frequenter
3200 4103 3459 4167 scriptum
3506 4111 3589 4174 est

1994 4181 2046 4234 in
2069 4180 2265 4234 Codice
2290 4178 2331 4231 Τ
2338 4172 2681 4231 heodosiano.
2714 4172 2951 4226 Mensutn
2979 4188 3187 4240 quoque
3220 4173 3413 4241 legitur
3443 4173 3586 4242 apud

1994 4253 2057 4305 A.
2082 4250 2330 4313 Gellium,
2356 4248 2446 4302 lib.
2468 4262 2506 4309 ι,
2532 4242 2765 4314 εθρᾷὄ.
2786 4243 2919 4297 Vide
2946 4244 3319 4296 annotationcs
3350 4243 3589 4314 Dionysii

1994 4312 2241 4377 Lambini
2268 4322 2318 4375 itt
2345 4312 2621 4373 secundant
2650 4312 2916 4368 Verrinatn
2942 4314 3237 4367 Ciceronis.

2069 4392 2368 4447 Hibernum.
2395 4391 2563 4443 Antea
2584 4386 2784 4441 editum
2808 4393 2922 4437 erat
2942 4393 3136 4453 tempus
3162 4382 3443 4453 hibernum.
3475 4381 3588 4451 Ego

1986 4464 2179 4520 'sustuli
2237 4475 2421 4517 vocem
2475 4468 2671 4528 tempus
2695 4496 2710 4522 ,
2765 4455 2887 4528 quia
2947 4451 3186 4524 plerique
3241 4451 3456 4528 codices
3522 4454 3592 4506 il-

1993 4537 2097 4591 lam
2124 4550 2227 4589 non
2255 4533 2474 4597 habent,
2508 4523 2734 4598 ideoque
2760 4523 2969 4598 videtur
3012 4538 3134 4579 esse
3164 4538 3228 4576 ex
3264 4523 3591 4598 glossemate

1993 4616 2047 4661 et
2088 4607 2209 4677 quia
2248 4593 3037 4677 antiqni'direba‘nt‘hibern'um
3089 4604 3312 4677 tantum.
3371 4593 3586 4677 Seneca

1997 4663 2168 4745 Epist.
2197 4691 2267 4730 xv
2295 4694 2310 4731 :
2341 4663 2457 4728 Una
2502 4666 2852 4745 Ha_nnibalett_t_
2883 4664 3092 4745 hiberna
3130 4663 3401 4745 soluerunt.
3455 4664 3589 4720 Ter-

1998 4733 2248 4803 tullianus
2278 4789 2293 4811 ,
2340 4745 2433 4799 lib.
2467 4760 2481 4797 ι
2523 4741 2763 4811 adversus
2804 4735 3117 4811 Marcionem
3144 4751 3162 4787 :
3198 4733 3373 4811 ⁸Τοιιρς
3417 4752 3587 4811 annus

1998 4805 2291 4874 ltibernum'
2320 4826 2412 4871 est.
2455 4813 2591 4867 Sunt
2640 4809 2799 4864 etiam
2850 4807 2953 4860 alia
3001 4805 3264 4875 exempla.
3324 4805 3429 4875 Sed
3489 4806 3590 4860 ista

1998 4872 2285 4946 sufficiunt.
2304 4884 2436 4941 Vide
2465 4891 2617 4936 notas
2646 4878 2711 4932 ad
2743 4875 3097 4946 Capitulariag,
3129 4872 3246 4945 pag.
3280 4872 3441 4930 1185.

2071 4944 2379 5017 Pensabt'tt's.
2409 4953 2588 5009 Codex
2636 4944 2828 5005 sancti
2851 4944 3141 5017 Arnulpbi,
3165 4944 3403 5016 pensatis.
3436 4946 3593 5015 Quod

2000 5033 2210 5088 videtur
2236 5028 2448 5084 melius.
2554 5085 2560 5093 ,

2072 5104 2318 5157 Aderant.
2367 5097 2439 5151 Ita
2469 5088 2705 5164 plerique
2728 5089 2850 5164 libri
2878 5097 3109 5164 veteres.
3159 5088 3215 5143 In
3242 5088 3475 5164 quinque
3506 5096 3589 5141 ta-

2002 5190 2126 5232 men
2173 5180 2224 5229 et
2265 5172 2318 5224 in
2347 5158 2581 5235 antiquis
2615 5158 2935 5235 editionibus
2962 5160 3219 5229 scriptum
3242 5158 3325 5214 est
3352 5158 3591 5212 att/nere.

2004 5248 2141 5301 bant.
2196 5233 2693 5299 Morelliuseddidit
2715 5234 2995 5287 adhazrent.

2076 5298 2313 5370 M’etistis.
2364 5306 2591 5363 Codices
2614 5302 2978 5375 Carnotensis
3003 5310 3058 5356 et
3096 5301 3268 5358 sancti
3293 5298 3550 5371 Arnulphi
3574 5341 3590 5366 ,

2144 5404 2208 5440 i8.

2005 5398 2319 5528 megZi'itati.
2358 5451 2585 5528 Veleres
2602 5445 2886 5528 είὶὶιίοειθὲν
2908 5442 3069 5528 eliam
3092 5441 3460 5528 .Erasmia-‘net
3482 5441 3598 5528 M-a-

2007 5513 2227 5586 nutiana
2261 5567 2278 5594 ,
2332 5518 2621 5594 praeferunt
2673 5515 2889 5594 probati.
2927 5513 3027 5568 Ita-
3054 5514 3215 5594 etiam
3262 5514 3601 5594 multivete-

2010 5615 2098 5657 res
2132 5585 2278 5654 libri;
2335 5585 2608 5648 Pamelius
2654 5585 3134 5657 maluitnpurgati,
3175 5585 3389 5657 nullum
3424 5593 3604 5657 tamen

2014 5654 2252 5727 veterem
2305 5664 2500 5721 librum
2550 5657 2794 5722 laudads.
2850 5654 2958 5711 Nos
2998 5654 3187 5711 'secuti
3244 5668 3427 5727 sumus
3465 5654 3607 5708 illius

2021 5726 2487 5800 emendationem,
2537 5729 2661 5803 quia
2709 5727 3034 5803 credidimus
3061 5727 3202 5803 illam
3228 5726 3605 5803 esse__bonam,

2015 5796 2239 5887 eantque
2276 5796 2647 5865 conﬁrmatam
2696 5799 2939 5872 vidimus
2959 5799 3275 5854 auctoritate
3310 5796 3612 5870 aliquorum

3023 5890 3064 5955 9
