4250 6282
472 330 572 401 en

477 456 605 512 teris
643 455 777 511 meis
816 454 985 526 junxi.
1015 451 1167 520 Quod
1201 457 1368 507 totum
1416 459 1542 521 peto
1572 447 1829 505 fratribus
1869 449 2065 504 nostris
2091 448 2147 507 A

473 547 701 618 legatis,
751 554 810 601 ut
854 545 1020 615 magis
1071 559 1135 599 ac
1178 542 1346 612 magis
1388 540 1454 597 ad
1481 540 1791 611 patientiam
1838 555 2062 609 compoo

475 650 691 707 nantur,
745 654 844 694 nec
894 637 1091 693 delicto
1141 637 1360 708 proprio
1403 634 1656 705 adjiciam
1703 633 1878 689 adlmc
1920 632 2068 688 aliud

475 733 761 798 delictum,
802 730 927 785 dum
957 743 1057 785 nec
1086 728 1240 784 nobis
1276 743 1375 783 nec
1402 725 1693 797 Evangelio
1737 725 1925 780 volunt
1953 739 2070 780 ser-

475 826 621 892 vire,
674 838 774 879 nec
821 822 1113 879 secundum
1151 822 1521 879 universorum
1555 819 1929 877 contessorum
1977 817 2069 872 lit-

477 930 621 976 teras
659 932 851 974 causas
889 931 1013 973 suas
1055 916 1345 972 examinari
1380 915 1716 986 permittunt.
1764 911 1906 983 Opto
1948 925 2067 978 vos,

477 1010 668 1066 fratres
696 1007 1017 1074 charissimi,
1049 1022 1263 1078 semper
1300 1007 1437 1063 bene
1465 1005 1646 1060 valere
1673 1011 1727 1059 et
1754 1001 1926 1057 nostri
1956 1000 2101 1056 me-'
2136 1021 2139 1024 ν

477 1103 717 1160 minisse.
751 1100 1164 1157 Fraternitatem
1194 1101 1495 1156 universam
1521 1098 1769 1153 salutate.
1803 1093 2011 1149 Valete.

481 1240 854 1311 -
1004 1235 1342 1293 EPISTOLA
1378 1233 1573 1289 xvnt.

484 1398 722 1465 (Pamel.,
746 1410 853 1449 XIX.
886 1395 1091 1459 Rigalt,
1117 1393 1307 1454 Baluz.,
1346 1391 1529 1452 Paris,
1562 1404 1698 1440 xvm.
1737 1390 1919 1449 Oxon.,
1946 1387 2078 1451 Lips.

1216 1473 1377 1537 xxiv.)

932 1617 1177 1662 CALDONII
1216 1617 1284 1657 AD
1320 1615 1640 1657 CYPRIANUH.

483 1746 874 1802 AncustEN'ruu.
905 1771 977 1781 —
1012 1738 1139 1795 Cum
1192 1738 1448 1808 lapsorum
1491 1735 1718 1805 quidam,
1802 1751 1929 1789 nova
1989 1751 2082 1790 ur-

1832 330 1973 392 DlVl
2009 329 2329 389 CYPRIANI

3667 322 3781 380 272

2241 447 2367 501 adeo
2396 449 2663 512 antequam
2714 442 2770 494 in
2816 434 3050 493 exsilium
3082 434 3542 508 proﬁciscerentur,
3589 454 3772 508 pacem

2244 539 2485 603 peterent,
2516 527 2731 583 consulit
2762 525 3079 598 Cyprianum
3111 524 3390 579 Caldonius
3429 540 3496 578 an
3533 540 3636 595 pax
3669 524 3778 580 illis

2244 623 2416 677 danda
2436 626 2585 694 foret.

2242 714 2510 788 Cypriano
2565 723 2621 769 et
2684 712 3133 785 compresbytcris
3194 710 3503 783 Carthagini
3563 712 3767 767 consis-

2176 809 2408 866 tentibus
2457 807 2746 863 Caldonius
2800 806 3045 862 salutem.
3100 804 3409 862 Necessitas
3467 814 3769 875 temporum

2178 900 2304 957 facit
2350 909 2409 955 ut
2458 916 2564 954 non
2610 909 2809 955 temere
2855 910 3038 970 pacem
3087 899 3299 955 demus.
3344 898 3449 955 Sed
3496 900 3782 970 oportebat

2180 992 2331 1048 vobis
2347 991 2603 1057 scribere,
2629 991 2881 1062 quoniam
2914 992 2950 1045 ii
2977 990 3089 1061 qui,
3121 1000 3468 1062 posteaquam
3503 992 3779 1047 sacrifica-

2180 1093 2412 1147 verunt,
2469 1084 2662 1138 iterato
2717 1081 2881 1146 tenti,
2925 1090 3167 1137 extorres
3219 1093 3344 1137 sunt
3389 1084 3531 1138 facti.
3578 1082 3781 1139 Viden-

2077 1220 2089 1232 .
2184 1188 2270 1235 tur
2295 1192 2421 1249 ergo
2457 1176 2588 1231 mihi
2640 1175 2873 1231 abluisse
2910 1175 3059 1245 prius
3095 1174 3349 1230 delictum
3388 1174 3517 1230 dum
3565 1190 3779 1245 posses-

2183 1272 2364 1326 siones
2408 1279 2459 1324 et
2502 1267 2695 1323 domos
2736 1266 3028 1332 dimittunt,
3076 1275 3129 1319 et
3156 1267 3525 1336 pcenitentiam
3557 1276 3781 1338 agentes

2182 1361 2455 1417 Christum
2487 1365 2804 1428 sequuntur.
2854 1356 2998 1425 Ergo
3041 1354 3189 1411 Felix
3213 1399 3227 1423 ,
3268 1356 3358 1427 qui
3392 1358 3782 1429 presbyterium

2184 1450 2621 1507 subministrabat
2670 1447 2770 1503 sub
2813 1446 3053 1514 Decimo,
3092 1447 3370 1516 proximus
3419 1447 3550 1503 mihi
3600 1449 3784 1506 vincu-

2154 1545 2251 1600 lis
2293 1542 2535 1619 (plenius
2578 1539 2800 1611 Cognovi
2858 1538 3104 1594 eumdem
3153 1537 3432 1610 Felicem),
3488 1540 3723 1596 Victoria
3753 1550 3784 1584 ιι

2186 1636 2419 1706 coniunx
2456 1635 2572 1705 ejus
2599 1632 2626 1671 δ
2653 1643 2705 1689 et
2757 1632 2951 1694 Lucius
2999 1630 3184 1687 fideles
3229 1641 3473 1688 extorres
3528 1632 3652 1689 facti
3694 1649 3786 1690 res

2186 1730 2455 1800 liquerunt
2484 1725 2871 1798 po’sscssiones,
2906 1738 3039 1795 quas
3083 1739 3225 1779 nunc
3266 1724 3425 1781 fiscu’s
3466 1732 3629 1781 tenet.
3676 1725 3782 1782 Sed

555 1845 700 1907 gente
742 1832 1108 1905 persecutione,
1152 1827 1413 1883 Christum
1462 1826 1685 1895 confessi
1715 1834 1877 1880 essent
1928 1835 2075 1897 atque
2106 1824 2234 1885 Bet
2286 1822 2481 1878 mulier
2520 1821 2739 1877 nomine
2788 1818 2957 1885 Bona,
3010 1833 3129 1889 qua:
3166 1827 3329 1874 tracta
3378 1828 3461 1874 cst
3509 1834 3538 1873 a
3587 1820 3784 1877 marito

552 2066 579 2096 α
600 2062 866 2115 Proximus
886 2060 1003 2112 alibi
1018 2025 1339 2110 vinclis‘Bod.
1368 2056 1415 2107 1.

1715 1939 2094 2001 LECTIONES
2131 1938 2550 2000 VARIANTES.

2246 2052 2275 2091 ἲν
2299 2052 2487 2115 Coniux
2509 2052 2616 2115 ejus
2641 2052 2798 2103 Oxon.
2826 2049 2957 2114 Lips.

1695 2158 1936 2215 STEPH.
1979 2159 2249 2220 BALUZlI
2287 2158 2516 2217 ΝΟΤᾸΕ.

488 2300 613 2343 sero
640 2284 786 2342 venit
805 2284 858 2339 in
885 2295 1075 2338 manus
1093 2293 1263 2343 meas,
1283 2275 1587 2333 habuissem
1610 2289 1677 2330 eo
1701 2283 1944 2346 tempore
1967 2292 2073 2347 quo

491 2357 713 2430 epistola
742 2357 840 2430 ista
868 2352 1249 2430 excudcbatur.
1542 2418 1554 2429 .
1708 2420 1719 2430 .
1782 2417 1794 2429 _
1831 2417 1842 2429 _
1869 2419 1881 2430 ο

564 2428 896 2484 Patientiam.
928 2423 1077 2479 Hanc
1109 2422 1393 2478 lectionem
1412 2433 1517 2473 non
1542 2418 1721 2473 inveni
1744 2418 1845 2472 nisi
1869 2419 1919 2472 in
1942 2418 2080 2474 duo-

489 2501 589 2557 bus
636 2499 786 2554 libris
825 2496 1115 2551 veteribus.
1161 2492 1267 2552 Alii
1306 2500 1362 2547 et
1395 2499 1608 2545 veteres
1633 2488 1895 2543 editiones
1941 2505 2080 2559 prm-

491 2574 667 2626 ferunt
696 2567 1063 2641 paenitentiam.
1096 2563 1339 2641 Utraque
1348 2561 1524 2641 .Iectio
1558 2569 1733 2629 potest
1753 2574 1878 2641 _esse
1919 2562 2079 2641 bona.

492 2643 673 2710 Itaque
697 2632 832 2694 nihil
861 2648 1070 2710 mutare
1111 2635 1275 2710 volui.
1300 2634 1452 2710 __Nam
1471 2647 1722 2710 _persa‘pc
1753 2633 1830 2710 in_
1852 2632 2083 2700 antiquis

490 2703 768 2769 codicibus
806 2708 1184 2777 manuscriptis
1224 2703 1333 2759 vidi
1375 2704 1669 2777 patientiam
1720 2703 1946 2777 positam
1990 2717 2088 2772 pro

528 2783 783 2837 renitentia
808 2791 863 2837 et
884 2796 915 2836 e
940 2773 1223 2835 etinverso.
1278 2773 1546 2830 Pamelius
1574 2773 1809 2843 prmtulit
1846 2773 2085 2828 ultimam

512 2855 797 2908 cctionem.
830 2851 906 2906 Ea
935 2849 1131 2919 placuit
1156 2846 1658 2919 etiam_Reinharto.

567 2923 765 2979 Delicta
815 2913 1041 2992 proprio.
1094 2918 1275 2992 Codex
1314 2916 1662 2972 Carnotensis
1698 2913 1859 2969 habet
1903 2916 2083 2987 priori.

492 2995 679 3051 Recte.
708 2993 777 3051 Et
800 2990 871 3048 ita
900 2990 1268 3059 reponendum
1297 2998 1401 3044 est.
1636 3056 1645 3059 Α
1813 3028 1839 3059 ξ,

566 3065 705 3120 Dum
753 3080 845 3118 nec
893 3056 1056 3117 nobis.
1102 3061 1248 3115 Hanc
1299 3059 1580 3115 lectionem
1633 3056 1900 3125 improbat
1948 3056 2086 3112 Gro-

495 3104 707 3202 novius,
868 3134 936 3189 14
958 3132 1394 3205 observationum
1418 3143 1633 3185 suarum
1654 3104 2083 3205 iancriptoribus
2110 3104 2155 3168 Ο

496 3197 866 3270 ecclesiasticis,
891 3206 1040 3260 aiens
1061 3204 1203 3257 hunc
1233 3204 1425 3255 fastum
1452 3213 1739 3268 numquam
1766 3197 1929 3253 fuisse
1955 3198 2082 3253 bea-

499 3278 691 3334 tissimi
713 3276 990 3347 Cypriani,
1021 3282 1081 3327 ut
1108 3273 1250 3327 nolle
1271 3272 1371 3347 sibi
1398 3281 1741 3347 quemquam,
1772 3284 1877 3347 non
1910 3270 2081 3347 solum

499 3350 642 3414 illos,
674 3339 878 3400 ser'vire
903 3353 1236 3415 quereretur.
1277 3342 1386 3415 Ego
1414 3339 1539 3415 puto
1570 3339 1708 3393 hanc
1751 3339 2085 3415 observatio-

502 3409 638 3473 nem'
671 3416 857 3470 falsam
909 3409 1030 3470 esse
1069 3422 1125 3469 et
1169 3409 1463 3467 Pamelium
1513 3409 1709 3464 frustra
1758 3411 2012 3479 vapulare
2054 3425 2086 3465 a

501 3488 775 3545 Gronovio
805 3487 857 3540 in
886 3485 1121 3541 editione
1151 3482 1310 3553 hujus
1346 3482 1469 3536 loci.
1497 3480 1769 3553 Pamelius
1795 3482 1936 3534 enim
1981 3496 2088 3535 non

504 3559 605 3614 fuit
631 3559 835 3638 primus
853 3556 943 3639 qui
974 3556 1045 3609 ita
1085 3550 1527 3639 scripserincitlm
1562 3550 1964 3639 profiteaturnse
1993 3566 2092 3633 ex-

506 3619 769 3701 pressisse
801 3619 1067 3701 editiosies
1095 3619 1311 3679 Manutii
1352 3632 1407 3679 et
1432 3620 1705 3701 Mo_relh_i._
1725 3621 1843 3691 ipse
1867 3619 2092 3693 Cypria-

507 3693 610 3755 iius
631 3700 707 3754 ait
729 3700 783 3753 in
800 3698 1036 3768 Epistula
1059 3704 1285 3762 xxxviii,
1316 3709 1406 3768 nec
1432 3693 1529 3747 loci
1559 3693 1655 3745 mei
1686 3693 1877 3746 honore
1902 3703 2088 3748 motus.

510 3772 645 3827 Sunt
680 3765 983 3825 etiam'alia
1030 3768 1142 3823 loca
1185 3768 1239 3820 in
1262 3765 1454 3835 quibus
1502 3771 1893 3819 commemorat
1940 3778 2093 3819 suam

509 3841 820 3919 dignitatem
848 3848 901 3893 et
922 3834 1306 3919 auctoritatem.
1324 3843 1383 3914 ut
1406 3834 1747 3919 episcopus.”
1927 3904 1937 3916 .

584 3904 653 3942 ’⁵⁸⁵
686 3911 862 3965 Εριετ.
892 3926 1043 3965 xvnt.
1100 3938 1173 3948 —
1222 3904 1398 3962 Prim'a
1453 3906 1618 3961 editio
1664 3905 1815 3959 istius
1855 3904 2096 3975 epistola:

512 3981 712 4052 prodiit
755 3996 822 4036 ex
878 3979 1223 4052 typographia
1249 3975 1581 4052 _Manutii._ln
1612 3976 1756 4030 nullo
1794 3988 1970 4052 autem
2003 3990 2098 4031 eo-

513 4046 634 4106 rum
681 4046 1355 4119 veterum'excmplarium
1411 4046 1602 4117 quibus
1653 4056 1774 4119 utor
1829 4048 1972 4119 illam
2012 4062 2099 4102 re-

515 4122 771 4193 periuisi
806 4122 858 4193 in
897 4136 1003 4175 uno
1029 4117 1186 4183 meo,
1233 4119 1287 4193 in
1323 4117 1910 4193 Gratianopolitanoct
1954 4117 2004 4169 in
2034 4131 2100 4193 eo

515 4187 670 4268 quod
690 4190 850 4246 habui
878 4206 942 4268 ex
969 4189 1319 4268 _monasterio_
1335 4187 1590 4268 ﬁentensi
1637 4188 1805 4268 sancti
1823 4188 2099 4268 .binny's‘ii.

519 4257 673 4332 Angli
702 4276 867 4317 unum
898 4261 1197 4316 habuerunt
1220 4276 1281 4314 ex
1307 4258 1625 4332 bibliotheca
1654 4257 1964 4332 Bodleiana.
2000 4258 2102 4315 Pa-

519 4328 709 4389 melius
738 4332 943 4387 nullum
976 4332 1224 4385 habuisse
1247 4329 1480 4393 videtur,
1511 4342 1685 4396 neque
1714 4328 1992 4397 ltigaltius.

594 4404 830 4459 Caldonii
878 4404 946 4456 ad
976 4401 1308 4473 Cyprianum.
1341 4399 1489 4454 Hanc
1528 4397 1952 4469 inscriptionem,
1984 4414 2103 4469 qua:

523 4483 667 4531 certa
692 4483 795 4540 est,
817 4473 997 4529 addidi
1022 4472 1088 4528 ex
1118 4472 1256 4527 libro
1284 4485 1421 4526 meo.

597 4538 926 4616 Temporum.
974 4543 1052 4599 Ita
1090 4544 1303 4616 codices
1337 4538 1640 4616 Bernensis
1666 4549 1721 4594 et
1770 4538 2111 4616 Bodleianus,

522 4610 1101 4684 quibus'consentiunt
1124 4614 1403 4684 editiones
1428 4611 1644 4665 Manutii
1688 4619 1744 4665 et
1784 4610 2015 4684 iligaltii.
2048 4611 2118 4666 At

525 4680 836 4742 Morelliana
870 4696 926 4741 et
952 4685 1239 4756 Anglicana
1269 4682 1558 4756 prmlerunt
1582 4680 2013 4756 temporis._Quae
2048 4684 2121 4756 lge-

526 4758 636 4813 ctio
664 4756 930 4827 reperitur
956 4751 1119 4813 etiam
1157 4757 1209 4811 in
1241 4751 1377 4811 libro
1406 4768 1527 4808 meo
1550 4761 1606 4807 et
1634 4753 1687 4807 in
1717 4751 2121 4821 Gratianopoli-

527 4838 674 4885 tano.

605 4898 800 4953 Iterato
848 4899 990 4953 lenti.
1051 4898 1141 4953 Sic
1193 4894 1634 4960 emendavimus,
1696 4893 2116 4964 repugnantibus

530 4968 657 5025 licet
703 4970 935 5035 antiquis
989 4968 1260 5024 codicibus
1312 4976 1370 5022 et
1408 4965 1749 5020 editionibus.
1804 4964 2120 5020 Emendatio

530 5047 675 5096 certa
704 5047 805 5094 est.
831 5039 962 5094 Nam
977 5049 1032 5094 et
1048 5040 1347 5104 Celerinus,
1374 5053 1489 5107 pag.
1511 5035 1602 5107 28,
1621 5035 1762 5091 dicet
1794 5053 1807 5089 :
1838 5045 1885 5089 te
1913 5053 2004 5103 pro
2022 5052 2116 5107 no-

530 5113 667 5166 mine
710 5110 918 5165 Domini
964 5105 1384 5173 ποατ-ἱλεηιιιηι,⁷
1427 5105 1481 5161 εἰ
1526 5106 1811 5166 Lucianus,
1845 5122 1964 5176 pag.
2004 5105 2116 5163 50:

528 5182 712 5237 iterato
741 5182 925 5237 reclusi
947 5197 1140 5235 sumus.
1175 5181 1311 5235 Sunt
1335 5179 1493 5232 etiam
1524 5178 1626 5231 alia
1664 5178 1778 5231 loca
1812 5178 1894 5231 his
1920 5178 2116 5233 similia

529 5253 583 5307 in
603 5252 1061 5307 lucubrationibus
1075 5248 1622 5322 Cypriani._Sulpitius
1637 5248 1894 5322 Severus,
1917 5246 2115 5322 Dial._t,

527 5338 647 5395 cap.
679 5324 747 5395 η
776 5340 788 5376 :
820 5332 982 5378 tentus
1004 5324 1057 5377 in
1078 5318 1311 5377 vinculis.
1355 5319 1602 5395 Rufinus:
1635 5320 1726 5395 lib.
1752 5334 1783 5395 _v
1807 5318 2111 5387 llist.ecgl,,

526 5389 646 5465 cap.
681 5393 789 5465 l6:
824 5395 951 5460 Quis
990 5410 1160 5448 eorum
1200 5390 1541 5465 pronomine
1554 5389 1763 5465 Domini
1793 5389 2113 5465 When

525 5460 647 5522 est?
675 5464 838 5522 Gesta
866 5460 1209 5535 pontiﬁcalia
1235 5463 1374 5535 edita
1417 5462 1485 5514 ab
1513 5461 1873 5535 _limmanuele
1922 5460 2112 5535 Schei-

523 5545 713 5602 strato,
743 5531 1020 5607 pag-{'51,
1052 5546 1223 5607 tentus
1245 5551 1277 5587 a
1307 5532 1644 5607 Maximiano.
1670 5531 2026 5607 _llicrony‘mus
2057 5532 2109 5607 in

523 5602 759 5677 cpistola
793 5602 861 5660 ad
902 5606 1509 5677 LucianumBmﬁcum:
1545 5604 1849 5677 Adolescens
1882 5602 1983 5655 ille
2024 5604 2112 5674 qui

521 5674 731 5760 opertus
764 5677 993 5760 spadone
1032 5676 1328 5760 sequebatur
1356 5674 1559 5755 Iesum,
1584 5674 1706 5760 quia
1748 5682 1913 5760 tentus
1941 5676 2111 5745 fuerat

518 5745 563 5801 ai
582 5745 846 5814 ministris,
876 5745 1125 5802 terrenum
1151 5748 1392 5818 abjiciens
1418 5745 1781 5818 operimentum
1808 5746 2107 5818 nuduseva-

517 5818 608 5915 sit;
633 5813 922 5886 libabanns
944 5819 996 5875 in
1015 5818 1153 5876 libro
1178 5813 1239 5873 tle
1266 5815 1534 5888 Computa,
1562 5829 1683 5889 cap.
1705 5814 1770 5871 64
1795 5832 1808 5870 :
1837 5813 2110 5872 Dominum

2180 2278 2353 2333 eadem
2380 2292 2585 2346 vespera
2614 2283 2806 2329 lentum
2825 2291 2856 2328 a
2881 2274 3103 2346 Iudaeis.
3134 2274 3320 2329 Recte.
3353 2275 3486 2330 Nam
3526 2275 3579 2331 in
3607 2276 3777 2332 Evan-

2182 2350 2319 2417 gelio
2348 2345 2578 2403 Matthmi
2607 2347 2864 2416 scriptum
2893 2357 2975 2417 est
2994 2345 3211 2401 .lndzeos
3232 2361 3424 2401 manus
3454 2346 3698 2414 injecisse
3729 2349 3784 2405 in

2183 2416 2366 2476 Jesum
2399 2430 2453 2473 et
2479 2420 2716 2473 tenuisse
2763 2432 2907 2471 eum.
2938 2416 3077 2471 Hinc
3124 2418 3175 2471 in
3218 2418 3349 2472 actis
3390 2419 3561 2472 sancti
3604 2419 3785 2476 Savini

2185 2491 2422 2561 episcopi
2465 2499 2520 2545 et
2556 2489 2841 2561 martyris,
2870 2488 2935 2561 in,
2968 2488 3104 2561 libro
3134 2505 3171 2542 ιι
3220 2489 3659 2561 miscellaneorum
3690 2506 3785 2545 no-

2189 2559 2415 2627 trnrum,
2446 2576 2567 2631 pag.
2597 2561 2687 2625 47,
2718 2559 3079 2631 Maximianus
3115 2567 3250 2630 Aug.
3292 2560 3365 2614 ait
3397 2579 3409 2614 :
3447 2559 3654 2627 Tamen,
3685 2579 3782 2631 pa-

2195 2642 2294 2687 tres
2318 2630 2619 2701 conscripti,
2651 2630 2922 2684 concedam
2952 2631 3247 2699 facultatem
3288 2641 3340 2684 ut
3377 2630 3783 2701 ubicumquein-

2193 2705 2324 2757 venti
2366 2701 2891 2774 fuerintCIwistiani,
2923 2712 3186 2774 teneantur
3230 2718 3261 2754 a
3316 2707 3575 2774 prwfecto.
3626 2704 3782 2772 Apud

2195 2772 2532 2830 Ammianum
2562 2772 2951 2837 Marcellinum,
2981 2772 3072 2827 lib.
3104 2789 3214 2833 xvr.
3247 2773 3336 2827 sed
3358 2779 3519 2843 [astus
3557 2774 3784 2828 barbari-

2192 2862 2279 2899 cus
2314 2847 2505 2909 ridens,
2546 2845 2692 2898 tentis
2740 2843 2917 2915 legatis
2953 2843 3181 2913 adusque
3219 2845 3498 2914 perfectura
3528 2861 3654 2915 Opus
3698 2862 3785 2900 ca-

2190 2926 2429 2970 strorum.
2462 2916 2767 2971 Antoninus
2794 2913 3279 2970 Constantiniensis
3312 2916 3363 2969 in
3400 2913 3623 2984 epistula
3653 2931 3785 2971 con-

2190 2988 2442 3041 solatoria
2488 2988 2555 3041 ad
2596 2985 2881 3041 Arcadium
2913 3004 2925 3040 :
2963 2984 3095 3039 Ecce
3140 3002 3232 3056 pro
3262 2986 3667 3055 homine_trntus
3707 3004 3781 3044 es.

2195 3057 2324 3113 Vide
2364 3066 2483 3113 acta
2521 3058 2787 3130 passionis
2825 3057 2996 3114 sancti
3036 3056 3290 3127 Stephani
3348 3072 3499 3128 papze
3541 3069 3598 3113 et
3646 3074 3788 3114 mar-

2191 3130 2341 3182 tvris.
2514 3144 2530 3159 κ

2210 3144 2642 3271 Ἦὶῗιῖειὸῃιεήυηι
2687 3198 3119 3271 subministrabat.
3171 3198 3429 3271 Quamvis
3483 3199 3572 3254 alii
3628 3200 3789 3256 aliter

2190 3269 2441 3333 sentiant,
2469 3285 2570 3339 ego
2615 3281 2741 3339 puto
2781 3270 3057 3325 meliorem
3082 3284 3202 3324 esse
3235 3269 3538 3339 Opinionem
3563 3271 3781 3326 Pamelii

2188 3344 2460 3396 censentis
2488 3342 2597 3396 illic
2628 3342 2850 3411 intelligi
2874 3341 3015 3395 hunc
3040 3339 3273 3395 Felicem
3301 3342 3443 3395 vices
3469 3342 3777 3398 exercuisse

2195 3413 2392 3466 Decimi
2424 3414 2475 3465 in
2496 3412 2723 3467 ecclesia
2753 3413 2903 3483 cujus
2929 3427 3057 3465 cura
3085 3412 3368 3465 commissa
3395 3421 3510 3466 erat
3542 3411 3784 3479 Decimo,

2191 3483 2303 3551 qui.
2346 3490 2439 3537 aut
2467 3484 2697 3539 extorris
2725 3493 2818 3537 aut
2869 3491 3044 3538 tentus
3085 3483 3136 3537 in
3164 3497 3399 3548 carcere,
3444 3497 3549 3537 non
3582 3490 3791 3553 poterat

2194 3555 2382 3623 exequi
2416 3554 2765 3609 ministerium
2796 3568 2972 3609 suum.

2272 3624 2543 3679 Proximus
2566 3626 2691 3679 mihi
2727 3626 2962 3679 vinculis.
2987 3624 3134 3680 Hanc
3151 3623 3455 3689 lectionem,
3475 3639 3633 3694 quam
3650 3642 3793 3695 prm-

2197 3693 2300 3767 fert
2343 3696 2507 3751 editio
2544 3695 2790 3767 Morellii,
2829 3710 2990 3766 quam
3040 3695 3330 3767 prreferunt
3381 3693 3539 3751 etiam
3588 3693 3794 3767 antiqui

2198 3766 2432 3830 codices,
2461 3762 2698 3821 revocari
2727 3762 2926 3822 debere
2949 3762 3117 3821 visum
3143 3776 3245 3837 est.
3275 3766 3373 3820 Est
3399 3768 3540 3821 enim
3565 3762 3789 3837 optima.

2198 3837 2347 3961 ﬁlia,
2373 3853 2493 3907 quae
2521 3837 2683 3893 habet
2710 3839 2904 3892 vicinus
2935 3853 3031 3908 pro
3058 3836 3296 3904 vinculis,
3330 3852 3433 3892 non
3465 3836 3647 3908 poteSt
3674 3852 3797 3894 esse

2238 3922 2361 3961 οιιει.

2238 3922 2361 3962 Olli].

2276 3977 2427 4033 Felix
2451 3988 2498 4033 et
2532 3979 2770 4034 Victoria.
2802 3978 2969 4035 Vetus
2994 3976 3370 4035 Kalendarium
3400 3979 3647 4035 ecclesia:
3668 3978 3800 4035 Car-

2206 4049 2531 4119 thaginensis
2568 4050 2769 4105 editum
2820 4066 2849 4104 a
2904 4049 3254 4104 Mabillnnio:
3295 4048 3336 4103 ν
3363 4050 3480 4104 idus
3521 4050 3621 4120 [σὺ.
3680 4068 3801 4106 san-

2206 4129 2401 4174 ctorum
2432 4120 2641 4185 Felicis,
2684 4121 2895 4176 Victoris
2924 4131 2969 4175 et
2997 4121 3258 4175 Januarii.

2281 4191 2540 4264 Exterres.
2574 4190 2757 4264 Codex
2805 4193 3161 4264 Dionysianus
3209 4202 3263 4246 et
3302 4207 3454 4247 meus
3482 4191 3678 4247 habent
3702 4208 3801 4246 ea:-

2208 4271 2470 4315 torrentes.
2501 4261 2558 4315 ln
2605 4263 2795 4319 eodem
2824 4261 3011 4318 codice
3059 4279 3179 4317 meo
3208 4264 3469 4333 scriptum
3513 4272 3596 4318 est
3632 4274 3800 4318 extor-

2209 4343 2373 4404 rentes
2392 4334 2451 4404 in
2481 4335 2706 4401 epistola
2733 4334 2825 4399 20,
2873 4350 2994 4404 pag.
3022 4333 3115 4400 ‘29,
3156 4344 3211 4389 et
3247 4335 3310 4387 de
3346 4334 3713 4388 extorrentibus
3746 4335 3803 4390 in

2213 4402 2437 4475 epistola
2464 4403 2554 4475 1’99,
2590 4421 2708 4474 pag.
2744 4402 2978 4475 52.7Quo
3007 4406 3165 4459 etiam
3198 4405 3357 4459 modo
3378 4406 3609 4475 positum
3642 4415 3724 4458 est
3746 4406 3801 4460 in

2215 4473 2450 4529 editione
2477 4473 2800 4530 Manutiana.
2832 4474 2906 4529 lta
2947 4477 3105 4530 etiam
3148 4473 3397 4530 habuisse
3424 4476 3665 4530 codicem
3691 4475 3797 4530 Vc-

2229 4558 2512 4617 ronensem
2560 4547 2681 4617 hinc
2709 4547 2899 4617 colligo
2927 4546 3069 4616 quod
3108 4546 3159 4600 in
3188 4548 3350 4600 variis
3391 4545 3707 4617 lectionibus
3733 4561 3804 4617 ex

2227 4614 2410 4687 codice
2436 4617 2525 4687 illo
2541 4614 2854 4686 descriptis,
2874 4617 2927 4671 in
2947 4614 3195 4687 margine
3217 4616 3541 4686 exemplaris
3559 4619 3662 4672 mei
3690 4616 3804 4687 edi-7

2228 4686 2387 4756 tionis
2413 4686 2729 4742 Manutianae
2774 4687 2918 4742 nulla
2945 4686 3091 4742 varia
3139 4687 3296 4742 lectio
3334 4687 3576 4756 apposita
3619 4698 3701 4743 est
3737 4686 3806 4742 ad

2226 4754 2365 4829 hanc
2388 4758 2691 4826 epistolam.
2723 4759 2965 4813 Extorris
2984 4774 3146 4829 porro
3171 4768 3252 4813 est
3280 4754 3383 4827 qui
3395 4754 3543 4829 extra
3574 4761 3804 4827 patrium

2224 4827 2420 4900 solum
2445 4843 2505 4900 et_
2528 4837 2722 4884 terram
2770 4827 3002 4900 patriam
3027 4830 3228 4900 ejectus
3270 4839 3373 4900 est.
3412 4828 3710 4900 Cyprianus
3750 4830 3803 4883 in

2223 4896 2358 4972 libro
2388 4899 2451 4952 de
2473 4898 2677 4972 Lapsis,
2709 4896 2831 4972 pa'g.
2867 4900 2968 4955 184
2996 4915 3009 4954 :
3042 4898 3394 4972 Relinquenda
3421 4896 3528 4972 erat
3564 4905 3729 4972 patria
3760 4907 3808 4953 et

2223 4970 2516 5037 patrimonii
2546 4970 2799 5041 facienda,
2816 4972 3042 5041 jactura.
3090 4970 3219 5026 Vide
3271 4971 3556 5026 Baronium
3601 4971 3667 5024 ad
3700 4986 3807 5041 ian-

2223 5055 2348 5093 num
2375 5041 2467 5105 25,
2490 5040 2551 5113 et
2583 5044 2634 5097 in
2662 5040 3096 5098 annotationibus
3126 5041 3662 5113 adimartyrulogium
3695 5040 3803 5094 llo-

2221 5125 2437 5182 nianum
2469 5112 2554 5182 die
2580 5114 2814 5170 secunda
2838 5113 3088 5182 januarii.
3125 5112 3258 5170 Vide
3286 5111 3447 5169 etiam
3476 5111 3806 5167 Glossarium

2222 5179 2439 5253 latinum
2461 5180 2664 5253 Cangii.

2291 5251 2399 5307 Sed
2428 5262 2473 5306 et
2496 5251 2697 5309 mulier.
2741 5253 2918 5309 Editio
2955 5254 3282 5317 Morclliana,
3309 5254 3407 5325 sed
3430 5263 3476 5308 et
3515 5270 3601 5307 seu
3630 5271 3720 5325 per
3756 5269 3810 5308 se

2217 5331 2305 5375 aut
2332 5340 2421 5392 per
2443 5324 2642 5379 eosdem
2668 5326 2850 5379 mulier
2876 5328 3077 5379 nomine
3106 5325 3271 5379 Bona.
3289 5323 3471 5380 Codex
3502 5323 3803 5387 Bernensis.

2215 5394 2304 5446 sed
2315 5402 2363 5447 et
2376 5410 2528 5467 super
2538 5412 2590 5448 se
2603 5412 2756 5467 Opera
2770 5396 2941 5450 eadem
2956 5397 3137 5450 mulier
3149 5400 3351 5450 nomine
3364 5395 3389 5449 1
3398 5397 3547 5450 bono.
3568 5396 3812 5451 Bodleia-

2218 5478 2337 5537 nus,
2373 5465 2463 5518 sed
2487 5476 2533 5520 et
2559 5465 2711 5537 super
2739 5484 2792 5521 se
2833 5478 2879 5520 et
2906 5485 2997 5536 pro
3036 5468 3230 5521 eodem.
3260 5468 3807 5537 Gratianopolilanus,

2214 5535 2306 5588 sed
2333 5545 2379 5587 et
2406 5535 2633 5606 superest
2660 5547 2748 5591 aut
2775 5535 2971 5607 eodem.
3003 5538 3172 5605 Meus,
3213 5542 3304 5593 sed
3332 5549 3377 5591 et
3404 5535 3555 5607 super
3581 5554 3633 5591 se
3661 5553 3814 5607 apere

2213 5607 2393 5659 eadem
2414 5610 2600 5662 mulier
2624 5612 2829 5663 nomine
2860 5606 3027 5664 Bono.
3058 5609 3292 5664 Alterius
3313 5606 3476 5663 Bonai
3499 5606 3702 5664 mentio
3728 5617 3815 5663 est

2214 5675 2265 5751 in
2318 5679 2705 5751 martyrologio
2729 5679 2972 5735 Romano
2995 5682 3082 5736 die
3103 5681 3172 5734 24
3201 5681 3402 5750 aprilis.
3433 5679 3540 5739 Sed
3571 5679 3657 5733 illa
3697 5687 3814 5734 erat

2214 5746 2525 5821 Bernensis.
2538 5746 2737 5821 _Aliera
2776 5766 2904 5806 vero
2943 5751 3110 5817 Bona,
3136 5746 3289 5821 cujus
3332 5752 3657 5806 mentionem
3690 5751 3815 5805 facit

2211 5817 2403 5876 Rctrus
2422 5818 2490 5877 de
2507 5819 2806 5893 Natalibus,
2832 5822 2926 5879 lib.
2947 5839 3061 5896 vm,
3087 5817 3216 5895 capi
3234 5824 3322 5895 71,
3340 5831 3457 5880 erat
3474 5822 3811 5896 mgyptiaca,
