4250 6282
496 284 605 342 275

1882 278 2215 338 EPISTOLA
2255 280 2373 336 XX.

3693 290 3801 350 274

506 400 571 456 ad
618 397 1063 464 sacriﬁcandum,
1103 413 1224 471 quae
1270 398 1598 456 conscientia
1651 413 1756 454 non
1796 400 2099 466 commissi,
2129 397 2185 457 A
2211 397 2407 454 virtute
2454 396 2784 468 deleverint,
2839 400 3020 471 jacere
3064 401 3204 458 ultra
3247 403 3348 460 sub
3400 402 3611 462 diabolo
3648 408 3800 479 quasi

503 492 599 548 sed
655 490 779 562 quia
831 500 1074 546 tenentes
1123 500 1148 528 θ
1196 505 1388 546 manus
1444 491 1560 563 cjus
1615 490 1717 562 ipsi
1761 490 2099 547 sacrificave-

505 595 662 649 runt,
712 585 876 656 carpit
922 584 951 623 ι)
1001 585 1182 642 dicere
1228 595 1455 650 contra,
1509 585 1626 641 Non
1681 585 1827 652 feci,
1884 566 2100 640 vos‘fe.

506 678 685 744 cislis;
734 677 813 732 sic
856 685 910 732 et
958 679 1072 748 ipsa
1112 678 1342 733 extorris
1391 676 1526 733 facta
1566 681 1669 734 est.
1711 677 1844 733 Cum
1903 693 2031 748 ergo
2076 689 2098 716 ο

504 769 744 824 universi
775 784 960 840 pacem
988 777 1231 840 peterent
1262 770 1532 839 dicentes:
1557 769 2014 841 Recuperavimus
2041 770 2101 824 li-

504 864 627 919 dem
675 878 834 934 quam
880 863 1263 929 amiseramns,
1319 866 1686 934 paenitentiam
1731 865 1988 937 agentes,
2048 876 2103 923 et

505 953 775 1011 Christum
818 953 1034 1025 publice
1061 972 1246 1011 sumus
1278 955 1549 1022 confessi;
1580 958 1824 1028 quamvis
1860 957 1994 1013 mihi
2025 957 2102 1012 vi—

502 1047 737 1103 deantur
785 1047 985 1104 debere
1028 1063 1213 1120 pacem
1262 1051 1526 1120 accipere,
1581 1047 1758 1105 tamen
1811 1050 1878 1106 ad
1926 1050 2103 1105 consi-

510 1139 641 1195 lium
693 1149 932 1196 vestrum
960 1157 1056 1197 eos
1076 1142 1254 1197 dimisi
1280 1184 1295 1210 ,
1338 1158 1404 1197 ne
1446 1140 1629 1196 videar
1675 1143 1874 1213 aliquid
1901 1153 2129 1216 temere,

505 1244 855 1302 praesumere.
895 1231 953 1287 Si
985 1232 1112 1303 quid
1152 1248 1280 1303 ergo
1322 1248 1390 1288 ex
1423 1233 1693 1288 communi
1734 1234 1959 1289 consilio
1990 1233 2102 1302 pla-

507 1325 696 1393 cuerit,
731 1326 950 1381 scribite
1001 1325 1152 1382 mihi.
1199 1326 1440 1385 Salutate
1484 1335 1720 1383 nostros.
1758 1326 1863 1383 Vos
1911 1327 2098 1383 nostri.

506 1416 642 1489 Opto
670 1433 785 1486 vos,
815 1420 1007 1476 fratres
1034 1419 1359 1488 charissimi,
1389 1437 1606 1492 semper
1634 1423 1771 1479 bene
1801 1421 1999 1478 valere.
2082 1482 2089 1492 ,

1007 1580 1054 1611 ’⁸
1082 1576 1414 1635 LPISTOLA
1459 1578 1598 1635 XIX.

509 1711 740 1777 (ΕΙ-λεια,
774 1730 844 1777 ω,
871 1715 952 1766 20.
988 1714 1199 1777 Pamel.,
1237 1678 1326 1765 sx.
1363 1713 1566 1777 Rigalt.,
1586 1714 1774 1778 Baluz.,
1800 1715 1979 1779 Paris,
1999 1728 2104 1767 xxx.

1036 1796 1218 1860 Oxon,
1240 1796 1392 1861 Lips,
1416 1798 1560 1861 xxv.)

989 1916 1296 1958 RESPONDET
1334 1916 1613 1959 CALDONIO.

507 2042 903 2099 Ancum-struxi.
958 2072 1030 2082 ——
1085 2040 1240 2096 Nihil
1286 2042 1545 2113 peculiare
1596 2042 1701 2113 agit
1750 2042 1847 2097 hac
1895 2042 2109 2117 epistola

581 2134 888 2205 Cyprianus,
919 2151 1071 2204 quam
1099 2140 1234 2201 quod
1258 2133 1493 2189 Caldonii
1524 2135 1784 2189 sententia:
1806 2135 2020 2201 accedit,
2044 2136 2108 2191 iis

581 2244 763 2297 nempe
799 2229 958 2298 lapsis
1008 2244 1186 2299 pacem
1229 2228 1517 2299 negandum
1546 2244 1646 2281 non
1692 2244 1799 2283 esse
1821 2268 1837 2294 ,
1868 2230 1956 2299 qui
1991 2245 2108 2285 vera

584 2321 875 2391 pwnitentin
896 2329 941 2375 et
965 2319 1154 2375 Christi
1171 2321 1393 2374 nominis
1412 2321 1729 2391 confessione
1748 2322 1892 2376 illaut
1912 2338 2106 2377 merue—

588 2416 710 2479 rint,
743 2423 892 2485 atque
935 2414 1061 2467 adeo
1082 2411 1178 2468 sibi
1197 2412 1528 2468 reddiderint.

587 2545 885 2619 Cyprianus
921 2544 1178 2601 Caldonio
1214 2545 1367 2601 fratri
1394 2546 1643 2601 salutem.
1673 2546 1992 2618 Accepimus
2021 2550 2106 2607 lit-

511 2646 658 2692 teras
702 2647 839 2703 tuas,
876 2636 1040 2691 frater
1083 2636 1431 2701 charissima,
1474 2638 1605 2692 satis
1649 2640 1856 2695 sobrias
1884 2650 1937 2696 et
1968 2642 2105 2698 inte-

512 2731 719 2800 gritatis
744 2745 806 2785 ac
826 2730 944 2786 fidei
973 2731 1177 2802 plenas.
1195 2730 1302 2785 Nec.
1324 2732 1584 2788 miramur
1608 2734 1675 2799 si,
1706 2736 2029 2791 exercitatus
2055 2745 2108 2792 et

513 2827 566 2881 in
596 2826 882 2897 Scripturis
913 2828 1200 2884 Dominicis
1232 2829 1455 2898 peritus,
1498 2838 1653 2885 caute
1685 2831 1863 2885 omnia
1893 2840 1947 2886 et
1979 2847 2108 2888 con-

512 2920 651 2974 snite
684 2935 860 2990 geras.
913 2919 1077 2975 Recte
1123 2930 1300 2975 autem
1342 2919 1556 2975 sensisti
1605 2922 1744 2977 circa
1799 2924 2109 2997 impertien—

513 3010 633 3064 dam
674 3011 925 3066 fratribus
966 3012 1162 3067 nostris
1212 3026 1429 3081 pacem,
1481 3028 1642 3084 quam
1695 3014 1796 3070 sibi
1850 3016 1951 3086 ipsi
1978 3033 2109 3073 vera

514 3103 825 3173 pmnitentia
862 3113 914 3161 et
943 3104 1234 3160 Dominicae
1265 3104 1617 3162 confessionis
1657 3106 1829 3178 gloria
1860 3109 2108 3175 reddide-

2206 491 2457 562 prostrati
2497 506 2604 547 non
2631 492 2829 549 debent
2849 493 2939 565 qui
2967 502 3215 551 extorres
3265 494 3389 552 facti
3426 505 3481 553 et
3507 496 3664 554 bonis
3689 498 3802 555 suis

2204 583 2455 639 omnibus
2481 585 2715 655 spoliati,
2746 594 3037 642 erexerunt
3090 602 3149 643 se
3185 597 3380 644 etcum
3415 587 3632 645 Christo
3658 599 3804 648 stare

2204 688 2503 747 euenerant.
2547 681 2723 751 Atque
2759 679 2963 736 utinam
3007 681 3085 736 sic
3125 691 3179 738 et
3210 682 3390 737 caeteri
3431 691 3553 753 post
3594 684 3801 754 lapsum

2204 770 2528 840 poenitentes
2570 772 2623 826 in
2670 778 2866 827 statum
2897 772 3179 843 pristinum
3224 772 3616 829 refdrmentur!
3668 790 3803 846 quos

2205 878 2345 918 nunc
2399 872 2652 935 urgentes
2701 871 2757 920 et
2800 878 2984 936 pacem
3037 873 3239 921 temere
3287 874 3450 938 atque
3497 867 3804 938 importune

2206 963 2589 1025 extorquentes
2623 956 2896 1027 quomodo
2936 956 3360 1028 disposuerimus
3402 966 3458 1012 ut
3510 959 3703 1026 scires,
3740 958 3804 1014 li-

2205 1048 2363 1104 brum
2406 1047 2500 1103 tibi
2542 1063 2666 1104 cum
2702 1049 2944 1121 epistolis
2979 1065 3205 1106 numero
3240 1054 3475 1122 quinque
3498 1052 3641 1120 misi,
3672 1067 3805 1123 quas

2205 1138 2273 1194 ad
2328 1139 2530 1194 clerum
2588 1148 2642 1196 et
2693 1141 2760 1196 ad
2803 1141 3014 1211 plebem
3066 1151 3121 1197 et
3165 1142 3232 1197 ad
3283 1152 3546 1215 martyres
3592 1157 3806 1215 quoque

2207 1240 2261 1288 et
2289 1230 2629 1288 confessores
2655 1231 2793 1301 feci;
2824 1250 2943 1305 quae
2980 1218 3233 1305 epistolae-
3255 1236 3365 1307 jam
3404 1232 3651 1305 plurimis
3695 1237 3806 1292 col-

2208 1323 2340 1393 legis
2378 1325 2577 1389 nostris
2620 1326 2801 1382 missa:
2849 1328 3183 1398 placuerunt,
3220 1339 3276 1383 et
3313 1328 3709 1399 rescripserunt
3747 1343 3808 1389 se

2207 1431 2424 1487 quoque
2448 1418 2725 1473 nobiscum
2755 1420 2805 1473 in
2828 1420 3021 1477 eodem
3046 1421 3275 1476 consilio
3301 1422 3595 1479 secundum
3622 1423 3808 1480 cath‘o-

2209 1508 2369 1565 licam
2400 1509 2563 1566 fidem
2588 1519 2752 1567 stare.
2783 1511 2955 1580 Quod
2978 1513 3153 1583 ipsum
3179 1509 3345 1569 etiam
3372 1525 3428 1570 tu
3465 1516 3532 1571 ad
3570 1516 3809 1588 collegas

2207 1614 2421 1659 nostros
2467 1621 2603 1677 quos
2652 1606 2891 1675 potueris
2940 1607 3238 1663 transmitte
3268 1604 3318 1674 ἀ,
3347 1618 3407 1664 ut
3444 1610 3583 1679 apud
3623 1624 3811 1665 omnes

2209 1712 2347 1752 unus
2379 1704 2531 1752 actus
2559 1706 2613 1753 et
2641 1714 2744 1752 una
2770 1699 3078 1767 consensio,
3106 1699 3398 1755 secundum
3420 1701 3631 1756 Domini
3673 1716 3811 1771 pra:-

2129 1790 2179 1852 B
2206 1798 2378 1858 cepta,
2429 1798 2687 1844 teneatur.
2738 1788 2876 1860 Opto
2925 1798 2997 1859 te,
3029 1790 3193 1847 frater
3218 1792 3553 1860 cbarissime,
3599 1807 3812 1863 semper

2216 1884 2355 1939 bene
2383 1882 2583 1940 valere.

2760 2041 3095 2100 EPISTOLA
3132 2041 3255 2098 XX.

2210 2176 2440 2240 (Pamel.,
2469 2190 2575 2228 xxx.
2593 2174 2774 2241 Rigalt,
2796 2176 2983 2239 Baluz.,
3008 2176 3188 2236 Paris,
3214 2188 3302 2226 xx.
3319 2173 3502 2236 01:011.,
3522 2173 3813 2239 Lips.,xxr.)

2678 2298 2924 2339 εειειιιω
2964 2299 3033 2339 ΔΙ)
3073 2297 3359 2340 ωοιωυιί.

2212 2424 2605 2481 Anconsu'rtnt.
2654 2450 2727 2489 -έ-
2752 2418 3010 2477 Celerinus
3040 2435 3133 2490 pro
3188 2418 3443 2475 sororibus
3487 2419 3594 2474 suis
3630 2417 3812 2473 [lenite

2282 2517 2461 2588 lapsis,
2489 2532 2663 2589 pacem
2686 2533 2719 2571 a
2742 2514 3110 2586 confcssoribus
3139 2512 3641 2585 Carthaginiensibus
3660 2514 3804 2584 petit.

2252 2633 2328 2705 ⁴Ι.
2355 2633 2634 2690 Celerinus
2674 2630 2909 2687 Luciano
2939 2630 3187 2686 salutem.
3231 2628 3358 2684 Harc
3385 2643 3505 2682 cum
3542 2627 3638 2682 tibi
3680 2626 3815 2681 scri-

2210 2727 2418 2792 berem,
2451 2726 2667 2795 domine
2692 2724 2875 2790 frater,
2902 2725 3140 2795 gaudens
3176 2732 3229 2778 et
3269 2723 3439 2778 tristis
3467 2736 3649 2777 erant:
3680 2735 3812 2790 gan-

2211 2817 2346 2874 dens
2372 2832 2438 2872 eo
2463 2816 2604 2887 quod
2638 2816 2897 2872 audierim
2938 2824 2991 2872 te
3025 2831 3119 2886 pro
3158 2815 3376 2869 nomine
3402 2810 3613 2867 Domini
3643 2812 3813 2867 nostri

2212 2909 2338 2967 Jesu
2363 2909 2561 2964 ειη-ἰειί
2605 2909 2884 2963 salvatoris
2921 2908 3089 2962 nostri
3116 2914 3320 2961 tantum
3355 2912 3409 2959 et
3438 2904 3582 2958 illius
3613 2918 3808 2959 nomen

2212 3018 2377 3074 penes
2428 3002 2770 3074 magistratus
2823 2999 2981 3069 bnjus
3023 2998 3207 3053 mundi
3268 2996 3595 3063 confessum,
3644 2996 3812 3052 tristis

2213 3111 2392 3156 autem
2424 3100 2476 3154 in
2504 3113 2570 3154 eo
2598 3097 2738 3169 quod
2764 3095 2833 3151 ab
2858 3109 2924 3151 eo
2961 3108 3028 3150 ex
3056 3108 3162 3164 quo
3188 3102 3238 3148 te
3262 3090 3490 3159 deduxi,
3521 3105 3811 3161 numquam

514 3206 657 3261 runt,
687 3198 1026 3252 sermonibus
1047 3198 1156 3254 suis
1177 3198 1474 3269 justiﬁcati,
1500 3199 1694 3270 quibus
1730 3216 1790 3257 se
1813 3211 1937 3259 ante
1957 3204 2106 3259 dam—
2134 3181 2179 3245 C
2212 3198 2419 3254 litteras
2444 3202 2563 3249 tuas
2612 3190 2855 3262 accipere
2904 3188 3069 3259 potui.
3119 3186 3185 3242 Et
3226 3200 3369 3241 nunc
3412 3183 3573 3241 modo
3614 3183 3809 3252 duplex

514 3300 792 3344 naverant.
842 3287 975 3343 Cum
1025 3305 1155 3361 ergo
1198 3290 1464 3346 abluerint
1509 3305 1671 3348 omne
1723 3293 1997 3362 delictum,
2053 3307 2107 3354 et

512 3380 774 3435 maculam
818 3381 1108 3459 pristinam.
1148 3383 1434 3440 assistente
1480 3382 1580 3441 sibi
1628 3384 1855 3442 Domino
1893 3393 2099 3460 potiore

2179 3353 2185 3357 _
2213 3290 2345 3347 mibi
2376 3287 2586 3344 tristitia
2618 3284 2875 3349 incubuit,
2904 3280 3070 3353 quod,
3104 3293 3225 3335 cum
3256 3277 3562 3334 Montanum
3589 3274 3807 3330 fratrem

2209 3401 2452 3449 nostrum
2497 3392 2836 3440 communem
2872 3376 2966 3431 abs
3008 3384 3059 3430 te
3099 3372 3167 3429 de
3210 3385 3428 3429 carcere
3471 3370 3539 3426 ad
3576 3383 3665 3426 me
3692 3381 3812 3427 esse

1744 3503 2125 3570 LECTIONES
2151 3478 2565 3570 VARIAN'l‘ES.

575 3613 602 3642 α
624 3611 722 3663 Sed
746 3617 983 3664 tenentes
1004 3611 1131 3662 Bod.
1158 3614 1203 3663 l.

509 3712 518 3738 ε
573 3674 602 3711 b
626 3676 708 3726 Sic
726 3676 832 3739 ipsa
851 3677 1000 3739 erepit
1021 3674 1147 3726 Bod.
1176 3677 1225 3725 l.

2273 3613 2973 3736 ἒξῗξιῃηεὲῗιιξῖἕθῖβά
2993 3632 3142 3723 iam.
3167 3668 3296 3721 Bod.
3322 3669 3369 3728 ι,
3392 3668 3443 3718 2.
3460 3667 3568 3720 NG.
3588 3669 3635 3718 1.

1746 3790 1988 3848 STEPH.
2029 3794 2308 3855 BALUZII
2342 3787 2572 3847 NOTAE.

514 3922 633 3979 qum
674 3907 779 3963 alio
824 3908 1039 3963 nomine
1082 3905 1393 3977 apudsuos
1423 3904 1706 3979 lEgyptios
1733 3906 2095 3967 Cordimunda

513 3979 825 4035 vocabatur.

591 4050 719 4116 Qua:
756 4049 1078 4105 conscientia.
1108 4048 1283 4104 Editio
1314 4047 1529 4104 Manutii
1576 4060 1629 4104 ct
1671 4050 1841 4106 codex
1870 4052 2105 4109 Remen-

520 4122 617 4188 sis,
648 4137 763 4190 quae
813 4120 1174 4174 conscientiam
1222 4136 1325 4174 non
1370 4119 1442 4152 ⁵⁰⁶
1486 4122 1753 4176 commisit.
1806 4122 2101 4192 Morellius,

521 4209 633 4263 qua:
654 4192 814 4263 etiam,
830 4192 1131 4263 conscientia
1156 4208 1258 4245 non
1285 4192 1555 4263 commissi.
1589 4193 1677 4246 Sic
1697 4193 1858 4247 etiam
1899 4196 1951 4248 in
1981 4211 2103 4251 meo

519 4261 720 4335 vetere.
756 4261 1010 4335 Rigaltius
1033 4303 1046 4325 ,
1080 4279 1192 4335 qua:
1221 4262 1528 4317 conscientia
1556 4280 1660 4317 non
1697 4266 1973 4335 commissi.
1997 4265 2102 4321 Co-

519 4335 623 4390 dex
667 4333 1228 4403 GratianOpolitanus,
1280 4348 1393 4402 qua:
1443 4334 1750 4390 conscientia
1804 4351 1905 4389 non
1958 4354 2099 4392 cont-

517 4407 671 4461 misit.

2203 3908 2501 3970 mendosm,
2544 3904 2851 3957 monstrant
2878 3904 3058 3970 tamen
3085 3892 3224 3970 lianc
3250 3891 3535 3970 lectionem
3556 3905 3682 3970 esse
3706 3892 3807 3949 bo-

2210 3962 2361 4039 nam.
2375 3962 2586 4035 Habent
2610 3971 2753 4028 enim
2785 3966 3234 4039 impertinentiam.
3255 3962 3593 4031 Remboltus,
3616 3965 3808 4037 imper-

2211 4065 2546 4180 m‘ilTaculam
2583 4115 2870 4189 pristinam.
2913 4108 3165 4182 Plerique
3190 4105 3312 4164 libri
3350 4115 3562 4163 veteres
3600 4117 3656 4165 ct
3689 4107 3805 4165 edi-

2211 4198 2386 4253 tiones
2410 4192 2612 4263 habent
2641 4188 2881 4263 primam.
3128 4248 3164 4263 η
3358 4249 3391 4263 __
3471 4247 3484 4260 ,

2284 4247 2494 4322 Poliore
2528 4247 2731 4315 uirtute.
2758 4253 3013 4310 Nonnulli
3044 4248 3260 4308 codices
3286 4247 3485 4319 antiqui
3511 4247 3806 4319 praefer-um,

2210 4339 2506 4410 posteriore.

2283 4387 2514 4465 inibi-um.
2571 4401 2648 4456 De
2700 4398 2938 4471 Lapsis_,_
2977 4394 3468 4471 u_t__interpretatnr
3506 4387 3798 4471 ‘Rigaltius.

592 4459 1043 4561 Sagri/i’caverunt.
1080 4477 1181 4561 ‘lta.
1215 4476 1381 4558 editio
1435 4476 1663 4560 Morellii
1692 4484 1755 4561 et
1789 4476 1957 4559 codex
1998 4479 2102 4561 Re—
2133 4501 2186 4561 Β
2212 4459 2614 4561 Αηξιῖορηιινρ,
2645 4459 3091 4561 reiecta

521 4549 742 4619 mensis.
773 4549 864 4603 Sic
893 4549 1051 4603 etiam
1080 4547 1274 4619 legitur
1303 4548 1353 4600 in
1385 4561 1505 4602 meo
1533 4557 1587 4602 et
1608 4549 1671 4619 'in
1715 4547 2111 4619 Gratianopoli-

525 4631 671 4673 tano.
710 4618 844 4674 Alia:
873 4619 1134 4674 editiones
1173 4618 1373 4672 habent
1401 4618 1781 4688 sacriﬁcabant.
1808 4619 1893 4688 Et
1923 4618 2108 4688 postea

519 4690 733 4745 additur
764 4690 814 4744 in
846 4689 1032 4743 iisdem
1060 4688 1332 4745 codicibus
1354 4699 1408 4745 et
1433 4689 1485 4743 in
1509 4690 1745 4745 editione
1769 4687 2105 4759 Morelliana,

520 4763 591 4815 sic
616 4763 724 4830 ipse
752 4762 896 4828 erepit
923 4761 1105 4814 dicere.
1159 4807 1164 4812 .

593 4829 892 4886 Consilium.
920 4831 1093 4885 Antea
1116 4829 1372 4900 scriptum
1400 4840 1513 4886 crat
1541 4833 1849 4891 consultum.
1875 4834 1980 4890 Sed
2010 4836 2111 4891 hu-

524 4903 606 4968 ius
636 4903 780 4957 vocis
810 4903 909 4956 alia
956 4910 1037 4957 est
1082 4901 1433 4968 significatio,
1466 4901 1714 4959 videlicet
1759 4908 1827 4962 de
1865 4921 1923 4961 re
1972 4905 2110 4962 deli-

572 4984 721 5028 erata.
753 4972 1106 5027 Emendatum
1133 4981 1303 5028 estex
1334 4974 1727 5042 manuscriplis.

601 5043 881 5115 Videantur
932 5043 1129 5097 debere.
1170 5044 1225 5098 In
1272 5043 1460 5099 codice
1516 5044 1807 5115 Remensi,
1866 5049 1921 5103 in
1977 5047 2111 5104 Gra-

524 5114 903 5183 tianopolitano
956 5124 1010 5168 et
1040 5116 1091 5167 in
1120 5130 1240 5169 meo
1281 5115 1470 5184 legitur
1495 5115 1762 5172 uideantur
1788 5114 1849 5173 ac
1898 5119 2113 5173 debeant

520 5189 765 5255 accipere.
791 5186 881 5240 Sic
908 5186 1067 5239 etiam
1093 5185 1254 5240 editio
1283 5185 1609 5241 Mureniana.

512 5300 521 5309 .
595 5258 832 5312 Salutate
885 5267 1105 5329 nostros.
1165 5257 1343 5329 Angli,
1380 5269 1600 5312 monent
1657 5259 1935 5329 legendum
1992 5275 2112 5315 esse

519 5339 730 5383 uestros.
774 5329 903 5395 Qua:
955 5328 1261 5393 conjectura
1302 5328 1509 5383 videtur
1554 5347 1676 5386 esse
1716 5328 1878 5389 bona.
1914 5330 2110 5387 Verum

521 5400 786 5470 editiones
812 5410 867 5452 et
895 5399 1079 5470 Scripti
1105 5399 1223 5453 libri
1254 5410 1569 5470 repugnant.

596 5469 732 5537 Opto
761 5486 868 5524 vos.
901 5470 989 5527 Sic
1017 5468 1350 5539 reposuimus
1373 5468 1438 5524 ex
1460 5473 1648 5527 eodem
1672 5473 1856 5529 codice
1886 5473 2113 5528 Bernen-

521 5542 603 5667 si,l
638 5557 760 5596 cum
809 5551 965 5596 antea
1018 5542 1283 5613 legeretur
1313 5560 1327 5596 :
1359 5542 1492 5613 Opto
1518 5560 1605 5599 vos
1631 5546 1948 5617 felicissimos
1991 5544 2114 5601 bene

521 5628 581 5667 va
603 5629 705 5667 ere.
813 5656 820 5663 .

519 5628 705 5667 valere.

597 5684 783 5738 EPIST.
812 5682 1452 5748 xnx.-lntpertiendam.
1494 5685 1643 5741 lianc
1687 5687 1969 5741 lectionem
2023 5700 2112 5741 re-

531 5755 644 5879 geri
676 5755 729 5806 in
757 5755 1175 5835 .qnatuordecim
1227 5755 1621 5824 exemplaribus
1650 5758 1903 5840 antiquis.
1937 5755 2116 5812 Editio

572 5825 803 5879 nirensrs
827 5832 881 5879 et
906 5834 1057 5879 vetus
1085 5824 1288 5879 Veneta
1311 5866 1325 5879 .
1353 5827 1595 5879 quamvis
1632 5828 1740 5879 sint
1779 5845 1833 5879 ιη
1864 5828 1967 5879 hoc
1997 5829 2113 5879 loco

571 5824 803 5893 pirensis
827 5832 881 5879 et
906 5834 1057 5880 vetus
1085 5824 1288 5882 Veneta
1311 5866 1325 5891 ,
1353 5827 1595 5894 quamvis
1632 5828 1740 5884 sint
1779 5824 1833 5884 in
1864 5828 1967 5883 hoc
1997 5829 2113 5884 loco

2214 4529 3114 4613 tit'de-e'fasciculo'epistolarum.
3164 4532 3270 4613 Sed
3316 4529 3800 4613 profeclo‘errave—

2212 4602 2361 4679 inhi.
2374 4602 2601 4689 'Quippe
2617 4602 2921 4689 Cyprianus
2949 4605 3285 4689 apertissime
3304 4602 3589 4689 distinguit
3598 4602 3799 4689 librum

2213 4676 2562 4763 inconiuus“,
2587 4676 2915 4763 animum
2942 4676 3166 4763 θρίδέίξθξ
3188 4689 3394 4755 ’νηπενίέ
3417 4676 3644 4763 “inm.
3662 4676 3795 4754 "3“"

2287 4742 2606 4820 Eiigifx'x.
2656 4784 2727 4794 —-
2774 4751 2925 4804 lianc
2970 4742 3252 4824 epistolam
3310 4742 3518 4824 primus
3561 4744 3800 4824 omnium

2214 4813 2717 4892 cdiilit'bitirellius.
2770 4823 2961 4876 Postea
3003 4813 3321 4896 Pamelius,
3354 4813 3689 4896 qui'ufatetur
3739 4831 3803 4891 se,

2213 4884 2599 4962 nullum—vetns
2639 4895 2781 4966 illius
2809 4888 3081 4966 exemplar
3120 4886 3409 4966 habuisse,
3452 4884 3799 4966 illamhreeu-i

2213 4955 2595 5039 dilue—iamque
2640 4981 2709 5039 ex
2758 4955 2983 5033 ingenio.
3017 4957 3282 5039 interdum
3324 4955 3647 5039 emendavit.
3676 4956 3799 5039 ΔΙλεμ-

2214 5026 2602 5103 ὖῆἷιιεἾιθὶὶιιίι
2642 5038 2751 5091 duo
2802 5026 2984 5107 vetera
3031 5029 3172 5107 illius
3223 5026 3579 5107 exemplaria,
3622 5035 3693 5107 “et
3722 5026 3799 5107 in

2214 5095 2788 5186 ἕθῖἐὶξῐιάὶίὸεεξιίοιιίῐηξβ
2807 5103 2883 5186 ,ηδ
2911 5102 3259 5186 Cyprium":
3288 5112 3401 5186 liti
3416 5096 3540 5186 1955’
3559 5095 3791 5186 39119?

2215 5166 2328 5243 ibin
2356 5166 2457 5242 est
2478 5166 2636 5237 illum
2684 5176 2909 5233 feliciter
2946 5166 3260 5243 emendasse
3290 5166 3457 5243 lianc
3486 5166 3796 5243 epistolam.

2215 5237 2581 5328 iitiodvverum
2610 5264 2715 5305 non
2736 5256 2850 5328 _est,
2881 5259 3001 5298 cum
3023 5237 3556 5328 difficile-admodum.
3570 5237 3795 5328 sit-eain

2216 5309 2365 5386 liene
2380 5309 2669 5382 emendare
2699 5319 2769 5372 ob
2795 5309 3007 5386 errores
3030 5313 3118 5386 qui
3150 5312 3203 5386 in
3231 5324 3349 5386 eam
3388 5309 3796 5386 irrepseruntin

2215 5377 2886 5483 antiqdisneitemplaribus.
2925 5385 3036 5454 Ego
3050 5377 3161 5464 duo
3182 5378 3364 5462 babni,
3395 5394 3559 5433 unum
3581 5395 3649 5434 ex
3670 5377 3799 5459 urbe

2222 5471 2257 5483 ,-
2330 5481 2339 5483 4
2519 5465 2705 5483 ξυμ--
2783 5454 2922 5483 -|:...I
2966 5469 3029 5483 ,ηρ
3083 5450 3404 5483 Ιιιιιιηιιιιοηιι
3454 5463 3570 5483 Inoa
3650 5450 3797 5483 Anni.

2215 5450 2752 5536 Cratino—opolitaina._
2782 5454 2925 5513 aliud
2965 5450 3031 5536 es
3082 5450 3593 5536 bibliotbcgattnea.
3641 5450 3798 5536 ang”

2217 5518 2617 5597 niniiﬁ'i'u’n'um
2636 5518 2948 5600 Vaticanum
2973 5533 3215 5600 centium
3246 5521 3615 5576 Bodleianum.
3639 5518 3800 5600 Certe

2215 5592 2654 5676 e—x—tat—liodieque
2668 5603 2722 5676 in
2749 5599 3007 5676 vaticano
3025 5592 3202 5667 (t99),
3234 5607 3342 5648 uno
3357 5604 3566 5656 eorum,
3598 5598 3657 5645 ut
3679 5592 3799 5659 opi-

2215 5698 2336 5750 nor,
2364 5698 2481 5753 quae
2508 5668 2992 5753 Ltilillills_yiqe|‘_3|-
3016 5739 3031 5753 .
3113 5734 3287 5753 id”
3320 5732 3605 5753 L___,UMAJ:

2289 5730 2306 5810 ᾗ
2316 5730 2583 5823 3.3.11}th
2592 5744 2800 5823 mundi.
2812 5743 2991 5823 _Antea
3016 5730 3802 5823 legebatur‘ltuju‘smodi‘nu-ll‘o

2216 5801 2607 5891 sensui—Kritz“
2651 5812 2988 5887 protulerunt
3032 5801 3217 5866 véram
3263 5801 3573 5863 lectionem.
3622 5801 3801 5862 Monet
