4250 6282
395 272 511 333 ΞΠ

1789 271 2122 333 EPISTULA
2161 273 2278 329 XX.

3594 273 3706 332 S78

404 390 612 457 audies,
633 388 745 460 jam
767 386 1041 447 Christum
1063 388 1144 446 eis
1164 428 1178 457 ,
1211 387 1363 446 vobis
1391 388 1721 462 martyribus
1755 389 1865 446 suis
1902 403 1995 460 pe-
2023 388 2079 450 Δ
2103 392 2457 457 sacriﬁcaret;
2508 389 2603 447 sed
2648 396 2852 445 tantum
2896 388 3202 445 ascendisse
3261 386 3471 444 videtur
3524 402 3698 461 usque

408 482 661 552 testibus,
692 483 1041 539 indult‘utrum.

476 575 564 632 ΙΙΙ.
614 575 814 632 Audivi
860 577 1009 632 auita
1070 584 1123 631 te
1172 574 1503 633 ﬂoridiorum
1574 574 1932 631 ministerium
1979 585 2006 615 α

402 670 731 743 percepisse.
769 666 817 726 Ο
860 676 913 729 te
940 668 1151 727 felicem
1176 708 1190 735 ,
1246 668 1521 738 suscipere
1548 666 1576 706 ι)
1605 678 1728 724 vota
1767 678 1852 723 tua
1883 683 2005 740 quae

403 782 622 839 semper
644 764 963 822 desiderasti
979 763 1063 820 vel
1087 763 1139 818 in
1167 770 1308 818 terra
1335 762 1641 818 dormiens!
1672 761 1879 833 Optasti
1907 777 2004 833 pro

406 860 631 918 nomine
656 857 805 915 illius
834 856 884 911 in
905 870 1180 913 carcerem
1216 854 1389 919 mitti;
1416 854 1558 924 quod
1587 848 1728 909 nunc
1755 854 1847 909 tibi
1872 868 2003 909 con-

402 954 540 1025 tigit,
567 952 707 1008 sicut
733 949 992 1020 scriptum
1021 955 1105 1004 est
1137 964 1150 1001 :
1183 946 1283 1002 Det
1314 946 1403 1002 tibi
1440 945 1695 1001 Dominus
1725 945 2001 1000 secundum

399 1060 492 1099 cor
527 1054 675 1100 tuum
720 1041 891 1116 (Psal.
926 1057 1055 1107 xix,
1098 1037 1178 1111 5).
1234 1040 1301 1095 Et
1340 1054 1480 1096 nunc
1521 1055 1684 1111 super
1731 1040 1874 1109 ipsos
1917 1039 1997 1094 fa-

398 1146 519 1194 ctus
544 1136 771 1192 antistes
814 1134 909 1191 Dei
936 1133 1248 1206 recognovit
1298 1133 1439 1188 idem
1486 1133 1732 1190 minister
1759 1144 1803 1186 ο.
1847 1133 1999 1204 Rogo

404 1230 615 1300 itaque,
655 1227 906 1294 domine,
940 1237 996 1281 et
1024 1236 1145 1296 peto
1173 1240 1270 1297 per
1309 1226 1592 1283 Dominum
1633 1236 1874 1282 nostrum
1911 1226 1998 1282 Je-

403 1336 524 1376 sum
549 1319 821 1377 Christum
852 1327 909 1374 ut
938 1318 1147 1375 caeteris
1173 1318 1393 1391 collegis
1420 1320 1551 1386 tuis,
1588 1318 1840 1375 fratribus
1869 1320 1993 1385 tuis,

396 1416 537 1473 meis
572 1414 811 1472 dominis
858 1413 1097 1480 referas,
1151 1421 1205 1469 et
1242 1412 1310 1469 ab
1352 1412 1433 1468 eis
1477 1422 1630 1487 petas
1666 1423 1724 1469 ut
1762 1414 1998 1483 quicum-

406 1522 515 1580 que
548 1506 698 1578 prlor
741 1514 980 1573 vestrum
1018 1514 1305 1563 coronatus
1341 1504 1521 1573 fuerit,
1570 1505 1687 1561 istis
1724 1510 1996 1564 sororibus

400 1601 604 1658 nostris
624 1599 892 1656 Numeriai
917 1609 971 1655 et
996 1598 1247 1655 Candida:
1270 1598 1376 1653 tale
1402 1610 1680 1669 peccatum
1701 1602 1993 1659 remittant.

393 1682 531 1751 Nain
558 1692 701 1748 hanc
754 1693 925 1763 ipsam
963 1691 1248 1749 Etecusam
1301 1706 1517 1763 semper
1563 1694 1865 1769 appellavi,
1921 1705 1998 1752 tc-

2110 483 2177 539 ad
2205 484 2329 539 Tria
2352 483 2480 538 Fata
2508 480 2557 551 d,
2588 491 2641 539 ct
2668 481 2790 539 inde
2814 480 3175 538 descendisse.
3206 479 3361 536 Hauc
3393 489 3417 518 ι’
3439 495 3568 552 ergo
3597 496 3704 539 non

2109 576 2444 633 sacrificasse
2496 590 2596 648 ego
2645 576 2778 631 scio.
2833 574 3069 642 Quarum
3117 574 3228 644 jam
3278 559 3438 629 causa
3482 572 3713 649 audita,

2109 677 2481 743 praeceperunt
2531 683 2621 725 eas
2663 668 2937 739 praepositi
2983 667 3246 737 tantisper
3290 667 3372 723 sie
3422 679 3544 722 esse
3598 665 3701 721 do-

2110 785 2211 827 nec
2235 771 2521 841 episcopus
2548 767 2928 823 constituatur.
2952 763 3058 821 Sed
3081 774 3345 835 quatenus
3372 777 3467 834 per
3493 771 3702 823 vestras

2108 872 2322 920 sanctas
2359 861 2632 917 orationes
2666 857 2685 897 ι
2720 868 2774 915 et
2804 858 3108 929 petitiones,
3141 857 3195 912 in
3224 871 3356 927 quas
3391 870 3488 911 nos
3522 864 3546 902 ε
3580 856 3702 911 lidi—

2105 972 2245 1023 mus,
2272 954 2520 1026 quoniam
2546 952 2676 1009 estis
2699 951 2856 1021 amici
2883 950 2977 1006 sed
2997 960 3050 1006 et
3071 958 3232 1005 testes
3257 948 3473 1017 Christi,
3496 948 3640 1020 quod
3666 946 3694 989 ιι

2115 1050 2296 1107 omnia
2326 1048 2667 1119 indulgeatis.

2174 1142 2264 1199 IV.
2298 1142 2428 1197 Peto
2454 1155 2603 1211 ergo,
2628 1122 2846 1195 domine
2866 1137 3186 1193 cbarissime
3209 1134 3467 1202 Luciane,
3491 1148 3699 1190 memor

2102 1238 2177 1292 sis
2208 1236 2333 1301 mei,
2358 1243 2413 1289 et
2441 1231 2688 1307 petitioni
2719 1247 2850 1286 mea:
2879 1245 3104 1285 annuas.
3131 1228 3220 1285 Sic
3260 1228 3504 1285 Christus
3536 1243 3696 1285 coro-

2101 1344 2225 1384 nam
2256 1328 2399 1383 illam
2428 1333 2668 1381 sanctam
2691 1365 2704 1389 ,
2729 1338 2886 1391 quam
2920 1322 3019 1384 tibi
3046 1337 3153 1377 nou
3185 1331 3387 1377 tantum
3415 1321 3467 1376 in
3490 1321 3698 1377 confes-

2103 1420 2255 1475 sione
2300 1417 2393 1472 sed
2456 1426 2510 1471 et
2548 1417 2601 1471 in
2641 1414 2993 1470 sanctimonia
3044 1412 3259 1468 tradidit
3298 1414 3349 1467 in
3397 1427 3501 1484 qua
3549 1427 3697 1468 sem-

2103 1528 2196 1585 per
2220 1510 2531 1577 cucurristi,
2562 1508 2865 1578 exemplum
2896 1515 3204 1562 sanctorum
3234 1514 3520 1581 semperet
3546 1505 3696 1560 testis

2100 1607 2270 1674 fuisti,
2288 1612 2346 1659 ut
2369 1601 2621 1659 omnibus
2645 1598 2876 1655 dominis
2900 1599 3055 1664 meis,
3081 1596 3338 1653 fratribus
3363 1598 3465 1653 tuis
3484 1597 3693 1653 confes-

2102 1699 2334 1768 soribus,
2378 1696 2583 1753 referas
2626 1694 2695 1750 de
2725 1693 2826 1749 hoc
2868 1692 3027 1759 facto,
3069 1701 3125 1748 ut
3171 1708 3201 1747 a
3236 1692 3388 1749 vobis
3434 1691 3692 1747 auxilium

389 1787 490 1845 stis
517 1793 598 1844 est
637 1785 794 1842 nobis
830 1784 1004 1853 Deus,
1050 1786 1176 1857 quia
1206 1800 1306 1857 pro
1333 1801 1393 1844 se
1418 1786 1558 1843 dona
1596 1791 1897 1847 numeravit
1920 1806 1988 1848 ne
2016 1786 2066 1849 B
2093 1792 2373 1863 recipiant.
2425 1787 2560 1844 Nam
2593 1786 2727 1855 hoc,
2756 1784 2973 1843 domine
2998 1783 3187 1853 frater,
3217 1784 3354 1843 scire
3374 1783 3557 1854 debes,
3601 1799 3689 1841 me

1606 1924 1991 2003 LECTIONES
2056 1925 2473 1986 VARIANTES.
3468 1881 3487 1899 ’
3542 1898 3545 1899 γ

448 2063 479 2094 ⁸
506 2059 703 2113 Florida
720 2060 936 2113 omnium
959 2071 1133 2112 eorum
1154 2060 1476 2112 ministerium
1503 2063 1613 2114 Vat.
1680 2068 1701 2087 “

448 2121 483 2162 δ
507 2125 710 2188 §uscipe
734 2123 897 2188 Impr.

448 2191 473 2219 ο
503 2178 887 2238 Επιίωἰιιὶιιὶδίρι·
910 2184 1036 2239 Bod.
1066 2186 1113 2237 1.
1154 2244 1159 2247 _

451 2249 485 2290 ἆ
506 2248 757 2303 'I’riafacta
778 2249 940 2313 Impr.

2160 2069 2182 2096 ο
2205 2064 2303 2117 Has
2331 2067 2443 2115 Vat.

2158 2126 2180 2164 ί
2203 2127 2525 2189 Operationes
2552 2127 2663 2177 Vat.

2156 2192 2182 2231 8
2206 2190 2354 2239 Nobis
2382 2192 2494 2239 Vat.

2152 2228 2182 2291 ιῖ
2206 2228 2494 2312 ὂῖιῖ’ἰνὰιῖ””

1614 2355 1858 2415 STEPH.
1902 2357 2175 2418 BALUZII
2212 2356 2442 2414 NOT/E.

480 2467 717 2526 Ill.—-—Et
742 2484 877 2525 nunc
903 2485 1055 2537 super
1084 2468 1241 2539 ipsos.
1264 2465 1449 2525 Codex
1481 2481 1655 2534 meus,
1679 2478 1725 2524 et
1748 2486 1881 2525 nunc
1898 2488 1985 2525 su-

385 2560 482 2615 per
503 2543 644 2615 ipsos
678 2543 844 2615 factus
877 2537 1131 2615 antistites
1174 2537 1267 2593 Dei
1316 2540 1609 2615 recognovi;
1637 2540 1692 2615 id
1720 2542 1987 2615 cumini-

385 2610 649 2671 ξων-,Βία
675 2610 839 2668 etiam
890 2613 941 2668 in
985 2610 1506 2680 Gratianopolitano,
1552 2611 1653 2665 nisi
1682 2613 1827 2679 quod
1881 2613 1989 2668 illic

386 2686 673 2756 scriptum.
696 2693 778 2756 est
812 2684 1038 2756 antistes.
1093 2681 1479 2756 Sidoniuslib.
1527 2696 1636 2745 vn,
1666 2681 1835 2753 Epist.
1870 2685 1937 2756 i7
1972 2701 1985 2737 :

390 2746 575 2881 ρᾶαὲδο
604 2764 659 2810 ut
696 2752 850 2812 abbas
878 2755 941 2811 sit
970 2753 1130 2827 frater
1171 2751 1458 2819 Auxanius,
1508 2762 1559 2807 tu
1596 2746 1787 2807 vero’et
1834 2746 1989 2827 supra

390 2844 421 2881 tt
487 2842 639 2881 atem.
1160 2834 1167 2841 '

387 2834 639 2882 abbatem.
1160 2834 1167 2841 '

464 2897 734 2954 Fratribus
778 2897 897 2953 tuis.
938 2893 1013 2950 Ita
1041 2903 1253 2950 veteres
1278 2894 1400 2949 libri
1427 2901 1481 2950 et
1523 2894 1815 2950 editiones.
1850 2894 1987 2951 Male

388 2970 710 3053 ineditione
730 2960 1020 3040 Anglieana
1041 3008 1056 3034 ,
1087 2966 1330 3039 fratribus
1357 2967 1456 3020 tuis
1484 2975 1531 3020 et
1562 2966 1703 3032 meis,
1737 2967 1862 3022 meis
1892 2967 1987 3021 do-

389 3057 563 3095 mmts.

466 3110 759 3167 Etecusam.
806 3109 1085 3165 Gisbertus
1109 3108 1374 3179 (Superas,
1424 3108 1475 3162 in
1503 3107 1726 3177 epistola
1755 3108 1822 3163 ad
1854 3107 1987 3173 Pau-

392 3184 502 3238 lum
536 3183 803 3246 Voetium,
827 3189 1009 3251 monet
1035 3179 1344 3251 episcopum
1389 3179 1989 3251 Cestrienusemirescri-

398 3256 572 3325 psisse
611 3252 889 3325 ἉΕςιιδαιηἈ
916 3248 1177 3325 [Ecusam
1216 3248 1352 3325 dixit
1394 3250 1565 3325 Julius
1616 3248 1882 3325 Firmieus
1938 3252 1988 3304 in

441 3325 716 3381 uibusdam
767 3323 1110 3385 editiouibus,
1164 3321 1218 3377 in
1264 3318 1385 3376 aliis
1432 3320 1733 3375 lEtbusam.
1792 3320 1991 3377 Verum

473 3412 599 3451 cusa
638 3396 729 3450 illa
757 3393 984 3449 multum
1016 3391 1190 3447 differt
1219 3392 1287 3446 ab
1317 3392 1568 3447 Etecusa.
1621 3391 1812 3462 (Haud
1858 3408 1993 3451 eous

400 3467 684 3523 temnenda
730 3464 968 3536 profecto
1015 3472 1161 3536 esset
1189 3464 1496 3536 conjectura
1546 3463 1807 3518 Dodwelli
1848 3463 1987 3518 Diss.

398 3536 556 3608 Cypr.
615 3539 683 3593 ad
733 3533 964 3608 mea
1026 3534 1136 3606 (ἲ),
1191 3533 1473 3605 legendum
1528 3549 1659 3608 esse
1716 3550 1993 3608 accusant;

398 3604 628 3665 dixre“:
659 3604 801 3665 enim
832 3604 1163 3673 dicebautur,
1193 3604 1315 3674 quae
1362 3614 1547 3661 contra
1578 3604 1903 3660 voluntatem
1932 3607 1991 3674 vi

401 3681 853 3750 contumeliisque,
870 3686 1134 3748 superata:
1161 3684 1454 3733 cesserant.
1496 3676 1655 3732 Modo
1680 3691 1813 3732 mss.
1846 3676 1992 3733 fave-

403 3762 536 3808 rent.
569 3748 866 3821 GOLDAST.)

471 3823 595 3882 Tria
625 3822 781 3881 Fata.
826 3818 897 3877 lia
947 3819 1116 3876 codex
1163 3819 1452 3877 Vaticanus
1504 3818 1554 3872 in
1605 3818 1841 3873 editione
1887 3818 1993 3873 An-

406 3897 609 3967 glicana
662 3892 1093 3967 laudatus_,_duo_
1143 3901 1327 3967 vetera
1380 3890 1706 3967 exemplaria
1757 3889 1988 3967 Lalinii,

406 3960 565 4023 unum
607 3981 674 4022 ex
725 3979 842 4020 mea
892 3962 1232 4020 bibliotheca.
1264 3960 1447 4031 Neque
1476 3961 1694 4016 dubium
1735 3970 1815 4015 est
1865 3961 1992 4031 quin

404 4039 516 4093 haec
562 4037 631 4093 sit
684 4050 813 4092 vera
858 4035 1036 4089 lectio.
1094 4033 1194 4090 Hic
1247 4030 1426 4088 autem
1496 4032 1682 4093 locus,
1740 4031 1828 4101 qui
1876 4030 1994 4087 nul-

405 4108 527 4175 lam,
574 4117 630 4163 ut
674 4122 776 4178 ego
828 4106 1042 4178 quidem
1089 4106 1344 4178 arbitror,
1405 4101 1990 4178 habetdiflicultatcm.

403 4172 553 4235 Valde
570 4172 794 4235 vexatus
810 4172 892 4232 est
912 4178 980 4231 ab
1007 4175 1408 4245 interpretibus,
1430 4172 1861 4245 existimantibus
1874 4182 1994 4228 eam

404 4251 686 4307 lectionem
727 4262 833 4305 non
877 4262 997 4303 esse
1038 4243 1251 4305 bonam.
1299 4246 1365 4301 Et
1406 4256 1582 4301 tamen
1614 4243 1746 4299 mihi
1785 4251 1996 4299 constat

2011 2931 2058 2995 C

2092 2494 2364 2551 basilicam
2411 2502 2716 2565 sanctorum
2744 2491 2971 2565 Cosme:
3019 2500 3074 2552 et
3127 2492 3391 2559 Damiani,
3420 2509 3539 2565 quin
3571 2490 3705 2556 crat‘

2093 2567 2192 2638 sita
2210 2567 2272 2638 in
2302 2565 2486 2638 Tribus
2518 2564 2702 2638 Fatis;
2734 2563 2898 2638 fuisse
2924 2564 3083 2638 sitam
3112 2565 3164 2623 in
3194 2566 3279 2620 via
3305 2563 3488 2638 Sacra,
3521 2582 3684 2638 quam

2094 2636 2332 2710 Ovidius,
2352 2638 2413 2710 in
2434 2636 2639 2710 librant
2661 2634 2929 2710 Tristiam,
2950 2635 3086 2710 locat
3114 2650 3283 2710 prope
3310 2636 3479 2710 foroin
3507 2634 3563 2694 et
3591 2655 3681 2710 pa-

2094 2706 2301 2770 latium,
2330 2707 2416 2761 ubi
2440 2707 2690 2761 “Fabium
2722 2706 2978 2760 fornicem
3024 2706 3187 2761 fuisse
3211 2707 3371 2763 docet
3410 2706 3607 2764 Cicero
3629 2711 3680 2764 in

2094 2778 2350 2834 Oratione
2403 2792 2494 2846 pro
2548 2777 2643 2832 Cn.
2707 2776 2940 2845 Plancio,
2995 2776 3142 2833 hunc
3194 2787 3373 2835 autem
3427 2780 3707 2843 fornicem-

2095 2849 2260 2931 {uisse
2276 2849 2512 2931 vicinum
2533 2849 2734 2931 rostris
2759 2849 2947 2931 doceat
2976 2847 3184 2931 Seneca
3213 2851 3271 2931 in
3291 2850 3515 2931 capitoli
3537 2851 3680 2931 iibri,

2096 2919 2246 2986 Quod
2272 2921 2324 2973 in
2348 2920 2623 2986 sapientem
2646 2936 2747 2973 non
2770 2918 2902 2972 cadit
2926 2919 3140 2987 injuria,
3165 2928 3217 2972 et
3246 2917 3503 2979 fornicem
3535 2917 3681 2974 illuni

2096 2991 2360 3048 Asconius
2398 2989 2678 3046 Ptcdianus
2714 2991 2765 3042 in
2797 2990 3156 3057 continentario
3186 2988 3255 3040 ad
3297 2990 3545 3042 actionem
3576 2993 3683 3057 pri-

2095 3078 2232 3114 mam
2260 3063 2312 3114 in
2354 3060 2555 3114 Verrem
2591 3058 2863 3131 scripserit
2899 3059 3060 3131 situm
3087 3056 3262 3131 fuisse
3281 3058 3340 3116 in
3364 3056 3685 3131 clivoeapi-

2096 3133 2262 3187 tolino
2288 3141 2343 3185 ct
2364 3132 2487 3200 inde
2512 3139 2711 3185 rectam
2740 3130 2879 3183 viam
2905 3128 2971 3200 ad
3002 3128 3173 3193 forum
3197 3129 3358 3185 fuisse
3387 3144 3482 3200 per
3509 3128 3681 3187 forum

2095 3211 2150 3257 et
2180 3218 2272 3271 per
2299 3202 2419 3255 Tria
2438 3199 2595 3266 Fata,
2623 3202 2719 3255 Dio
2745 3213 2872 3271 vero
2898 3199 3135 3266 Cassius,
3164 3200 3257 3257 lib.
3287 3199 3398 3267 uv,
3426 3210 3481 3257 et
3509 3201 3682 3260 liere-

2094 3269 2307 3338 dianus,
2340 3274 2433 3327 lib.
2457 3288 2531 3334 1v,
2564 3273 2765 3326 aditum
2795 3269 2961 3326 fuisse
2996 3286 3091 3339 per
3117 3271 3488 3326 viamlsacram
3519 3272 3570 3326 in
3603 3271 3682 3326 fo-

2095 3360 2235 3413 rum,
2264 3344 2603 3399 manifestum
2627 3352 2709 3398 est
2731 3357 2851 3397 eam
2879 3342 3161 3397 lectionem
3182 3357 3302 3398 esse
3318 3357 3498 3399 veram
3520 3360 3679 3412 quam

2096 3430 2197 3475 nos
2251 3417 2587 3475 retiutttmus.
2656 3413 2833 3480 Quare
2895 3414 3093 3468 nollem
3151 3414 3293 3467 viros
3341 3413 3683 3469 doctissimos

2096 3486 2262 3542 fuisse
2291 3498 2394 3540 tam
2427 3485 2606 3543 l'aciles
2641 3485 2694 3539 in
2741 3483 3046 3552 recipienda
3077 3483 3387 3554 conjectura
3425 3485 3681 3543 Grouovii

2096 3558 2387 3613 scribentis
2428 3557 2477 3610 in
2524 3556 2699 3626 capite
2738 3554 2804 3626 l4
2833 3553 3280 3626 Observationum
3319 3557 3373 3609 in
3396 3553 3680 3626 Scriptori;

2097 3629 2194 3683 bus
2231 3624 2609 3683 ecclesiasticis
2640 3625 2874 3695 dryfacta
2906 3624 3294 3695 reponendum
3322 3639 3443 3681 esse
3486 3624 3540 3683 in
3581 3626 3682 3681 hac

2096 3699 2320 3769 epistola
2353 3698 2588 3755 Celerini
2617 3694 2717 3766 pro
2740 3694 2864 3749 Tria
2892 3694 3053 3763 Fata,
3084 3708 3205 3748 cum
3235 3703 3440 3769 certum
3464 3695 3533 3749 sit
3560 3711 3681 3751 eam

2096 3765 2525 3825 emendationem
2572 3765 2692 3821 esse
2734 3774 2985 3820 teutatam
3036 3772 3221 3818 contra
3264 3765 3501 3819 omnium
3534 3775 3682 3821 vete-

2096 3857 2215 3897 rum
2248 3840 2503 3897 librorum
2534 3848 2587 3893 et
2614 3836 2906 3891 editionum
2939 3835 3096 3890 ﬁdem
3137 3844 3193 3889 et
3225 3836 3427 3905 absque
3455 3836 3560 3892 ulla
3586 3851 3680 3892 nc-

2098 3912 2369 3967 cessitatc.
2403 3908 2727 3977 ltaquejure
2775 3907 3075 3977 meritoque
3118 3905 3317 3975 reiecta
3360 3916 3442 3963 est
3484 3907 3536 3961 in
3566 3907 3681 3963 edi-
3754 3937 3761 3942 -

2098 3982 2243 4037 tione
2280 3974 3142 4050 Anglicaua.iPorrodCelerinum,
3167 3974 3311 4048 quod
3358 3977 3512 4034 nobis
3542 3995 3681 4034 nunc

2098 4048 2742 4121 incumbitprobandum,
2789 4048 2949 4121 fuisse
2975 4057 3084 4121 tum
3109 4048 3313 4117 Romae,
3362 4058 3416 4105 et
3452 4050 3541 4109 alii
3568 4051 3679 4119 jam

2097 4120 2439 4195 monuerant,
2465 4133 2516 4187 et
2545 4121 2711 4195 liquet
2741 4136 2805 4174 ex
2833 4120 2951 4176 loco
2983 4120 3147 4195 ipsius
3172 4120 3565 4191 epistolac,pag.
3586 4122 3678 4186 ‘29,

2100 4195 2187 4249 ubi
2237 4193 2512 4249 Celerinus
2556 4192 2630 4246 ait
2672 4192 3043 4262 supersessum
3075 4205 3195 4247 esse
3217 4206 3394 4247 causa:
3423 4207 3679 4262 quarum-

2099 4265 2221 4320 dam
2267 4264 2549 4320 mulierum
2592 4261 2753 4335 donec
2796 4264 3059 4335 episcopus
3086 4261 3678 4335 constituatur,'_id-est,

404 4322 609 4405 ῑξιιιιειω
635 4321 794 4379 ﬁliam
821 4333 991 4405 P0598,
1012 4333 1149 4405 κεδεὲ
1184 4317 1399 4405 ,ωηερε
1422 4314 1838 4405 ίρςξξιεθξβεέεξξιξε
1856 4312 1994 4405 (ξῩἾζ
2020 4321 2074 4381 D
2101 4312 2648 4400 335;.."iaaag'aéta;
2661 4312 2762 4405 11's
2791 4312 3676 4405 agisagis}immersisse;

404 4393 616 4449 firmant
644 4406 804 4461 porro
824 4384 946 4445 eam
979 4390 1095 4447 loca
1133 4387 1198 4461 ad
1228 4384 1643 4461 explicationem
1685 4384 1841 4461 hujus
1880 4385 1983 4461 loci

403 4478 467 4519 ex
497 4456 661 4533 gestis
690 4462 1080 4530 pontiﬁcalibus
1107 4460 1263 4533 allata
1292 4456 1327 4533 ιι
1352 4459 1478 4515 viris
1505 4456 1849 4533 doctissimis.
1880 4456 1982 4533 Ne-

403 4526 525 4615 gari
545 4526 741 4615 quippe
785 4547 889 4587 non
928 4540 1101 4615 potcsi
1127 4530 1252 4615 quin
1286 4530 1510 4615 'ROIIIEP-I,‘
1553 4526 1980 4615 undenltasc'epi.

405 4596 541 4669 stola
566 4596 785 4672 'sc'ripta
833 4596 943 4668 est;
966 4596 1318 4663 fuerit'locus
1338 4600 1634 4672 appellatus
1675 4596 1981 4672 _Tria_lf_‘ata.

406 4668 573 4746 llujus
610 4676 683 4739 rei
702 4668 952 4746 locuples
972 4672 1135 4746 nobis
1179 4672 1326 4746 testis
1354 4668 1775 4746 est_l_’roc_opius,
1818 4668 1908 4746 lib.
1943 4685 1982 4735 ι,

406 4689 573 4746 Ιιιιμιε
610 4690 683 4739 rei
716 4689 952 4798 magpies
980 4689 1135 4741 notus
1179 4689 1326 4733 teStts
1354 4689 1438 4735 est
1466 4689 1775 4739 t'l‘ocuptus,
1818 4689 1908 4723 nn.
1943 4689 1982 4735 ι,

406 4762 523 4821 cap.
554 4746 668 4821 A25,
702 4747 764 4803 de
791 4816 808 4821 _
834 4744 930 4799 ello
957 4742 1203 4821 Gothico;
1235 4742 1321 4796 ubi
1363 4741 1549 4821 scribit
1583 4740 1773 4821 Jan't‘nn
1812 4738 1983 4821 uident

407 4806 737 4875 habuissem
784 4816 900 4875 fort)
929 4831 993 4871 cx
1039 4806 1264 4869 adverso
1292 4815 1453 4873 curia:
1495 4827 1653 4882 super
1681 4810 1801 4882 Tria
1830 4809 1982 4867 Fata.

405 4888 628 4945 Constat
664 4897 842 4945 autem
892 4886 1167 4941 mulierem
1198 4885 1264 4940 de
1292 4898 1395 4953 qua
1436 4881 1608 4946 agitur
1653 4883 1702 4953 iu
1744 4881 1844 4947 liae
1871 4882 1985 4953 cpi-

408 4961 544 5013 stola
573 4959 800 5015 (lelerini
833 4956 1156 5023 ascendisse.
1190 4956 1241 5009 in
1284 4952 1589 5026 capitolium
1633 4952 1989 5026 videlicet,_ut

409 5031 755 5097 sacrificaret,
772 5028 838 5060 “’7
863 5028 953 5083 sed
974 5026 1275 5097 substitisse
1288 5021 1491 5079 ad‘Tria
1512 5023 1663 5091 Fata,
1688 5036 1737 5097 et
1756 5021 1879 5077 inde
1895 5024 1988 5078 de-

410 5101 703 5170 scendisse,
744 5095 1084 5171 ‘Iitnttittttiine
1121 5096 1370 5171 videlicet
1407 5098 1637 5150 ductam.
1686 5095 1816 5171 cum
1863 5110 1989 5171 vero

409 5164 701 5246 Procopius
741 5164 939 5227 scribat
964 5167 1088 5224 Tria
1114 5166 1247 5292 rata
1293 5166 1456 5221 fuisse
1486 5182 1652 5238 prope
1680 5166 1846 5220 aedem
1868 5164 1989 5220 .laui

409 5259 471 5292 ex
500 5245 724 5292 aduorso
751 5242 934 5292 (Elli‘ltﬁ.
965 5255 1085 5292 eum
1140 5244 1174 5292 ’.
1209 5238 1390 5292 Victor
1411 5238 1662 5292 temulqu
1682 5235 1799 5291 Jaui
1829 5245 1989 5292 Donat

408 5259 472 5297 ex
500 5235 724 5301 adicrso
751 5242 934 5302 curiae,
965 5255 1085 5295 cum
1118 5235 1174 5292 l’.
1209 5238 1390 5297 Victor
1411 5235 1662 5306 templum
1682 5235 1799 5291 Jaui
1828 5245 1992 5306 ponat

409 5329 576 5387 prope
601 5312 799 5387 forum,
826 5326 945 5387 cum
985 5310 1263 5387 Dlupysius
1307 5306 1762 5387 Halicarnasseus,
1792 5307 1885 5387 iib.
1929 5324 1986 5374 ιι,

409 5372 596 5440 doceat
619 5372 798 5440 foroin
819 5382 1056 5454 positum
1071 5372 1232 5454 fuisse
1246 5381 1422 5454 medio
1444 5380 1581 5454 inter
1601 5372 1916 5454 Capitolium
1941 5372 1993 5432 et

410 5457 662 5528 palatium
701 5448 895 5526 spatio,
929 5454 997 5528 in:
1013 5452 1231 5528 planitie
1253 5452 1522 5528 icapiiolio
1556 5448 1791 5528 subiecta
1812 5448 1997 5528 _,_Oou-

410 5521 597 5597 purius
627 5521 805 5583 autem
838 5521 1589 5597 llanviniusindescriptione
1618 5522 1763 5597 urbis
1812 5521 1995 5575 llouue

410 5591 749 5654 annotavi-erit
791 5610 1026 5654 montem
1068 5594 1357 5664 palatinum
1406 5593 1605 5649 habere
1642 5591 1708 5646 ad
1746 5606 1995 5646 occasum

412 5670 589 5726 forum
619 5671 915 5735 Romanum
944 5676 998 5724 et
1022 5664 1343 5736 Capitolium
1383 5673 1438 5720 et
1466 5665 1533 5718 ad
1571 5666 1986 5736 septentrionem

416 5742 554 5800 viam
585 5757 815 5812 sacram,
838 5734 892 5799 et
936 5734 1119 5797 auctor
1141 5736 1406 5795 Gestorum
1430 5736 1796 5806 pontiﬁcaltum
1819 5734 1990 5791 tradat

2091 4407 2389 4481 accepisset
2414 4398 2766 4481 episcopum,
2783 4398 3288 4481 praecipueveroex
3318 4398 3559 4481 Epistola
3587 4402 3678 4466 22,

2091 4471 2345 4549 ριιςῘΒΞ,
2375 4471 2564 4549 in'qua
2601 4471 2909 4549 Cyprianus
2939 4471 3125 4549 scribit
3153 4471 3219 4531 ad
3258 4471 3600 4549 preSDyteros
3628 4484 3683 4527 et

2090 4542 2349 4603 ilia'conos
2374 4542 2559 4603 Rutilae
2582 4542 2936 4600 consistentes
2963 4545 3173 4607 mittere
3201 4542 3345 4597 sead
3371 4542 3464 4598 eas
3486 4542 3684 4613 episto-

2091 4620 2199 4673 lam
2232 4618 2464 4674 tielerini
2511 4616 2578 4672 ad
2613 4618 2940 4689 Lucianutn,
2973 4625 3026 4689 ut
3059 4621 3444 4689 recognoscant
3467 4616 3683 4689 arivcra

2089 4691 2180 4746 sit.
2212 4691 2425 4746 Missam
2459 4701 2636 4743 autem
2668 4674 2830 4741 fuisse
2856 4674 3333 4757 perCrcmctﬁiunt
3362 4674 3684 4757 hypodiaco-

2091 4777 2221 4816 num
2252 4761 2408 4816 facile
2436 4759 2700 4829 colligitur
2730 4772 2796 4813 ex
2827 4755 3082 4826 Epistolis
3110 4771 3162 4809 tv
3184 4758 3237 4809 et
3266 4769 3380 4809 xw.

2163 4839 2462 4926 Praepositi.
2492 4853 2551 4926 id
2582 4859 2692 4919 est,
2723 4851 2797 4905 illi
2829 4866 2859 4905 e
2885 4852 3031 4907 clero
3051 4850 3151 4926 qui
3166 4848 3447 4926 ecclesiam
3482 4838 3686 4924 Itoma-

2095 4944 2219 4985 uam
2249 4920 2615 4999 gubernabant
2646 4931 2767 4992 post
2793 4933 3019 4981 mortem
3060 4920 3304 4997 Fabiani,

2166 5019 2335 5075 lV.——
2357 5016 2726 5071 Sanctimonio.
2771 5014 2842 5070 ita
2873 5014 2993 5070 libri
3023 5022 3233 5071 veteres
3260 5022 3315 5071 et
3343 5012 3429 5070 hic
3455 5021 3508 5071 et
3534 5013 3683 5069 alibi.

2093 5092 2314 5147 Possem
2365 5086 2592 5157 plurima
2636 5086 2881 5155 exempla
2940 5086 3180 5156 proferre
3238 5095 3295 5141 ut
3344 5084 3683 5157 ostenderem

2095 5172 2305 5217 veteres
2360 5154 2428 5212 ita
2479 5154 2966 5229 vulgoscripsisse.
3012 5159 3117 5214 Sed
3166 5154 3519 5229 supersedeo,
3559 5157 3683 5229 quia

2094 5243 2223 5303 puto
2252 5231 2479 5303 lectores
2526 5228 2656 5284 mibi
2704 5226 2858 5286 facile
2898 5229 3056 5284 fidem
3081 5227 3455 5303 prmstituros.
3482 5226 3683 5282 Eodem

2096 5297 2265 5358 modo
2283 5301 2531 5356 dicebant
2558 5303 2926 5367 blasphemiam
2954 5314 3050 5369 pro
3073 5297 3398 5369 blasphemia
3412 5337 3436 5369 ,Α
3460 5307 3519 5351 ut
3544 5306 3688 5357 nota-

2098 5377 2269 5430 vimus
2289 5372 2355 5429 ad
2384 5372 2605 5427 Marium
2626 5366 2996 5435 Mercatoreni,
3028 5383 3146 5438 pag.
3172 5368 3298 5423 451.
3323 5366 3476 5422 Addo
3507 5378 3683 5423 tmnen

2098 5444 2442 5520 doctissimos
2493 5443 2804 5520 monachos
2835 5442 3026 5520 quibus
3049 5438 3330 5520 .debemus
3354 5453 3543 5520 noram
3574 5438 3686 5520 edi-

2102 5517 2297 5571 tionem
2325 5528 2545 5582 operum
2571 5513 2739 5568 sancti
2781 5512 3077 5582 Augustini
3107 5511 3350 5580 posuisse
3376 5510 3685 5582 inopistola

2102 5603 2185 5643 Litt
2213 5578 2532 5640 sanctimonii
2582 5594 2628 5638 et
2676 5578 3010 5638 continentior.
3061 5578 3190 5635 ltem
3220 5582 3273 5636 in
3295 5580 3553 5649 rescripto
3581 5578 3689 5633 llo-

2102 5659 2238 5712 norii
2267 5666 2323 5711 et
2347 5656 2634 5713 Theodosii
2687 5657 2799 5711 AA.
2828 5652 2895 5709 ad
2926 5653 3273 5710 Aurelianum
3317 5659 3501 5709 contra
3530 5650 3686 5707 Pela-

2095 5743 2300 5801 graues.
