4222 6288
514 307 621 364 279

1870 301 2008 358 DIVI
2045 298 2363 356 CYPRIANI

3709 307 3836 366 280

514 440 624 482 non
654 424 829 482 solum
859 424 963 480 hoc
989 436 1086 495 pro
1113 420 1192 477 eis
1222 428 1405 503 petere
1424 459 1439 486 ,
1467 418 1561 475 sed
1588 428 1643 497 ct
1671 419 1898 477 Statium
1925 429 1980 478 et
2011 421 2109 477 Se-
2134 420 2189 482 Α
2213 426 2334 489 post
2372 425 2574 474 tantum
2614 418 2869 491 temporis
2914 419 3126 491 legere,
3167 421 3220 477 in
3261 404 3454 492 quibus
3482 423 3589 479 mei
3631 424 3833 496 digna-

519 519 797 575 verianum
824 526 880 572 et
902 529 1088 570 omnes
1113 511 1449 568 cnnfessores
1476 513 1566 583 qui
1596 512 1718 569 inde
1753 513 1857 569 huc
1890 528 1921 567 a
1959 511 2117 568 vobis

523 618 790 666 venerunt
810 648 823 671 ,
855 599 932 660 ad
950 619 1083 675 quos
1114 603 1244 673 ipsa:
1271 602 1323 657 in
1356 612 1568 674 portum
1605 603 2032 672 descenderunt,
2064 612 2119 659 et

517 702 573 756 in
602 700 791 755 urbem
821 698 1165 761 levaverunt,
1197 695 1339 766 quod
1366 695 1641 768 sexaginta
1667 697 1907 768 quinque
1928 696 2119 751 minis-

516 799 788 848 traverunt
808 797 861 844 et
886 802 1053 859 usque
1079 787 1131 842 in
1158 786 1475 842 hodiernum
1501 788 1554 842 in
1576 788 1825 844 omnibus
1846 786 2112 843 foverunt.

513 882 654 939 Sunt
677 880 820 935 enim
851 893 1016 949 penes
1046 877 1162 932 illas
1187 893 1394 934 omnes.
1425 878 1550 933 Plus
1576 889 1754 934 autem
1778 893 2000 948 gravare
2024 892 2120 933 cor

517 974 654 1031 illud
698 981 941 1030 sanctum
976 984 1122 1027 tuum
1154 987 1261 1027 non
1289 970 1482 1039 debui,
1514 986 1635 1026 cum
1663 973 1827 1027 sciam
1868 981 1919 1027 te
1952 985 2121 1042 prona

520 1067 798 1123 voluntate
824 1065 1057 1135 operari.
1086 1063 1329 1119 Salutant
1356 1074 1408 1120 te
1436 1063 1738 1119 Maeharius
1763 1079 1885 1119 cnm
1912 1063 2116 1119 sorori-

515 1161 618 1217 bus
657 1158 769 1213 suis
803 1155 1049 1213 Cornelia
1077 1166 1131 1213 et
1170 1157 1439 1224 Emerita,
1470 1172 1589 1227 quae
1620 1156 1871 1211 laetantur
1896 1155 1963 1211 de
1993 1170 2122 1212 con-

521 1253 758 1309 fessione
802 1260 888 1305 tua
915 1248 1105 1304 ﬂorida
1127 1292 1141 1317 ,
1170 1249 1265 1304 sed
1294 1259 1348 1304 et
1373 1247 1613 1303 omnium
1644 1247 1865 1303 fratrum
1888 1289 1902 1314 ,
1940 1259 1994 1302 et
2018 1247 2119 1304 Sa-

516 1345 793 1409 turninus,
823 1342 911 1414 qui
939 1352 992 1396 ct
1019 1341 1134 1411 ipse
1164 1342 1391 1396 luctatus
1414 1350 1496 1395 est
1520 1354 1643 1394 cum
1668 1338 1915 1405 diabolo,
1947 1338 2040 1409 qui
2069 1349 2123 1393 et

516 1437 718 1494 Christi
745 1450 940 1490 nomen
973 1442 1056 1489 est
1091 1433 1298 1488 fortiter
1328 1430 1605 1487 confessus
1637 1440 1688 1495 ⁸,
1720 1432 1808 1501 qui
1851 1438 1907 1485 et
1952 1431 2023 1485 ibi
2065 1432 2122 1485 in

516 1514 676 1598 poena
707 1525 1024 1597 ungularum
1054 1524 1099 1554 ³ο
1130 1522 1342 1577 fortiter
1368 1531 1453 1578 est
1480 1523 1789 1588 confessus,
1819 1522 1909 1593 qui
1936 1532 1991 1577 et
2020 1521 2122 1577 hoc

479 1666 484 1677 .
518 1619 681 1675 nimis
708 1626 862 1687 rogat
895 1625 949 1671 et
974 1615 1129 1686 petit.
1169 1614 1412 1669 Salutant
1440 1622 1491 1669 te
1517 1613 1714 1668 fratres
1745 1613 1818 1667 tui
1847 1610 2120 1683 Calphur-

518 1712 639 1768 nius
662 1719 716 1764 et
737 1708 901 1764 Maria
926 1719 982 1764 et
999 1723 1187 1764 omnes
1208 1707 1376 1763 sancti
1399 1704 1610 1762 fratres.
1630 1705 1764 1761 Nam
1786 1705 1962 1762 ethoc
1982 1707 2120 1762 scire

2222 516 2306 564 tus
2335 524 2395 565 es
2434 524 2736 565 memorare
2765 508 2815 578 ά,
2845 510 3111 567 beneﬁcio
3155 520 3319 568 tanta:
3355 520 3461 567 tua:
3500 513 3829 571 humilitatis

2220 601 2399 672 legere
2437 603 2787 658 exultaverim
2810 645 2824 671 ,
2859 604 2950 673 qui
2981 603 3222 662 scribens
3260 604 3390 660 mihi
3431 606 3639 663 diceres
3671 618 3716 661 θ.
3759 609 3829 664 Si

2221 695 2413 767 dignus
2438 695 2592 752 fuero
2617 696 2783 751 frater
2810 697 3093 753 nominarii
3120 707 3271 767 tuus,
3300 698 3537 756 hominis
3560 702 3648 772 qui
3677 700 3832 773 apud

2225 785 2529 854 pusilliores
2569 800 2764 842 nomen
2812 788 2906 844 Dei
2945 803 3066 844 cum
3114 792 3305 845 timore
3348 791 3628 848 confessus
3673 809 3826 848 sum.

2223 875 2355 931 Nam
2387 886 2471 943 tu,
2504 877 2613 933 Deo
2640 878 2854 936 volente
2874 920 2888 944 ,
2931 879 3103 950 ipsum
3135 896 3364 952 anguem
3403 885 3660 953 majorem
3701 900 3831 940 me-

2224 974 2454 1022 tatorem
2490 965 2510 1005 ῖ
2553 969 2885 1037 antichristi,
2928 986 3034 1026 non
3075 981 3279 1027 tantum
3316 964 3602 1031 confessus
3638 976 3836 1032 deter-

2223 1057 2377 1139 ruisti
2409 1058 2624 1115 vocibus
2654 1060 2757 1115 illis
2790 1070 2845 1116 et
2868 1061 3047 1118 verbis
3076 1063 3283 1131 deilicis
3311 1066 3504 1135 quibus
3532 1068 3644 1123 scio
3668 1068 3837 1139 quasi

2222 1158 2493 1229 amatores
2528 1150 2649 1207 fidei
2685 1162 2740 1207 et
2781 1154 3012 1226 zelotypi
3047 1155 3342 1228 disciplinae
3376 1158 3577 1215 Christi
3627 1161 3681 1215 in
3716 1175 3838 1231 qua

2227 1249 2278 1296 te
2316 1242 2442 1296 novi
2486 1242 2769 1300 vivacitate
2803 1248 3005 1302 versari
3047 1257 3100 1303 te
3127 1250 3335 1320 gaudeo
3356 1292 3370 1317 ,
3410 1252 3603 1308 vicisti.
3632 1252 3792 1309 Nunc
3818 1295 3838 1320 ,

2224 1334 2571 1404 charissime,
2620 1338 2731 1407 jam
2781 1340 2924 1397 inter
2972 1351 3237 1415 martyres
3285 1344 3591 1416 deputande
3630 1356 3683 1413 ε,
3728 1360 3841 1400 vo-

2222 1429 2368 1486 luisti
2405 1446 2503 1487 nos
2538 1431 2732 1487 litteris
2776 1432 2880 1489 tuis
2904 1449 3127 1505 gravare
3148 1480 3162 1503 ,
3198 1436 3250 1490 in
3283 1437 3475 1508 quibus
3503 1438 3840 1509 significasti

2224 1522 2291 1579 de
2324 1525 2599 1580 sororibus
2634 1527 2867 1592 nostris;
2912 1542 3012 1598 pro
3057 1528 3251 1597 quibus
3292 1529 3497 1584 utinam
3538 1531 3654 1585 fieri
3704 1546 3841 1600 pos-

2223 1626 2305 1670 set
2343 1626 2400 1671 ut
2437 1617 2553 1671 sine
2591 1624 2741 1672 tanto
2778 1619 2981 1675 scelere
3007 1620 3295 1676 commisso
3323 1623 3640 1677 memoriam
3684 1623 3842 1679 face-

2223 1711 2441 1764 remus!
2473 1708 2592 1766 Non
2622 1709 2864 1780 profecto
2904 1715 3063 1769 tantis
3107 1712 3359 1785 lacrymis
3391 1712 3834 1774 incumbercmus

518 1803 719 1869 debes,
749 1817 836 1857 me
874 1810 939 1856 et-
963 1800 1194 1856 dominis
1235 1800 1368 1854 meis
1403 1798 1663 1854 fratribus
1699 1797 1806 1853 tuis
1841 1796 2114 1871 [litteras]
2148 1808 2195 1868 Β
2226 1809 2281 1856 ut
2311 1817 2475 1857 nunc.

519 1893 835 1965 scripsisse,
864 1907 999 1964 quas
1027 1900 1150 1962 peto
1183 1891 1289 1947 illis
1313 1904 1405 1946 eas
1436 1889 1616 1961 legere
1644 1888 1902 1960 digneris.

1065 2027 1396 2085 EPISTOLA
1437 2027 1582 2083 XXI.

583 2143 811 2209 (Pamel.,
836 2157 957 2194 xxu.
1000 2141 1136 2206 Rig.,
1158 2141 1346 2205 Baluz.,
1391 2141 1570 2206 Paris.,
1610 2153 1716 2192 xxi.
1740 2096 1939 2202 Oxon,
1966 2139 2118 2204 Lips.,

1290 2226 1444 2289 χχιι.)

868 2348 1124 2389 LUCIANUS
1152 2346 1459 2389 RESPONDET
1493 2346 1772 2389 CBLERINO.

516 2460 519 2463 ‘
592 2453 986 2509 Aucuusuwu.
1006 2479 1075 2489 -——
1094 2447 1352 2502 Lucianus
1377 2446 1596 2503 Celerini
1625 2446 1853 2517 petitioni
1879 2447 2081 2501 annuit.

593 2545 633 2599 Ι.
676 2544 944 2599 Lucianus
983 2540 1234 2597 Celerino
1270 2539 1523 2608 domino,
1552 2539 1596 2594 si
1625 2539 1819 2611 dignus
1850 2538 2001 2596 fuero
2030 2553 2123 2596 vo-

521 2639 667 2705 cari,
694 2637 897 2707 collega
929 2636 982 2690 in
1010 2634 1226 2689 Christo
1246 2633 1495 2689 salutem.
1521 2633 1718 2703 Accepi
1740 2633 1950 2688 litteras
1980 2642 2149 2702 tuas,.

521 2729 739 2785 domine
767 2728 933 2783 frater
958 2726 1302 2783 dilectissime
1331 2727 1383 2781 in
1420 2725 1613 2796 quibus
1642 2741 1731 2781 me
1761 2735 1966 2782 tantum
1997 2744 2121 2799 gra-

522 2823 692 2890 vasti,
725 2832 784 2877 ut
814 2830 1034 2891 propter
1073 2830 1216 2876 tuam
1258 2820 1623 2890 gravationem
1671 2820 1699 2859 ι’
1742 2830 1887 2876 tanto
1926 2821 2122 2891 gaudio

523 2933 661 2990 pene
703 2916 1029 2985 exciderim,
1065 2923 1125 2971 ut
1167 2914 1374 2971 litteras
1416 2929 1549 2986 quas
1582 2925 1603 2953 ο
1633 2924 1688 2971 et
1723 2930 1822 2987 ego
1867 2916 2120 2987 optabam

2295 1893 2361 1948 ll.
2401 1892 2552 1951 Scire
2590 1895 2820 1953 debuisti
2860 1897 2987 1969 quid
3025 1899 3169 1954 circa
3205 1913 3304 1955 nos
3342 1908 3518 1955 actum
3559 1902 3645 1955 sit.
3689 1900 3832 1956 Cum

2224 1984 2541 2042 benedictus
2585 1998 2791 2061 martyr
2840 1989 3036 2046 Paulus
3071 1990 3248 2046 adhuc
3286 1992 3338 2045 in
3382 2007 3607 2062 corpore
3646 2004 3825 2058 esset,

2225 2079 2434 2134 vocavit
2470 2094 2588 2148 me,
2630 2089 2685 2137 et
2720 2081 2854 2137 dixit
2890 2084 3058 2139 mihi:
3097 2083 3359 2151 Luciane,
3390 2099 3571 2140 coram
3609 2085 3828 2141 Christo

2227 2170 2320 2226 tibi
2349 2170 2468 2226 dico
2498 2180 2584 2241 ut,
2617 2173 2662 2228 si
2692 2175 2812 2246 quis
2841 2185 2962 2245 post
2991 2176 3393 2232 arcessitionem
3432 2192 3606 2232 meam
3645 2177 3742 2233 abs
3774 2187 3828 2234 te

2227 2283 2413 2338 pacem
2443 2270 2694 2340 petierit,
2725 2270 2792 2326 da
2821 2268 2851 2308 ¹ι
2879 2271 2935 2325 in
2965 2273 3186 2328 nomine
3226 2288 3377 2341 meo;
3408 2273 3501 2329 sed
3538 2282 3596 2330 et
3631 2288 3824 2329 omnes

2225 2373 2362 2429 quos
2402 2359 2661 2417 Dominus
2698 2364 2753 2418 in
2798 2373 2942 2419 tanta
2973 2365 3317 2421 tribulatione
3345 2366 3605 2423 areessire
3634 2365 3823 2437 digna-

2230 2460 2314 2506 tus
2354 2462 2467 2519 est,
2514 2455 2747 2510 universi
2788 2455 2991 2537 litteras
3019 2473 3086 2513 ex
3115 2467 3396 2528 compacto
3426 2457 3694 2513 universis
3731 2474 3826 2530 pa-

2226 2558 2343 2599 cem
2382 2545 2702 2603 dimisimus.
2735 2546 2899 2605 Vides
2925 2549 3084 2621 ergo,
3117 2550 3305 2617 frater,
3337 2552 3590 2620 quoniam
3630 2552 3822 2621 partim

2227 2637 2341 2707 ejus
2368 2637 2511 2708 quod
2542 2638 2672 2693 mihi
2695 2639 2892 2695 Paulus
2923 2649 3176 2712 praecepit
3204 2658 3362 2713 quam
3393 2644 3655 2699 universis
3681 2645 3824 2715 quod

2227 2732 2569 2801 censuimus,
2611 2749 2676 2789 ex
2714 2734 2908 2805 quibus
2951 2750 3164 2792 eramus
3206 2738 3259 2792 in
3303 2737 3403 2792 hac
3446 2737 3823 2802 tribulatione,

2224 2843 2346 2884 cum
2370 2829 2503 2899 jussi
2530 2844 2714 2885 sumus
2746 2828 2759 2867 ί
2793 2830 3088 2887 secundum
3126 2843 3452 2903 praeceptum
3492 2832 3828 2903 imperatoris
3924 2834 3945 2843 “

2224 2922 2365 2980 fame
2388 2930 2445 2979 et
2467 2922 2554 2978 siti
2580 2924 2793 2991 necari,
2821 2933 2877 2981 et
2902 2925 3097 2982 reclusi
3121 2941 3309 2983 sumus
3334 2926 3389 2983 in
3421 2926 3627 2984 duabus
3651 2926 3825 2995 cellis,

1764 3031 2145 3098 LECTIONES
2183 3038 2598 3097 VARIANTES.
2681 3051 2688 3059 '

583 3130 722 3195 ξιΕει
754 3128 1007 3180 confessus
1034 3129 1201 3195 om.
1230 3190 1256 3195 _
2147 3134 2193 3195 ρ

582 3191 611 3228 ι)
630 3192 883 3254 Perpetua
916 3192 1201 3254 gravatione
1225 3190 1385 3250 Impr.

584 3257 608 3284 θ
635 3252 852 3304 Litteras
872 3260 982 3302 tuas
1002 3265 1125 3314 quos
1149 3252 1306 3302 Oxon.
1331 3264 1394 3301 ea:
1423 3253 1534 3301 Vat.

584 3315 614 3354 d
635 3315 892 3364 Memorari
915 3315 1072 3365 Oxon.
1098 3325 1162 3362 ex
1192 3316 1302 3365 ναι.
1434 3330 1439 3335 ·

586 3381 610 3409 ο
634 3375 769 3427 Dicis
789 3377 947 3439 Impr.

2295 3131 2317 3170 ἲ
2343 3135 2656 3200 μιῄοτθιιιει
2677 3139 2973 3188 atrociorem
3002 3143 3107 3188 Vat.

2293 3200 2319 3265 β
2343 3196 2659 3265 Deputandos
2682 3201 2796 3250 Vat.

2287 3260 2319 3333 ξι
2344 3260 2448 3333 ρθὲ
2470 3265 2627 3333 0m-

2297 3324 2313 3363 ί
2343 3324 2460 3377 Cum
2480 3327 2710 3389 jussimus
2732 3325 2891 3389 Impr.

1706 3496 1715 3505 υ
1740 3459 1981 3517 STEPH.
2024 3459 2301 3519 BALUZII
2336 3456 2568 3515 NOTAE.

595 3572 701 3633 Séd
747 3584 791 3631 et
828 3575 1071 3631 Statium.
1121 3574 1198 3628 lta
1250 3573 1614 3646 codexjmeus
1661 3581 1717 3630 et
1766 3572 2120 3646 Gratianopo-

520 3648 739 3704 litauus.
773 3647 847 3701 Ita
881 3662 1092 3715 quoque
1119 3654 1325 3700 constat
1360 3644 1612 3700 habuisse
1640 3653 1818 3700 vetera
1849 3644 2120 3714 exempla-

520 3720 599 3775 ria
626 3720 834 3773 Latinii.
863 3718 951 3773 Sic
978 3718 1137 3772 etiam
1168 3716 1450 3786 legendum
1474 3731 1593 3771 esse
1624 3726 1904 3771 censuerat
1931 3718 2122 3770 Pame-

520 3791 621 3865 lius
642 3832 655 3853 ,
688 3806 809 3865 cum
836 3800 991 3845 antea
1023 3789 1276 3860 scriptum
1307 3798 1451 3843 esset
1478 3787 1669 3841 statim.
1703 3786 1833 3842 Vide
1875 3798 2028 3843 notas
2058 3787 2125 3843 ad

519 3862 797 3931 épislvlnnt
830 3877 931 3914 Liv.

597 3932 880 3984 MttC/tm'ib.
929 3931 1068 3984 Satis
1095 3930 1206 3983 seio
1250 3929 1589 3985 scribendum
1639 3928 1802 3999 fuisse
1845 3928 2077 3993 Macario
2104 3971 2118 3995 ,

521 4003 567 4057 si
589 4011 861 4057 constaret
885 4000 1044 4055 Afros
1071 4000 1351 4070 scripsisse
1388 4003 1460 4055 uti
1494 4000 1663 4056 Crzeei
1697 3999 2023 4053 scribebant.
2056 4001 2124 4054 At

523 4089 646 4127 cum
677 4073 968 4124 invenirem
997 4071 1098 4123 hoc
1129 4071 1439 4124 vocabulum
1475 4073 1523 4124 in
1551 4072 1775 4125 vetustis
1796 4070 2123 4140 exemplari-

520 4143 623 4198 bus
663 4142 912 4211 Cypriani
945 4141 1200 4208 scriptum
1232 4155 1352 4194 cum
1383 4142 1731 4210 aspiratione,
1758 4141 1963 4207 scirem
1986 4157 2123 4210 pra:-

522 4221 667 4268 terea
720 4213 876 4265 Al‘rns
901 4220 955 4265 et
976 4212 1265 4281 plerosque
1317 4211 1535 4266 Latinos
1564 4211 1807 4281 quaedam
1862 4212 2121 4266 vocabula

521 4283 805 4352 scripsisse
836 4282 1067 4346 diverse,
1109 4292 1165 4335 ut
1201 4288 1345 4350 patet
1375 4283 1429 4335 in
1476 4283 1640 4336 verbo
1687 4282 2038 4352 catecuminus
2068 4293 2122 4337 et

522 4356 577 4409 in
601 4350 766 4408 verbo
790 4355 1037 4422 acolylus,
1070 4362 1179 4405 tum
1205 4352 1364 4407 etiam
1397 4353 1446 4405 in
1476 4352 1741 4406 vocabulo
1764 4350 1968 4417 Arrius,
1998 4368 2125 4408 cen-

2222 3573 2510 3644 praesidem
2546 3581 2699 3629 vocat
2742 3580 3003 3626 cruentum
3056 3569 3340 3624 colubrum.
3371 3569 3824 3644 Sieﬂunericus,

2227 3642 2318 3700 rex
2356 3645 2737 3709 Vandalorum,
2769 3651 2988 3697 vocatur
3016 3651 3302 3695 veternosus
3330 3642 3512 3709 anguis
3534 3643 3584 3697 in
3608 3642 3829 3697 historia

2228 3716 2494 3786 passioais
2516 3727 2818 3786 martyrum
2840 3715 3013 3786 quin
3040 3727 3167 3786 non.
3191 3712 3309 3786 j_u_lii
3355 3714 3498 3781 passi
3544 3723 3669 3786 sunt
3688 3713 3828 3786 apud

2230 3783 2603 3855 Carthaginem
2635 3783 2734 3840 sub
2775 3785 2892 3853 ejus
2928 3783 3201 3855 imperio:
3215 3783 3279 3837 Et
3323 3793 3511 3855 auctor
3537 3785 3660 3838 vitae
3688 3783 3829 3855 Gre-

2230 3859 2365 3926 gorii
2396 3853 2550 3926 Papze
2570 3856 2663 3915 IX.
2694 3856 2832 3925 apud
2860 3854 3148 3910 Odoricum
3178 3853 3518 3916 Rainaldum,
3547 3871 3632 3907 an.
3667 3854 3822 3920 l258,

2241 3930 2269 4001 ᾗ
2299 3929 2389 3990 7‘2,
2414 3927 2747 4001 Fridericum
2780 3928 2817 4001 I_l
2846 3927 3222 3995 imperatorem
3254 3936 3718 4001 vocat__tortuosum
3745 3941 3829 4001 co-

2228 3996 2452 4054 lubrum.
2509 3998 3003 4053 NabuchodonOsor
3030 4005 3252 4050 vocatur
3304 3996 3476 4066 aquila
3526 3996 3735 4066 grandis
3761 3997 3827 4051 ab

2228 4071 2559 4141 Hieronymo
2608 4079 2663 4141 et
2688 4068 3053 4141 Theodoreto,
3079 4075 3137 4120 ut
3178 4076 3327 4141 notat
3377 4066 3575 4120 Fronto
3602 4067 3827 4141 Ducacns

2231 4143 2284 4195 iu
2316 4138 2754 4195 annotationibus
2782 4138 2847 4193 ad
2896 4148 3099 4193 tomum
3132 4139 3358 4206 primum
3404 4151 3625 4205 operum
3654 4138 3825 4191 sancti

2228 4212 2452 4268 Joannis
2497 4210 2893 4282 Chrysostonii.
2945 4209 3064 4282 Ad
3105 4208 3329 4282 D_ecimn_
3370 4209 3640 4275 pertinent
3708 4210 3823 4282 hinc

2228 4286 2391 4355 verba
2417 4278 2674 4355 Cypriani
2696 4280 2764 4335 de
2784 4278 3105 4355 Celeriuoiu
3129 4279 3365 4355 Epistula
3390 4295 3574 4355 xxxiv,
3600 4279 3823 4355 pag./i7_:

2233 4353 2334 4408 Hic
2386 4351 2518 4408 inter
2564 4352 2922 4422 persecutionis
2975 4351 3127 4405 initia
3182 4367 3298 4422 cum
3346 4351 3458 4422 ipso
3486 4351 3829 4422 infestationis

521 4426 605 4481 sui
632 4424 829 4479 debere
857 4419 942 4478 uie
970 4425 1019 4476 in
1050 4422 1155 4478 hoc
1184 4423 1300 4477 loco
1328 4424 1479 4493 sequi
1528 4424 1847 4492 scripturam
1879 4432 2120 4479 veterum
2150 4440 2203 4500 D
2265 4427 2460 4492 rincipe
2483 4434 2532 4479 et
2560 4419 2769 4477 auctore
2792 4436 3125 4493 congressus;
3164 4432 3217 4475 et
3244 4420 3487 4476 fortassis
3524 4436 3586 4475 ea
3611 4436 3732 4490 quae
3757 4419 3827 4473 de

523 4496 907 4549 exemplarium
935 4494 1102 4548 sancti
1128 4492 1402 4549 Cvoriaui.
1432 4493 1522 4549 Sic
1546 4492 1708 4549 etiam
1737 4492 1923 4548 scribit
1948 4494 2119 4549 Fran-
2229 4444 2462 4549 ﬁominis
2484 4495 2720 4549 maliani.
2743 4493 2895 4549 velut
2914 4491 3178 4549 serpentis
3204 4492 3399 4546 astutia
3427 4500 3687 4547 venenata
3708 4533 3723 4549 .
3753 4491 3827 4546 ait

523 4496 907 4563 exemplarium
935 4494 1102 4548 sancti
1128 4492 1522 4563 CyprianiJSic
1546 4492 1708 4549 etiam
1737 4492 1923 4548 scribit
1948 4494 2119 4549 Fran-

522 4568 703 4620 ciseus
757 4566 917 4619 Maria
976 4564 1336 4619 Florentinius
1393 4565 1444 4619 in
1490 4565 1726 4620 editione
1769 4566 2121 4621 vetustissimi

520 4636 907 4705 martyrologii,
939 4651 990 4689 v1
1040 4635 1159 4690 idus
1185 4634 1485 4691 decembris
1520 4653 1533 4691 :
1568 4633 1633 4688 In
1679 4635 1857 4705 Africa
1907 4645 2115 4690 sancto-

520 4652 663 4689 mart
702 4652 907 4705 rowgn,
939 4652 990 4689 v1
1040 4652 1159 4690 tuus
1185 4652 1485 4691 decembris
1520 4653 1533 4691 :
1568 4652 1633 4688 ιη
1679 4652 1721 4689 Α
1750 4652 1857 4688 rica
1907 4652 2115 4690 sancto-

520 4723 637 4760 rum
660 4652 847 4770 i’rimi,
883 4705 1158 4772 Macharii,
1186 4705 1346 4761 Justi.
1368 4706 1437 4761 Et
1462 4707 1513 4761 in
1542 4652 1766 4776 epistola
1790 4722 1923 4760 XXIX
1952 4707 2121 4761 sancti

523 4778 826 4847 Augustini,
881 4778 934 4831 in
962 4791 1097 4831 nova
1123 4776 1388 4842 editione,
1430 4779 1687 4847 scriptum
1719 4787 1800 4832 est
1828 4776 2116 4846 Machario,

520 4846 673 4917 juxta
703 4848 858 4903 fidem
889 4848 1088 4903 codicis
1135 4847 1505 4902 Cisterciensis
1530 4864 1594 4902 ex
1634 4863 1741 4916 quo
1772 4847 1913 4901 edita
1942 4858 2045 4901 est.

594 4919 776 4973 Ertsr.
826 4935 943 4974 nt.
975 4948 1047 4958 —
1079 4918 1194 4973 Duo
1254 4927 1456 4972 tantum
1521 4919 1679 4987 hujus
1738 4918 1979 4987 epistola:
2030 4933 2121 4973 ve-

524 4996 639 5060 tera
687 4990 1011 5060 exemplaria
1069 4988 1260 5060 habui,
1326 5005 1489 5060 unum
1541 5005 1607 5043 ex
1657 4989 1788 5044 urbe
1841 4988 2123 5060 Gratiano-

596 5059 789 5128 litaua,
841 5058 983 5114 aliud
1036 5073 1102 5113 ex
1160 5058 1481 5114 bibliotheca
1543 5075 1685 5113 mea.
1738 5059 1895 5127 Auin
1955 5074 2119 5113 unum

544 5130 741 5185 audant
782 5146 847 5186 ex
888 5130 1159 5195 Vaticana,
1191 5128 1317 5182 illud
1347 5130 1621 5193 nimirum,
1658 5140 1712 5183 ut
1738 5130 1948 5199 opinor,
1977 5130 2119 5199 quod

519 5211 762 5255 notatum
809 5209 891 5256 est
932 5214 1158 5255 numero
1210 5199 1312 5255 199
1359 5200 1409 5253 in
1457 5200 1776 5255 bibliotheca
1834 5199 2113 5255 Vaticana.

521 5268 784 5327 Habuisse
829 5287 888 5326 se
931 5286 1050 5327 eam
1081 5271 1133 5324 in
1180 5272 1292 5324 suis
1321 5268 1391 5303 ¹⁸⁰⁸
1416 5270 1695 5325 codicibus
1726 5279 1949 5325 testatur
1974 5269 2116 5326 Lati-

517 5342 640 5396 nius
662 5381 677 5406 ,
707 5342 798 5397 sed
832 5341 904 5396 ita
929 5351 1237 5410 corruptam
1260 5349 1320 5396 ut
1344 5341 1432 5396 vix
1459 5341 1681 5410 intelligi
1711 5343 1971 5396 sententia
2003 5342 2119 5411 ejus

517 5421 720 5494 posset.
751 5414 1016 5494 Pamclius
1033 5422 1087 5494 et
1110 5411 1367 5494 liigaltius
1397 5414 1627 5467 fatentur
1647 5425 1707 5468 se
1728 5412 1930 5467 nullum
1962 5423 2114 5467 vetus

515 5481 658 5554 illius
688 5483 964 5554 exemplar
991 5481 1261 5539 habuisse.
1289 5552 1306 5554 ξ
1880 5499 1885 5504 ‘

589 5553 631 5607 Ι.
651 5552 966 5625 —Anguem
992 5554 1256 5623 majorem.
1272 5552 1344 5625 ,ld
1370 5564 1452 5609 est
1470 5554 1689 5610 Decium
1710 5554 2112 5624 imperatorem,

555 5638 677 5678 uem
708 5623 988 5679 execrabile
1011 5626 1205 5678 animal
1234 5624 1387 5680 vocat
1415 5625 1727 5681 Lactantius
1779 5623 1831 5679 in
1881 5625 2016 5679 libro
2054 5626 2119 5679 de

577 5694 768 5749 ortibus
789 5693 1200 5750 Persecutorum.
1230 5696 1321 5751 Sic
1347 5695 1669 5750 Prudentius
1707 5696 1757 5749 in
1786 5696 2027 5751 carmine
2048 5697 2116 5751 de

514 5774 687 5821 sancto
728 5764 1015 5822 Fructuose
1057 5766 1292 5835 episcopo
1324 5765 1715 5835 Tarraconensi,
1751 5764 2113 5824 {Emilianum

2269 4491 2462 4550 ominis
2484 4495 2720 4565 maligni,
2743 4491 3178 4565 velut—serpentis
3204 4492 3399 4546 astutia
3427 4500 3687 4547 venenata
3708 4533 3723 4557 ,
3753 4491 3828 4546 ait

2228 4569 2282 4621 in
2323 4566 2563 4637 Epistola
2599 4563 2743 4630 XLVI,
2795 4579 2913 4635 pag.
2945 4563 3034 4619 60.

2301 4658 2600 4714 Metatorem
2631 4657 2934 4710 antichristi.
2967 4653 3179 4710 Lucifer
3228 4655 3520 4724 episcopus
3563 4653 3828 4709 Calarita-

2226 4745 2327 4785 nus
2372 4730 2745 4784 Constantium
2784 4728 3163 4797 imperatorem
3198 4726 3487 4797 Arrianum
3514 4734 3673 4781 vocat
3690 4740 3828 4797 prae-

2226 4814 2504 4855 cursorem
2555 4794 2879 4865 antichriSIi,
2930 4797 3070 4866 quod
3124 4796 3264 4852 idem
3313 4805 3414 4850 est.
3450 4794 3646 4851 Contra
3687 4794 3825 4849 Lac-

2228 4872 2449 4937 tantius,
2486 4869 2577 4923 lib.
2605 4885 2686 4933 1v,
2737 4883 2853 4938 cap.
2890 4870 2979 4927 it,
3020 4868 3295 4922 Christum
3324 4878 3479 4920 vocat
3510 4875 3823 4938 metatmem

2226 4936 2410 5011 templi
2452 4940 2569 5003 Dei,
2619 4939 2667 5011 id
2714 4936 2819 5011 est‘
2849 4938 3129 5011 Ecclesiae.
3185 4938 3258 4992 De
3311 4937 3665 4993 nietatoribus
3701 4936 3824 4991 vide

2223 5008 2621 5083 quaidicuntur
2650 5008 2784 5064 infra
2814 5011 2880 5064 ad
2913 5008 3208 5079 Epistolam
3242 5024 3424 5063 Lxxm.

2300 5103 2369 5159 Te
2398 5105 2532 5160 novi.
2562 5102 2815 5170 Quamvis
2845 5103 3011 5158 editio
3038 5102 3296 5171 Morellii,
3328 5119 3393 5159 ex
3422 5117 3523 5172 qua
3554 5102 3673 5157 aliae
3697 5115 3823 5172 pro-

2224 5183 2433 5247 pagatae
2483 5185 2638 5239 sunt,
2695 5175 2887 5229 habeat
2931 5175 3152 5247 tenoris,
3200 5189 3321 5247 cum
3363 5185 3551 5247 tamen
3585 5183 3825 5247 _vetcres

2223 5243 2362 5311 libri,
2419 5247 2580 5301 etiam
2634 5261 2769 5300 unus
2800 5260 2959 5314 quem
2992 5244 3178 5300 laudat
3202 5243 3463 5311 Latinius,
3515 5244 3748 5300 habeant
3779 5253 3825 5296 te

2224 5317 2357 5383 novi,
2382 5315 2522 5370 hanc
2551 5317 2831 5371 lectionem
2851 5316 3141 5371 arbitratus
3163 5331 3281 5371 sum
3313 5330 3433 5372 esse
3461 5314 3820 5377 retinendam,

2227 5396 2339 5442 tum
2371 5388 2495 5455 quia
2527 5397 2763 5441 veterum
2806 5386 3062 5441 librorum
3102 5388 3416 5443 auctoritate
3458 5386 3662 5453 nititur,
3712 5396 3822 5440 tum

2221 5458 2346 5529 quia
2399 5456 2607 5512 videtur
2634 5471 2754 5513 esse
2785 5458 2994 5513 melior.

2294 5550 2356 5604 ll.
2378 5550 2719 5616 —Quom'am
2745 5550 2949 5619 partim.
2983 5549 3060 5606 lta
3089 5551 3303 5620 reposui
3334 5559 3551 5605 secutus
3578 5547 3736 5604 fidem
3757 5547 3823 5620 li-

2220 5621 2303 5677 bri
2350 5622 2454 5677 mei
2500 5622 2701 5691 veteris
2754 5630 2808 5676 et
2852 5619 3362 5691 Gratianopolitani.
3420 5620 3708 5676 Vaticanus
3759 5619 3815 5674 in

2219 5693 2453 5747 editione
2499 5689 2787 5761 Anglicana
2830 5691 3073 5746 laudatus
3105 5689 3264 5748 habet
3310 5693 3551 5761 quoniam
3595 5699 3807 5760 partem.

2220 5763 2516 5827 Editiones,
2549 5763 2684 5830 quod
2729 5772 2829 5818 tant
2860 5763 3069 5829 placuit.
