4222 6288
186 353 289 416 985

1556 356 1892 418 Ενιετοιλ
1919 359 2086 417 XXII.

3394 354 3501 421 986

186 488 276 544 per
306 486 398 527 me
430 468 569 528 aliis
609 469 875 544 episcopis
917 468 1253 541 innotescere
1298 470 1457 538 velte,
1490 472 1642 544 cujus
1680 474 1797 544 epi-
1829 476 1876 541 Α
1905 485 2123 548 peccata
2149 472 2343 533 dimitti
2373 475 2427 539 in
2456 474 2609 539 Pauli
2637 476 2875 547 marina,
2899 486 2960 535 et
2994 476 3101 534 hoc
3130 476 3230 534 sibi
3270 477 3398 534 dicit
3430 480 3499 535 ab

184 566 335 628 stulte
364 566 685 636 exemplum
716 564 782 637 ad
800 578 897 625 vos
924 566 1212 629 transmisi.
1238 565 1491 629 Additum
1514 575 1596 622 est
1616 560 1794 640 plane,

186 662 247 717 de
276 659 489 731 quibus
512 660 654 715 ratio
679 659 982 719 constiterit
996 660 1128 732 quid
1149 668 1277 731 post
1296 662 1643 716 commissum
1672 676 1798 732 ege-

188 755 311 813 rint.
514 769 608 825 res
626 753 893 828 majorem
919 753 1076 811 nobis
1092 753 1294 813 confiat
1319 754 1596 827 invidiam,
1620 764 1676 819 ut
1699 769 1798 810 nos

182 864 296 913 cum
341 846 697 921 singulorum
744 862 935 907 causas
961 846 1146 903 audire
1186 857 1241 901 et
1277 854 1528 902 excutere
1566 848 1797 923 emperi-

182 957 317 1007 mus,
348 939 646 996 videamur
697 941 875 996 multis
906 957 1104 1012 negare
1140 940 1281 1012 quod
1318 956 1377 995 se
1417 956 1565 999 nunc
1611 955 1799 997 omnes

176 1036 379 1107 jac-tant
407 1049 440 1088 a
468 1033 809 1109 martyribus
840 1043 896 1091 et
930 1033 1329 1097 confessoribus
1359 1033 1653 1106 accepisse.

246 1126 336 1187 lli.
364 1127 629 1201 Denique
647 1126 807 1199 hujus
834 1126 1111 1182 seditionis
1130 1128 1284 1197 origo
1304 1126 1415 1199 jam
1437 1126 1617 1197 coepit.
1637 1125 1798 1181 Nam-

182 1236 275 1295 que
309 1231 336 1257 ει
371 1220 426 1281 in
485 1219 775 1293 provincia
833 1228 1013 1275 nostra
1063 1234 1157 1290 per
1199 1218 1403 1287 aliquot
1450 1218 1695 1274 civitates
1740 1210 1799 1281 in

180 1313 503 1388 pra’positos
536 1312 777 1386 impetus
808 1326 903 1382 per
924 1309 1320 1367 multitudinem
1351 1308 1378 1347 ι)
1410 1310 1454 1341 ³³
1483 1309 1652 1366 factus
1681 1318 1798 1378 est,

179 1417 227 1465 et
254 1422 478 1483 pacem,
509 1421 681 1478 quam
712 1405 880 1465 semel
913 1415 934 1443 ο
965 1404 1143 1460 cuncti
1169 1420 1199 1458 a
1222 1403 1545 1476 martyribus
1586 1411 1640 1460 et
1672 1418 1801 1460 con-

180 1498 479 1567 fossoribus
509 1497 699 1555 datam
724 1495 1089 1562 clamitabant,
1129 1494 1411 1551 confestim
1456 1494 1554 1550 sibi
1596 1509 1794 1564 reprtn-

179 1590 376 1651 scntari
408 1598 737 1663 coegerunt,
774 1588 976 1647 territis
1001 1595 1055 1644 et
1083 1587 1318 1643 subactis
1340 1586 1639 1659 prarpositis
1667 1586 1799 1654 suis,

180 1686 259 1757 qui
287 1684 356 1740 ad
389 1682 777 1743 resistendum
806 1681 988 1739 minus
1016 1680 1215 1737 virtute
1244 1679 1405 1739 animi
1433 1687 1487 1733 et
1515 1677 1711 1734 robore
1740 1677 1803 1731 ti-

180 1777 258 1837 dci
286 1777 698 1850 praevalebant.
731 1772 886 1854 Apud
916 1788 1013 1831 nos
1037 1772 1195 1831 ctiam
1228 1772 1442 1844 quidam
1472 1770 1800 1851 turbulenti,

180 1869 258 1941 qui
290 1868 378 1924 vis
406 1883 439 1923 a
482 1867 657 1927 nobis
686 1866 738 1927 in
768 1865 1100 1941 prmtcritum
1142 1863 1465 1935 regebantur
1509 1872 1563 1918 et
1602 1863 1655 1919 in
1700 1876 1799 1917 uo-
1829 1874 1877 1936 Β

183 1970 340 2021 stram
386 1959 758 2033 priusentiatn
791 1954 816 1994 ι¹
847 1956 1252 2033 diliercbantur,
1296 1972 1389 2028 per
1437 1955 1574 2010 hanc
1598 1956 1802 2026 episto-

180 2052 276 2108 lam
296 2022 452 2108 velut
472 2049 809 2124 quibusdam
836 2048 1037 2105 facibus
1053 2022 1427 2123 acé‘ensi,’plus
1450 2022 1804 2104 exardeseere

185 2154 230 2202 et
259 2159 455 2215 pacem
493 2142 608 2198 sibi
635 2142 813 2197 datam
835 2150 1158 2212 extorquere
1186 2149 1484 2216 coeperunt.
1518 2139 1591 2193 De
1610 2139 1805 2213 quibus

183 2236 360 2307 quales
392 2235 468 2291 ad
502 2235 718 2291 clerum
744 2241 983 2290 nostrum
1006 2233 1207 2290 litteras
1235 2232 1474 2296 fecerim,
1495 2230 1803 2303 exemplum

183 2326 323 2383 vobis
366 2326 534 2381 misi.
566 2323 675 2381 Sed
700 2334 754 2379 et
780 2322 904 2394 quid
943 2321 1074 2377 mihi
1114 2319 1411 2380 Caldonius
1455 2318 1656 2391 collega
1704 2332 1803 2391 pro

188 2420 508 2493 integritate
559 2428 616 2475 et
662 2416 768 2473 fide
814 2431 910 2471 sua
957 2415 1273 2486 scripserit,
1321 2413 1555 2486 quidque
1611 2428 1710 2485 ego
1755 2412 1805 2468 ei

189 2514 598 2584 rescripserim,
641 2520 923 2583 utrumque
968 2509 1034 2564 ad
1060 2524 1155 2564 vos
1193 2506 1479 2580 legendum
1511 2507 1803 2564 transmisi.

190 2605 467 2681 Exempla
522 2620 737 2676 quoque
776 2603 1016 2679 epistola:
1059 2601 1292 2658 Ccleriui
1333 2599 1459 2654 boui
1499 2609 1554 2654 et
1600 2599 1806 2654 robusti

187 2697 547 2762 confessoris,
565 2710 725 2767 quam
748 2694 814 2747 ad
839 2693 1131 2749 Lucianum
1164 2691 1415 2747 eumdem
1438 2689 1802 2745 confessorem

188 2791 507 2867 scripserit,
552 2790 677 2844 item
722 2785 847 2859 qttid
888 2785 1156 2840 Lucianus
1184 2785 1232 2839 ei
1275 2784 1630 2854 rescripserit,
1684 2782 1806 2839 misi

187 2883 330 2941 vobis
360 2924 378 2951 ,
417 2889 490 2943 ut
520 2878 731 2939 sciretis
759 2885 812 2932 et
858 2876 1095 2939 laborem
1127 2876 1267 2930 circa
1303 2884 1326 2911 ε’
1368 2874 1545 2928 omnia
1589 2882 1641 2928 et
1686 2872 1808 2931 dili-

189 2975 429 3043 gentiam
491 2979 753 3047 nostram,
805 2979 858 3025 et
911 2969 1189 3025 veritatem
1240 2970 1408 3041 ipsam
1441 2965 1460 3003 ί
1495 2966 1802 3031 disceretis,

189 3064 485 3127 Celei-inus
507 3062 787 3120 confessor
816 3076 974 3136 quam
1000 3060 1069 3115 sit
1097 3057 1404 3115 moderatus
1434 3067 1486 3113 et
1517 3068 1726 3125 cautus,
1753 3065 1807 3114 et

199 3157 514 3225 humilitate
549 3169 611 3208 ac
652 3155 841 3209 timore
868 3162 1027 3209 secta:
1074 3162 1271 3207 nostra:
1321 3152 1672 3218 verecundus,
1701 3151 1810 3207 Lu-

1900 569 1993 624 illo
2031 584 2153 624 esse
2179 568 2511 635 mandatum,
2542 569 2680 625 sicut
2707 571 2761 625 in
2792 570 2985 625 litteris
3011 570 3247 641 ejusdem
3280 570 3498 627 Lueiaui

1896 660 1969 717 ad
1991 660 2300 716 Ceictinum
2324 660 2484 717 factis
2506 661 2945 718 animadvertetis
2973 680 2985 716 :
3012 662 3205 733 quibus
3229 663 3446 718 utiuime
3468 662 3499 702 ιι

1901 752 2264 808 consideravit
2287 752 2428 824 quod
2486 767 2589 809 non
2617 765 2885 826 martyres
2910 754 3256 825 Evangelium
3280 754 3499 823 faciant,

1902 846 1996 902 sed
2016 862 2113 919 per
2128 847 2473 920 Evangelium
2499 856 2764 921 martyres
2794 847 2923 903 [iant
2942 865 2958 917 ;
2978 848 3195 921 quando
3222 858 3278 907 et
3306 849 3502 913 Paulus

1904 939 2210 1010 apostolus,
2266 955 2426 1012 quem
2463 939 2720 997 Dominus
2751 955 2842 997 vas
2887 941 3165 1003 electionis
3217 958 3327 1001 suae
3370 942 3503 998 dixit

1905 1030 2041 1101 (Act.
2068 1045 2143 1096 ιι,
2175 1028 2289 1102 15),
2321 1031 2561 1100 posuerit
2595 1031 2650 1087 in
2680 1031 2915 1102 Epistola
2944 1046 3040 1089 sua
3070 1033 3253 1089 dicens
3282 1051 3297 1087 :
3337 1033 3504 1089 Miror

1902 1121 2040 1190 quod
2064 1121 2137 1176 sic
2162 1131 2266 1177 tam
2311 1125 2410 1178 cito
2441 1122 2775 1178 demutamint’
2820 1124 2887 1181 ab
2913 1140 2971 1179 eo
2996 1126 3082 1195 qui
3107 1140 3193 1183 vos
3221 1127 3412 1181 vocavit
3449 1127 3503 1183 in

1901 1213 2137 1284 gratiam,
2166 1214 2234 1266 ad
2263 1213 2406 1268 aliud
2432 1215 2785 1286 evangelium;
2814 1215 2952 1284 quod
2977 1233 3079 1275 nun
3103 1226 3173 1273 est
3199 1217 3343 1275 aliud
3368 1218 3503 1272 :nisi

1904 1307 1949 1359 si
1974 1314 2091 1359 sunt
2116 1305 2273 1373 aliqui
2294 1307 2380 1375 qui
2405 1322 2496 1361 vos
2524 1306 2729 1362 turbant
2758 1318 2805 1363 et
2830 1309 3003 1364 volunt
3028 1320 3313 1369 cottuertere
3331 1310 3501 1366 Evan-

1904 1397 2091 1469 gelium
2120 1396 2329 1455 Christi.
2356 1398 2483 1464 Sed,
2508 1399 2621 1454 licet
2644 1415 2735 1455 nos
2760 1410 2849 1454 aut
2876 1402 3101 1472 Angelus
3128 1404 3190 1457 de
3209 1404 3334 1458 caelo
3356 1405 3503 1460 aliter

1904 1490 2167 1549 adnuntiat
2212 1501 2548 1563 praeterquam
2598 1493 2734 1565 quod
2786 1493 2802 1533 ί
2859 1494 3275 1557 adnuntiauinws
3323 1499 3499 1567 vobis,

1904 1582 2177 1639 anathema
2200 1582 2302 1636 sit:
2328 1583 2457 1639 sient
2490 1584 2853 1654 prtsdiximus,
2894 1593 2943 1641 et
2987 1602 3122 1645 nunc
3142 1587 3325 1645 iterum
3348 1588 3462 1644 dico
3481 1629 3498 1656 ,

1905 1673 1949 1728 si
1970 1674 2080 1744 quis
2109 1672 2248 1729 vobis
2273 1674 2647 1731 adnuntiauerit
2676 1685 3011 1748 printerqu
3038 1679 3176 1749 quod
3215 1681 3500 1751 accepistis,

1905 1766 2177 1823 anathema
2202 1768 2266 1822 sit
2294 1766 2437 1839 (Gal.
2472 1783 2513 1836 ι,
2541 1768 2595 1835 6,
2625 1767 2704 1840 8).

1979 1858 2066 1917 ιγ.
2096 1858 2409 1933 Opportune
2445 1874 2574 1916 vero
2596 1871 3030 1932 supervenerunt
3055 1862 3250 1922 litterae
3276 1875 3499 1935 vestras,

1909 1965 2041 2029 quas
2068 1952 2274 2025 accepi.
2302 1951 2368 2011 ad
2396 1952 2602 2011 clerum
2646 1951 2839 2021 factas,
2864 1954 2993 2010 item
3023 1970 3157 2026 quas
3202 1957 3345 2015 beati
3374 1972 3504 2015 con-
3572 1966 3579 1973 ‘

1905 2040 2138 2099 fessores
2179 2043 2392 2117 Moyses
2430 2053 2482 2100 et
2521 2044 2802 2117 Maximus,
2839 2046 3174 2105 Nicostratus
3223 2060 3278 2107 et
3320 2054 3503 2110 ceteri

1902 2137 2194 2207 Saturnino
2218 2146 2276 2195 et
2307 2137 2525 2197 Aurelio
2564 2147 2622 2194 et
2647 2140 2859 2196 caneris
2892 2141 3156 2203 miserunt
3176 2183 3192 2209 ,
3226 2143 3281 2199 in
3310 2145 3503 2215 quibus

1906 2230 2180 2302 Evangelii
2203 2230 2392 2302 plenus
2422 2232 2572 2302 vigor
2591 2240 2646 2288 et
2674 2231 2954 2303 disciplina
2984 2234 3203 2293 robusta
3234 2236 3366 2308 legis
3394 2239 3501 2292 Do-

1907 2325 2119 2381 minicis
2143 2326 2512 2385 continentur.
2544 2324 2879 2382 Laborantes
2903 2312 2990 2387 hic
3019 2343 3119 2387 nos
3139 2338 3191 2384 et
3219 2340 3404 2386 contra
3424 2332 3505 2387 in-

1905 2417 2061 2475 vidiae
2094 2418 2350 2491 impetum
2386 2419 2512 2475 totis
2549 2418 2671 2474 fidei
2713 2418 2914 2475 viribus
2936 2420 3250 2479 resistentes
3274 2423 3501 2480 multum

1907 2524 2087 2569 sermo
2115 2519 2292 2568 vester
2319 2508 2521 2581 adjuvit
2548 2519 2605 2565 ut
2635 2508 2892 2567 divinitus
2917 2512 3292 2583 compendium
3326 2514 3502 2581 fieret,

1907 2612 1959 2658 et
1988 2603 2299 2673 priusquam
2328 2602 2578 2663 venirent
2605 2602 2673 2658 ad
2702 2618 2797 2660 vos
2835 2604 3026 2661 littera
3052 2621 3184 2677 quas
3209 2607 3360 2665 vobis
3378 2623 3503 2678 pro-

1911 2696 2206 2763 ximcmisi,
2224 2706 2279 2751 ut
2304 2695 2649 2755 declararetis
2673 2696 2828 2753 nobis
2845 2697 2984 2767 quod
3007 2698 3303 2756 secundum
3326 2700 3505 2757 Evan-

1910 2786 2032 2855 gelii
2063 2785 2239 2855 legem
2260 2786 2541 2845 nobiscum
2563 2786 2773 2844 fortiter
2798 2798 2959 2860 atque
2986 2791 3312 2849 unanimiter
3340 2793 3503 2849 etiam

1910 2888 2085 2934 vestra
2114 2879 2378 2935 sententia
2410 2880 2423 2930 i
2461 2889 2768 2937 concurrat.
2811 2880 2950 2953 Opto
2994 2898 3112 2949 vos,
3145 2883 3336 2941 fratres
3371 2885 3504 2941 chao

1912 2969 2111 3035 rissimi
2142 2984 2205 3025 ac
2226 2968 2706 3037 desiderantissimi
2732 2972 2781 3040 κ,
2809 2988 3023 3044 semper
3052 2974 3192 3031 bene
3217 2975 3420 3034 valere.

1986 3155 2241 3221 Quoniam
2284 3171 2441 3227 opera
2490 3156 2651 3217 sancti
2681 3154 2929 3228 Cypriani
2974 3157 3125 3230 uulgo
3158 3159 3306 3215 citari
3339 3160 3505 3217 solent

203 3248 389 3305 cianus
431 3262 565 3301 \cro
600 3246 741 3301 circa
781 3244 1185 3317 intelligentiam
1219 3242 1507 3299 Dominica:
1532 3243 1798 3308 lectionis,
1829 3263 1875 3327 ρ
1910 3249 2186 3305 secundum
2214 3248 2441 3313 ordinent
2462 3249 2848 3321 quemobtinpnt
2872 3249 2923 3305 in
2951 3251 3172 3315 editione
3213 3249 3437 3307 Pametii
3456 3261 3503 3307 ει

202 3352 251 3394 ιιι
273 3340 391 3401 dixi
417 3382 434 3413 ,
476 3340 649 3395 mintts
677 3338 879 3411 peritus
910 3349 958 3407 Β,
1002 3346 1056 3393 et
1085 3338 1224 3393 circa
1258 3337 1509 3393 invidiam
1540 3352 1799 3392 verecun—

197 3431 561 3495 ditentostru:
606 3430 1012 3505 relinquendam
1061 3430 1312 3488 facilitate
1368 3444 1461 3483 sua
1522 3428 1799 3487 molestus.

198 3522 348 3591 Nam,
386 3539 514 3583 cum
559 3524 813 3579 Dominus
838 3522 1035 3578 dixerit
1061 3521 1112 3576 in
1144 3523 1358 3577 nomine
1387 3520 1562 3576 Patris
1590 3529 1644 3575 et
1678 3520 1800 3577 Filii

196 3628 241 3670 ct
286 3617 529 3689 Spiritus
553 3616 722 3675 sancti
752 3626 937 3687 gentes
972 3615 1137 3689 tingui
1166 3614 1379 3687 (Matth.
1400 3631 1588 3682 xxvm,
1626 3613 1714 3685 l9)
1745 3623 1801 3671 et

200 3706 246 3762 in
278 3700 566 3781 BaptiSIno
607 3710 874 3793 praeterita
906 3717 1122 3778 peccata
1162 3708 1568 3780 dimitti'(.loan.
1603 3724 1682 3771 ut.
1713 3711 1794 3780 5),

197 3798 297 3866 bic,
331 3803 594 3873 praecepti
625 3811 679 3858 et
708 3801 839 3873 legis
866 3801 1111 3872 ignarus,
1145 3802 1360 3857 mandat
1386 3817 1570 3873 patrem
1601 3803 1714 3857 dari
1744 3811 1796 3857 ct

1906 3341 1960 3396 in
1990 3338 2290 3411 Rigaltiana
2310 3381 2325 3408 ,
2357 3356 2543 3411 nosque
2569 3339 2703 3399 [tunc
2732 3340 2961 3399 ordinent
2996 3343 3137 3413 sequi
3164 3342 3502 3411 decrevimus,

1906 3432 2254 3504 tgpograpltus
2279 3440 2449 3487 autem
2466 3471 2482 3499 ,
2508 3447 2569 3486 ea:
2599 3433 2749 3503 cujus
2787 3431 2988 3502 olﬁcina
3025 3432 3216 3502 prodiit
3241 3434 3395 3490 editio
3416 3434 3508 3493 Ri~

1904 3526 2161 3595 gultiana,
2195 3540 2459 3581 numerant
2492 3540 2632 3582 xxnt
2683 3524 2852 3581 ontisit
2876 3542 2966 3598 per
2989 3526 3178 3582 saltum
3210 3527 3263 3582 in
3292 3527 3505 3583 edendis

1908 3616 2174 3686 Epistolis,
2205 3616 2476 3673 admdnere
2504 3617 2664 3677 visunt
2693 3626 2765 3677 est
2796 3633 2888 3681 nos
2925 3634 3121 3689 quoque
3162 3619 3378 3685 eundem
3423 3637 3504 3673 er—

1902 3728 2067 3771 rorem
2098 3712 2384 3779 retinuisse,
2404 3720 2611 3781 propter
2638 3710 2883 3769 rationem
2910 3726 3064 3781 quant
3109 3710 3161 3764 in
3191 3710 3336 3769 initio
3361 3712 3506 3766 istius

1904 3803 2265 3858 admonitionis
2292 3803 2619 3858 adduximus.
2964 3802 3023 3855 Ι).
3057 3802 3147 3857 Pa.
3185 3802 3395 3857 Manu.

1452 3957 1743 4015 LECTION
1751 3959 1830 4017 ES
1867 3956 2285 4015 VARIANTES.

262 4120 285 4147 ¹¹
308 4119 433 4171 Nam
480 4123 638 4173 Oxon.

261 4179 287 4217 δ
311 4182 681 4235 Multitudinum
697 4183 858 4245 Impr.

266 4246 289 4309 εξ
315 4246 557 4309 Quamvis
599 4244 757 4309 semel
779 4242 965 4296 Veron.
991 4259 1136 4309 quam
1164 4242 1251 4298 vite
1279 4250 1380 4300 Lat.

266 4307 291 4344 (ι
315 4307 630 4358 Sententiatn
659 4308 774 4359 110d.
808 4309 852 4357 1.

269 4373 291 4440 f
318 4367 717 4440 liaborareeirea
743 4370 867 4440 ΒρίιΣ
890 4370 935 4419 l.
1285 4398 1340 4440 ο

270 4428 287 4467 ί
318 4430 547 4485 Veritate
571 4432 676 4498 ipsa
702 4437 817 4484 Bod.
848 4434 894 4482 1.

1978 4119 2003 4156 8
2029 4114 2254 4165 Diximus
2277 4114 2535 4176 imperitus
2559 4112 2682 4164 Bod.
2712 4114 2758 4163 l.

1974 4177 2004 4216 ιι
2029 4177 2216 4236 Quibus
2234 4176 2391 4225 minus
2406 4176 2531 4226 Bod.
2559 4178 2603 4225 1.

1980 4237 2345 4303 iPrtherquod
2408 4238 2535 4289 Bod.
2602 4240 2649 4290 l.
2700 4237 3049 4303 Praeterquam
3116 4241 3508 4293 adnuntiavimus

1915 4305 2073 4356 Oxon.

1975 4368 1989 4416 i
2028 4364 2297 4414 Praesentia
2326 4362 2441 4413 Bod.
2467 4364 2509 4413 t.

1827 4410 1883 4472 D
1974 4410 2004 4465 ἱι
2028 4410 2448 4479 assesasses
2472 4410 2631 4479 onu.
2659 4420 2788 4487 Lips.

1439 4581 1684 4641 STEPH.
1726 4580 1810 4637 BA
1820 4578 2001 4639 LUZII
2038 4575 2268 4634 ΝΟΤΔΕ.

299 4738 462 4797 lll.-—
480 4739 669 4799 Pacem
706 4756 858 4811 quant
898 4740 1068 4811 semel.
1107 4738 1465 4811 Tertulliauus
1506 4737 1558 4793 in
1591 4736 1728 4811 libro
1752 4736 1821 4792 ad

231 4807 481 4884 Martyres
501 4806 898 4884 aﬂuant-paceni
918 4806 1124 4881 quidam
1145 4811 1197 4865 in
1220 4809 1447 4865 Ecclesia
1462 4825 1563 4865 non
1581 4808 1820 4884 habentes

232 4896 260 4955 ρ
302 4878 606 4955 martyribus
651 4878 1205 4955 itt’Vcarcererexorare
1255 4890 1630 4955 consueuerunt.
1689 4878 1817 4955 Vide

233 4949 511 5023 Dallatuitt,
543 4955 637 5010 lib.
663 4970 734 5009 vu
756 4956 817 5009 de
842 4954 1001 5025 prunis
1030 4963 1073 5008 et
1099 4953 1526 5022 satisfactionibus
1558 4951 1813 5018 Immanis,

232 5035 338 5091 cap.
368 5026 455 5082 16.

227 5159 237 5170 _
287 5094 579 5170 Caldonius.
609 5096 772 5170 Cujus
798 5096 1019 5170 epistola
1061 5094 1129 5170 ad
1161 5092 1483 5166 Cyprianum
1519 5102 1603 5170 est
1641 5108 1794 5160 xvm,

225 5165 353 5219 inter
377 5168 645 5238 Epistolas
666 5165 939 5239 Cypriani.
970 5165 1272 5238 Cyprianus
1296 5174 1473 5221 autent
1504 5165 1554 5219 ei
1577 5180 1800 5235 respon-

226 5231 305 5288 det
331 5236 499 5292 Enist.
523 5255 635 5292 χιι.

259 5244 314 5306 et
332 5240 499 5306 Epist.
523 5255 635 5294 xu.

290 5304 560 5365 Lueianus.
602 5308 745 5367 Idem
787 5308 973 5379 procul
1020 5307 1183 5363 dubio
1217 5308 1370 5377 cujus
1406 5306 1603 5379 mentio
1631 5312 1715 5360 est
1746 5304 1801 5379 in

228 5371 453 5452 Epistula
479 5397 695 5447 Lxxvnt,
728 5371 846 5452 pa'g.
878 5379 1001 5452 itit,
1028 5380 1203 5448 inqua
1234 5371 1455 5452 vocatur
1484 5376 1721 5432 Lucanus
1750 5377 1803 5432 in

230 5448 526 5514 quibusdam
557 5448 780 5508 vetustis
798 5448 1083 5506 codicibus
1107 5459 1160 5504 et
1184 5449 1524 5505 editionibus.

293 5518 451 5578 Sectis
472 5534 675 5578 nostris.
699 5524 786 5580 Sic
808 5523 934 5577 olim
955 5521 1243 5576 vocabatur
1264 5519 1501 5576 Ecclesia
1522 5518 1800 5575 catholica.

233 5583 385 5648 Hodie
422 5595 739 5650 vocabulum
784 5594 910 5649 illud
962 5592 1276 5648 invidiosum
1329 5601 1447 5657 est,
1502 5601 1555 5645 ut
1597 5590 1800 5661 pridem

235 5666 419 5738 monuit
448 5665 703 5721 Erasmus
734 5667 783 5720 in
810 5673 970 5736 caput
1006 5661 1414 5738 “tutelarum.
1438 5662 1581 5738 _V_i_de
1610 5662 1798 5738 Fame:

237 5726 281 5801 lii
310 5747 454 5791 notas
482 5738 548 5791 ad
590 5738 726 5791 hanc
758 5726 1034 5801 episiolatn
1058 5747 1110 5789 et
1138 5732 1271 5789 Xisti
1300 5734 1522 5791 Betuleii
1553 5744 1705 5788 notas
1731 5731 1799 5787 ad

235 5796 572 5874 Lactantittm,
602 5824 717 5879 pag.
752 5796 877 5864 482.
911 5808 1099 5941 SSectaa
1119 5807 1333 5860 nomine
1368 5806 1419 5859 in
1457 5804 1650 5860 bonam
1677 5818 1797 5883 par-

236 5876 333 5932 tem
367 5875 673 5941 frequenter
702 5880 866 5938 utitur
908 5877 1288 5941 "crtullianus,
1323 5889 1421 5941 pro
1460 5874 1797 5935 confesswne

236 5876 333 5932 lem
367 5874 866 5951 frequeutcr'utitur
908 5874 1288 5948 'l‘crtullianus,
1323 5889 1421 5946 pro
1460 5874 1798 5935 confessione

1923 4733 2257 4805 christianaL
2287 4734 2361 4805 uti
2402 4732 2584 4805 videre
2617 4739 2699 4805 est
2736 4730 2887 4805 libris
2926 4730 2989 4785 de
3016 4728 3167 4802 Fuga
3192 4731 3246 4788 in
3276 4749 3508 4805 persecu-

1924 4806 2078 4872 tione,
2122 4806 2183 4859 de
2222 4803 2396 4861 Pallio
2442 4813 2497 4859 et
2531 4801 2855 4874 Apoloqetico
2898 4811 3074 4856 contra
3108 4801 3303 4874 gentes.
3335 4808 3504 4872 Quem

1923 4892 2018 4946 pro
2049 4891 2197 4930 more
2228 4892 2324 4930 suo
2356 4875 2591 4948 imitatur
2624 4873 2940 4948 Cyprianus,
2972 4881 3083 4948 tum
3120 4872 3215 4948 hic
3244 4886 3352 4931 tum
3385 4878 3506 4948 Epi-

1919 4943 2055 5003 Stola
2086 4963 2270 5010 xxxrv,
2309 4947 2371 5000 de
2404 4944 2650 5006 Celeriuo,
2693 4952 2748 4997 et
2773 4943 2976 5011 prmt‘at.
3007 4945 3097 4999 lib.
3127 4962 3143 5000 ι
3174 4943 3507 5004 Testimonio-

1918 5035 2031 5073 rum
2052 5020 2119 5072 ad
2151 5018 2437 5085 Quirinum.
2462 5016 2550 5089 Sic
2575 5015 2736 5069 etiam
2764 5015 2937 5089 Actor.
2962 5032 3105 5083 xxvi,
3129 5022 3307 5089 αἰρεσιν
3331 5021 3382 5074 in
3412 5022 3506 5075 bo-

1918 5106 2041 5146 nam
2086 5099 2287 5158 partcm
2327 5085 2600 5155 accepisse
2642 5086 2994 5156 Apostolum,
3044 5085 3194 5143 testis
3235 5100 3317 5145 est
3360 5090 3503 5147 Beda

1907 5157 2283 5217 lietrac’tatione
2320 5173 2414 5213 sua
2468 5159 2522 5214 in
2580 5158 2725 5224 Acta,
2774 5171 2869 5228 pro
2908 5173 3015 5225 quo
3069 5157 3263 5215 ibidem
3317 5171 3504 5217 sectum

1904 5248 2011 5291 non
2040 5230 2178 5285 male
2198 5230 2357 5301 vertit
2386 5239 2567 5301 nqster
2595 5230 2876 5301 interpres.
2911 5228 3142 5301 Putet")

1982 5302 2032 5355 Μ
2039 5303 2153 5356 inus
2181 5300 2391 5371 peritus.
2416 5298 2598 5356 Codex
2632 5298 2912 5356 Bernensis
2945 5311 2997 5356 et
3024 5298 3307 5368 Futtensis,
3344 5302 3505 5375 impe-

1903 5374 2051 5430 ritus.

1981 5443 2249 5499 Molestus.
2290 5440 2472 5497 Codex
2502 5442 2785 5497 Remensis
2813 5449 2868 5496 et
2901 5440 3425 5513 Gratianopolitanus
3446 5455 3502 5501 et

1909 5515 2073 5572 editio
2115 5512 2355 5587 Manutii,
2402 5513 2674 5567 modestus.
2688 5514 2821 5587 Quo
2850 5514 3009 5587 etiam
3052 5512 3213 5569 modo
3244 5516 3498 5587 scriptum

1907 5597 1990 5645 est
2028 5587 2079 5643 in
2119 5585 2255 5641 libro
2286 5599 2407 5657 meo
2447 5591 2647 5657 vetere.
2688 5582 2948 5657 Fouensis
2978 5583 3032 5639 in
3063 5582 3495 5657 uno'exemplari

1904 5659 2066 5715 liabet
2096 5657 2355 5719 molestus,
2390 5654 2442 5709 in
2464 5655 2569 5709 alio
2598 5655 2944 5710 immodestus.

1975 5725 2435 5785 iV.—Secundum
2463 5726 2721 5797 fivangelii
2747 5728 2921 5797 legem.
2949 5726 3003 5780 lu
3030 5727 3216 5784 codice
3241 5728 3445 5785 ltemen
3457 5732 3502 5788 si

1901 5810 1956 5855 et
1994 5801 2042 5853 in
2084 5815 2189 5853 uno
2222 5796 2511 5866 exemplari
2556 5796 2803 5869 Fuxettsi’
2834 5798 3043 5867 legitur,
3074 5798 3232 5869 legent
3280 5800 3393 5854 misi
3455 5813 3503 5858 et

1899 5868 2149 5930 uobiscum
2180 5869 2377 5943 fortiter
2413 5879 2456 5926 et
2489 5868 2794 5927 unanimiter
2822 5870 2969 5928 etiam
2995 5868 3167 5929 nostra
3196 5884 3498 5932 concurrat.
