4250 6282
668 330 777 391 287

678 633 913 697 (Erasm.,
939 646 1004 692 tv,
1022 630 1101 682 22.
1126 630 1337 744 P3232,
1354 629 1766 757 Eligit?”lxtjaluz.3
1786 644 1919 681 xxrv.
1940 631 2118 692 Paris,
2134 643 2271 679 xxm.

1038 734 1042 738 ρ
1326 733 1357 756 .,
1462 709 1475 741 ›
1506 730 1540 756 .,
1649 709 1741 743 vut.

1326 733 1357 756 .,
1384 709 1540 756 Ltps.,
1579 709 1741 743 xxvut.

676 877 746 919 AD
766 877 998 928 ειειιωι,
1039 878 1107 919 DE
1158 878 1398 919 LITTEBIS
1426 878 1608 919 ROMAI
1635 877 1797 918 MISSIS
1840 879 1909 918 ET
1964 880 2032 918 DE
2074 876 2276 919 SATURO

878 969 1115 1011 LECTORI-3
1147 971 1217 1009 ΕΤ
1242 970 1449 1012 ΟΡΤΔΤΟ
1477 954 1842 1010 IIYPODIACONO
1870 969 2071 1010 FACTIS.

677 1132 1071 1190 Ancuuenruu.
1111 1163 1184 1174 -—
1225 1131 1402 1187 (λέγω
1452 1131 1548 1184 hac
1592 1130 1806 1200 epistola
1858 1131 2043 1185 certior
2092 1131 2149 1197 ﬁt
2189 1146 2277 1184 or-

750 1204 1026 1280 dinationis
1052 1225 1233 1281 Saturi
1258 1234 1304 1278 et
1347 1223 1542 1293 Optati,
1586 1232 1633 1277 et
1682 1223 1744 1277 de
1797 1222 1860 1277 iis
1908 1238 2022 1293 qua:
2060 1221 2278 1277 Romam

752 1318 973 1389 Scripsit
1002 1318 1304 1390 Cyprianus.

760 1482 1061 1554 Cyprianus
1082 1483 1409 1555 presbyteris
1435 1494 1487 1541 et
1513 1486 1824 1543 diaconihus
1853 1487 2105 1544 fratribus
2133 1490 2279 1546 salu-

684 1583 815 1630 tem.
831 1575 909 1631 Ne
925 1576 1055 1647 quid
1074 1577 1455 1632 conscientiam
1475 1589 1705 1635 vestram
1719 1580 1930 1647 lateret,
1948 1582 2139 1639 fratres
2154 1583 2283 1638 cha-

683 1667 902 1731 rissimi,
936 1667 1065 1738 quid
1104 1669 1233 1723 milti
1267 1669 1523 1739 scriptum
1547 1672 1636 1737 sit,
1666 1672 1897 1742 quidque
1926 1689 2026 1743 ego
2052 1676 2281 1745 rescrip-

685 1760 885 1826 serim,
935 1761 1212 1831 utriusque
1266 1763 1506 1831 epistolae
1551 1764 1704 1819 vobis
1750 1766 2060 1836 exemplum
2115 1767 2279 1832 misi;

2041 329 2177 387 DIVI
2214 323 2539 384 CYPBIANI

1156 471 1201 503 ³³
1229 469 1561 528 EPISTOLA
1588 469 1779 526 XXIV.
2294 474 2349 531 Α

3868 313 3979 371 288

2525 434 2536 458 \

2900 452 3238 513 EPISTOLA
3275 452 3445 511 XXV.

2379 574 2611 640 (Erasm.,
2632 572 2637 577 ’
2656 588 2718 635 tv,
2740 574 2790 622 5.
2810 569 3025 640 Pamel.,
3041 567 3246 640 Ιξὶςιξειιι.⁹
3271 567 3457 640 Belua,
3489 580 3611 618 xxv.
3634 565 3817 628 Paris,
3840 577 3983 618 xxiv.

2845 633 3028 693 Oxum,
3060 631 3218 695 Lips.,
3238 633 3433 693 xxvm.)

2451 762 2520 801 AD
2546 759 2749 801 IOYSEN
2780 757 2848 798 ΕΤ
2878 755 3121 797 ΗΑΧΙΙΙΙἉΙ
3151 755 3219 794 ΕΤ
3247 751 3500 795 CETEROS
3524 749 3908 792 CONFESSORES.

2379 859 2774 915 Anconenruu.
2799 885 2869 896 ——
2894 853 3130 926 Epistula
3150 853 3257 907 hac
3277 861 3349 907 est
3377 850 3717 923 gratulatoria
3766 850 3836 905 ad
3855 858 3981 905 cun-

2455 955 2669 1021 {essores
2697 948 2979 1002 Romanus.

2450 1042 2491 1096 l.
2533 1039 2833 1113 Cyprianus
2862 1036 3029 1110 Moysi
3062 1045 3117 1093 et
3140 1031 3374 1092 Maximo
3399 1035 3729 1108 presbyteris
3755 1045 3811 1092 et
3833 1043 3989 1091 caste-

2384 1137 2460 1191 ris
2513 1132 2933 1199 canfessoribus,
2982 1130 3348 1187 dilectissimis
3397 1129 3674 1192 fratribus.
3730 1130 3982 1185 salutem.

2382 1228 2618 1284 Gloriam
2652 1226 2773 1281 ﬁdei
2804 1233 2858 1280 et
2899 1224 3108 1279 virtutis
3137 1233 3360 1288 vestrm,
3401 1222 3679 1279 fortissimi
3711 1232 3733 1261 ο
3769 1236 3833 1277 ac
3862 1222 3988 1278 bea-

2383 1320 2573 1375 tissimi
2598 1318 2806 1383 fratres,
2837 1315 3157 1387 jampridem
3205 1315 3273 1369 de
3301 1315 3554 1385 Opinione
3600 1329 3981 1385 cognoveram,

2383 1412 2595 1466 Ιςῐξιτιιυε
2610 1412 2739 1465 satis
2766 1423 2820 1464 et
2848 1408 3135 1478 plurimum
3162 1407 3457 1477 gratulatus
3481 1406 3625 1476 quod
3655 1420 3750 1461 vos
3775 1405 3984 1462 confes-

2385 1502 2535 1557 sione
2584 1502 2664 1555 sui
2718 1499 2952 1555 nominis
2997 1493 3323 1568 paraveritd
3361 1496 3427 1551 ad
3473 1511 3727 1551 coronam
3775 1496 3986 1551 Domlni

2388 1593 2556 1649 nosui
2584 1592 2711 1647 Jesu
2739 1590 2940 1647 Christi
2965 1588 3234 1660 praecipua
3272 1587 3529 1658 dignatio.
3561 1588 3672 1643 Vos
3700 1589 3843 1643 enim
3874 1589 3987 1659 pri-

2387 1700 2563 1741 mores
2585 1694 2638 1740 et
2658 1684 2823 1739 duces
2846 1683 2910 1738 ad
2943 1681 3112 1737 nostri
3139 1680 3394 1749 temporis
3433 1680 3673 1749 praelium
3698 1678 3847 1745 facti,
3871 1694 3989 1735 cte-

2390 1776 2540 1832 lestis
2599 1775 2815 1847 militiai
2841 1774 2989 1845 signa
3016 1770 3281 1827 movistis.
3316 1770 3422 1826 Vos
3448 1771 3688 1840 spiritale
3715 1780 3987 1827 certamen

693 1860 749 1906 et
773 1850 937 1908 credo
957 1852 1108 1907 vobis
1133 1852 1182 1906 id
1210 1852 1349 1923 quod
1374 1855 1623 1925 rescripsi
1656 1871 1762 1910 non
1810 1856 2113 1927 displicere.
2170 1859 2273 1915 Sed

2397 1869 2532 1940 quod
2561 1883 2704 1923 nunc
2731 1866 2844 1938 geri
2873 1866 3013 1921 Deus
3044 1864 3210 1919 voluit
3236 1863 3428 1918 vestris
3448 1863 3735 1919 virtutibus
3760 1863 3989 1919 imbuis-

686 1951 743 1998 et
770 1942 899 1997 illud
920 1942 987 1997 ad
1016 1958 1115 2000 vos
1166 1943 1404 2015 perferre
1430 1945 1623 1999 litteris
1655 1947 1788 2002 meis
1825 1946 2008 2015 debui,
2062 1958 2284 2018 urgente

2397 1961 2485 2016 tis.
2520 1959 2632 2015 Vos
2654 1959 2920 2030 surgentis
2951 1958 3078 2015 belli
3105 1958 3332 2028 impetus
3359 1959 3559 2026 primos
3605 1956 3863 2011 immobili
3895 1972 3989 2012 ru-

685 2049 847 2090 causa
892 2037 1036 2092 clero
1086 2038 1138 2091 in
1188 2037 1332 2093 Urbe
1373 2040 1686 2094 cunsistenti
1734 2040 1940 2095 litteras
1968 2056 2054 2097 me
2104 2042 2283 2097 misis-

686 2140 764 2181 se.
810 2127 875 2182 Et
895 2127 1145 2198 quoniam
1169 2131 1404 2199 oportuit
1429 2146 1515 2185 me
1530 2147 1626 2201 per
1648 2132 1871 2189 clericos
1893 2134 2153 2202 scribere,
2173 2136 2285 2191 scio

686 2227 868 2273 autem
890 2227 917 2256 ιι
938 2228 1151 2276 nostros
1178 2220 1437 2291 plurimos
1464 2220 1717 2277 absentes
1772 2237 1921 2289 esse,
1970 2239 2167 2293 paucos
2196 2241 2287 2281 ve-

687 2324 752 2365 ro
774 2311 863 2381 qui
895 2312 1003 2366 illic
1034 2322 1159 2368 sunt
1187 2314 1276 2369 vix
1310 2313 1375 2369 ad
1426 2314 1790 2377 ministerium,
1816 2316 2111 2386 quotidiani
2150 2332 2282 2387 ope-

687 2404 765 2459 ris
814 2404 1100 2471 sufﬁcere,
1144 2422 1366 2462 necesse
1410 2406 1509 2461 fuit
1558 2422 1725 2463 novos
1751 2408 1957 2479 aliquos
1986 2411 2282 2467 constitue-

688 2515 750 2556 re
778 2501 869 2571 qui
898 2502 1233 2558 mitterentur
1262 2503 1309 2558 ι).
1346 2504 1559 2561 Fecisse
1588 2521 1674 2561 me
1704 2519 1880 2563 autem
1911 2508 2094 2563 sciatis
2125 2509 2287 2564 lecto-

691 2606 807 2646 rem
842 2591 1090 2648 Saturum
1136 2605 1189 2671 et
1242 2596 1677 2667 bypodiacouum
1700 2597 1950 2667 Optatum
2002 2599 2286 2656 confesso-

690 2697 828 2750 rem,
856 2697 991 2753 quos
1012 2684 1123 2754 jam
1157 2686 1361 2756 pridem
1384 2689 1656 2743 communi
1685 2690 1913 2745 consilio
1960 2692 2109 2746 clero
2158 2705 2288 2760 pro-

690 2776 865 2831 ximos
887 2776 1206 2845 feceramus,
1240 2781 1453 2851 quando
1482 2791 1574 2837 aut
1601 2784 1794 2839 Saturo
1832 2785 1918 2839 die
1946 2785 2171 2839 Pascha:
2197 2799 2285 2839 se-

693 2868 803 2923 mel
830 2876 991 2939 atque
1022 2871 1212 2935 iterum
1236 2872 1519 2930 lectionem
1546 2874 1812 2943 dedimus,
1828 2884 1920 2930 aut
1939 2877 2151 2945 quando
2164 2892 2286 2931 cum

692 2961 1023 3032 presbyteris
1075 2964 1386 3020 doctoribus
1425 2967 1659 3023 lectores
1699 2968 1984 3040 diligenter
2035 2971 2287 3039 probare.-

689 3066 810 3107 mus
842 3095 857 3119 ,
891 3055 1141 3123 Optatum
1175 3057 1316 3111 inter
1341 3058 1574 3115 lectores
1629 3060 1902 3117 doctorem
1956 3063 2284 3117 audientium

688 3147 1063 3204 constituimus
1089 3192 1103 3215 ,
1138 3153 1507 3211 examinantes
1536 3170 1603 3210 an
1647 3167 2005 3228 congruerent
2031 3159 2136 3214 illis
2163 3176 2283 3213 out-

2389 2055 2521 2110 bore
2536 2065 2699 2125 atque
2725 2055 3041 2110 inconcussa
3065 2052 3354 2108 stabilitate
3383 2062 3405 2087 ο
3441 2050 3689 2121 fregistis.
3719 2052 3851 2107 Inde
3882 2052 3988 2106 iui-

2392 2146 2465 2202 tia
2494 2146 2661 2202 felicia
2685 2147 2953 2218 pugnandi
2985 2154 3099 2201 orta
3130 2153 3284 2211 sunt;
3312 2142 3437 2200 inde
3461 2143 3708 2199 vincendi
3751 2143 3990 2214 auspicia

2392 2249 2691 2311 cmperunt.
2724 2238 2959 2311 Contigit
2989 2238 3007 2277 τ
3046 2239 3133 2294 hic
3157 2253 3252 2308 per
3278 2246 3543 2294 tormenta
3569 2236 3929 2291 coitsummari
3962 2246 3987 2282 ε

2393 2334 2668 2405 martyria.
2729 2332 2833 2387 Sed
2896 2330 2983 2401 qui
3032 2330 3084 2385 in
3142 2330 3524 2401 congressione
3587 2328 3615 2362 ιι
3680 2327 3988 2398 praecedens

2393 2425 2696 2496 exetuplum
2734 2424 2949 2478 virtutis
2978 2420 3231 2477 fratribus
3262 2421 3435 2476 factus
3461 2430 3565 2483 est,
3590 2434 3712 2475 cum
3735 2420 3988 2490 martyri-

2392 2520 2490 2574 bus
2524 2519 2575 2572 in
2616 2518 2820 2571 honore
2862 2514 3162 2570 communis
3191 2523 3292 2569 est.
3328 2512 3568 2569 Corouas
3598 2522 3775 2567 vestra
3818 2509 3833 2547 ί
3874 2526 3991 2566 ma:

2392 2628 2466 2666 nu
2495 2618 2664 2664 sertas
2687 2608 2810 2663 inde
2857 2607 2959 2662 huc
2990 2605 3302 2671 tradidistis,
3331 2615 3385 2661 et
3425 2604 3492 2660 de
3528 2602 3718 2675 poculo
3764 2602 3987 2659 salutari

2395 2702 2649 2757 fratribus
2670 2699 3016 2770 propinastis.

2474 2793 2536 2847 ll.
2579 2791 2818 2848 ACCCSsII
2840 2790 2905 2845 ad
2933 2789 3289 2846 confessionis
3304 2788 3537 2844 ‘exordia
3556 2787 3787 2858 gloriosa
3808 2797 3860 2843 et
3889 2788 3989 2842 mi-

2394 2887 2521 2941 litia:
2547 2885 2559 2935 i
2592 2885 2823 2940 victricis
2843 2884 3077 2953 auSpicia
3102 2881 3398 2953 disciplinae
3424 2891 3577 2936 tenor
3604 2896 3763 2952 quem
3790 2880 3856 2935 de
3879 2881 3993 2961 epi-

2393 2981 2547 3037 stola:
2567 2990 2758 3035 vestra:
2781 2980 2961 3049 vigore
2977 2977 3366 3047 perspeximus,
3385 2992 3543 3046 quam
3562 2974 3723 3035 modo
3737 2974 3802 3029 ad
3825 2972 3991 3028 colle-

2392 3088 2486 3143 gas
2524 3082 2731 3127 vestros
2760 3071 2812 3125 in
2842 3069 3177 3125 confessione
3207 3052 3483 3134 vobiscum
3515 3068 3742 3122 Domino
3771 3065 3797 3104 ¹ί
3825 3066 3868 3099 ’κ
3897 3081 3990 3120 co-

2393 3167 2604 3236 pulatus
2657 3164 2884 3219 sollicita
2938 3162 3303 3237 admonitione
3368 3160 3585 3222 misistis
3640 3158 3657 3197 1
3717 3171 3771 3215 ut
3822 3160 3995 3214 Evan-

689 3240 778 3294 nia
808 3256 927 3311 quat
967 3257 1088 3298 esse
1115 3244 1314 3299 debent
1354 3245 1407 3300 in
1454 3247 1518 3302 iis
1551 3250 1642 3319 qui
1682 3250 1749 3305 ad
1787 3252 1987 3306 clerum
2019 3252 2284 3322 paraban-
2315 3268 2360 3331 α
2394 3258 2518 3328 gelii
2546 3267 2729 3311 saneta
2758 3262 3022 3325 prtecepta
3051 3262 3107 3309 et
3138 3253 3329 3309 tradita
3374 3253 3525 3307 nobis
3552 3251 3717 3307 semel
3742 3252 3993 3307 mandata

694 3341 799 3388 tur.
829 3333 974 3389 Nihil
996 3351 1122 3406 ergo
1144 3352 1173 3390 a
1205 3352 1293 3394 me
1322 3339 1635 3397 absentibus
1662 3344 1813 3400 vobis
1839 3360 2036 3400 novum
2087 3346 2281 3401 faetuut

691 3435 795 3491 est,
829 3427 925 3483 sed
950 3429 1090 3498 quod
1113 3429 1439 3500 jampridem
1465 3436 1735 3491 communi
1786 3437 2013 3492 consilio
2046 3439 2284 3493 omnium

691 3527 937 3575 nostrum
968 3532 1226 3590 cwpcrat.
1257 3526 1577 3581 ηρορεείιθῐρ
1606 3538 1827 3599 urgente
1855 3539 2156 3599 ριόιιιοιυηι
2186 3542 2288 3587 (351.

690 3609 828 3680 Opto
860 3627 973 3679 vos,
1021 3612 1215 3670 fratres
1262 3617 1584 3686 cbarissimi,
1614 3634 1828 3690 semper
1859 3621 1994 3676 bene
2032 3621 2213 3677 valere
2238 3632 2295 3679 et

690 3703 859 3759 nostri
882 3704 1210 3762 meminisse.
1232 3705 1641 3766 Fraternitatem
1668 3712 1911 3769 salutate.
1941 3714 2146 3770 Valete.

2388 3349 2568 3404 vitalia
2600 3348 2721 3402 forti
2752 3356 2806 3402 et
2845 3347 3020 3401 stabili
3075 3346 3447 3401 observatione
3500 3353 3804 3399 teneantur.
3857 3343 3995 3398 Ecce

2393 3445 2531 3500 alius
2554 3444 2741 3515 gloriae
2767 3451 2960 3499 vestrae
2993 3442 3234 3499 sublimis
3255 3440 3473 3512 gradus,
3502 3454 3626 3494 ecce
3648 3439 3842 3494 iterum
3873 3454 3993 3492 cum

2400 3536 2739 3591 confessione
2768 3535 3070 3604 geminatus
3102 3531 3439 3604 promerendi
3469 3530 3562 3586 Dei
3594 3529 3799 3597 titulus,
3852 3538 3997 3585 stare

2400 3629 2555 3680 firmo
2585 3636 2623 3663 ιη
2653 3626 2840 3697 gradu.
2869 3636 2921 3682 et
2952 3627 3003 3681 in
3042 3625 3141 3680 hac
3167 3625 3282 3679 acie
3310 3623 3403 3693 qui
3434 3622 3776 3692 Evangelium
3799 3637 3995 3677 conan-

2397 3726 2484 3773 tur
2506 3720 2804 3790 irrumpere
2830 3727 2903 3787 et,
2924 3717 3205 3789 prteceptis
3220 3715 3428 3771 Domini
3450 3712 3772 3770 subruendis
3795 3727 3981 3767 manus

1939 3848 2319 3911 LECTIONI‘JS
2358 3852 2777 3911 VARIANTES.

759 3974 782 4002 τ’
810 3974 920 4024 Scio
945 3978 1075 4025 enim
1101 3979 1232 4027 Lam.
1260 3979 1397 4029 Ebur.
1423 3979 1530 4029 ΝΕ.
1557 3981 1604 4029 1.
1632 3984 1683 4029 Μ
1708 3984 1768 4031 Α.

690 4038 699 4103 ί
732 4032 784 4103 _’j
811 4036 1313 4103 QuiministrentAr.
1332 4041 1473 4091 Ebur.
1500 4044 1632 4092 Lam.
1668 4044 1774 4094 ΝΟ.
1803 4046 1848 4094 l.
1886 4049 1996 4103 ΜΠ.

692 4098 699 4133 ἕ
732 4096 782 4156 Ιηε
811 4098 1053 4151 Carissimi
1079 4102 1211 4151 Lam.
1258 4102 1401 4153 Ebur.

690 4158 721 4187 ⁵-
757 4158 784 4196 σὶ
812 4156 1133 4211 lllustraverit
1160 4166 1277 4212 Ver.

692 4215 698 4220 ’
761 4226 785 4251 ι’
809 4220 1096 4272 Inconcussa
1119 4224 1233 4274 fidet
1257 4226 1525 4276 stabilitate
1549 4228 1681 4277 Lam.

762 4281 781 4319 ί
811 4282 1053 4347 Contingit
1078 4288 1235 4337 Oxon.

759 4348 785 4388 ε
809 4343 1154 4399 Consumtnare
1184 4358 1293 4399 rer.
1370 4372 1377 4375 -

2328 4344 2384 4405 1)

2466 3986 2496 4023 ιι
2518 3987 2833 4037 Confessione
2853 3988 2985 4037 Lam.
3007 3986 3152 4037 Ebur.
3181 3988 3227 4036 Ν
3234 3986 3270 4036 (Ἰ
3278 4024 3288 4036 .
3315 3985 3363 4035 1.

2475 4049 2490 4088 ί
2522 4050 2723 4099 Vestras
2747 4053 2794 4099 Μ
2801 4054 2858 4100 ll.

2477 4115 2489 4161 l
2524 4113 2596 4160 Ad
2616 4112 2842 4173 gloriosae
2865 4111 3051 4161 militia:
3075 4113 3213 4161 Pent.
3246 4120 3374 4161 t'uss.

2469 4175 2498 4211 ιί
2523 4174 2715 4223 Dutnini
2744 4173 2858 4223 Rud.
2880 4175 2925 4223 1.

2478 4236 2495 4274 1
2526 4236 2731 4286 Fecistis
2758 4240 2871 4285 Ver.

2475 4301 2512 4327 '“
2538 4298 2725 4348 Firmus
2746 4299 2865 4349 80d.
2896 4299 2938 4347 Ι.

1959 4480 2200 4540 STEPII.
2244 4484 2515 4541 BALUZII
2553 4485 2779 4543 NOT/E.

769 4640 950 4714 Eptsr.
1005 4657 1145 4714 xxiv.
1209 4670 1279 4714 ξ-
1343 4640 1574 4714 Quidque
1610 4658 1701 4711 ego
1757 4644 2121 4714 rescripserim.
2197 4642 2303 4697 Ista

698 4711 893 4766 desunt
923 4712 974 4765 in
1000 4712 1323 4767 editiouibus
1349 4728 1468 4782 qum
1488 4712 1846 4768 Manutianam
1869 4711 2300 4770 antecesserunt.

700 4782 905 4856 Desunt
933 4786 1093 4856 etiam
1128 4784 1180 4856 in
1209 4792 1330 4856 octo
1355 4783 1631 4856 codicibus
1654 4787 1884 4856 antiquis
1923 4801 1951 4839 a
1975 4802 2061 4841 me
2092 4786 2220 4839 visis
2251 4795 2305 4838 et

703 4854 754 4907 iu
786 4853 1102 4916 quibusdam
1129 4854 1459 4921 Anglicanis.

773 4921 942 4978 Clero.
970 4923 1025 4977 Id
1058 4935 1139 4977 est
1171 4923 1254 4998 iis
1292 4940 1354 4976 ex
1411 4924 1558 4998 clero
1603 4924 2013 4998 Carthaginiensi
2069 4926 2159 4998 qui
2192 4933 2303 4980 tum

702 4994 888 5066 Romae
916 5004 1087 5058 erant,
1120 4994 1183 5047 ad
1204 5010 1339 5064 quos
1367 4996 1564 5064 scripta
1596 5005 1679 5050 est
1700 4994 1935 5066 Epistula
1960 5014 2089 5053 χχιι.

778 5064 1118 5119 Ministerium
1169 5066 1452 5132 quotidiani
1491 5068 1677 5136 operis.
1712 5064 1770 5121 In
1805 5070 1941 5122 libro
1977 5084 2097 5123 meo
2126 5076 2305 5123 vetere

704 5136 901 5204 legitur
915 5136 1177 5189 ministerii
1197 5136 1441 5189 cotidiani
1457 5153 1604 5205 opus.
1627 5137 1679 5191 In
1703 5138 1953 5199 Fttxeusi,
1972 5140 2307 5194 ministerium

703 5207 1013 5260 cotidianum
1039 5223 1140 5260 non
1166 5206 1422 5273 sur/icere.
1456 5207 1508 5261 In
1534 5207 1785 5264 Beccensi
1807 5220 1863 5265 et
1895 5211 1946 5265 in
1969 5210 2304 5275 Carnotensi,

703 5278 1040 5332 ministerium
1068 5278 1379 5331 cotidianum
1404 5279 1570 5345 aperis
1593 5281 1847 5347 sur/icere.

778 5348 903 5402 Cum
934 5348 1252 5418 presbyteris.
1290 5349 1384 5403 IIIC
1415 5350 1559 5404 locus
1582 5351 1738 5406 valde
1767 5354 2105 5419 perturbatus
2133 5361 2215 5407 est
2253 5352 2307 5406 in

705 5419 940 5501 antiquis
968 5421 1389 5501 exemplaribus.
1424 5420 1689 5502 Pamelius
1718 5422 2004 5479 lectionem
2028 5439 2187 5496 quant
2211 5438 2308 5478 nos

707 5500 1025 5546 retinutmus
1053 5500 1126 5544 all
1154 5506 1213 5545 se
1234 5500 1665 5547 consarcinasse.

784 5561 991 5616 Omnia.
1026 5561 1100 5615 Ita
1129 5576 1317 5617 omnes
1370 5563 1486 5617 libri
1528 5573 1738 5618 veteres
1775 5575 1830 5619 et
1870 5566 2155 5621 editiones.
2200 5565 2308 5619 Ve-

708 5648 828 5687 rum
860 5633 983 5702 quia
1010 5632 1059 5686 itt
1089 5632 1323 5687 editione
1350 5633 1559 5702 Rigaltit
1584 5635 2198 5692 meudosemexcusum
2229 5643 2312 5691 est

711 5708 882 5757 monia
899 5716 994 5772 pro
1009 5704 1195 5755 oncnia.
1217 5704 1368 5773 Anin
1383 5707 1584 5769 absque
1598 5706 1703 5759 ulla
1719 5710 1908 5761 vetusti
1923 5710 2124 5763 codicis
2136 5716 2311 5762 aucto-

714 5776 891 5834 ritate,
922 5774 1290 5846 existimantes
1318 5774 1455 5827 haud
1479 5775 1638 5829 dubie
1659 5776 1891 5846 syllabas
1911 5782 2023 5833 testi
2045 5780 2309 5833 excidisse

718 5841 1064 5910 typograpltis
1098 5842 1334 5911 Iligaltii,
1365 5856 1656 5911 posuerunt
1681 5841 1985 5903 ivstimonia.
2031 5851 2096 5904 Et
2132 5859 2307 5905 tamen

2409 4642 2667 4711 Rigaltins
2700 4653 2981 4698 monuerat
3026 4642 3077 4696 in
3130 4641 3322 4696 erratis
3356 4641 3638 4712 legendum
3666 4654 3786 4696 esse
3812 4640 4003 4699 omnia.

2484 4715 2662 4769 Erts'r.
2728 4730 2852 4769 xxv.
2923 4744 2995 4755 —
3044 4717 3102 4771 la
3164 4722 3376 4767 vetusto
3441 4712 3627 4767 codice
3694 4712 4009 4780 Remigiano

2408 4786 2633 4852 epistola
2662 4787 2760 4839 ista
2804 4784 3001 4839 dicitur
3028 4786 3224 4852 scripta
3268 4783 3423 4849 Mosi,
3455 4784 3704 4845 Maximo,
3740 4782 4011 4837 Nicostra-

2411 4865 2463 4910 ιο
2510 4865 2562 4910 et
2598 4856 2827 4911 carteris.
2875 4856 2932 4910 In
2971 4856 3138 4911 veteri
3184 4855 3427 4923 catalogo
3476 4856 3846 4922 episeOporum
3901 4852 4008 4905 Ee—

2409 4927 2588 4980 clesim
2650 4928 2926 4982 Romanae.
2972 4942 3130 4996 quem
3187 4924 3446 4995 Rigaltius
3500 4924 3682 4996 laudat
3731 4939 3796 4977 ex
3824 4924 4015 4996 codice

2409 4996 2610 5052 Nicolai
2665 4997 2823 5052 Fabri
2870 4993 3120 5051 l’eirescii
3152 5040 3164 5058 .
3218 4993 3410 5065 legitur
3463 5014 3476 5047 :
3537 4993 3665 5047 Post
3722 4994 4011 5065 passionem

2412 5066 2560 5122 Fabii
2629 5068 2833 5139 Moyses
2888 5079 2933 5122 et
2989 5063 3583 5139 Maximus—presbyteri
3644 5072 3688 5117 et
3738 5063 4011 5117 Nicostra-

2411 5149 2491 5192 tus
2538 5137 2783 5193 diacouus
2836 5139 3185 5207 comprehensi
3235 5147 3350 5191 sunt
3408 5148 3454 5190 et
3497 5137 3548 5189 in
3591 5151 3871 5207 carcerein-
3898 5144 4011 5189 sunt

2412 5213 2571 5265 missi.
2627 5210 2703 5264 Ita
2751 5212 2909 5264 etiam
2952 5205 3003 5264 in
3054 5211 3157 5263 alio
3206 5209 3449 5278 catalogo
3480 5222 3647 5274 quem
3697 5222 3761 5260 ex
3817 5205 4011 5273 CnSpi-

2414 5282 2572 5352 uiano
2600 5280 3032 5352 etlidithgidius
3055 5280 3349 5352 Buchprius
3370 5277 3468 5352 {ex
3497 5294 3603 5348 quo
3622 5277 3890 5352 coliigitur
3915 5292 4009 5346 pro

2412 5351 2584 5422 Fabii,
2631 5353 2771 5422 quod
2803 5350 2886 5406 est
2931 5352 2983 5406 iu
3032 5353 3170 5408 libro
3196 5350 3470 5422 Peirescii,
3495 5350 3863 5422 reponendum
3893 5363 4014 5422 esse

2412 5418 2661 5477 Fabiani:
2685 5423 2969 5476 Maximum
3014 5422 3180 5477 fuisse
3225 5420 3605 5493 presbyterum
3627 5419 3883 5493 Ecclesia:
3908 5418 4014 5493 lio-

2412 5509 2587 5548 ntana:
2614 5503 2843 5565 testatur
2878 5494 3024 5565 Papa
3070 5489 3355 5565 Cornelius
3389 5489 3529 5565 apud
3575 5491 3882 5565 Eusebium,
3920 5489 4009 5541 lib.

2411 5578 2485 5625 vr,
2520 5582 2638 5633 cap.
2664 5566 2717 5632 5,
2755 5560 2996 5619 Historia:
3025 5564 3397 5619 ecclesiasticas.
3435 5562 3565 5617 Vide
3606 5560 4016 5633 Baroniiauuo-

2414 5631 2646 5708 tatioues
2684 5637 2750 5690 ad
2800 5637 3243 5708 martyrologium
3299 5636 3601 5689 Romanum
3659 5633 3747 5687 die
3792 5631 3859 5688 l9
3911 5645 4009 5684 no-

2412 5707 2666 5761 vembris.

2485 5776 2648 5903 llb—
2662 5777 2879 5861 Domino
2892 5779 3173 5849 copulatus.
3196 5776 3252 5832 In
3276 5777 3462 5835 codice
3478 5773 3733 5832 Beccensi
3758 5772 4016 5841 scriptum

2485 5859 2495 5903 ι
2572 5865 2747 5903 unum.
3578 5889 3588 5897 .
3708 5899 3717 5903 ,

2413 5859 2495 5905 cst
2522 5849 2747 5904 Domini.
3578 5889 3588 5897 .
