4222 6288
182 322 269 378 ἰ89
741 336 750 343 ·
1358 346 1371 356 ο
1543 310 1756 373 EPISTt

1854 310 1872 369 δ
1917 311 2104 368 XXVI.
2161 309 2165 315 ’

180 435 346 505 impias
402 432 691 488 inferentes
721 440 769 495 ει,
802 430 924 486 ﬁdei
970 428 1164 486 robore
1210 428 1549 494 submovere,
1606 445 1743 500 prae-
1776 431 1829 489 A

178 532 332 585 buissc
360 539 482 583 ante
508 530 651 583 initia
683 527 963 594 virtutum,
990 540 1134 581 nunc
1164 532 1220 579 et
1257 539 1463 579 morum
1494 525 1753 594 magiste-

174 626 233 679 ria
254 623 512 694 prseberc.
570 621 824 676 Dominus
870 627 989 691 post
1037 619 1491 674 resurrectionem
1536 617 1753 672 mittens

173 716 417 787 apostolos
447 713 668 769 mandat
695 711 897 767 etdieit
922 730 935 765 :
964 710 1098 769 Data
1128 721 1201 766 est
1232 710 1357 764 milii
1394 709 1557 763 omnis
1582 719 1753 779 potes-

172 818 233 862 tas
255 809 303 860 in
320 806 443 860 coelo
463 815 513 859 et
539 806 593 859 in
618 813 770 859 terra.
798 801 881 859 Ite
906 819 1025 875 ergo
1046 812 1092 857 et
1117 803 1289 857 docete
1332 810 1502 871 gentes
1531 816 1703 854 omnes
1734 841 1749 866 ,

172 903 389 972 tingentes
405 896 433 937 ι)
453 913 542 951 eos
560 898 614 952 in
634 897 836 951 nomine
853 895 1026 950 Patris
1048 906 1096 949 et
1110 894 1235 948 Filii
1257 903 1303 948 et
1320 893 1546 963 Spiritus
1567 893 1750 958 sancti,

171 995 377 1048 docentes
404 1007 490 1045 eos
511 991 773 1045 observare
805 990 975 1043 omnia
998 1002 1323 1057 quazcumque
1342 985 1561 1056 pra'cepi
1590 983 1750 1038 vobis.

170 1077 352 1145 (Matth.
374 1091 566 1139 xxvm,
597 1074 708 1145 i9).
740 1073 1051 1129 EtJoannes
1079 1071 1354 1142 apostolus
1374 1069 1610 1124 mandati
1638 1084 1751 1124 me-

167 1185 263 1226 mor
287 1169 338 1222 in
354 1166 600 1237 Epistula
622 1180 716 1221 sua
739 1166 1079 1235 postmodum
1102 1164 1251 1234 ponit
1277 1173 1321 1216 οε
1343 1160 1411 1217 1η
1426 1162 1538 1227 hoc,
1556 1160 1747 1229 inquit,

168 1263 472 1334 intelligimus
489 1262 617 1330 quia
631 1260 953 1332 cognovimus
966 1275 1101 1325 eum,
1121 1258 1163 1311 si
1180 1242 1431 1328 précepta
1450 1256 1562 1326 ejus
1581 1263 1754 1308 custo-

168 1358 357 1411 diamus.
395 1338 498 1421 Qui
545 1355 669 1409 dicit
710 1355 951 1424 quoniam
1004 1354 1233 1425 cognovit
1276 1336 1410 1416 eum,
1432 1358 1478 1404 et
1505 1348 1752 1419 mandata

166 1452 253 1521 ejus
272 1466 368 1502 non
390 1457 588 1515 servat,
637 1448 857 1501 mendax
892 1456 964 1503 est
993 1456 1038 1501 et
1063 1447 1245 1501 veritas
1273 1446 1327 1499 in
1374 1446 1464 1499 illo
1504 1459 1607 1498 non
1655 1451 1746 1497 est.

167 1544 198 1613 (l
212 1545 342 1607 Joa.,
357 1557 416 1607 ιι,
432 1540 490 1607 5,
512 1538 729 1611 4).11ωε
744 1547 1006 1610 praecepta
1030 1536 1374 1594 custodienda
1395 1533 1424 1571 ἀ
1442 1534 1745 1605 suggeritis,

166 1634 315 1689 divina
359 1641 415 1687 et
461 1632 717 1687 coelestia
750 1630 1003 1685 mandata
1031 1629 1282 1685 servatis.
1319 1628 1436 1682 lloe
1485 1634 1569 1680 est
1615 1638 1748 1680 con-

165 1728 387 1782 fessorem
412 1724 659 1790 Domini,
687 1723 789 1777 hoc
812 1732 896 1778 est
922 1736 1043 1779 esse
1070 1730 1360 1793 martyrem
1388 1718 1608 1786 Christi,
1635 1732 1749 1772 ser-

3346 305 3459 363 290

2362 421 2697 482 EPISTULA
2727 424 2916 481 XXVI.

1859 561 2091 627 (Pamel.,
2116 561 2317 625 Rigalt.,
2346 561 2530 623 Baluz.,
2558 561 2908 686 xxvr.)Paris.,
2934 572 3047 611 xxv.
3087 557 3270 621 Oxon.,
3297 558 3454 623 LipS.,

2553 638 2690 674 xxxi.

2553 638 2690 674 XXXI.

1859 746 2080 801 MOYSES,
2120 718 2376 799 κλιωῖλε,
2418 745 2800 795 NICOSTRATUS,
2842 747 2907 785 ΕΤ
2948 745 3055 784 Αιιι
3093 742 3455 785 CONFESSORES

2139 837 2477 879 RESPONDENT
2508 835 2855 877 PR£CEDENTI
2884 834 3169 876 EPISTOLJ‘I.

1858 934 2256 993 Aucouenruu.
2280 965 2353 976 ——
2373 935 2575 992 Solatia
2600 950 2714 1005 qua:
2740 950 2802 989 ea:
2831 931 3103 1005 Cyprianis
3130 932 3309 988 litteris
3340 948 3453 1003 per-

1858 1076 1870 1090 .
1932 1037 2168 1097 ceperant
2210 1026 2431 1081 Romani
2479 1031 2817 1098 confessores,
2862 1027 2993 1098 grati
3036 1035 3335 1097 agnoscunt.
3384 1057 3456 1066 —

1858 1133 1870 1183 ξ
1931 1119 2239 1191 Martyrium
2266 1137 2368 1174 non
2396 1136 2544 1191 pana
2572 1120 2661 1174 sed
2685 1119 2925 1191 felicitas.
2950 1149 3022 1159 —
3057 1117 3214 1173 Voces
3246 1135 3456 1189 evange-

1928 1214 2040 1268 lica:
2063 1214 2202 1283 faces
2240 1215 2309 1268 ad
2337 1213 2760 1284 inﬂammandam
2793 1213 2970 1282 ﬁdem.
2999 1242 3073 1253 —
3096 1211 3165 1267 In
3190 1213 3455 1282 lapsorum

1928 1322 2084 1360 causa
2110 1303 2358 1375 Cypriani
2382 1306 2643 1360 sententia:
2664 1304 2939 1359 acceditur.

1927 1437 1967 1492 I.
1996 1437 2213 1493 Caecilio
2233 1438 2519 1510 Cypriane,
2543 1440 2794 1510 episcopo
2815 1440 3055 1497 ecclesia:
3067 1440 3455 1514 Carthaginen-

1856 1531 2014 1597 simu,
2049 1531 2257 1602 Moyses
2304 1542 2357 1586 et
2406 1531 2667 1587 Maximus
2721 1532 3017 1603 presbyteri
3076 1543 3131 1589 et
3184 1533 3454 1590 Nicostra-

1857 1630 1941 1677 tus
1968 1630 2023 1677 et
2052 1622 2276 1679 Ruﬁnus
2327 1623 2537 1678 diaconi
2562 1634 2617 1679 et
2644 1625 2823 1679 caeteri
2877 1624 3218 1682 confessores
3258 1626 3311 1681 in
3344 1626 3451 1683 ﬁde

1856 1717 2096 1772 veritatis
2124 1728 2526 1788 perseverantes
2555 1719 2608 1774 in
2667 1722 2775 1777 Deo
2805 1721 2962 1777 Patre
2992 1732 3045 1778 et
3090 1724 3140 1777 in
3171 1722 3307 1778 Filio
3335 1724 3452 1795 ejus

164 1836 261 1876 vare
281 1816 428 1875 vocis
456 1835 583 1875 sua:
606 1818 910 1874 inviolatam
932 1818 1074 1873 circa
1102 1817 1303 1880 omnia,
1327 1826 1381 1871 et
1401 1813 1629 1871 solidam
1649 1811 1746 1867 ﬁr-
1778 1820 1827 1879 Β
1854 1809 1979 1866 Jesu
2005 1810 2221 1867 Christo
2244 1811 2471 1868 Domino
2501 1822 2686 1868 nostro
2714 1822 2768 1868 et
2792 1813 2846 1866 in
2871 1811 3071 1882 Spiritu
3093 1825 3280 1870 sancto
3306 1816 3451 1870 salu-

163 1917 387 1971 mitatem.
447 1913 597 1970 Nam
639 1913 780 1969 velle
825 1921 1019 1983 praeter
1058 1911 1337 1966 Dominum
1379 1920 1402 1947 ο
1451 1916 1743 1979 martyrem

162 2008 252 2063 ﬁeri
278 2017 328 2063 et
354 2015 637 2078 praecepta
664 2004 881 2060 Domini
908 2002 1187 2059 destruere
1214 2002 1418 2066 conari,
1454 2001 1527 2056 uti
1554 1998 1745 2054 adver-

160 2113 229 2154 sus
246 2099 385 2154 illum
414 2097 737 2169 dignatione
763 2110 921 2167 quam
972 2095 1065 2151 tibi
1095 2094 1326 2162 dederit,
1353 2093 1520 2148 armis
1564 2090 1632 2146 ab
1651 2090 1746 2146 illo

160 2191 364 2261 acceptis
409 2189 683 2246 rebellem
726 2187 1122 2259 quodammodo
1167 2187 1307 2252 ﬁeri,
1333 2186 1436 2240 hoc
1480 2192 1564 2240 est
1589 2181 1747 2238 Chri-

160 2291 271 2336 stum
299 2282 558 2337 conﬁteri
589 2280 723 2337 velle
758 2278 777 2317 τ
825 2288 881 2337 et
910 2280 1252 2351 Evangelium
1278 2276 1479 2334 Christi
1525 2290 1741 2347 negare.

162 2375 308 2431 luctor
365 2378 539 2448 igitur
596 2389 662 2431 ex
705 2373 860 2429 vobis
889 2415 903 2439 ,
951 2373 1224 2430 fortissimi
1279 2382 1303 2419 Β
1331 2385 1395 2426 ac
1446 2368 1745 2424 ﬁdelissimi

162 2471 360 2538 fratres;
405 2481 463 2527 et
500 2476 754 2541 quantum
783 2461 1020 2539 gratulor
1048 2465 1371 2537 martyribus
1429 2465 1548 2518 istic
1576 2461 1605 2499 ιι
1650 2463 1747 2517 bo-

164 2567 334 2621 noratis
389 2565 467 2620 ob
501 2563 695 2618 virium
741 2562 1003 2632 gloriam,
1057 2569 1263 2614 tantum
1316 2559 1554 2628 gratulor
1604 2555 1746 2626 pari-

165 2664 226 2710 ter
248 2666 293 2711 et
320 2656 487 2711 vobis
516 2656 586 2711 ob
612 2655 905 2708 Dominicm
932 2655 1094 2708 etiam
1117 2652 1414 2721 disciplina:
1462 2665 1742 2705 coronam.

167 2748 512 2818 bignationem
542 2762 695 2803 suam
723 2747 976 2800 Dominus
1005 2745 1280 2813 multiplici
1307 2758 1503 2813 genere
1526 2743 1748 2813 largita-

166 2841 213 2894 tis
235 2840 456 2905 infudit,
483 2841 745 2893 bonorum
778 2836 1003 2891 militum
1024 2835 1208 2889 laudes
1233 2843 1287 2889 et
1304 2835 1503 2905 glorias
1534 2833 1748 2905 spirita-

166 2932 220 2987 les
236 2933 461 3003 copiosa
486 2930 742 2984 varietate
781 2927 1074 2982 distribuit.
1109 2926 1337 2981 Honoris
1386 2930 1550 2981 vestri
1582 2928 1747 2997 parti-

163 3023 278 3091 cipes
297 3033 355 3079 et
386 3036 493 3077 nos
514 3036 719 3085 sumus,
742 3018 966 3090 gloriam
984 3026 1217 3073 vestram
1248 3027 1486 3073 nostram
1516 3019 1743 3089 gloriam

165 3127 535 3187 computamus,
561 3129 787 3184 quorum
815 3119 1057 3182 tempora
1085 3112 1366 3167 illustravit
1404 3122 1545 3167 tanta
1580 3111 1747 3170 felici-

1852 1913 1979 1959 tem.
2009 1902 2158 1960 Inter
2177 1905 2355 1960 varios
2382 1913 2432 1960 et
2464 1905 2805 1975 multiplices,
2832 1904 3017 1971 frater,
3054 1906 3267 1963 dolores
3297 1909 3451 1964 nobis

1850 1997 2154 2052 constitutis
2208 2008 2429 2068 propter
2474 1984 2767 2068 praesentes
2821 1999 3113 2055 multorum
3168 2001 3437 2056 fratrumi

1850 2103 1946 2158 per
1967 2097 2140 2145 totum
2170 2104 2308 2161 pene
2329 2090 2514 2146 orbem
2559 2092 2761 2158 ruinas,
2793 2090 2895 2147 hoc
2942 2092 3268 2164 praecipuum
3294 2092 3450 2149 nobis

1850 2182 2099 2239 solatium
2124 2183 2455 2253 supervenit,
2501 2184 2642 2255 quod
2677 2185 2912 2256 acceptis
2934 2185 3127 2241 litteris
3158 2186 3263 2240 tuis
3283 2186 3450 2250 erecti

1849 2288 2034 2329 sumus
2077 2272 2101 2311 ι
2127 2317 2142 2341 ,
2186 2284 2241 2331 et
2283 2275 2516 2331 dolentis
2568 2277 2731 2332 animi
2781 2279 3103 2334 maeroribus
3156 2278 3390 2335 fomenta
3426 2278 3445 2317 ι

1850 2367 2203 2435 suscepimus.
2262 2365 2416 2422 Unde
2481 2367 2777 2439 intelligere
2825 2371 2934 2438 jam
2996 2385 3278 2441 possumus
3330 2386 3452 2443 gra-

1854 2459 2200 2517 tiam.divinaa
2224 2460 2576 2530 providentiae
2617 2462 2837 2520 forsitan
2871 2481 2975 2533 non
3018 2467 3088 2520 ob
3116 2466 3273 2520 aliam
3322 2481 3453 2521 cau-

1850 2567 1965 2607 sam
1991 2568 2089 2609 nos
2120 2563 2227 2608 tam
2255 2554 2346 2609 diu
2379 2556 2594 2612 clausos
2621 2559 2846 2614 vinculis
2891 2560 3125 2614 carceris
3172 2574 3453 2616 reservare
3552 2622 3555 2625 _

1851 2647 2105 2712 voluisse,
2142 2648 2243 2703 nisi
2279 2659 2355 2716 ut,
2388 2650 2631 2706 instructi
2658 2661 2697 2688 ιη
2727 2661 2782 2706 et
2824 2654 3095 2708 robustius
3124 2654 3342 2708 animati
3367 2654 3452 2708 lit-

1851 2740 1982 2792 teris
2005 2740 2127 2803 tuis,
2158 2748 2286 2795 voto
2314 2742 2566 2809 proniore
2596 2741 2663 2796 ad
2703 2757 2955 2798 coronam
2983 2744 3307 2798 destinatam
3336 2758 3453 2814 pos-

1852 2847 2034 2887 semus
2065 2834 2365 2903 pervenire.
2400 2835 2695 2891 llluxerunt
2719 2840 2862 2891 enim
2908 2836 3062 2892 nobis
3125 2838 3315 2892 litterae
3348 2846 3451 2892 tum

1853 2934 1909 2977 ut
1930 2924 1982 2978 in
1998 2933 2310 2995 tempestate
2326 2926 2611 2996 83quadam
2632 2930 2915 2994 serenitas,
2935 2938 2988 2983 et
3008 2929 3060 2984 in
3080 2929 3290 2984 turbido
3311 2928 3448 2985 mari

1853 3023 2102 3085 exeptata
2144 3025 2172 3051 ιι
2224 3018 2603 3087 tranquillitas,
2650 3030 2706 3073 et
2746 3020 2799 3073 in
2834 3021 3102 3074 laboribus
3131 3020 3365 3089 requies,
3395 3030 3454 3075 ut.

1856 3112 1911 3166 in
1952 3112 2211 3182 periculis
2238 3122 2291 3167 et
2335 3113 2612 3168 doloribus
2650 3114 2871 3178 sanitas,
2929 3122 2986 3167 ut
3029 3114 3080 3167 in
3112 3113 3453 3169 densissimis

166 3217 243 3273 ως,
287 3219 344 3264 ut
389 3217 605 3264 aetatem
637 3215 874 3261 nostram
910 3204 1093 3260 videre
1118 3206 1452 3276 contingeret
1495 3206 1749 3277 probatos
1775 3208 1819 3270 C
1856 3206 2090 3261 tenebris
2126 3206 2351 3262 candida
2392 3208 2485 3262 lux
2513 3217 2568 3262 et
2597 3206 2867 3277 refulgens
2897 3216 2944 3262 ο.
2993 3208 3066 3262 Ita
3099 3207 3215 3262 illas
3269 3208 3452 3264 animo

165 3313 322 3356 servos
361 3301 460 3356 Dei
504 3309 559 3357 et
598 3298 798 3355 Christi
823 3297 1019 3353 milites
1060 3308 1365 3353 coronatos.
1391 3299 1531 3370 Opto
1574 3316 1669 3357 vos
1702 3304 1746 3371 ί,

166 3389 417 3448 fortissimi
468 3408 534 3449 ac
585 3392 876 3449 beatissimi
904 3390 1120 3458 fratres,
1151 3406 1366 3463 semper
1393 3393 1530 3450 bene
1561 3396 1741 3452 valere

165 3492 201 3534 ct
227 3485 385 3539 nostri
410 3484 745 3541 meminisse.

1858 3301 2072 3358 sitiente
2102 3301 2430 3371 perbibimus
2454 3310 2507 3356 et
2534 3311 2656 3356 voto
2683 3301 2952 3357 esuriente
2994 3300 3347 3371 suscepimus,
3392 3310 3454 3356 ut

1843 3391 1910 3446 ad
1934 3400 2203 3447 certamen
2234 3392 2435 3447 inimici
2470 3403 2496 3442 ι’
2524 3407 2589 3447 ex
2618 3392 2724 3448 illis
2756 3407 2853 3447 nos
2882 3392 3013 3452 satis
3056 3400 3239 3462 pastos
3267 3399 3322 3447 et
3358 3406 3451 3446 sa-

1846 3488 2054 3557 ginatos
2093 3488 2441 3560 gaudeamus.
2474 3489 2681 3547 Reddet
2738 3489 2831 3568 tibi
2894 3488 3149 3545 Dominus
3200 3502 3296 3558 pro
3350 3486 3453 3544 ista

1355 3619 1735 3677 LECTIONES
1778 3619 2188 3679 VARIANTES.

214 3737 235 3765 ⁸
255 3734 463 3808 Elissae
486 3738 774 3808 aciem-quin
795 3734 1119 3808 Evangelium
1139 3762 1196 3808 -τ
1214 3737 1382 3808 imp-ias
1407 3735 1587 3808 inferre
1614 3741 1745 3789 Lam.

162 3794 285 3869 §bor.
308 3802 359 3869 iv
368 3800 403 3850 ϐ
411 3801 489 3869 ..1.
511 3801 627 3859 Quae
650 3794 698 3848 iii
714 3794 984 3861 Evangelio
1006 3803 1265 3849 coronatur
1285 3794 1399 3848 Ver.
1434 3801 1541 3849 Vat.
1566 3797 1747 3852 innom.

163 3859 276 3919 Spir.
302 3862 473 3913 erb.
860 3859 871 3861 ⁷

210 3919 236 3997 ξ
254 3923 570 3997 Raptimnte-s
587 3922 726 3997 Liber.
755 3923 872 3997 Νίῖξ.⁸
890 3923 937 3973 1.

216 3987 237 4014 θ
263 3984 407 4037 Ponit
433 3996 485 4036 et
519 3987 633 4035 dicit
654 3989 792 4036 Pem.
818 3984 922 4036 Litt.
953 3988 1088 4035 Voss.
1116 3984 1165 4033 2.

215 4049 239 4085 (ι
259 4048 372 4098 Cum
401 4048 722 4101 custodienda
749 4050 903 4100 Oxon.
1139 4093 1165 4105 ο

219 4112 240 4140 ⁸
264 4110 354 4159 Pro
374 4111 586 4160 Domino
610 4112 653 4161 N
664 4111 715 4161 C.
736 4112 785 4161 2.

220 4168 237 4207 ί
263 4171 398 4223 Nolle
420 4177 561 4223 Pem.

220 4234 242 4272 Β
265 4232 579 4286 Ditectissimi
602 4234 776 4285 fratres
793 4234 924 4285 Lam.
952 4234 1054 4286 Lfn.
1077 4234 1221 4286 Ebor.
1248 4235 1296 4284 Ν
1304 4233 1357 4284 C.
1388 4233 1434 4282 1.

219 4294 245 4332 h
266 4295 364 4345 Illis
388 4301 530 4345 Pem.

323 4301 364 4347 is
388 4301 530 4349 Pem.

1920 3737 1935 3775 i
1962 3735 2151 3801 Desunt
2166 3738 2365 3801 reliqua
2383 3740 2431 3788 in
2454 3739 2595 3791 Corb.

1919 3802 1933 3850 i
1969 3799 2192 3850 Fratrum
2217 3799 2385 3852 omittit
2411 3804 2567 3853 Oxon.

1916 3862 1943 3898 ιί
1965 3862 2030 3913 Et
2049 3864 2351 3913 rectissimus
2387 3864 2513 3912 Bod.
2547 3863 2592 3912 2.
2630 3865 2763 3933 Lion.
2788 3862 2929 3913 Ebor.
2950 3865 3057 3916 ΝΟ.
3090 3865 3132 3915 1.
3156 3866 3215 3917 Et
3238 3868 3451 3918 recreati

1856 3926 2165 4036 Beln'Dolenti
2206 3988 2381 4036 animae
2425 3988 2617 4038 roboris
2657 3987 2870 4038 fomenta
2918 3991 3049 4040 Lam.
3092 3992 3197 4044 Lin.
3245 3994 3352 4043 ΝΟ.
3402 3994 3448 4043 1.

1753 4047 1761 4059 ’
1853 4049 1981 4099 Ball.
2000 4048 2050 4097 2.

1916 4112 1956 4139 π’
1978 4110 2264 4160 Instructius
2295 4114 2478 4163 Manut.

1920 4174 1947 4201 ³³
1966 4173 2147 4223 Exorta
2171 4174 2294 4223 Bod.
2318 4175 2365 4221 2.
2391 4176 2513 4224 Ben.
2541 4174 2673 4225 Lam.
2699 4174 2840 4226 Ebor.
2867 4177 2976 4228 ΝΟ.
2998 4178 3044 4229 1.

1921 4235 1946 4264 °
1971 4235 2071 4298 Dux
2094 4234 2348 4298 refulgens
2362 4238 2484 4287 Ben.
2513 4237 2639 4288 Bod.
2662 4238 2712 4287 2.

1785 4299 1841 4360 1)
1929 4299 1957 4339 Ρ
1979 4296 2243 4348 Certamen
2264 4300 2412 4350 animi
2435 4300 2569 4369 Lam.
2590 4301 2718 4351 Bod.
2742 4302 2793 4352 2.
2814 4301 2960 4355 Ebor.

1358 4422 1600 4481 STEPH.
1644 4423 1919 4482 BALUZII
1957 4422 2187 4481 nom.
2238 4398 2241 4401 “

238 4535 424 4595 Prteter
477 4537 774 4593 Dominum.
832 4536 888 4591 In
956 4535 1226 4606 plerisque
1276 4536 1543 4592 veteribus
1601 4538 1753 4593 libris

175 4609 409 4681 scriptum
438 4621 522 4666 est
549 4627 638 4681 per
662 4608 956 4681 Dominum.
985 4609 1041 4681 in
1066 4623 1171 4661 uno
1200 4623 1319 4681 meo
1342 4650 1355 4668 .
1402 4624 1519 4661 nam
1566 4619 1750 4681 praeter

176 4675 427 4753 Dominum
455 4675 728 4753 martyrem
757 4680 887 4753 ﬁeri.
907 4678 1275 4753 InBet'eeusi,
1294 4694 1383 4732 nec
1404 4675 1609 4749 propter
1638 4678 1749 4733 Do-

173 4750 344 4824 minum
371 4750 618 4824 martyrio
649 4752 795 4824 ﬁeri:
810 4751 1070 4824 Itagetinm
1090 4751 1209 4824 fere
1240 4750 1603 4824 Carnotensis.

237 4820 527 4879 Honoratis'.
558 4824 736 4877 Codex
757 4822 1304 4891 Gratianopolitanus,
1333 4821 1752 4891 lioncrmis.Qni-

174 4888 281 4946 dam
323 4896 441 4951 libri
482 4896 692 4949 veteres
739 4903 795 4948 et
841 4888 1084 4962 quaedam
1128 4892 1390 4947 editiones
1437 4890 1637 4947 habent
1660 4910 1749 4947 co.

176 4967 365 5019 ronatis.

238 5033 460 5092 As'tatem
505 5046 747 5090 nostram.
807 5034 1023 5108 ltahnos
1070 5034 1408 5108 reposuimus
1463 5033 1629 5090 secuti
1657 5050 1751 5089 au-

179 5108 459 5162 ctoritatem
515 5118 753 5161 veterum
834 5104 1125 5160 editionum
1195 5104 1249 5159 et;
1324 5114 1448 5159 octo
1510 5114 1750 5160 veterum

178 5180 562 5248 exemplarium.
606 5176 898 5231 Fatendum
928 5185 1103 5248 tamen
1152 5186 1233 5248 est
1289 5176 1574 5248 lectionem
1630 5190 1752 5248 qua:

182 5242 499 5326 lmbet'_tetate
552 5257 724 5302 nostra
749 5256 966 5301 exstare
1002 5246 1162 5301 etiam
1215 5246 1267 5302 in
1312 5257 1434 5302 octo
1479 5242 1752 5302 codicibus

180 5321 406 5387 antiquis.

245 5386 294 5460 l‘n
317 5391 458 5445 calce
484 5390 641 5460 hujus
680 5388 933 5460 Epistolis
962 5398 1015 5441 et
1037 5387 1086 5460 in
1107 5388 1254 5460 calce
1285 5388 1540 5460 Epistula:
1566 5404 1747 5453 xxxiv,

184 5456 412 5530 Scriptum
443 5469 528 5516 est.
547 5456 837 5530 antiquitus
872 5458 922 5511 in
966 5458 1151 5514 codice
1180 5456 1405 5516 enim:
1445 5458 1750 5514 Emendavit

182 5522 393 5585 Justinus
417 5532 612 5587 Roman
676 5522 690 5530 ’
1174 5558 1179 5561 ‘

247 5599 412 5658 EPIST.
463 5619 607 5657 xxvi.
665 5633 738 5643 —
798 5600 858 5654 in
911 5599 1270 5654 vetustissimo
1338 5602 1524 5657 codice
1582 5601 1751 5655 sancti

187 5663 389 5744 licmigii
426 5674 706 5730 Retncnsis
731 5674 992 5740 scriptum
1036 5678 1120 5724 cst
1166 5671 1453 5794 anti‘quitus
1492 5673 1544 5727 in
1595 5673 1752 5726 titulo

187 5741 320 5794 Istius
361 5746 606 5794 Enislolte
641 5762 653 5794 :
688 5744 880 5794 Ineinit
926 5741 1225 5794 rescriptum
1313 5745 1418 5794 usei
1461 5754 1507 5794 et
1534 5742 1751 5794 Maximi

186 5741 606 5816 istius‘Epistulte
641 5762 653 5797 :
688 5741 1225 5816 Incipiturescriptum
1254 5741 1418 5816 Μειεά
1461 5754 1507 5796 ει
1527 5742 1751 5816 dlngimi

186 5810 241 5861 ατί
298 5809 623 5889 Cyprianum,
673 5809 826 5886 quani
874 5812 1081 5867 dictavit
1133 5809 1474 5867 Novatianus.
1526 5813 1579 5867 In
1613 5812 1750 5868 Gra-

1859 4539 2240 4617 tianopolitano
2280 4540 2491 4617 Myseus
2536 4558 2681 4615 smpe
2730 4543 2926 4617 dicitur
2977 4561 3135 4615 quem
3172 4548 3329 4617 vulgo
3357 4564 3452 4603 vo-

1855 4626 2041 4686 camus
2094 4612 2350 4686 bloysem.
2403 4612 2479 4686 In,
2512 4612 2895 4686 niar'tyrologio
2950 4612 3096 4672 edito
3145 4634 3176 4674 a
3227 4612 3452 4675 Floren-

1858 4682 2000 4762 tinio
2020 4698 2088 4762 xv
2116 4683 2634 4762 fe_hruarii,_.civitate
2654 4682 3058 4762 :Astwilllogsei.
3094 4688 3149 4742 in
3189 4690 3453 4762 fragmen-

1859 4753 1923 4806 tis
1966 4754 2194 4828 Paciani,
2226 4754 2277 4808 in
2308 4755 2503 4828 codice
2524 4754 2688 4817 Flori,
2736 4753 2950 4824 legitur'
2983 4759 3035 4811 in
3089 4753 3348 4828 parmnEsi
3378 4762 3446 4817 ad

1856 4825 2247 4902 ptenitentiam,
2279 4823 2679 4902 apudMoseum
2707 4835 2752 4902 e_t
2774 4823 2979 4902 veteres,
3003 4838 3056 4884 et
3090 4823 3254 4897 paulo
3306 4844 3446 4902 post,

1857 4893 2123 4965 Moyseum
2150 4912 2242 4965 pro
2270 4895 2693 4966 blasphematore.
2728 4895 2801 4966 In,
2822 4897 2976 4966 initio
3020 4893 3318 4957 conflicms'
3347 4905 3384 4957 A
3396 4893 3451 4957 r4-

1855 4966 1999 5019 nobii
2050 4981 2184 5049 cum
2228 4965 2521 5049 Serapione
2559 4966 2750 5049 legitur
2777 4965 3148 5049 Moseo.-Vit_le
3184 4975 3450 5049 [ii-iulatio-

1854 5051 1974 5091 nem
2017 5038 2114 5091 viri
2138 5037 2418 5091 clarissimi
2454 5036 2637 5091 domni
2677 5037 2929 5093 Bernardi
2963 5041 3029 5097 de
3059 5036 3450 5100 Minui-falconis

1853 5108 1919 5160 ad
1957 5108 2311 5186 Athanasium,
2345 5123 2464 5186 pag.
2488 5108 2604 5186 ω.
2643 5108 2716 5186 De
2756 5108 3031 5186 Novatiani
3063 5115 3385 5186 eloquentia,
3414 5130 3448 5169 a

1853 5193 1959 5255 quo
1996 5179 2217 5255 epistola
2266 5179 2363 5255 ista
2397 5179 2592 5234 dicitur
2620 5179 2845 5255 dictata,
2882 5184 3001 5239 vide
3036 5179 3484 5255 qum'notantur-

1852 5248 1986 5303 infra
2015 5248 2080 5303 ad
2108 5249 2398 5318 Epistulam
2430 5265 2560 5304 xxx.
2620 5248 2621 5251 “
2673 5252 2683 5261 ’

1925 5319 2250 5394 I.——_Ca:cilio
2268 5318 2545 5394 Cypriane.
2563 5321 2711 5394 Hanc
2726 5324 3125 5390 inscriptionem
3145 5326 3449 5394 accepimus

1855 5405 1918 5464 ex
1962 5391 2150 5464 eodem
2184 5390 2368 5446 codice
2406 5394 2574 5446 sancti
2607 5393 2855 5464 Remigii.
2884 5399 3012 5453 Eam
3054 5414 3180 5451 vero
3230 5390 3298 5450 ob
3328 5412 3449 5451 eam

1858 5461 1910 5535 in
1969 5462 2151 5529 primis
2190 5461 2938 5535 cattsamuposuimns,'quod
2981 5484 3046 5522 ex
3095 5467 3448 5523 eadiscamus

1858 5532 2079 5605 fortnam
2109 5531 2374 5605 scribendi
2408 5533 2621 5605 illorum
2648 5531 2969 5605 temporum.
3005 5539 3136 5593 Nam
3189 5537 3329 5592 haud
3352 5538 3451 5591 du-

1856 5602 1941 5724 bit:
1970 5603 2220 5726 iDSfISpla
2250 5600 2351 5657 fuit
2378 5604 2602 5673 epistola
2637 5620 2703 5661 eo
2730 5600 2889 5663 modo
2917 5625 3022 5679 quo
3048 5610 3241 5679 lvgitur
3269 5610 3321 5663 in
3354 5608 3449 5664 illo

1856 5688 1919 5726 ve
1946 5689 2019 5726 (τι
2073 5688 2084 5725 ι
2128 5688 2205 5726 ro.

1855 5681 2019 5727 veteri
2050 5681 2205 5726 libro.

1926 5742 2113 5821 Pastas
2133 5754 2177 5821 et
2206 5745 2484 5821 saginatas.
2506 5745 2675 5821 S_upra
2694 5747 2763 5821 in
2807 5750 3041 5821 Epistula
3064 5754 3132 5807 ad
3164 5749 3446 5817 Donatum,

1854 5827 1975 5885 pag.
2000 5814 2032 5867 5
2056 5813 2177 5885 (col.
2212 5815 2335 5888 Ni)
2364 5834 2375 5870 :
2409 5813 2660 5887 [inpletur
2685 5819 2736 5874 in
2763 5813 2964 5880 succum
2991 5824 3112 5881 cibis
3155 5813 3470 5901 fortioribui'
