4222 6288
652 367 759 422 2θῖ

2062 368 2197 442 mvt
2237 340 2557 428 eventui

3838 372 3956 429 296

651 463 987 553 cpiscopatus
1012 480 1117 544 lui,
1163 478 1286 534 licet
1319 477 1531 533 interim
1558 494 1587 533 a
1622 478 1873 535 fratribus
1904 495 1999 551 pro
2030 492 2234 555 tempo-
2263 490 2316 546 Λ
2344 488 2662 542 maturitatis
2717 501 2828 541 suae
2878 493 3087 557 tempus
3143 485 3432 553 nutriendi,
3470 495 3525 541 et
3563 485 3630 541 de
3656 487 3955 559 Scripturis

650 576 726 631 ris
755 574 1059 631 conditione
1084 572 1370 628 distractus
1406 587 1487 639 es,
1519 582 1693 629 tamen
1713 564 2077 642 nondeluisti,
2102 578 2246 648 quod

648 668 841 724 litteris
898 664 1238 723 conlessores
1291 666 1599 738 frequenter
1651 668 2034 736 corroborasti,
2103 671 2246 741 quod

649 761 809 817 etiam
849 769 1093 829 sumptus
1137 760 1471 816 necessarios
1526 761 1594 816 de
1645 762 1747 815 tuis
1783 761 2054 816 laboribus
2088 762 2245 832 justis

649 852 943 921 praebuisti,
978 852 1119 924 quod
1146 854 1199 908 in
1223 854 1471 910 omnibus
1521 863 1572 909 te
1617 863 1937 924 prtesentem
1982 855 2242 925 quodam-

647 944 809 1000 modo
858 960 1072 1016 semper
1109 946 1419 1014 exhibuisti,
1476 949 1616 1018 quod
1665 950 1717 1003 iu
1772 948 1917 1003 nulla
1957 948 2119 1004 ollicii
2169 951 2243 1005 tui

646 1051 797 1114 parte
849 1044 1001 1113 quasi
1039 1044 1230 1114 aliquis
1272 1046 1515 1101 desertor
1564 1047 1895 1102 claudicasti.
1944 1048 2049 1103 Sed
2102 1051 2243 1119 quod

647 1150 745 1189 nos
802 1134 867 1189 ad
937 1136 1193 1206 majorem
1240 1137 1478 1193 laetitiam
1532 1141 1802 1194 robustius
1856 1143 2171 1211 provocavit
2216 1153 2241 1180 α

647 1238 960 1291 taccrcnon
987 1244 1293 1299 possumus,
1321 1231 1447 1299 quin
1476 1232 1619 1284 omni
1663 1233 1807 1287 vocis
1856 1244 2053 1289 nostra:
2089 1237 2243 1290 testi-

644 1320 828 1374 monio
872 1336 1281 1392 prosequamur.
1329 1324 1818 1379 Animadvertimus
1864 1328 2005 1381 enim
2037 1338 2087 1381 te
2117 1343 2245 1384 cou-

644 1422 868 1483 grueute
896 1429 1119 1469 censura
1154 1426 1209 1470 et
1249 1430 1344 1470 eos
1374 1416 1531 1487 digne
1564 1418 1876 1488 obiurgasse
1904 1421 2014 1487 qui,
2046 1422 2243 1476 imme-

647 1519 827 1561 mores
854 1505 1170 1561 delictorum
1202 1522 1445 1574 suorum,
1477 1524 1664 1580 pacem
1708 1525 1737 1563 a
1779 1511 2107 1583 presbyteris
2150 1530 2244 1585 per

644 1596 941 1672 absentiam
974 1607 1116 1652 tuam
1157 1599 1399 1654 festinata
1426 1611 1480 1655 et
1518 1601 1777 1671 prmcipiti
1832 1602 2123 1674 cupiditate
2148 1622 2243 1661 ex-

646 1688 927 1746 torsissent
974 1688 1024 1754 b,
1069 1700 1121 1744 et
1173 1691 1289 1746 illos
1341 1693 1431 1762 qui
1495 1693 1611 1748 sine
1666 1703 1912 1764 respectu
1969 1696 2241 1767 Evangelii

643 1792 885 1838 sanctum
926 1784 1134 1838 Domini
1185 1785 1407 1841 canibus
1434 1796 1487 1841 et
1527 1787 1843 1857 margaritas
1897 1790 2072 1858 porcis
2112 1806 2239 1860 pro-

2350 582 2551 637 sanctis
2588 595 2748 653 quam
2776 580 2961 651 ingens
2992 587 3048 634 et
3074 593 3234 650 supra
3265 581 3442 635 omnia
3491 589 3768 649 peccatum
3793 596 3954 636 com-
3993 640 3998 644 ,

2350 676 2597 732 miserint
2629 671 2946 752 ipstrueudi.
2977 670 3089 727 Nec
3145 670 3248 726 hoc
3290 674 3595 727 animentur
3641 672 3764 742 quia
3793 673 3955 728 multi

2352 777 2511 833 sunt;
2536 766 2629 821 sed
2660 766 2761 819 hoc
2784 764 2900 834 ipso
2930 762 3099 833 magis
3126 763 3490 833 reprimuntur
3515 763 3639 835 quia
3664 779 3771 820 non
3793 763 3955 835 pauci

2351 867 2496 925 sunt,
2524 857 2665 911 Nihil
2694 856 2758 910 ad
2797 856 3232 910 extenuationem
3274 855 3455 911 delicti
3487 871 3740 912 numerus
3770 857 3955 927 impu-

2350 950 2482 1004 deus
2535 949 2715 1004 valere
2755 948 3036 1002 consuevit
3094 945 3149 1014 ί,
3201 947 3293 1001 sed
3320 948 3510 1018 pudor,
3543 949 3635 1004 sed
3662 950 3951 1016 modestia,

2338 1036 2443 1095 'scd
2469 1039 2807 1110 patientia,37
2838 1038 2930 1093 sed
2970 1037 3274 1107 disciplina,
3323 1038 3419 1093 sed
3466 1039 3738 1095 humilitas
3785 1051 3957 1112 atque

2349 1136 2609 1202 subjectio
2643 1144 2689 1197 ιε,
2720 1135 2813 1188 sed
2843 1133 3077 1188 alienum
3126 1132 3194 1187 de
3235 1147 3295 1188 se
3324 1145 3636 1203 expectasse
3658 1136 3954 1206 judicium,

2347 1227 2440 1282 scd
2482 1228 2710 1282 alienant
2757 1226 2825 1280 tle
2869 1240 2966 1279 suo
3016 1222 3043 1261 ιι
3088 1226 3408 1282 sustinuisse
3449 1231 3791 1284 sententiam.
3835 1230 3957 1287 Hoc

2349 1327 2431 1371 est
2492 1317 2635 1386 quod
2684 1316 3051 1386 patuitcntiatn
3103 1317 3323 1386 probat;
3380 1317 3482 1375 hoc
3536 1332 3617 1375 est
3672 1322 3814 1392 quod
3851 1323 3957 1379 im-

2348 1408 2613 1477 prcsso,‘
2666 1408 2869 1462 vulneri
2913 1407 3115 1462 inducit
3167 1409 3502 1477 cicatricem;
3554 1412 3654 1468 hoc
3697 1418 3954 1486 estquod

2346 1500 2568 1567 dcjecta:
2591 1500 2787 1555 mentis
2810 1500 2990 1554 ruinas
3011 1500 3168 1570 erigit
3194 1512 3248 1555 et
3271 1502 3483 1569 attollit,
3503 1506 3643 1574 quod
3666 1508 3952 1565 ardentem

2349 1592 2668 1647 delictorum
2692 1593 3030 1647 :estuantium
3073 1609 3329 1663 vaporem
3379 1600 3661 1669 restinguit
3711 1612 3765 1657 et
3805 1603 3951 1661 linit.
3988 1602 3999 1606 ”

2346 1685 2460 1739 Non
2509 1688 2647 1741 enim
2696 1703 2816 1757 qua:
2852 1701 3105 1743 sanorum
3161 1698 3286 1743 sunt
3335 1705 3619 1761 corporum
3700 1696 3953 1754 medicus

2346 1780 2502 1848 {Dgl’lS
2564 1777 2711 1832 dabit
2750 1778 2763 1827 i
2810 1819 2824 1843 ,
2860 1793 2927 1833 ne
2974 1779 3310 1848 importunus
3361 1782 3514 1839 cibus
3571 1794 3951 1856 tempestatem

640 1875 760 1931 fana
808 1887 829 1913 c
880 1874 1134 1932 facilitate
1182 1876 1495 1945 donassem,
1542 1893 1663 1934 cum
1705 1882 1907 1950 grande
1958 1874 2316 1948 delictum];
2348 1870 2666 1925 valetudinis
2719 1871 2989 1926 smvicntis
3041 1869 3066 1907 ¹ί
3096 1886 3201 1925 non
3230 1874 3503 1943 reprimat,
3532 1878 3625 1932 sed
3653 1880 3948 1950 accendat;

641 1976 697 2025 et
718 1984 815 2039 per
840 1977 1008 2025 totum
1040 1985 1175 2041 pene
1195 1970 1380 2026 urbem
1422 1971 1724 2028 incredibili
1756 1975 2052 2031 vastatione
2088 1990 2241 2046 gras-

644 2068 842 2126 satum,
871 2074 976 2115 non
997 2069 1244 2132 oporteat
1270 2062 1394 2128 nisi,
1420 2072 1481 2117 ut
1506 2062 1621 2133 ipse
1641 2064 1851 2129 scribis,
1874 2077 2026 2121 caute
2054 2066 2242 2122 mode-

638 2159 861 2221 rateque
888 2152 1125 2215 tractari.
1157 2154 1414 2208 consultis
1439 2155 1687 2210 omnibus
1709 2158 1995 2226 episcopis,
2015 2158 2240 2230 presby-

643 2244 792 2310 teris,
822 2244 1160 2311 diaconibus,
1215 2244 1636 2311 conlessoribus,
1678 2257 1733 2303 et
1796 2249 1926 2318 ipsis
1975 2251 2242 2306 stantibus

640 2337 808 2403 laicis,
845 2347 902 2392 ut
928 2337 983 2393 in
1002 2340 1108 2394 tuis
1133 2339 1323 2395 litteris
1352 2350 1407 2396 et
1436 2343 1549 2411 ipse
1578 2346 1825 2408 testaris;
1855 2359 1943 2411 ne,
1976 2344 2105 2399 dum
2147 2346 2241 2399 vo-

639 2430 818 2486 lumus
864 2432 1167 2502 importune
1214 2433 1384 2490 ruinis
1432 2435 1740 2502 subvenire,
1812 2438 1946 2493 alias
2001 2439 2234 2509 majores

640 2525 821 2581 ruinas
849 2525 1128 2583 videamur
1152 2542 1340 2598 parare
1371 2547 1385 2583 :
1412 2529 1499 2585 ubi
1539 2532 1680 2586 enim
1728 2530 1940 2586 divinus
1992 2530 2018 2568 ἀ
2064 2547 2242 2587 sermo

644 2617 985 2687 relinquitur,
1015 2624 1059 2674 si
1095 2629 1200 2675 tam
1224 2618 1395 2677 facile
1432 2623 1782 2692 peccantibus
1821 2623 1976 2678 venia
2021 2633 2241 2694 prsestc-

639 2707 762 2765 tur?
824 2709 1060 2767 Fovendi
1137 2719 1262 2768 sunt
1312 2725 1441 2768 sane
1504 2714 1740 2783 ipsorum
1794 2726 1817 2752 ι’
1867 2717 2030 2772 animi
2077 2726 2131 2772 cl
2174 2716 2243 2771 ad

2343 1966 2549 2019 scilicet
2608 1982 2673 2019 ne
2716 1965 2859 2036 quod
2925 1966 3186 2034 potuisset
3235 1970 3496 2025 maturius
3536 1971 3738 2041 jejunio
3794 1987 3951 2033 exte—

2347 2059 2497 2112 nuari
2532 2056 2574 2122 ι,
2631 2074 2726 2122 per
2778 2057 3162 2128 impatientiam
3218 2060 3427 2132 longius
3491 2075 3634 2134 pasta
3677 2068 3949 2128 cruditate

2348 2150 2479 2220 ιη·οὰ
2491 2160 2607 2203 neat
2634 2159 2695 2201 ιη.

2418 2243 2532 2297 Vll.
2576 2243 2833 2299 Elueudae
2874 2253 2998 2298 sunt
3027 2244 3184 2315 igitur
3222 2245 3395 2316 impio
3441 2250 3705 2305 sacrilicio
3752 2268 3949 2310 manus

2347 2336 2637 2406 inquinatio
2705 2335 2961 2404 operibus
3025 2336 3179 2391 bonis
3209 2346 3277 2404 η,
3328 2347 3384 2392 et
3427 2341 3630 2395 nefario
3672 2342 3793 2398 cibo
3845 2360 3947 2403 ora

2345 2431 2539 2484 misera
2605 2437 2628 2464 ο
2685 2428 2884 2498 polluta
2946 2429 3272 2498 pamitentite
3318 2439 3442 2485 sunt
3477 2442 3502 2479 P
3550 2448 3691 2488 verm
3728 2449 3944 2492 sermo-

2349 2522 2503 2577 nibus
2551 2521 2835 2590 eXpianda,
2885 2529 2940 2576 et
2986 2523 3037 2577 in
3083 2523 3305 2578 secretis
3345 2524 3522 2579 cordis
3552 2527 3723 2583 lidclis
3755 2531 3948 2586 novel-

2346 2617 2537 2672 landus
2571 2626 2626 2671 et
2666 2616 3064 2672 consecrandus
3103 2626 3187 2673 est
3223 2618 3433 2673 animus
3485 2630 3532 2672 τι.
3586 2618 3770 2677 Crebri
3830 2637 3949 2693 pa}-

2348 2711 2630 2766 nitentium
2656 2710 2886 2781 gemitus
2904 2709 3187 2767 audiantur
3221 2729 3233 2766 :
3268 2727 3375 2768 non
3398 2714 3565 2770 semel
3593 2722 3817 2786 tantum,
3847 2716 3950 2775 scd

1881 2826 2262 2907 LECTIONES
2303 2845 2717 2903 vaunurss.

700 2962 727 2991 °
751 2962 1032 3017 Provocasti
1058 2967 1194 3017 Lam.
1220 2964 1365 3016 Ebur.
1406 2966 1515 3017 ΝΟ.
1543 2966 1592 3015 1.
1618 2967 1745 3017 Βοά.
1768 2968 1818 3016 2.

699 3021 728 3061 δ
764 3026 1046 3079 Extorsisse
1068 3031 1292 3081 dicuntur
1316 3030 1455 3078 Lam.
1479 3027 1624 3080 Ebur.
1649 3030 1774 3080 Bod.
1799 3030 1849 3080 2.
1874 3030 1982 3081 ΝΕ.
2022 3031 2065 3079 1.

704 3089 726 3117 ο
757 3090 915 3138 Pruna
948 3096 1067 3138 Ver-

799 3104 915 3140 rona
948 3096 1067 3143 Ver.

698 3148 727 3187 εὶ
748 3151 909 3201 Divini
931 3163 1093 3213 metus
1113 3156 1246 3205 Lam.
1271 3152 1416 3208 Ebur.
1452 3152 1579 3205 Bud.
1617 3155 1663 3205 1.
1687 3157 1795 3209 NC.
1825 3158 1870 3207 l.

706 3215 729 3277 ῗ
758 3214 1024 3277 Lapsorum
1065 3220 1176 3268 Vat.

703 3271 724 3309 ί
762 3271 1027 3335 Ιιιιίιυάρηε
1048 3278 1252 3329 contulit
1277 3285 1379 3330 Vat.

699 3337 725 3397 β
752 3335 1036 3397 Subjectio:
1058 3340 1161 3389 Hoc
1181 3348 1258 3389 est
1290 3344 1424 3395 Lam.
1460 3344 1600 3395 Ebur.

696 3394 727 3466 ξι
748 3394 937 3466 ἓθᾶᾀε
962 3413 1052 3448 suo
1067 3408 1178 3451 actu
1202 3404 1328 3454 Bod.
1365 3394 1412 3456 17.

704 3458 719 3523 i
747 3458 851 3508 Hoc
878 3461 1118 3523 impresso
1144 3467 1262 3514 Ver.

703 3522 717 3571 i
750 3523 894 3572 Sanis
914 3522 1215 3591 carporibus,
1256 3528 1344 3578 sed
1384 3532 1534 3593 aegris
1554 3529 1775 3581 medicus
1802 3528 1997 3579 dabitur
2018 3528 2151 3577 Lam.

2341 2963 2557 3014 Ebur.2.
2582 2965 2689 3015 ΝΟ.
2710 2965 2760 3015 1.

2405 3025 2433 3100 ξε
2466 3026 2728 3100 §aevientis
2764 3024 2925 3100 omitt:
2942 3027 3078 3100 Lam.
3098 3027 3175 3100 ..Ν
3182 3029 3319 3100 (1..Ιῄζ
3330 3028 3482 3100 Ebur.

2406 3087 2422 3152 1
2451 3086 2751 3152 Attenuante
2768 3090 2927 3139 sanari
2944 3090 3215 3140 Lam.Bud.
3240 3092 3339 3152 1,2.
3364 3095 3409 3142 Ν
3416 3092 3522 3143 ω.
3542 3091 3798 3145 Attenuari
3821 3096 3943 3147 Ver.

2400 3151 2439 3179 ὐ
2458 3150 2698 3214 Υἰάεειιυι·
2743 3152 2936 3214 produci
2963 3153 3095 3214 Lam.
3122 3150 3421 3205 Ebor.Bod.
3452 3156 3496 3214 l,
3532 3153 3579 3205 2.
3605 3157 3728 3206 Ben.
3757 3161 3942 3210 Manut.

2401 3214 2429 3240 “
2456 3213 2595 3261 Malis
2636 3212 2758 3264 Ben'.
2787 3216 2921 3263 Lam.
2948 3212 3092 3263 Ebur.
3117 3217 3223 3265 ΝΟ.
3252 3216 3294 3264 1.

2407 3276 2432 3302 ο
2460 3275 2636 3325 Misera
2678 3273 2865 3327 omittit.
2890 3278 3023 3324 Lttm.
3046 3277 3152 3327 NG.
3177 3278 3225 3324 Ξ.
3256 3279 3378 3326 Ben.

2340 3339 2433 3449 Νὲ
2458 3338 2711 3449 Ιίειιῗὲιοι·
2746 3338 2899 3389 addit.
2938 3339 2986 3387 Ν
2992 3339 3044 3388 C.
3073 3340 3117 3387 1.
3144 3340 3278 3388 \‘eris
3299 3341 3610 3391 sermonibus
3636 3342 3767 3391 Lam.
3792 3342 3942 3396 Ebur.

2438 3437 2447 3447 .
2507 3436 2516 3447 .
2625 3415 2673 3449 η.

2438 3437 2447 3447 .
2472 3413 2516 3448 1.
2552 3413 2673 3451 lien.

2397 3464 2427 3504 ιι
2451 3460 2778 3513 Novellandus
2800 3470 2877 3513 est
2891 3463 3076 3513 animus
3088 3463 3217 3513 Lam.
3239 3463 3364 3514 Bud.
3384 3464 3430 3526 l,
3442 3462 3801 3519 2.Ebor.NC.l.
3816 3470 3921 3521 Ben

1864 3631 2105 3689 STEPH.
2145 3629 2414 3688 BALUZII
2452 3629 2679 3687 NOT/E.

713 3742 1015 3802 VL—Licet
1042 3750 1263 3804 interim.
1297 3749 1350 3804 In
1386 3748 1575 3805 eodem
1601 3756 1812 3805 vetusto
1838 3747 2022 3803 codice
2047 3744 2236 3800 Remi-

633 3816 792 3890 giano
848 3819 1058 3888 legitur,
1107 3822 1221 3875 licet
1251 3822 1381 3874 inter
1412 3822 1558 3875 initia
1607 3821 1851 3890 fratribus
1878 3835 1969 3889 pro
1998 3816 2234 3890 temporis

631 3886 926 3962 conditione
968 3891 1238 3960 destrictis,
1297 3891 1437 3947 haud
1493 3886 1654 3948 dubie
1681 3908 1780 3962 pro
1825 3886 2105 3947 distractis.
2156 3886 2233 3941 Ita

632 3959 794 4034 etiam
822 3962 1055 4030 quinque
1084 3959 1299 4020 codices
1324 3964 1624 4034 Anglicani.

703 4027 778 4083 Te
824 4027 1129 4101 congruente
1172 4027 1588 4091 censui-afuerit
1640 4034 1811 4090 codex
1866 4032 2230 4104 Remigianus,

633 4107 721 4175 nia
746 4112 1052 4175 congruente
1095 4121 1313 4175 censura
1343 4122 1427 4159 eos
1472 4108 1640 4175 digne.
1669 4106 1745 4160 lla
1777 4106 1937 4159 etiam
1964 4105 2233 4160 recentior

632 4168 978 4243 Remigianns
1005 4181 1060 4227 ct
1081 4168 1541 4243 Compendiensis:

706 4239 817 4316 Eos
856 4245 1170 4316 ubjurgasse.
1211 4239 1453 4316 Respicit
1506 4248 1590 4300 hic
1635 4247 1785 4301 locus
1823 4246 1890 4300 ad
1936 4245 2228 4316 Epistulam

633 4328 766 4387 ιδῃ,
799 4314 851 4387 in
879 4314 982 4385 qua
1022 4317 1193 4387 agitur
1241 4317 1309 4372 de
1328 4314 1486 4387 pace
1510 4333 1668 4387 quam
1698 4317 1908 4387 quidam
1937 4314 2230 4373 turbulenti

632 4383 734 4460 sibi
782 4383 958 4441 datam
1002 4383 1219 4460 aiebant
1258 4402 1311 4460 a_
1338 4383 1735 4460 confessoribus
1777 4399 1832 4460 et
1878 4388 2226 4460 martyribus.

633 4454 763 4531 Qua;
786 4472 874 4531 res
901 4471 1148 4531 magnam
1171 4457 1421 4513 invidiam
1445 4459 1769 4531 conﬂaverat
1788 4454 2077 4531 Cypriane,
2107 4462 2230 4528 quia

633 4526 694 4600 id
706 4526 880 4600 aiebat
897 4526 1088 4600 lactant
1107 4543 1227 4584 esse
1242 4539 1425 4585 contra
1441 4529 1773 4600 disciplinam
1792 4526 2229 4586 ecclesiasticam.

632 4594 770 4671 Vide
797 4600 957 4671 etiam
990 4599 1157 4671 Epist.
1188 4617 1294 4656 xw.

706 4667 813 4742 Per
860 4667 1140 4725 absentiam
1167 4682 1324 4727 tuam.
1370 4671 1546 4727 Editio
1593 4672 1896 4727 Manutiana
1920 4683 1975 4727 et
2006 4681 2232 4742 quatuor

2339 3744 2553 3815 dialogo
2616 3747 2856 3799 adversus
2892 3743 3222 3817 Pelagianos
3271 3762 3291 3801 :
3342 3744 3623 3802 Multitudo
3674 3749 3929 3806 sociorum

2340 3832 2612 3886 numquam
2643 3828 2690 3871 te
2709 3816 3036 3879 catholicum,
3052 3816 3145 3871 sed
3166 3817 3457 3872 Ita'reticum
3487 3834 3593 3873 esse
3611 3820 3933 3875 demonstra-

2340 3887 2429 3940 bit.
2461 3889 2612 3954 Nam,
2645 3897 2701 3942 ut
2738 3887 2877 3942 idem
2906 3887 3031 3942 alibi
3059 3888 3153 3952 ait,
3184 3889 3499 3955 peccantium
3526 3890 3797 3943 multitudo
3829 3910 3930 3948 non

2338 3960 2521 4026 quterit
2566 3959 2725 4012 errori
2781 3959 3137 4027 patrocinium.
3191 3959 3395 4015 Seneca
3455 3960 3505 4013 in
3554 3960 3690 4015 libro
3720 3961 3783 4014 de
3823 3961 3941 4017 Vita

2340 4031 2485 4082 beata
2513 4030 2701 4102 cap.72
2735 4048 2747 4083 :
2782 4028 2899 4102 Non
2919 4100 2926 4102 _
2946 4041 3051 4082 tam
3077 4028 3200 4083 bene
3226 4046 3339 4083 cum
3368 4029 3529 4102 rebus
3558 4032 3796 4086 humanis
3822 4035 3939 4102 agi-

2339 4109 2436 4172 tur
2458 4110 2511 4153 ut
2538 4100 2749 4154 meliora
2771 4100 3001 4170 pluribus
3038 4102 3290 4172 placeant.
3338 4101 3702 4172 Argumentum
3731 4100 3943 4172 pessimi

2338 4171 2485 4224 turba
2530 4182 2624 4226 est.
2663 4169 2803 4226 Idem
2851 4172 2942 4225 lib.
2983 4169 3090 4225 Ide
3137 4169 3451 4234 Clementia,
3481 4185 3598 4241 cap.
3645 4171 3708 4227 21
3732 4169 3758 4226 ἐ
3791 4173 3938 4228 Fecit

2335 4242 2471 4295 enim
2516 4243 2929 4297 consuetudinem
2973 4241 3538 4311 peccandigmultitudu
3588 4245 3933 4311 peccantium.

2335 4312 2712 4379 Quintilianus,
2742 4313 2833 4368 lib.
2869 4329 2907 4371 1.
2942 4310 3059 4381 cap.
3091 4312 3124 4366 6
3153 4329 3166 4365 :
3226 4310 3375 4366 Unde
3417 4314 3551 4365 enim
3589 4310 3786 4368 tantum
3818 4316 3936 4370 boni

2335 4394 2389 4437 ut
2414 4384 2643 4454 pluribus
2670 4400 2785 4455 quae
2827 4400 2944 4438 uera
2972 4393 3088 4437 sunt
3117 4384 3394 4454 placeant?
3435 4383 3676 4451 Ovidius,
3709 4386 3801 4441 lib.
3834 4387 3937 4446 Ide

2337 4455 2459 4508 Arte
2481 4456 2686 4508 amandi
2715 4472 2736 4508 :

2385 4464 2459 4509 rte
2481 4456 2686 4509 amandi
2715 4472 2736 4508 :

2584 4569 2833 4632 Pleraque
2855 4578 2971 4620 sunt
2992 4581 3191 4633 semper
3213 4569 3467 4620 deteriora
3489 4570 3651 4621 bonis.

2337 4673 2618 4729 Matthtetts
2648 4672 2844 4727 Bossus
2874 4674 3326 4743 indisputatione,
3360 4690 3478 4744 qua:
3506 4673 3671 4728 estde
3686 4672 3886 4730 Gaudio
3907 4693 3927 4732 :

634 4738 1013 4827 lihriyeteres,
1046 4758 1136 4814 per
1162 4744 1549 4814 impatientiam.
1580 4742 1815 4814 Utraque
1869 4738 2035 4799 lectio
2054 4753 2232 4814 potest
2259 4767 2313 4827 Ι)
2340 4744 2580 4827 ἑευίίᾳιίε
2620 4754 2675 4826 et
2713 4745 2918 4827 pessimi
2940 4738 3159 4827 “erroris
3184 4738 3392 4827 auctur'
3407 4760 3604 4814 semper
3642 4755 3733 4827 est_
3766 4747 3931 4801 turba.

632 4824 753 4865 esse
774 4811 931 4867 bona.

704 4881 956 4958 Canibus.
984 4876 1110 4958 llaec
1152 4901 1267 4958 voxr
1312 4886 1544 4958 itemque
1593 4902 1695 4942 vox
1748 4885 1916 4957 porcis
1964 4884 2157 4942 desunt
2181 4886 2235 4943 in

632 4954 881 5009 utunibus
908 4955 1056 5011 libris
1084 4957 1375 5016 veteribus.

706 5024 972 5080 Stantibus
1002 5027 1165 5081 laicis.
1189 5027 1245 5083 Id
1273 5038 1355 5084 est
1388 5028 1537 5084 Iaicis
1561 5029 1653 5093 qui
1679 5037 1989 5083 constantes
2019 5027 2228 5084 fuerant

634 5094 687 5150 in
709 5095 1054 5170 confessiOne
1080 5100 1336 5170 nominis,
1362 5102 1449 5170 qui
1483 5114 1588 5154 non
1617 5109 1892 5155 cesserant
1921 5101 2221 5165 tormentis,

626 5167 721 5236 qui
768 5184 874 5243 non
926 5167 1589 5243 sacrilicaveguut'idolis.
1619 5170 1749 5225 lude
1776 5172 1829 5243 in
1871 5170 2231 5243 Epistolagsci-

630 5238 816 5309 qucnti
846 5240 1102 5309 scriptum
1134 5252 1216 5295 est
1233 5240 1528 5296 Ecclesium
1555 5256 1673 5295 esse
1697 5238 2040 5296 constitutam
2065 5241 2229 5296 ctiam

631 5307 684 5363 iu
711 5307 992 5381 stantibus.
1020 5310 1156 5367 Vide
1182 5312 1342 5369 etiam
1384 5311 1677 5381 Epistulam
1706 5328 1830 5366 xxx.

708 5378 806 5453 Ubi
822 5382 1158 5438 enim.Vctus
1183 5378 1525 5453 Remigianus
1552 5401 1564 5436 :
1597 5382 1676 5437 lbi
1694 5385 1827 5437 enim
1850 5382 2051 5436 divinus
2069 5390 2229 5436 metus

630 5450 935 5527 relinquitur
967 5470 1084 5527 cum
1122 5465 1225 5527 tam
1254 5450 1407 5527 facile
1437 5454 1920 5527 peccantibusrvenia
1938 5464 2224 5523 praestatur.

633 5521 833 5595 Vocem
864 5536 1025 5579 metus
1052 5521 1446 5581 babent'etiam‘
1484 5526 1686 5595 aliquot
1712 5526 1799 5578 alii
1842 5521 1959 5579 libri
1991 5533 2220 5579 veteres.

708 5593 778 5648 Et
818 5598 881 5667 de
910 5596 1191 5667 Scripturis
1238 5597 1540 5652 instruendi.
1577 5593 1708 5653 Haec
1735 5596 1930 5651 desunt
1980 5596 2030 5649 in
2061 5594 2230 5649 tribus

630 5666 865 5736 antiquis
900 5667 1193 5723 codicibus.

715 5734 851 5803 Quia
873 5740 1021 5791 multi
1050 5749 1186 5794 sunt.
1222 5738 1582 5794 Tertullianus
1612 5739 1663 5793 in
1709 5738 1858 5794 initio
1888 5735 2007 5793 libri
2031 5736 2094 5790 de
2116 5734 2229 5790 Pu-

640 5806 814 5881 dicitia
850 5824 868 5861 :
898 5808 1055 5881 Quasi
1101 5825 1204 5863 non
1251 5810 1452 5881 facilius
1497 5810 1562 5863 sit
1607 5825 1776 5864 errare
1821 5824 1933 5863 cum
1978 5808 2227 5881 pluribus,

639 5876 843 5948 quando
892 5878 1074 5933 veritas
1123 5876 1261 5935 cum'
1288 5880 1485 5955 paucis‘
1515 5889 1731 5936 ametur.
1780 5876 2133 5949 litt-t-ouymus
2175 5880 2230 5935 in

2341 4816 2408 4870 Et
2444 4815 2633 4871 Cicero
2661 4814 2715 4869 in
2748 4816 2900 4870 initio
2940 4815 3064 4869 libri
3108 4814 3511 4869 Tusculanarum
3551 4815 3930 4881 quwstionum:

2341 4887 2422 4940 Ad
2456 4888 2576 4940 vitia
2614 4887 2929 4941 consentiens
2957 4887 3252 4940 multitudo.
3282 4888 3517 4941 Aun0tat
3563 4887 3765 4942 Nonius
3793 4887 3937 4943 Mar-

2341 4957 2507 5029 cellus
2534 4959 2780 5026 antiquos
2814 4972 3099 5025 paucorum
3130 4972 3411 5029 numerum
3457 4958 3699 5029 posuisse
3718 4974 3812 5026 pro
3832 4961 3937 5029 bo-

2341 5027 2446 5092 nis,
2479 5029 2617 5084 sicut
2643 5037 2698 5083 et
2716 5029 3004 5081 multorum
3039 5042 3134 5097 pro
3163 5028 3339 5082 malis.
3368 5026 3429 5081 Τ.
3470 5026 3648 5083 Livius
3679 5028 3773 5081 lib.
3805 5026 3929 5084 sat:

2331 5097 2499 5169 Pauci
2523 5117 2583 5154 ac
2611 5099 2830 5169 uptimus
2857 5096 3065 5169 quisque
3106 5096 3348 5152 Hannoni
3371 5097 3791 5169 assentiebanlur.

2416 5168 2613 5244 Valere.
2634 5171 2760 5244 llaec
2785 5186 2889 5244 vox
2918 5185 3023 5244 non
3040 5168 3266 5244 habetur
3287 5170 3337 5244 in
3353 5168 3587 5244 editione
3602 5168 3929 5244 blorelliana,

2332 5241 2557 5297 ctdeest
2584 5242 2744 5297 etiam
2784 5239 2835 5294 in
2863 5242 3097 5310 quinque
3140 5239 3414 5310 codicibus
3453 5240 3711 5308 antiquis.
3740 5239 3844 5295 Pro
3870 5256 3937 5297 ea

2333 5321 2511 5367 autem
2550 5320 2701 5367 vetus
2728 5309 3072 5380 Remigianus
3101 5309 3319 5380 prazl‘ert
3348 5310 3620 5379 pro/icere.

2414 5381 2689 5437 Patientia.
2713 5380 2938 5448 Quidam
2972 5381 3187 5436 codices
3216 5381 3414 5435 habent
3443 5381 3757 5449 paenitentia,
3793 5381 3935 5438 facili

2335 5462 2388 5506 et
2412 5454 2635 5507 multum
2657 5452 2815 5507 obvio
2843 5467 3048 5515 errore,
3079 5453 3154 5506 uti
3199 5452 3507 5506 monuimus
3546 5451 3612 5506 ad
3637 5451 3936 5521 Epistulam

2335 5538 2465 5597 xvu,
2499 5539 2618 5597 pag.
2654 5523 2779 5578 405.
2803 5523 2983 5578 Codex
3011 5521 3538 5592 Gratianopolitanus
3560 5533 3614 5579 et
3636 5525 3800 5577 editio
3824 5523 3937 5597 Mo-

2334 5595 2469 5649 rellii
2503 5595 2700 5649 habent
2725 5597 2996 5664 sapientia.

2405 5665 2628 5737 Dejectte
2668 5663 2848 5741 utentis
2872 5666 3071 5741 ruinas.
3097 5663 3686 5741 Vetuszﬂllemigianus,
3715 5663 3930 5718 declines
3994 5735 4000 5741 _

2334 5746 2379 5791 et
2407 5735 2670 5807 treittentes
2699 5736 2874 5791 ruinas
2903 5738 3051 5807 erigit
3076 5747 3121 5791 et
3144 5735 3361 5791 extollit.

2418 5805 2667 5879 Vaporem
2697 5805 2994 5878 restinguiti
3013 5807 3148 5863 Tres
3167 5808 3290 5862 libri
3313 5806 3741 5879 veteresltabent
3762 5805 3932 5860 extin-

2334 5880 2440 5955 guit
2468 5876 2777 5951 :Congruas
2800 5876 2939 5953 escas
2959 5879 3184 5935 medicus
3199 5878 3349 5953 tegris
3373 5880 3481 5934 dat.
3512 5876 3632 5933 Non
3648 5880 3801 5945 enim,
3820 5887 3932 5939 etc.
