4250 6282
552 287 662 345 299

1942 282 2080 342 DIVI
2116 283 2441 344 CYPRIANI

3745 288 3855 349 300

554 404 689 460 mihi
716 403 954 462 scribere
980 403 1233 473 voluisse,
1253 409 1312 458 ut
1328 402 1582 460 Ecclesiae
1608 402 1823 459 nomine
1846 401 2054 459 litteras
2079 403 2153 459 fa-
2177 406 2228 466 Α
2254 403 2385 460 dum
2408 402 2619 461 Domini
2647 402 2987 476 disciplinam
3026 402 3207 475 quiete
3249 407 3305 460 et
3348 403 3639 476 tranquille
3665 419 3847 479 agere.

555 506 743 554 cerent
777 538 792 563 ,
830 516 852 550 ι
886 495 1098 568 quando
1142 504 1168 532 ⁸
1208 494 1436 552 ecclesia
1463 495 1518 549 in
1556 496 1812 567 episcopo
1841 503 1896 551 et
1916 495 2062 551 clero
2093 504 2150 550 et

554 588 611 644 in
639 589 889 644 omnibus
913 586 1178 643 stantibus
1200 586 1272 642 sit
1292 587 1604 644 constituta.
1633 606 1653 640 ι
1696 587 1850 644 Absit
1872 589 2016 644 enim
2046 601 2148 644 nec

551 681 769 738 Domini
844 680 872 718 ι’
938 680 1307 737 misericordia
1377 690 1433 737 et
1491 691 1728 752 potestas
1785 682 1900 752 ejus
1948 681 2146 737 invicta

552 773 787 845 patiatur
810 780 868 829 ut
898 772 1139 830 Ecclesia
1170 788 1291 831 esse
1318 772 1529 831 dicatur
1557 774 1831 846 lapsorum
1862 789 2142 843 numerus,

550 877 706 921 cums
722 864 950 935 criptum
963 864 1033 921 sit
1051 883 1064 922 :
1081 864 1220 922 Deus
1237 882 1337 921 non
1352 874 1423 921 est
1439 876 1771 932 mortuorum,
1805 867 1893 923 sed
1922 867 2146 921 uiuorum

552 955 767 1028 (Matth.
798 973 927 1024 XXII,
958 956 1074 1028 52).
1099 957 1299 1014 Omnes
1344 959 1557 1030 quidem
1600 960 1854 1015 vivificari
1876 969 2143 1031 Optamus,

551 1058 608 1107 et
633 1059 691 1106 ut
735 1051 789 1105 in
833 1059 1029 1107 statum
1056 1052 1344 1122 pristinum
1382 1052 1734 1108 restituantur
1770 1054 2017 1123 precibus
2046 1067 2142 1108 no-

548 1143 677 1198 stris
701 1151 755 1198 et
779 1141 1065 1214 gemitibus
1090 1154 1325 1198 oramus.
1350 1144 1405 1200 Si
1432 1154 1609 1199 autem
1632 1144 1845 1215 quidam
1872 1145 2003 1215 lapsi
2036 1145 2141 1200 Ec-

552 1235 773 1292 clesiam
801 1250 859 1292 se
878 1235 1062 1291 volunt
1097 1250 1236 1304 esse,
1267 1244 1321 1292 et
1346 1238 1389 1292 si
1435 1238 1573 1308 apud
1604 1236 1725 1293 illos
1756 1247 1914 1309 atque
1942 1239 1994 1293 in
2039 1238 2144 1295 illis

556 1337 641 1385 est
662 1328 923 1396 Ecclesia,
950 1328 1077 1399 quid
1120 1339 1364 1400 superest
1392 1344 1550 1400 quam
1601 1339 1657 1385 ut
1685 1331 1785 1401 ipsi
1828 1340 2082 1402 rogentur
2112 1349 2144 1388 a

550 1420 706 1477 nobis
732 1428 790 1475 ut
813 1434 912 1476 nus
932 1419 998 1475 ad
1016 1420 1312 1477 Ecclesium
1338 1420 1622 1492 dignentur
1641 1422 1957 1479 admittere?
1983 1424 2143 1480 Sumo

553 1514 749 1570 missos
777 1528 904 1585 ergo
929 1520 985 1569 et
1008 1514 1217 1585 quietos
1241 1522 1294 1569 et
1318 1513 1651 1571 verecundos
1673 1529 1793 1571 esse
1813 1525 2025 1587 oportet
2049 1531 2144 1573 eos

555 1609 645 1676 qui
671 1604 850 1661 delicti
890 1604 972 1661 sui
1002 1619 1272 1661 memores
1300 1605 1611 1661 satisfacere
1656 1606 1769 1662 Deo
1794 1606 2011 1674 debent,
2042 1623 2143 1664 nec

551 1698 810 1756 Ecclesia:
836 1699 1053 1756 nomine
1086 1699 1291 1757 litteras
1312 1699 1511 1767 facere,
1533 1715 1653 1756 cum
1693 1715 1751 1757 se
1779 1702 1947 1773 magis
1972 1703 2144 1758 sciant

546 1790 803 1848 Ecclesia:
832 1790 1086 1847 scribere.

620 1881 688 1937 ll.
727 1881 1073 1952 Scripserunt
1094 1890 1271 1939 autem
1292 1882 1424 1938 mihi
1452 1897 1622 1955 nuper
1644 1884 1861 1956 quidam
1881 1885 1949 1941 de
1978 1885 2142 1956 lapsis

548 1974 779 2030 humiles
803 1983 856 2029 et
879 1974 1037 2031 mites
1064 1983 1121 2031 et
1149 1983 1445 2032 trementes
1468 1987 1519 2031 et
1551 1986 1855 2033 metuentes
1878 1978 2065 2044 Deum,
2089 1988 2145 2036 et

548 2066 639 2138 qui
670 2066 727 2121 in
756 2065 999 2122 Ecclesia
1039 2079 1252 2137 semper
1276 2067 1509 2138 gloriose
1553 2077 1609 2124 et
1635 2068 1908 2141 granditer
1936 2072 2143 2142 operati

544 2171 693 2229 sunt,
722 2172 937 2235 etopus
965 2178 1119 2220 suum
1150 2180 1439 2237 numquam
1470 2165 1696 2221 Domino
1724 2166 2140 2235 imputaverunt,

549 2256 785 2313 scientes
817 2257 966 2312 illum
1011 2257 1212 2315 dixisse
1241 2275 1255 2312 :
1284 2256 1353 2311 Et
1391 2275 1507 2313 cum
1550 2258 1656 2313 htec
1694 2260 1887 2325 omnia,
1900 2258 2140 2329 feceritis,

550 2350 702 2405 dicite
732 2365 751 2404 :
780 2350 927 2407 Serui
954 2353 1255 2423 supervacui
1292 2358 1489 2420 sumus,
1520 2352 1655 2424 quod
1686 2351 1952 2407 debuimus
1980 2355 2147 2425 facere

550 2444 761 2515 fecimus
803 2441 960 2515 (Luc.
985 2459 1105 2511 xm,
1133 2444 1243 2516 10).
1281 2445 1410 2512 Quae
1440 2445 1513 2499 illi
1542 2445 1859 2516 cogitantes,
1880 2451 1935 2499 et
1956 2458 2145 2515 quam-

549 2537 635 2591 vis
660 2536 844 2592 libello
871 2551 901 2591 a
940 2538 1269 2610 martyribus
1293 2545 1535 2609 accepto,
1561 2546 1618 2593 ut
1644 2550 1822 2594 tamen
1857 2550 1888 2592 α
1916 2536 2144 2593 Domino

546 2627 845 2685 satisfactio
892 2642 990 2685 sua
1038 2629 1250 2686 admitti
1298 2630 1488 2701 possit,
1537 2638 1756 2686 orantes
1809 2629 2144 2700 scripserunt

545 2720 681 2776 mihi
726 2735 787 2778 se
825 2721 1082 2779 delictum
1116 2735 1274 2779 suum
1310 2736 1643 2795 cognoscere
1681 2730 1735 2779 et
1772 2722 2143 2794 paenitentiam

543 2826 727 2869 veram
757 2828 940 2886 agere,
986 2828 1089 2871 nec
1133 2815 1200 2871 ad
1226 2830 1414 2886 pacem
1455 2823 1660 2872 temere
1705 2824 1799 2871 aut
1838 2815 2144 2885 importune

542 2918 861 2977 properare,
912 2905 1008 2963 sed
1053 2918 1339 2978 expectare
1368 2909 1714 2979 priesentiam
1758 2916 2024 2974 nostram,
2053 2908 2142 2964 di-

541 3008 728 3055 centes
754 3014 938 3070 pacem
969 3015 1180 3072 quoque
1225 3002 1417 3072 ipsam,
1452 3002 1496 3056 si
1527 3016 1646 3057 eam
1678 3002 1833 3058 nobis
1864 3003 2144 3072 presenti-

543 3089 646 3147 bus
709 3092 1052 3162 acceperint,
1124 3090 1427 3148 dulciorem
1482 3092 1583 3148 sibi
1633 3091 1889 3148 futuram.
1937 3093 2146 3161 Quibus

540 3191 799 3254 quantum
822 3185 1120 3256 gratulatus
1135 3186 1239 3240 sim
1257 3185 1513 3241 Dominus
1535 3187 1688 3241 testis
1707 3194 1811 3253 est,
1835 3188 1924 3258 qui
1947 3187 2137 3260 digna-

2250 3172 2343 3245 5);
2373 3183 2427 3229 et
2470 3174 2663 3230 iterum
2706 3173 2942 3243 loquitur
2983 3171 3260 3242 Scriptura
3296 3172 3473 3228 divina
3521 3191 3536 3228 :

541 3280 628 3329 tus
672 3282 757 3330 est
804 3274 1089 3330 ostendere
1115 3275 1242 3345 quid
1284 3276 1548 3345 ejusmodi
1592 3287 1647 3332 et
1699 3279 1830 3333 tales
1876 3280 2018 3335 servi
2068 3279 2135 3335 de

544 3366 663 3436 ejus
690 3365 1023 3436 benignitate
1052 3376 1382 3422 mereantur.
1410 3367 1555 3436 Quas
1582 3368 1786 3424 litteras
1813 3384 1935 3425 cum
1964 3385 2135 3443 nuper

540 3458 863 3528 acceperim,
889 3466 946 3513 et
973 3473 1115 3515 nunc
1138 3457 1282 3514 aliud
1307 3459 1592 3529 scripsisse
1612 3476 1708 3516 vos
1738 3461 1980 3532 legerim,
2011 3474 2137 3534 pcto

541 3549 858 3606 discernatis
895 3549 1163 3607 desideria
1197 3561 1394 3619 vestra,
1418 3560 1473 3608 et
1507 3554 1827 3625 quicumque
1871 3556 2002 3611 estis
2042 3557 2141 3627 qui

539 3642 640 3699 has
669 3644 873 3701 litteras
901 3659 1043 3700 nunc
1069 3646 1314 3714 misistis,
1344 3648 1559 3703 rrornina
1592 3659 1766 3704 vestra
1800 3649 1981 3705 libello
2010 3650 2138 3706 sub-

538 3735 735 3807 jiciatis
781 3746 836 3793 et
903 3737 1141 3793 libellum
1186 3724 1308 3793 cum
1350 3739 1681 3811 singulorum
1727 3742 2030 3797 nominibus
2066 3743 2135 3797 ad

540 3845 629 3885 mc
656 3828 1051 3885 transmittatis.
1078 3832 1217 3886 Ante
1245 3839 1331 3887 est
1365 3832 1509 3885 enim
1549 3833 1687 3888 scire
1712 3833 1905 3902 quibus
1934 3835 2134 3889 rescri-

540 3921 671 3977 bere
712 3922 960 3977 habeam.
1003 3921 1155 3978 Tunc
1192 3924 1259 3977 ad
1308 3924 1513 3995 singula
1543 3940 1664 3995 qua:
1703 3925 1994 3995 scripsistis
2038 3940 2135 3996 pro

541 4011 648 4069 loci
676 4022 731 4068 et
748 4022 902 4069 actus
922 4014 1093 4069 nostri
1120 4014 1491 4071 mediocritate
1518 4016 1830 4071 rescribam.
1857 4015 1997 4087 Opto
2018 4032 2136 4084 vos,

544 4103 740 4195 fratres
780 4104 1106 4176 charissimi,
1149 4120 1364 4179 semper
1413 4106 1550 4165 bene
1602 4108 1780 4165 valere
1831 4117 1887 4164 et
1936 4124 2135 4165 secun-

2251 496 2462 555 Valete.

2738 614 3067 673 EPISTULA
3113 615 3353 674 XXVI“.

2313 725 2542 791 (Pamel.,
2566 726 2914 798 Rig.,Balug._,
2954 745 3123 782 xxvm.
3170 730 3329 798 Paris.
3353 769 3369 797 ,
3418 746 3561 785 χιιι.
3605 732 3790 798 Oxon.,

2849 792 3002 856 Lips.,
3037 794 3231 856 xxxrv.)

2616 914 2684 955 AD
2710 912 3077 956 PRESBYTEROS
3106 914 3175 956 ET
3199 916 3476 959 DIACONOS.

2230 1010 2648 1069 Attenuatum.
2686 1044 2759 1054 —-
2800 1015 3167 1087 Argumentum
3222 1016 3378 1088 hujus
3435 1018 3663 1089 epistola:
3716 1020 3844 1074 satis

2276 1090 2551 1160 iconvenil
2616 1123 2730 1160 cum
2812 1107 3117 1177 prmeedenti
3147 1147 3164 1173 ,
3238 1123 3300 1162 ac
3372 1118 3496 1179 puto
3564 1126 3676 1164 eam
3745 1126 3852 1165 esse

2321 1198 2385 1251 de
2419 1215 2520 1268 qua
2559 1200 2615 1253 in
2666 1200 2895 1271 sequenti
2945 1200 3162 1270 epistola
3191 1202 3458 1272 loquitur;
3487 1203 3666 1258 laudat
3713 1205 3848 1259 enim

2321 1291 2511 1344 clerum
2540 1308 2709 1356 suum,
2759 1291 2895 1362 quod
2923 1290 3107 1347 Gaium
3133 1292 3448 1349 Diddensem
3476 1296 3846 1367 presbyterum,

2322 1393 2367 1438 et
2392 1383 2663 1440 diaconum
2697 1387 2836 1454 eius,
2868 1387 2957 1457 qui
2980 1386 3140 1459 lapsis
3173 1396 3355 1443 temere
3385 1389 3846 1460 communicabant,

2325 1480 2677 1535 communione
2742 1481 3013 1536 movissent
3041 1521 3059 1549 ,
3106 1489 3154 1537 et
3198 1490 3251 1535 ut
3295 1482 3357 1536 de
3400 1482 3518 1538 aliis
3545 1483 3849 1555 quibusdam

2325 1571 2547 1641 idipsum
2574 1570 2665 1639 ﬁat
2703 1570 2957 1627 hortatur.

2319 1682 2365 1738 Ι.
2407 1682 2709 1755 Cyprianus
2755 1684 3089 1757 presbyteris
3135 1695 3189 1741 et
3236 1684 3553 1743 diaconibus
3590 1686 3846 1745 fratribus

2174 1806 2224 1867 Β
2251 1774 2497 1831 salutem.
2546 1776 2757 1848 lntegre
2798 1786 2854 1833 et
2899 1792 3021 1833 cum
3057 1777 3341 1849 disciplina
3382 1776 3610 1849 fecistis,
3653 1779 3847 1837 fratres

2249 1868 2573 1936 eharissimi,
2609 1869 2774 1940 quod,
2804 1869 3034 1926 consilio
3082 1870 3405 1942 collegarum
3466 1886 3708 1927 meorum
3754 1872 3847 1942 qui

2246 1969 2544 2031 praesentes
2568 1970 2741 2026 erant,
2770 1960 2906 2018 Gaio
2928 1960 3181 2016 Diddensi
3210 1962 3525 2033 presbytero
3538 1972 3593 2017 et
3616 1961 3847 2019 diacono

2248 2052 2366 2123 ejus
2391 2052 2675 2109 censuistis
2714 2068 2821 2109 non
2859 2054 3386 2119 communicandum,
3410 2056 3523 2126 qui,
3544 2057 3844 2112 communi-

2247 2144 2421 2201 cando
2450 2160 2573 2201 cum
2628 2146 2791 2216 lapsis
2828 2154 2884 2201 et
2909 2145 3187 2203 otferendo
3216 2145 3517 2203 oblationes
3547 2162 3755 2214 eorum,
3789 2149 3844 2204 in

2251 2238 2429 2309 pravis
2457 2239 2733 2295 erroribus
2752 2240 2865 2295 suis
2890 2240 3198 2310 frequenter
3220 2239 3567 2311 deprehensi,
3595 2251 3651 2296 et
3675 2242 3845 2298 semel

2249 2345 2409 2405 atque
2440 2336 2657 2397 iterum,
2685 2333 2983 2391 secundum
3007 2333 3153 2404 quod
3182 2333 3315 2390 mihi
3342 2333 3654 2405 scripsistis,
3683 2348 3713 2388 a
3734 2335 3847 2392 col-

2246 2427 2384 2499 legis
2412 2430 2548 2484 meis
2591 2429 2780 2483 moniti
2821 2444 2889 2483 ne
2917 2428 3019 2483 hoc
3048 2427 3304 2495 facerent,
3338 2427 3395 2483 in
3425 2429 3845 2499 praesumptione

2250 2527 2304 2575 et
2343 2520 2564 2575 audacia
2592 2534 2686 2575 sua
2728 2519 3071 2589 pertinaciter
3095 2519 3467 2589 perstiterunt,
3512 2519 3844 2591 decipientes

2248 2610 2508 2683 quosdam
2551 2610 2743 2667 fratres
2785 2626 2852 2667 ex
2877 2610 3036 2682 plebe
3077 2619 3294 2679 nostra;
3325 2612 3521 2682 quibus
3560 2628 3660 2669 nos
3695 2614 3844 2670 omni

2248 2703 2550 2760 humilitate
2603 2716 2626 2743 ο
2681 2703 2984 2760 consultum
3025 2704 3290 2775 cupimus,
3335 2712 3389 2760 et
3416 2718 3642 2775 quorum
3684 2706 3845 2763 saluti

2249 2814 2356 2856 non
2382 2798 2687 2856 adulatione
2715 2798 3034 2869 composita,
3077 2797 3174 2855 sed
3213 2798 3420 2855 sincera
3450 2798 3555 2855 fide
3580 2801 3845 2870 prospici-

2248 2904 2370 2948 mus
2411 2900 2471 2948 ut
2512 2907 2640 2947 vera
2673 2892 2983 2962 paenitentia
3028 2902 3082 2947 et
3123 2893 3322 2964 gemitu
3362 2902 3417 2949 et
3460 2893 3650 2951 dolore
3688 2895 3849 2965 pleno

2250 2983 2539 3040 Dominum
2572 2982 2598 3022 ἀ
2638 2984 3019 3055 deprecentur,
3050 2984 3093 3018 "
3124 2986 3247 3055 quia
3289 2986 3545 3056 scripwm
3575 2994 3662 3043 est
3687 3005 3699 3041 :
3729 2986 3849 3043 lle-

2249 3088 2437 3135 mento‘
2461 3080 2597 3134 unde
2641 3078 2907 3145 cecideris,
2950 3088 2997 3133 et
3039 3095 3136 3150 age
3175 3080 3523 3150 penitentiam
3568 3078 3752 3152 (Apoc.
3785 3096 3844 3147 tt,

3593 3173 3686 3229 Sic
3725 3174 3846 3229 dicit

2244 3264 2498 3320 Dominus
2524 3281 2544 3320 :
2570 3264 2700 3320 Cum
2724 3280 2995 3319 conversus
3021 3264 3291 3335 gemueris,
3322 3273 3442 3319 tunc
3466 3263 3763 3333 salvaberis,
3793 3272 3842 3320 et

2242 3357 2368 3412 scies
2395 3357 2481 3411 ubi
2506 3358 2667 3428 fueris
2692 3355 2830 3428 (Isa.
2858 3370 2984 3422 xxx,
3016 3353 3132 3428 15).

2313 3452 2377 3507 Il.
2414 3450 2770 3522 Ingemiscere
2803 3457 2981 3505 autem
3013 3458 3067 3504 et
3108 3463 3267 3521 agere
3310 3447 3678 3519 paenitentiam
3708 3452 3843 3521 quo-

2241 3543 2406 3602 modo
2436 3551 2662 3615 possunt
2687 3556 2920 3614 quorum
2964 3540 3254 3613 gemitibus
3299 3551 3352 3597 et
3381 3540 3633 3614 lacrymis
3675 3541 3844 3598 inter-

2243 3638 2438 3695 cedunt
2497 3635 2716 3707 quidam
2742 3636 2809 3691 de
2855 3634 3204 3707 presbyteris,
3236 3645 3293 3690 ut
3341 3635 3846 3692 communicandum

2241 3747 2362 3788 cum
2413 3730 2518 3786 illis
2570 3740 2773 3785 temere
2818 3729 3160 3785 existiment?
3204 3727 3507 3785 nescientes
3531 3731 3654 3801 quia
3711 3732 3850 3787 scri—

2244 3826 2503 3898 ptum‘est
2531 3843 2544 3879 :
2581 3823 2682 3892 Qui
2716 3838 2803 3878 cos
2825 3824 2996 3895 felitcs
3020 3823 3255 3891 edicunt,
3284 3824 3337 3877 in
3363 3838 3585 3879 errarem
3609 3839 3697 3880 ros
3724 3824 3843 3879 mlt-

2243 3929 2376 3984 tum,
2395 3928 2443 3974 et
2461 3919 2690 3974 semitam
2706 3919 2892 3985 pedum
2912 3924 3187 3971 vestrorum
3209 3916 3415 3971 turbant
3449 3914 3584 3990 (Isa.
3618 3934 3696 3988 ιιι,
3730 3917 3843 3992 12).

2244 4013 2434 4069 Merito
2476 4012 2711 4068 salubria
2741 4018 2923 4067 nostra
2955 4016 3010 4065 et
3028 4025 3151 4065 vera
3181 4010 3405 4066 consilia
3454 4010 3587 4066 nihil
3628 4026 3845 4084 promo-

2245 4105 2523 4172 vent,dum
2536 4103 2811 4160 blanditiis
2832 4101 2849 4140 ί
2864 4112 2926 4161 et
2948 4102 3339 4175 palpationibus
3363 4103 3676 4175 perniciosis
3702 4106 3847 4162 salu-

1756 4243 2142 4303 LECTIONES
2208 4241 2622 4300 VARIANTES.

608 4337 637 4412 ε
658 4335 1122 4412 Χοιιὲἓεερίειιεειηάο
1144 4336 1304 4401 Inmr-

606 4396 638 4438 Β
661 4398 738 4449 Ne
760 4396 961 4449 Domini
975 4401 1134 4451 Oxon.

543 4516 548 4522 _
608 4466 633 4495 ο
662 4462 886 4513 Utilitate
909 4460 1037 4513 Bod.
1054 4463 1102 4514 1.

2164 4442 2221 4511 D
2313 4459 2333 4498 ί
2362 4442 2668 4511 animus
2684 4442 2781 4511 csa

2310 4336 2339 4375 ἀ
2364 4336 2558 4386 Domini
2581 4326 2707 4385 Bod.
2736 4334 2783 4385 1.

2312 4402 2336 4430 υ
2362 4398 2656 4449 Nescientes
2684 4398 2776 4447 seri
2817 4402 2917 4446 tum
2943 4409 3056 4448 esse
3082 4410 3093 4446 :
3116 4395 3209 4458 Qui
3234 4407 3321 4449 vos
3342 4403 3395 4448 et
3417 4397 3591 4450 beatos
3622 4392 3749 4452 Bod.

2313 4459 2333 4498 ί
2362 4460 2668 4511 Blandientis
2684 4412 2869 4523 Coniic.
2898 4457 3076 4525 Rigalt.

1802 4567 2043 4627 STEPH.
2085 4566 2353 4625 BALUZII
2390 4564 2622 4622 NOTIE.

627 4684 697 4744 Ut
722 4683 1008 4743 Ecclesia!”
1020 4725 1039 4759 .7
1054 4688 1306 4759 facerent.
1317 4684 1422 4741 Ista
1449 4684 1626 4759 addita
1644 4695 1764 4742 sunt
1782 4701 1847 4742 ex
1863 4687 2003 4743 libro
2017 4700 2143 4743 meo

552 4770 737 4815 vetere
766 4770 830 4829 et
867 4774 933 4814 ex
980 4757 1214 4813 editione
1258 4757 1501 4829 Morellii.
1538 4758 1672 4826 Quae.
1710 4760 1877 4815 miror
1918 4769 2142 4829 praster-

557 4831 721 4885 niissa
750 4828 915 4885 fuisse
941 4845 971 4882 a
1005 4829 1239 4884 Parnelio
1264 4840 1318 4884 et
1356 4827 1619 4899 Rigaltiu,
1664 4846 1784 4885 cum
1828 4827 2030 4897 absque
2078 4830 2145 4884 iis

559 4916 751 4957 sensus
791 4916 898 4956 non
941 4899 1013 4956 sit
1050 4902 1278 4971 integer.
1322 4899 1486 4955 Recte
1529 4916 1657 4971 ergo
1703 4900 1945 4956 fecerunt
1987 4900 2143 4970 Angli

560 4973 661 5027 ista
690 4980 1033 5042 rcponentes.
1063 4969 1381 5042 Bcinbartus
1408 4969 1614 5038 omisit,
1642 4973 1763 5042 quia
1806 4987 1868 5028 ea
1910 4986 2017 5028 non
2067 4969 2146 5026 in-

563 5040 812 5099 veniebat
834 5041 1151 5114 in‘editione
1177 5040 1413 5114 Bigaltii.

624 5117 852 5197 .Quando
882 5110 1131 5169 Ecclesia.
1197 5110 1373 5169 verba
1416 5116 1542 5169 sunt
1589 5113 1860 5185 lapsorum
1918 5112 1984 5169 ad
2049 5110 2153 5185 Cy-

596 5201 825 5242 rtanutn.

627 5202 825 5241 ianum.

558 5202 854 5329 ιΤνιηυὶειιι.
886 5254 1002 5312 Non
1029 5253 1535 5329 admoneremghanc
1582 5271 1788 5323 vocem,
1824 5271 1983 5329 quam
2016 5271 2153 5327 prrc-

562 5327 742 5384 ferunt
770 5329 1033 5384 editiones
1054 5326 1301 5394 Manutii,
1336 5326 1597 5393 Morellii,
1638 5340 1691 5385 et
1737 5326 1989 5391 Panielii,
2033 5330 2151 5398 qua:

562 5410 737 5456 exstat
764 5401 925 5454 etiam
963 5401 1013 5453 in
1048 5398 1183 5453 libro
1222 5413 1343 5455 meo
1368 5400 1533 5456 veteri
1578 5408 1632 5455 et
1677 5404 1727 5455 in
1760 5398 2152 5467 Grati:m0p01i-

560 5481 709 5538 tano,
743 5471 1028 5541 positarna
1060 5485 1145 5524 mc
1169 5485 1289 5526 esse
1318 5472 1369 5525 in
1409 5471 1510 5526 hoc
1548 5470 1699 5539 loco,
1742 5472 1844 5526 nisi
1892 5470 2150 5541 Rigaltius

559 5552 615 5599 et
641 5540 804 5598 editio
833 5540 1123 5612 Anglicana
1166 5557 1261 5612 pro
1298 5557 1361 5598 ea
1396 5542 1673 5610 haberent,
1706 5542 1963 5607 invidiam,
2004 5540 2151 5595 nullo

560 5628 724 5669 sensu
755 5625 846 5668 aut
875 5622 1020 5668 certe
1049 5616 1299 5682 pessimo.
1333 5614 1467 5668 Puto
1496 5623 1670 5668 autem
1706 5614 1987 5684 Bigaltium
2029 5628 2147 5667 eam

561 5700 780 5754 pravam
811 5685 1092 5757 lectionem
1121 5684 1391 5752 accepiSsc
1436 5699 1503 5741 ex
1547 5685 1683 5742 libro
1722 5684 1994 5755 Fuxensi,
2040 5698 2149 5757 quo

560 5769 712 5813 usum
735 5770 855 5814 esse
885 5754 1032 5811 illum
1055 5765 1281 5813 constat.

2246 4758 2274 4811 ὁ
2316 4685 2380 4769 ll.
2415 4717 2485 4726 —
2509 4684 2849 4757 Benignitate.
2880 4684 3040 4741 Liber
3067 4699 3218 4742 meus
3241 4694 3293 4740 ct
3313 4684 3484 4742 editio
3502 4682 3844 4757 Morellians,

2278 4768 2537 4811 anitatem.

2278 4759 2537 4813 anitatem.

2322 4831 2499 4884 Ertsr.
2562 4843 2752 4884 xxvm.
2802 4857 2876 4869 -——
2926 4827 3052 4883 Haec
3114 4828 3338 4897 epistola
3408 4830 3639 4898 primum
3704 4828 3844 4885 edita

2249 4909 2331 4955 est
2360 4917 2387 4953 ει
2419 4901 2670 4955 Manutio.
2702 4899 2971 4954 Pamelius
2992 4899 3194 4954 nullum
3223 4900 3365 4955 illius
3390 4908 3543 4955 vetus
3569 4901 3843 4968 exemplar

2252 4972 2456 5025 lialmit.
2497 4971 2651 5041 Angli
2687 4984 2851 5025 unum
2889 4970 3188 5026 habuerunt
3228 4985 3293 5025 ex
3337 4970 3660 5027 bibliotheca
3703 4971 3845 5025 Bod-

2254 5042 2448 5097 leiana.
2496 5043 2606 5112 Ego
2654 5057 2819 5097 unum
2863 5041 3022 5095 habui
3067 5057 3131 5096 ex
3173 5042 3512 5107 Colhertina,
3557 5041 3703 5112 quod
3749 5042 3847 5095 fuit

2257 5113 2382 5167 olim
2424 5113 2632 5183 collegii
2672 5114 2950 5168 Fuxensis.
2992 5112 3161 5169 Habui
3199 5114 3362 5168 etiam
3399 5128 3564 5168 unum
3597 5127 3664 5167 ex
3695 5127 3841 5177 mea,

2257 5185 2399 5239 aliud
2440 5201 2505 5240 ex
2545 5186 2678 5241 urbc
2715 5184 3231 5254 Gratianopolitana.
3270 5183 3439 5239 Purro
3487 5183 3715 5254 cpistola
3742 5184 3845 5239 ista

2256 5255 2339 5310 his
2365 5256 2628 5325 descripta
2660 5266 2742 5311 est
2770 5257 2820 5309 in
2848 5253 2988 5309 libro
3018 5254 3271 5309 Fuxensi.

2332 5327 2453 5382 1.-
2469 5327 2778 5398 Composita.
2798 5325 2872 5380 Ita
2903 5328 3074 5382 codex
3096 5325 3368 5382 anensis
3385 5336 3438 5383 et
3460 5326 3725 5382 editiones
3742 5325 3851 5381 Ma-

2257 5400 2390 5452 nntii
2420 5410 2470 5453 et
2501 5398 2743 5453 Morellii.
2778 5400 2845 5451 At
2866 5398 3035 5452 codex
3064 5412 3216 5453 meus
3239 5409 3291 5453 ct
3321 5398 3850 5468 Gratianopolitanus

2254 5470 2543 5539 pricfcrunt
2583 5477 2841 5541 corrupta.
2878 5469 2966 5524 Sic
2993 5469 3155 5524 etiam
3181 5470 3234 5525 in
3277 5485 3386 5524 uno
3427 5468 3722 5526 Bodleiano
3748 5468 3852 5540 legi

2255 5550 2576 5595 monuerunt
2603 5542 2778 5611 Angli.

2331 5609 2760 5667 Il.—Blanditiis.
2792 5610 3009 5667 Tacitus
3023 5611 3114 5668 lib.
3136 5612 3521 5668 tﬂistoriarum
3543 5629 3557 5665 :
3576 5609 3852 5666 Blanditus

2253 5683 2527 5755 pessimum
2555 5684 2657 5736 veri
2697 5681 2910 5750 n/fectus
2938 5698 3208 5738 uenenum.
3239 5683 3311 5716 “’
3342 5684 3411 5739 Et
3440 5683 3506 5755 in
3535 5685 3641 5737 vita
3666 5683 3846 5755 WAgri-

2252 5753 2422 5812 uoltu:
2467 5753 2752 5811 Pessimum
2777 5755 3096 5811 inimicorum
3116 5771 3283 5831 genus
3320 5754 3609 5817 undantes.
3652 5753 3844 5813 Cicero
