4222 6288
509 291 617 349 505

1887 276 2025 335 DIVI
2062 273 2384 335 CYPRUM

3693 264 3801 330 SOI

511 419 628 460 cem
659 415 765 459 non
793 401 1020 458 dandam
1053 397 1152 454 sibi
1179 395 1530 468 postulantes,
1573 391 1667 448 sed
1697 391 1846 463 quasi
1868 392 1977 462 jam
2003 392 2097 446 da-
2129 391 2178 450 Α
2207 391 2302 444 ista
2336 405 2452 459 qua:
2487 385 2720 442 diximus
2758 384 2994 457 graviter
3033 381 3353 455 affligerent,
3388 388 3567 439 tamen
3597 397 3802 439 moero-

514 510 621 553 tam
662 497 764 554 sibi
792 495 1141 557 vindicantes,
1170 488 1311 559 quod
1359 485 1540 542 dicant
1578 484 1798 540 Paulum
1853 483 2102 539 omnibus

514 605 701 660 pacem
748 586 982 652 dedisse,
1035 581 1172 637 sicut
1247 581 1300 635 in
1352 579 1546 635 litteris
1591 592 1781 634 eorum
1816 619 1831 646 ,
1876 590 2102 647 quarum

512 681 817 751 exemplum
865 676 932 732 ad
959 689 1056 731 vos
1094 673 1388 738 transmisi,
1443 670 1652 742 legetis,
1683 670 1949 741 simulque
1977 668 2103 740 quid

511 790 611 846 ego
651 774 732 830 eis
756 771 993 826 breviter
1019 769 1230 825 interim
1271 765 1672 836 rescripserim;
1714 762 1806 818 sed
1837 771 1893 818 et
1920 761 2106 832 quales

510 878 697 942 postea
730 866 797 922 ad
826 865 1027 921 clerum
1061 863 1263 919 litteras
1312 861 1526 917 fecerim
1565 866 1626 914 ut
1663 858 1802 913 seire
1854 855 2104 928 possetis,

516 963 676 1034 hujus
717 975 932 1031 quoque
975 958 1054 1015 rei
1101 955 1406 1026 exemplum
1451 953 1602 1008 vobis
1653 951 1794 1006 misi.
1861 948 2013 1016 Quod
2061 951 2107 1003 si

517 1055 654 1110 ultra
698 1053 973 1108 temeritas
1026 1064 1216 1104 eorum
1263 1062 1362 1102 nec
1387 1046 1528 1101 meis
1573 1059 1672 1099 nec
1697 1043 1888 1097 vestris
1917 1041 2109 1096 litteris

512 1158 821 1216 compressa
863 1141 1043 1208 fuerit,
1077 1155 1178 1196 nec
1225 1137 1465 1196 consiliis
1493 1135 1800 1191 salubribus
1828 1133 2108 1202 obtempe-

514 1237 744 1304 raverit,
775 1249 996 1307 agemus
1024 1249 1086 1290 ea
1132 1249 1252 1305 quas
1300 1230 1595 1289 secundum
1630 1227 1976 1299 Evangelium
2004 1225 2110 1280 Do-

514 1333 691 1388 minus
741 1344 898 1400 agere
928 1328 1202 1400 praecepit.
1244 1327 1384 1397 Opto
1404 1340 1520 1390 vos,
1559 1323 1754 1378 fratres
1783 1317 2107 1386 charissimi,

513 1438 729 1496 semper
751 1423 889 1480 bene
920 1422 1122 1478 valere.
1147 1419 1361 1476 Valete.

1053 1553 1385 1612 EPISTOLA
1411 1552 1583 1609 XXX.

523 1672 752 1741 (Pamel.,
775 1671 1181 1741 RigalthBaluzq
1209 1683 1331 1721 xxx.
1355 1669 1534 1741 Paris?
1573 1681 1711 1717 χχιχ.
1738 1666 1932 1741 9.303).,
1955 1665 2107 1730 Lips,

783 1731 1145 1786 xx'xvr.'1\'ovat.
1169 1731 1283 1797 Opp.
1311 1733 1392 1783 ed.
1413 1731 1638 1782 Jackson.
1666 1747 1713 1794 p.
1737 1731 1872 1794 309.)

627 1861 950 1904 PRESBYTERI
1010 1860 1082 1902 ET
1142 1858 1354 1902 DIACONI
1407 1857 1570 1899 ιιοιυιξ
1624 1855 2005 1898 CONSISTENTES

1092 1955 1164 1994 AD
1220 1951 1520 1995 CYPBIANUI

522 2062 916 2119 Ancum-mrum.
957 2084 1030 2098 --
1073 2054 1302 2110 Ecclesia
1350 2054 1588 2109 Romana
1625 2053 1923 2108 sententiam
1968 2065 2115 2105 suam

595 2157 657 2211 de
703 2154 858 2226 lapsis
883 2169 999 2207 cum
1041 2150 1452 2222 Carthaginensis
1479 2147 1694 2202 decretis
1731 2145 2116 2202 consentientem

596 2249 857 2320 proponit.
885 2245 1142 2316 ——Lapsis
1162 2243 1392 2299 adhibita
1418 2241 1740 2314 indulgentia
1759 2240 1826 2294 ad
1851 2237 2117 2308 Evangelii

599 2359 831 2398 normam
864 2339 1103 2410 exigitur.
1126 2366 1200 2377 --
1224 2335 1412 2390 Parem
1433 2352 1525 2390 con
1535 2335 1804 2406 fessoribus
1829 2347 2117 2387 concessam

595 2437 764 2507 gratia
805 2442 1001 2488 tantum
1025 2440 1072 2487 et
1096 2430 1353 2501 favoribus
1385 2428 1534 2482 inniti
1574 2427 1692 2481 inde
1738 2434 1933 2480 constat
1975 2423 2113 2494 quod

598 2529 733 2601 lapsi
779 2528 848 2582 ad
898 2526 1183 2597 EpiscOpos
1236 2523 1581 2578 remittantur.
1605 2551 1679 2562 -—
1702 2519 1954 2576 Seditiosa
1979 2517 2120 2590 pacis

596 2621 872 2694 postulatio
911 2617 1216 2674 Felicissimi
1263 2615 1474 2687 factioni
1509 2613 1835 2685 imputanda.

598 2736 638 2791 l.
667 2734 938 2806 Cypriane
987 2747 1140 2804 papa:
1171 2729 1472 2804 presbyteri
1526 2738 1581 2786 et
1633 2728 1887 2785 diacones
1936 2727 2121 2783 Roma:

525 2827 880 2885 consistentes
908 2823 1155 2879 salutem.
1182 2821 1316 2878 Cum
1345 2822 1776 2893 perlegissemus,
1809 2820 1974 2876 frater
1996 2821 2124 2875 cha-

532 2919 768 2983 rissime,
794 2917 1000 2972 litteras
1024 2925 1164 2979 tuas,
1187 2929 1323 2986 quas
1353 2929 1448 2985 per
1478 2913 1832 2969 Fortunatum
1863 2912 2124 2984 hypodia-

535 3027 730 3068 conum
758 3011 1004 3074 miseras,
1023 3009 1241 3080 gemino
1270 3022 1457 3062 sumus
1477 3005 1662 3062 dolore
1689 3004 1920 3076 perculsi
1949 3015 2004 3061 et
2025 3006 2122 3060 du-

525 3105 648 3174 plici
690 3119 922 3160 moerere
951 3102 1194 3167 confusi,
1245 3099 1387 3172 quod
1419 3115 1592 3172 neque
1633 3099 1727 3154 tibi
1773 3097 1989 3170 requies
2018 3099 2123 3154 ulla

2209 483 2282 538 ris
2314 483 2479 536 nostri
2508 491 2612 536 tam
2641 496 2855 550 gravem
2887 477 3151 534 sarcinam
3182 477 3335 547 vigor
3365 487 3488 532 tuus
3509 488 3562 532 et
3607 493 3807 533 secun-

2207 577 2333 631 dum
2363 574 2724 646 evangelicam
2752 573 3091 643 disciplinam
3118 570 3352 625 adhibita
3374 571 3632 626 severitas
3665 582 3806 625 tem-

2211 676 2362 738 perat
2410 676 2435 703 α
2464 709 2480 733 ,
2531 667 2655 722 dum
2711 675 2764 720 et
2807 663 3162 735 quorumdam
3217 663 3616 733 improbitatem
3657 662 3804 732 jnste

2210 775 2450 824 coerces,
2483 768 2537 815 et
2575 759 2906 814 cohortando
2945 756 2973 795 ι)
3015 758 3083 813 ad
3113 757 3485 828 paenitentiam
3507 799 3522 824 ,
3554 756 3695 810 viam
3727 756 3809 811 lc-

2209 851 2448 923 gitimam
2529 853 2715 907 salutis
2769 851 3009 908 ostendis
3081 863 3127 904 ε.
3187 851 3336 917 Quos
3385 850 3610 919 quidem
3678 848 3812 905 satis

2213 947 2390 1000 mirati
2419 961 2604 1001 sumus
2632 946 2698 1000 ad
2734 948 2834 1001 hoc
2862 961 3030 1016 usque
3059 943 3304 1016 prosilire
3329 945 3587 1012 voluisse,
3620 954 3676 1000 ut
3699 955 3808 1000 tam

2213 1049 2468 1110 urgenter
2495 1048 2552 1095 et
2578 1049 2684 1093 tam
2735 1038 3022 1093 immaturo
3061 1047 3220 1108 atque
3241 1039 3438 1094 acerbo
3461 1047 3720 1107 tempore,
3754 1040 3809 1094 in

2213 1142 2319 1188 tam
2370 1133 2572 1204 ingenti
2617 1143 2672 1188 et
2709 1119 2972 1188 immenSo
3000 1133 3224 1188 crimine
3249 1142 3412 1202 atque
3450 1131 3669 1197 delicto,
3698 1146 3811 1202 pa—
3902 1155 3910 1158 -

2212 1240 2329 1281 cem
2361 1225 2461 1281 sibi
2491 1241 2597 1281 non
2629 1235 2736 1280 tam
2793 1233 3040 1296 peterent
3063 1240 3220 1294 quam
3259 1224 3613 1291 vindicarent,
3643 1226 3810 1282 immo

2209 1316 2320 1387 jam
2363 1328 2418 1373 et
2459 1318 2511 1372 in
2565 1317 2716 1372 caelis
2758 1316 2960 1372 habere
2990 1331 3048 1371 se
3076 1316 3336 1372 dicerent.
3363 1317 3462 1383 Qui
3510 1317 3554 1370 si
3587 1315 3810 1386 habent,

2213 1411 2341 1482 quid
2393 1420 2578 1482 petunt
2619 1410 2760 1481 quod
2793 1409 3023 1465 tenent?
3051 1409 3108 1465 Si
3129 1418 3308 1464 autem
3333 1426 3438 1466 non
3466 1409 3667 1464 habere
3691 1409 3812 1465 illos

2216 1501 2472 1573 probatur
2521 1503 2624 1557 hoc
2670 1503 2787 1572 ipso
2837 1500 2982 1572 quod
3017 1509 3228 1572 petunt,
3253 1516 3350 1556 cur
3395 1515 3504 1556 non
3551 1501 3810 1571 judicium

2215 1609 2402 1650 eorum
2432 1593 2697 1649 sustinent
2737 1609 2765 1647 a
2807 1593 3001 1663 quibus
3043 1593 3330 1664 petendam
3386 1607 3592 1664 pacem,
3649 1607 3810 1664 quam

2217 1689 2400 1759 utique
2448 1704 2554 1743 non
2608 1687 2848 1754 habent,
2884 1688 3243 1758 putaverunt?
3299 1687 3452 1755 Quod
3499 1688 3544 1742 si
3590 1687 3812 1744 aliunde

2143 1785 2192 1847 Β
2224 1782 2631 1855 praerogativam
2679 1781 3183 1836 communicationis
3222 1779 3421 1836 habere
3467 1793 3527 1836 se
3563 1779 3814 1850 credunt,

2216 1893 2336 1933 cum
2389 1875 2682 1947 Evangelio
2729 1875 2874 1930 illam
2927 1872 3176 1930 conferre
3226 1883 3509 1940 conentur;
3539 1883 3597 1928 ut
3618 1874 3688 1929 ita
3717 1873 3815 1930 de-

2215 1988 2362 2029 mum
2415 1971 2640 2026 firmiter
2667 1969 2863 2036 valeat,
2894 1970 2940 2026 si
2967 1969 3034 2024 ab
3079 1970 3388 2040 evangelica
3419 1974 3532 2042 lege
3563 1985 3668 2024 non
3696 1969 3810 2024 dis-

2216 2072 2391 2120 sonat.
2421 2065 2709 2128 Cmterum,
2741 2076 2849 2131 quo
2880 2069 3034 2130 pacto
3065 2060 3425 2131 evangelicam
3450 2061 3642 2131 poterit
3671 2073 3812 2129 pra:-

2218 2166 2361 2213 stare
2413 2154 2953 2212 communicationem
3006 2152 3146 2223 quod
3189 2161 3377 2208 contra
3449 2151 3812 2224 evangelicam

2217 2251 2490 2307 decretum
2522 2249 2734 2305 videtur
2781 2248 3097 2303 veritatem?
3125 2262 3270 2316 nam,
3293 2262 3414 2302 cum
3456 2247 3631 2303 omnis
3672 2261 3814 2318 prie-

2220 2343 2458 2414 rogativa
2491 2343 2560 2396 ita
2599 2341 2813 2397 demum
2844 2343 2909 2395 ad
2942 2340 3281 2412 indulgentiae
3315 2341 3646 2411 privilegium
3690 2355 3816 2410 spe-

2221 2445 2347 2504 ctet,
2365 2437 2409 2491 si
2431 2436 2498 2490 ab
2525 2450 2590 2492 eo
2617 2437 2703 2491 cui
2735 2435 2926 2491 sociari
2949 2435 3142 2505 qurerit
3165 2448 3271 2488 non
3289 2433 3719 2505 discrepet,quia
3745 2433 3814 2490 ab

2221 2545 2287 2587 eo
2306 2531 2390 2587 cui
2411 2530 2604 2586 sociari
2632 2529 2825 2599 qumrit
2851 2529 3141 2598 discrepat,
3173 2543 3395 2584 necesse
3416 2538 3500 2585 est
3525 2529 3810 2600 indulgen-

2224 2624 2351 2679 tiam
2377 2633 2432 2679 et
2462 2623 2792 2694 privilegium
2825 2623 3097 2679 societatis
3124 2621 3355 2678 amittat.

2297 2715 2359 2772 ll.
2383 2716 2614 2771 Videant
2640 2715 2798 2784 igitur
2823 2715 2950 2785 quid
2984 2717 3034 2768 in
3065 2714 3164 2769 hoc
3188 2716 3401 2786 negotio
3427 2729 3584 2786 agere
3609 2729 3813 2772 conen~

2227 2818 2310 2864 tur
2331 2806 2380 2864 ἀ.
2413 2808 2568 2874 Nam,
2594 2809 2638 2863 si
2669 2807 2810 2862 aliud
2829 2806 3042 2878 quidem
3073 2807 3446 2880 Evangelium,
3464 2808 3604 2864 aliud
3631 2816 3812 2867 autem

2227 2911 2493 2975 martyres
2521 2901 2705 2956 dicunt
2733 2901 2977 2971 posnisse
3003 2905 3279 2957 decretum
3305 2945 3320 2969 ,
3349 2901 3665 2958 collidentes
3685 2917 3822 2958 con-

2233 3007 2312 3052 tra
2345 2995 2693 3067 Evangelium
2721 3003 2985 3066 martyres
3021 2995 3306 3066 utrobique
3357 2997 3818 3066 periclitabuntur.

2229 3092 2364 3148 Nam
2385 3098 2439 3145 et
2464 3087 2743 3160 Evangelii
2793 3085 2961 3143 fracta
2989 3087 3096 3158 jam
3125 3097 3180 3142 et
3200 3087 3387 3158 jacens
3413 3088 3684 3144 videbitur
3705 3103 3827 3146 esse

527 3197 582 3251 in
608 3196 767 3252 tantis
811 3193 1200 3266 persecutionis
1246 3192 1662 3248 necessitatibus
1717 3191 2036 3256 traderetur,
2064 3180 2190 3246 etC
2224 3188 2500 3258 majestas,
2539 3186 2583 3239 si
2625 3183 2797 3255 potuit
2819 3182 3040 3238 alterius
3067 3181 3268 3238 decreti
3302 3183 3536 3238 novitate
3556 3183 3822 3253 superari,

526 3289 800 3356 lapsorum
852 3287 1079 3340 fratrum
1141 3283 1490 3339 immoderata
1525 3283 1812 3353 petulantia
1860 3298 2030 3354 usque
2055 3282 2122 3338 ad

527 3378 890 3450 periculosam
934 3375 1218 3431 verborum
1265 3376 1620 3430 temeritatem
1668 3375 1922 3444 producta
1949 3377 2123 3432 deno-

528 3476 755 3525 taretur.
779 3465 907 3535 Sed,
938 3480 1259 3538 quamquam
1285 3480 1384 3522 nos
1411 3474 1571 3537 atque
1597 3465 1836 3521 animum
1873 3478 2123 3524 nostrum

2234 3281 2379 3338 etde
2420 3289 2714 3350 martyrum
2753 3277 2926 3347 capite
2955 3276 3184 3347 gloriosa
3233 3274 3587 3331 confessionis
3624 3290 3826 3333 corona

2225 3375 2483 3438 detracta,
2512 3371 2557 3426 si
2581 3385 2686 3426 non
2719 3369 2860 3424 illam
2888 3368 2956 3424 de
2979 3368 3266 3440 Evangelii
3296 3368 3711 3423 conservatione
3742 3369 3820 3424 in-

2227 3466 2509 3522 veniantur
2535 3461 2812 3519 consecuti
2857 3460 2998 3517 unde
3045 3471 3307 3532 martyres
3333 3460 3468 3517 fiunt
3499 3476 3514 3528 ;
3545 3469 3601 3518 ut
3629 3461 3828 3519 merito

1747 3603 2134 3665 LECTIONES
2186 3604 2606 3663 VARIANTES.

598 3725 624 3788 ξ
649 3723 946 3788 Temperata
969 3720 1098 3773 Bod.
1120 3723 1171 3788 _l.

596 3784 625 3824 ιι
648 3782 793 3838 Juste
811 3792 1016 3838 coercet
1047 3793 1100 3837 et
1120 3782 1356 3836 hortando
1381 3784 1541 3847 Oxon,

2279 3723 2304 3752 ο
2325 3721 2554 3773 Ostendit
2577 3721 2739 3772 Oxon.

2279 3784 2309 3823 ιι
2341 3785 2510 3848 Agere
2535 3791 2778 3848 cogentur
2796 3780 2922 3833 Bod.
2947 3783 2994 3832 1.

1779 3911 2023 3969 STEPH.
2062 3911 2335 3971 BALUZII
2375 3910 2608 3970 ΝΟΤιΕ.

541 4030 744 4088 teribus
773 4029 1048 4086 codicibus
1073 4029 1296 4094 nostris,
1324 4043 1499 4100 neque
1520 4030 1570 4084 in
1597 4028 1923 4100 Anglicanis.
1953 4029 2132 4096 Quare

540 4104 738 4159 mirum
795 4109 880 4156 est
920 4101 1070 4156 illam
1114 4100 1278 4156 fuisse
1324 4099 1588 4156 retentam
1644 4099 1698 4154 in
1740 4099 1975 4156 editione
2022 4103 2134 4158 An-

579 4175 771 4228 “cana.

651 4191 660 4204 '
722 4190 771 4224 3.

539 4190 942 4299 8meaaliubribus.
973 4240 1083 4297 Nos
1108 4241 1276 4297 secuti
1303 4243 1355 4296 in
1384 4241 1486 4298 hoc
1524 4243 1644 4297 loco
1679 4256 1864 4298 sumus
1902 4245 2135 4298 auctori-

547 4325 711 4370 tatem
741 4323 981 4368 veterum
1009 4314 1393 4383 exemplarium
1438 4323 1492 4367 et
1544 4313 1832 4370 editionem
1886 4310 2132 4369 Mei-eihi.

547 4385 809 4455 liigaltins
835 4394 891 4440 et
922 4385 1078 4456 Angli
1109 4385 1461 4456 praetulerunt
1504 4385 1787 4440 lectionem
1835 4401 1954 4456 qua:
1980 4385 2137 4441 habet

543 4455 872 4512 salutaribus.

622 4527 692 4558 ⁸³⁸
718 4527 892 4581 Eptsr.
935 4543 1062 4587 xxx.
1093 4557 1165 4567 --
1193 4527 1232 4582 l.
1271 4525 1480 4582 Primus
1522 4524 1784 4581 Manutius
1806 4525 1970 4582 edidit
2001 4526 2139 4584 hanc

549 4597 866 4666 Epistolam.
896 4599 1186 4653 Rarissima
1202 4609 1377 4654 autem
1411 4608 1533 4652 sunt
1555 4606 1735 4652 vetera
1775 4598 1916 4652 illius
1955 4615 2137 4654 exem-

2236 4029 2367 4099 Ejns
2387 4028 2647 4084 habemus
2670 4035 2949 4084 tractatum
2975 4027 3038 4082 de
3061 4027 3304 4084 Trinitate
3325 4027 3521 4084 editum
3555 4029 3831 4101 conrepe-

2236 4102 2385 4156 ribus
2411 4101 2748 4154 Tertulliani.
2837 4133 2844 4146 -.

2312 4171 2494 4242 Papaz.
2527 4171 2588 4226 In
2613 4171 2750 4227 libro
2779 4186 2900 4227 meo
2941 4171 3134 4234 veteri,
3179 4172 3230 4226 in
3282 4172 3465 4228 codice
3494 4171 3594 4228 199
3633 4171 3831 4229 biblio-

2240 4244 2408 4300 theca:
2454 4242 2725 4314 Vaticana:
2753 4253 2807 4298 et
2835 4243 2886 4298 in
2928 4242 3418 4314 Gratianopolitano
3464 4244 3720 4312 scriptum
3747 4252 3834 4300 est

2241 4316 2436 4387 papati.
2466 4313 2556 4370 Sic
2585 4315 2722 4384 apud
2755 4315 3059 4368 Liberatum
3085 4313 3204 4385 cap.
3233 4314 3324 4380 25,
3373 4325 3602 4386 quatuor
3635 4315 3830 4370 vetusti

2241 4387 2454 4441 codices
2483 4387 2678 4441 habent
2713 4385 2916 4440 Menate
2953 4400 3050 4441 nro
3095 4402 3161 4440 eo
3207 4386 3348 4441 auod
3401 4387 3453 4441 in
3508 4385 3830 4441 editionibus

2241 4387 2454 4442 codices
2483 4387 2678 4442 habent
2713 4387 2916 4440 Menate
2953 4400 3050 4454 pro
3095 4402 3161 4440 eo
3207 4387 3348 4456 quod
3401 4387 3453 4441 in
3508 4387 3836 4442 editionibus

2240 4457 2436 4532 legitur
2459 4459 2755 4532 Menna,_u_t
2782 4457 3087 4532 monuimus
3123 4457 3189 4511 ad
3220 4457 3664 4532 Epistolam‘xvt.
3697 4455 3836 4514 Vide

2240 4527 2400 4583 etiam
2441 4539 2596 4583 notas
2619 4528 2684 4581 ad
2708 4527 3003 4594 Epistulam
3037 4527 3347 4590 secundam,
3379 4527 3496 4597 pag.
3525 4529 3650 4582 387.

2325 4599 2598 4654 Verborum
2639 4599 2987 4654 temeritatem.
3040 4598 3136 4654 Hie
3179 4599 3324 4654 locus
3354 4599 3609 4665 adjuvare
3659 4605 3836 4669 potest

551 4650 1570 4739 signa:*a'go‘aaa'iissaj".1.’.u‘.i{ex
1598 4650 1942 4723 bibliotheca
1965 4650 2131 4736 sies,
2163 4650 2214 4711 D
2240 4650 3605 4795 causaminmanemipsa?omnem;
3643 4650 3833 4725 sese.“

551 4739 696 4794 aliud
719 4754 782 4794 ex
811 4741 941 4794 urbe
966 4740 1476 4795 Gratianonolitana.
1507 4741 1660 4795 Angli
1684 4741 1765 4794 usi
1815 4749 1940 4795 sunt
1993 4741 2045 4795 itt
2073 4755 2137 4795 ea
2243 4744 2436 4795 mantis
2463 4741 2624 4795 verba
2662 4740 2907 4795 quaedam
2928 4743 3102 4795 minus
3178 4750 3362 4795 ecocta
3392 4757 3510 4795 dum
3536 4750 3747 4795 exstant
3776 4742 3830 4795 in

3178 4757 3241 4798 ec

551 4739 696 4794 aliud
719 4754 782 4810 ex
811 4741 941 4794 urbe
966 4740 1476 4810 Gratianopolitana.
1507 4741 1660 4810 Angli
1684 4741 1765 4794 usi
1815 4749 1940 4797 sunt
1993 4741 2045 4795 in
2073 4755 2137 4796 ea

551 4809 881 4865 emendanda
911 4827 1019 4866 uno
1045 4809 1353 4867 Bodleiano.

607 4881 927 4952 Lombertus
956 4892 1006 4937 el
1025 4882 1342 4938 Gnillelmus
1365 4883 1505 4939 Cave
1531 4883 1678 4938 aiunt
1701 4883 1842 4937 illam
1884 4881 2136 4952 scriptam

553 4950 721 5024 fuisse
749 4970 776 5006 a
803 4953 1098 5008 Novatiano
1128 4955 1342 5009 nomine
1373 4956 1513 5010 Cleri
1564 4955 1788 5009 Romani
1849 4950 2134 5024 antequam

558 5023 606 5078 is
637 5024 835 5095 faceret
887 5025 1156 5089 schisma',
1211 5025 1305 5079 sed
1334 5042 1440 5081 non
1487 5027 1737 5095 probant.
1769 5023 2035 5095 Fortassis
2068 5026 2136 5078 ita

552 5093 900 5166 conjecerunt
925 5111 991 5150 ex
1021 5095 1103 5150 his
1129 5095 1304 5150 verbis
1335 5093 1583 5166 Epistola:
1610 5113 1698 5158 ιιι,
1731 5113 1784 5166 p.
1817 5097 1920 5150 67:
1962 5094 2135 5149 Nova-

551 5165 693 5218 tiano
722 5176 840 5219 tunc
865 5167 1128 5220 scribente.
1169 5166 1224 5220 In
1259 5165 1420 5222 veteri
1459 5167 1642 5223 codice
1691 5165 2002 5235 Remigiano
2042 5183 2138 5222 an-

555 5243 793 5307 notatum
811 5247 891 5291 est
909 5236 1200 5306 Epistulam
1229 5253 1351 5292 xxvr
1373 5239 1620 5293 dictatam
1636 5255 1754 5294 esse
1772 5256 1798 5291 a
1818 5238 2132 5307 Novatiano,

555 5315 615 5380 ut
643 5305 752 5380 illic
778 5305 1102 5380 monuimus.
1119 5308 1472 5380 Hieronymus
1496 5311 1546 5363 in
1578 5309 1814 5380 Epistola
1833 5312 1895 5362 de
1916 5305 2136 5379 quinque

555 5377 931 5449 Quazstionibus
960 5379 1026 5434 ad
1056 5394 1243 5449 papam
1267 5377 1571 5446 Damasum,
1597 5377 1944 5436 Novatianum
1979 5377 2136 5435 voeat

550 5447 1274 5524 eloquentissimumvirum,
1329 5461 1382 5506 et
1413 5451 1464 5505 in
1495 5451 1730 5524 Epistola
1784 5454 1853 5505 ad
1908 5449 2135 5524 Paulum

549 5519 979 5594 Concortliensent
1024 5521 1159 5594 facit
1188 5525 1511 5594 mentionem
1542 5519 1905 5594 epistolarnm
1956 5521 2133 5576 Nova-

547 5591 696 5666 tiani.
729 5590 1122 5666 Et_Cyprianus
1146 5593 1262 5666 ipse
1290 5593 1459 5662 Epist.
1495 5590 1732 5666 att,'pag.
1764 5595 1851 5659 7'5,
1877 5594 1944 5647 ad
1973 5595 2134 5666 Anto—

547 5660 775 5734 nianum,
806 5660 1029 5734 loquens
1057 5663 1122 5718 de
1145 5660 1440 5719 Novatiauo
1460 5681 1477 5719 :
1495 5660 1663 5720 Iactet
1683 5660 1748 5720 'se
1768 5667 1879 5720 licet
1895 5675 1939 5721 et
1963 5665 2134 5734 philo-

545 5731 783 5802 sophiam
814 5731 1229 5805 veleloquentiam
1249 5751 1393 5792 suam
1413 5737 1640 5809 superbis
1661 5737 1861 5793 vocibus
1875 5731 2134 5810 pradicet.

2243 4744 2436 4797 ntantis
2463 4741 2624 4798 verba
2662 4740 2907 4812 quaedam
2928 4743 3102 4795 minus
3134 4740 3362 4812 decocta
3392 4757 3510 4810 qua:
3536 4750 3747 4796 exstant
3776 4742 3830 4797 in

2241 4812 2476 4882 Epistola
2518 4829 2639 4868 xvnt
2676 4811 3044 4868 confessor-um
3073 4811 3141 4865 ad
3175 4811 3830 4883 Cyprianumtcontinere

2240 4881 2414 4940 minas
2468 4884 3053 4939 excommunicationis.
3114 4881 3307 4938 Verum
3348 4897 3468 4938 cum
3524 4881 3830 4952 hujusmodi

2241 4957 2505 5010 minarum
2555 4955 2754 5009 nullam
2805 4957 3133 5010 mentionem
3188 4954 3345 5009 faciat
3374 4963 3590 5009 sanctus
3625 4962 3831 5024 martyr

2240 5027 2292 5080 in
2332 5027 2568 5096 Epistola
2615 5042 2747 5091 xm,
2801 5025 2853 5080 in
2893 5041 2992 5094 qua
3037 5027 3382 5096 conqueritur
3423 5025 3491 5080 de
3531 5026 3830 5080 temeritate

2238 5096 2478 5164 Luciani,
2527 5098 2864 5152 manifestum
2926 5097 3134 5152 videtur
3196 5097 3479 5153 verborum
3542 5096 3830 5151 temerita-

2241 5179 2347 5224 tem
2373 5185 2494 5240 quaa
2525 5169 2642 5224 istic
2664 5167 3076 5240 reprehenditur
3097 5170 3366 5239 reSpicere
3385 5175 3592 5240 tantum
3627 5167 3694 5222 ad
3745 5175 3830 5222 te-

2239 5238 2538 5296 meritatem
2574 5248 2809 5295 notatam
2843 5241 2892 5310 in
2919 5238 3156 5307 Epistola
3191 5238 3529 5310 princedenti.

2311 5310 2446 5376 Quia
2469 5313 2531 5366 ab
2557 5329 2634 5366 eo.
2669 5312 2841 5365 Antea
2882 5309 3160 5378 legebatur
3188 5309 3219 5364 a
3241 5309 3370 5364 Deo.
3409 5309 3830 5366 Emendavimus

2237 5397 2303 5436 ex
2323 5382 2636 5438 auctoritate
2661 5382 2906 5437 codicum
2942 5383 3313 5438 Vaticanorum
3336 5386 3618 5436 citatorum
3650 5381 3702 5435 in
3735 5396 3831 5435 ora

2237 5453 2510 5520 editionis,
2540 5454 2858 5508 Manutiana:
2888 5454 2940 5507 in
2965 5453 3257 5523 exemplari
3285 5468 3483 5508 excuso
3506 5453 3646 5523 quod
3667 5465 3832 5523 penes

2231 5538 2325 5590 me
2349 5534 2452 5592 est,
2488 5537 2597 5580 tum
2625 5526 2786 5580 etiam
2805 5540 2869 5580 ex
2927 5524 3446 5594 Gratianopolitano,
3504 5534 3559 5580 et
3609 5540 3672 5578 ex
3724 5536 3833 5578 uno

2239 5609 2363 5649 meo
2387 5597 2611 5666 optimo.
2642 5596 2735 5653 Sic
2787 5610 2918 5652 vero
2959 5596 3121 5652 scribi
3145 5595 3342 5652 debere
3383 5597 3613 5666 postulat
3666 5595 3830 5650 etiam

2239 5679 2452 5722 sensus.

2316 5737 2382 5794 ll.
2415 5769 2485 5782 —
2515 5737 2664 5797 Unde
2722 5749 2969 5813 martyres
3013 5739 3162 5812 ﬁunt.
3200 5738 3403 5811 Supra,
3449 5737 3615 5812 Epist.
3673 5745 3809 5811 uti,
