4222 6288
419 433 530 497 505

1810 436 2149 502 EPISTOLA
2182 437 2353 496 XXX.

3612 440 3722 500 306

417 558 551 615 nulli
593 556 765 628 magis
799 556 871 614 sit
916 566 1227 630 competens
1263 555 1397 614 nihil
1434 565 1621 618 contra
1658 557 2014 630 Evangelium
2042 559 2249 621 Acens
2306 564 2390 613 est
2443 556 2722 628 lapsorum
2774 570 2947 629 nuper
2992 556 3095 615 hoc
3142 558 3336 618 vulnus
3364 566 3419 619 et
3443 558 3616 617 adhuc
3655 561 3713 617 in

419 649 714 706 decernere
762 664 925 719 quam
973 651 1065 721 qui
1114 650 1366 723 martyris
1406 664 1606 706 nomen
1633 664 1701 705 ex
1726 649 2018 720 Evangelio

420 742 626 809 laborat
653 752 680 781 α
710 742 975 813 accipere.
1020 742 1154 799 lllud
1176 741 1219 775 ιι
1248 751 1508 814 praeterea
1554 742 1816 799 vellemus
1860 742 2016 799 addi-

425 851 576 894 scere
603 856 617 891 :
649 836 696 891 si
734 846 1000 909 martyres
1037 852 1142 892 non
1174 845 1392 908 propter
1420 835 1564 891 aliud
1588 847 1852 908 martyres
1884 837 2019 893 fiunt

421 929 607 985 nisiut
637 944 744 984 nun
797 928 1166 986 sacrificantes
1207 938 1424 986 teneant
1453 930 1719 986 Ecclesiae
1753 945 1921 1002 usque
1948 932 2015 988 ad

421 1019 733 1077 effusionem
766 1021 1040 1092 sanguinis
1065 1021 1145 1077 sui
1166 1035 1375 1092 pacem,
1406 1036 1476 1077 ne
1504 1021 1792 1089 cruciatus,
1826 1022 2018 1079 dolore

415 1112 676 1183 superati,
705 1111 982 1182 perdendo
1011 1128 1220 1185 pacem,
1261 1112 1489 1183 perdant
1512 1113 1761 1181 salutem,
1798 1129 1905 1182 quo
1925 1130 2017 1186 pa-

418 1212 508 1259 cto
553 1202 783 1259 salutem
818 1219 1011 1274 quam,
1063 1207 1108 1260 si
1158 1205 1585 1270 sacrilicassent,
1628 1218 1688 1259 se
1739 1204 2016 1265 habituros

415 1311 526 1353 non
548 1304 889 1367 putaverunt,
924 1298 1029 1354 illis
1052 1297 1364 1355 exiStimant
1384 1297 1687 1356 donandam
1728 1301 1818 1373 qui
1842 1304 2012 1358 sacri-

418 1388 606 1446 ficasse
653 1389 924 1458 dicantur,
953 1405 1075 1447 cum
1111 1392 1283 1463 legem
1329 1391 1468 1452 hanc
1517 1393 1751 1451 debeant
1803 1396 1856 1451 in
1891 1396 2012 1452 aliis

415 1492 601 1539 tenere
624 1497 787 1554 quam
839 1484 941 1553 ipsi
979 1482 1301 1541 videbantur
1341 1485 1445 1543 sibi
1481 1498 1608 1544 ante
1632 1488 1927 1559 posuisse?
1955 1490 2013 1545 In

410 1591 521 1650 quo
544 1577 765 1648 negotio
795 1576 897 1632 hoc
935 1579 1111 1647 ipsum
1141 1579 1286 1649 quod
1332 1594 1433 1650 pro
1461 1595 1522 1636 se
1562 1581 1694 1650 ipsis
1718 1580 1896 1638 facere
1919 1598 2016 1652 pu-

413 1680 661 1728 taverunt
715 1670 1195 1729 animadvertimus
1224 1682 1407 1730 contra
1439 1688 1499 1731 se
1524 1676 1668 1746 ipsos
1697 1676 2010 1747 protulisse.

415 1763 644 1831 Nam,si
692 1762 920 1819 dandam
969 1763 1076 1820 illis
1126 1780 1314 1836 pacem
1359 1776 1623 1840 martyres
1668 1776 2011 1839 putaverunt,

418 1871 521 1914 cur
548 1858 646 1927 ipsi
678 1871 783 1912 non
829 1856 1131 1914 dederunt?
1181 1873 1278 1915 cur
1307 1858 1430 1915 illos
1469 1859 1537 1915 ad
1580 1861 1921 1932 episcopum,
1953 1869 2015 1915 ut

2125 662 2396 709 tumorem
2450 653 2605 724 plaga
2642 667 2974 724 consurgens
3002 662 3097 710 :et
3140 653 3343 710 idcirco
3370 654 3505 710 certi
3525 669 3715 710 sumus

2122 745 2285 815 quod,
2314 745 2488 816 spatio
2529 744 2890 815 productioris
2932 746 3194 816 temporis
3219 745 3420 817 impetu
3444 746 3549 801 isto
3575 761 3713 801 con-

2122 850 2460 906 senescente,
2492 840 2749 895 amabunt
2792 839 2896 897 hoc
2917 839 3112 910 ipsum,
3146 839 3214 895 ad
3244 839 3454 896 fidelem
3482 855 3542 894 se
3570 839 3680 895 dila
3705 867 3715 880 ο

2123 941 2205 989 tos
2233 948 2355 990 esse
2404 932 2758 1000 medicinam,
2803 934 2850 988 si
2898 942 3076 990 tamen
3131 933 3309 990 desint
3351 933 3443 1005 qui
3479 933 3600 990 illos
3624 948 3714 989 ar-

2120 1035 2269 1081 ment
2295 1024 2360 1080 ad
2393 1025 2692 1096 periculum
2739 1027 3052 1097 proprium,
3088 1036 3165 1091 et,
3198 1026 3248 1081 in
3280 1040 3597 1098 perversum
3634 1026 3717 1082 in-

2121 1126 2410 1185 Struentes,
2448 1131 2545 1187 pro
2613 1115 2940 1173 salutaribus
3021 1116 3333 1173 dilationum
3384 1114 3414 1156 (ι
3458 1117 3716 1175 remediis

2118 1209 2345 1265 exitiosa
2382 1207 2677 1279 deposcant
2722 1208 2830 1263 illis
2868 1218 3166 1280 properata:
3212 1208 3714 1265 communicationis

2117 1314 2346 1355 venena.
2368 1298 2556 1371 Neque
2579 1299 2722 1355 enim
2743 1298 3014 1355 credimus
3040 1300 3157 1355 sine
3183 1299 3433 1355 instinctu
3458 1315 3717 1371 quorum-

2120 1388 2244 1445 dam
2288 1405 2516 1445 ausuros
2569 1389 2737 1446 fuisse
2786 1406 2976 1447 omnes
3011 1401 3116 1446 tam
3165 1392 3467 1462 petulanter
3489 1392 3591 1448 sibi
3619 1407 3716 1463 pa-

2119 1501 2238 1543 cem
2284 1486 2578 1542 vindicare.
2651 1485 2909 1541 Novimus
2976 1484 3413 1559 Carthaginiensis
3467 1487 3713 1543 ecclesiae

2119 1577 2302 1645 fidem,
2335 1578 2578 1633 novimus
2610 1578 3283 1645 institutionem,novimus
3309 1576 3664 1634 humilitatem
3695 1597 3709 1633 :

2118 1669 2262 1725 unde
2290 1670 2454 1725 etiam
2504 1670 2681 1725 mirati
2703 1686 2890 1726 sumus
2910 1673 3052 1742 quod
3074 1671 3318 1741 quaedam
3335 1672 3388 1727 iu
3410 1681 3463 1728 te
3485 1686 3581 1744 per
3594 1672 3713 1743 epi-

2119 1761 2313 1816 stolam
2360 1760 2554 1832 injecta
2589 1761 2775 1817 durius
2831 1772 3308 1827 notaremus,cum
3360 1779 3598 1820 amorem
3620 1780 3714 1820 ve—

2118 1866 2287 1911 strum
2335 1864 2578 1912 mutuum
2608 1865 2663 1912 et
2700 1855 3019 1911 charitatem
3050 1857 3310 1928 exemplis
3358 1857 3541 1912 multis
3576 1857 3715 1912 reci-

411 1947 516 2020 ipsi
557 1948 777 2017 dicunt,
829 1949 1182 2005 remittendos
1224 1960 1549 2007 censuerunt
1577 1952 1601 2006 ?
1647 1950 1697 2005 Is
1741 1952 1885 2007 enim
1915 1952 2007 2022 qui
2036 1955 2085 2016 B
2110 1963 2292 2023 procas
2310 1948 2611 2005 affectionis
2633 1950 2685 2003 in
2703 1962 2799 2004 vos
2817 1948 3046 2004 invicem
3076 1963 3221 2019 saepe
3235 1948 3708 2019 comperissemus.

402 2041 564 2114 jubet
603 2040 718 2097 fieri
743 2051 916 2112 potest
944 2042 1127 2115 utique
1156 2042 1336 2101 facere
1361 2043 1508 2116 quod
1537 2043 1650 2099 fieri
1673 2044 1846 2117 jubet.
1879 2044 2005 2111 Sed,

417 2143 478 2191 ut
502 2133 865 2206 intelligimus,
899 2136 1084 2202 immo,
1111 2146 1169 2192 ut
1195 2152 1282 2192 res
1305 2138 1420 2207 ipsa
1448 2137 1685 2209 loquitur
1712 2154 1766 2195 et
1791 2139 2010 2209 clamat,

414 2228 740 2284 sanctissimi
772 2240 1036 2300 martyres
1075 2230 1359 2301 utrobique
1386 2229 1749 2286 adhibendum
1788 2240 2012 2302 putave-

412 2331 541 2379 runt
582 2332 1064 2399 temperamentum
1111 2330 1165 2379 et
1216 2326 1435 2394 pudoris
1459 2332 1514 2380 et
1558 2324 1824 2381 veritatis.
1856 2323 2010 2393 Nam,

413 2415 539 2485 quia
577 2430 607 2470 a
635 2415 817 2470 multis
841 2415 1186 2487 urgebantur,
1207 2416 1335 2471 dum
1379 2415 1447 2471 ad
1474 2417 1787 2487 episcopum
1836 2415 1864 2454 ιι
1896 2417 2015 2473 illos

417 2505 723 2575 remittunt,
756 2507 1097 2563 verecundiae
1128 2508 1379 2578 proprite,
1410 2524 1477 2565 ne
1503 2509 1727 2564 ulterius
1749 2509 2014 2579 inquieta-

415 2599 1049 2666 rcntur,‘cousulcndum
1093 2609 1459 2670 putaverunt;
1500 2600 1728 2667 et,dum
1773 2601 1879 2658 illis
1907 2616 2014 2657 non

420 2693 525 2763 ipsi
553 2693 996 2758 communicant,
1029 2692 1354 2763 evangelicae
1406 2694 1538 2764 legis
1591 2694 1849 2750 illibatam
1898 2695 2013 2749 sin-

416 2786 700 2841 ceritatem
727 2784 1133 2841 custodiendam
1155 2785 1549 2855 iudicaverunt.

489 2877 578 2931 lll.
606 2877 687 2931 Tu
740 2884 939 2940 tamen,
972 2874 1160 2942 frater,
1193 2892 1481 2946 numquam
1511 2892 1606 2946 pro
1638 2887 1725 2932 tua
1753 2877 2015 2935 charitate

408 2967 648 3025 desistas
696 2968 967 3039 lapsorum
1015 2969 1226 3025 animos
1261 2978 1564 3041 temperare
1610 2978 1665 3025 et
1710 2971 2013 3028 errantibus

413 3062 665 3119 veritatis
695 3073 949 3133 praestare
997 3062 1353 3130 medicinam,
1407 3063 1533 3121 licet
1571 3065 1784 3121 animus
1836 3081 2012 3137 aegro-

413 3173 536 3214 rum
570 3166 592 3195 ο
620 3155 945 3213 medentium
1002 3173 1259 3230 respuere
1303 3160 1473 3218 soleat
1533 3159 1873 3217 industriam.
1908 3160 2012 3217 Re-

2120 2041 2357 2113 Tempus
2399 2050 2483 2097 est
2530 2040 2694 2111 igitur
2738 2050 2796 2095 ut
2838 2048 3000 2110 agant
3027 2038 3209 2095 delicti
3241 2040 3633 2109 paenitentiam,
3659 2050 3718 2095 ut

2117 2138 2348 2211 probent
2388 2138 2573 2209 lapsus
2602 2138 2685 2193 sui
2712 2134 2976 2202 dolorem,
3010 2144 3068 2191 ut
3113 2135 3399 2192 ostendant
3445 2149 3711 2191 verecuno

2119 2231 2283 2301 diam,
2310 2241 2369 2287 ut
2423 2239 2725 2287 monstrent
2774 2228 3229 2296 humilitatem,ut
3259 2228 3551 2286 exhibeant
3594 2243 3714 2283 mo-

2117 2327 2368 2392 destiam,
2401 2333 2460 2381 ut
2488 2324 2557 2381 de
2597 2323 2956 2379 submissione
2986 2332 3278 2393 provocent
3304 2323 3356 2377 in
3386 2337 3448 2378 se
3475 2321 3571 2378 Dei
3598 2321 3714 2377 cle-

2117 2418 2407 2489 mentiam,
2448 2426 2505 2474 et
2531 2417 2601 2473 de
2621 2416 2827 2472 honore
2855 2414 3037 2470 debito
3065 2414 3120 2470 in
3161 2415 3251 2471 Dei
3293 2414 3630 2471 sacerdotem
3688 2424 3711 2451 υ

2118 2512 2337 2569 eliciant
2357 2512 2409 2567 in
2439 2526 2500 2567 se
2529 2510 2765 2567 divinam
2811 2507 3256 2565 misericordiam.
3278 2507 3491 2577 Quanto
3525 2506 3717 2564 melioo

2117 2619 2208 2661 res
2237 2604 2476 2675 ipsorum
2503 2603 2696 2659 littera:
2724 2601 2954 2658 fuissent
2990 2603 3037 2657 si
3066 2616 3163 2673 pro
3192 2602 3322 2672 ipsis
3350 2616 3539 2673 preces
3567 2609 3719 2656 stau-

2115 2696 2248 2751 tinm
2274 2693 2573 2750 humilitate
2602 2695 2841 2765 ipsorum
2869 2693 3064 2765 adiuta:
3088 2694 3315 2750 fuissent
3340 2695 3352 2749 !
3381 2694 3632 2763 quoniam
3663 2701 3717 2748 ct

2115 2787 2327 2843 facilius
2377 2787 2695 2857 impetratur
2743 2786 2886 2859 quod
2914 2787 3110 2858 petitur
3156 2785 3370 2858 quando
3413 2788 3457 2843 is
3485 2803 3581 2858 pro
3607 2801 3714 2858 quo

2117 2881 2317 2951 petitur
2344 2879 2641 2951 condignus
2662 2890 2744 2936 est
2771 2890 2831 2936 ut
2849 2879 2991 2950 quod
3005 2880 3204 2951 petitur
3230 2879 3568 2949 impelretur.

2188 2973 2276 3029 Ν.
2307 2972 2461 3041 Quod
2488 2982 2666 3030 autem
2698 2975 2932 3045 pertinet
2970 2971 3036 3027 ad
3082 2971 3358 3029 Privatum
3381 2970 3714 3027 Lambesita-

2117 3081 2266 3134 num,
2295 3082 2392 3138 pro
2446 3078 2537 3122 tuo
2578 3081 2728 3122 more
2782 3065 3000 3133 fecisti,
3052 3065 3144 3134 qui
3199 3078 3314 3120 rem
3364 3064 3520 3120 nobis
3572 3072 3711 3118 tam-

2114 3176 2274 3233 quam
2317 3159 2336 3198 ί
2403 3160 2687 3217 sollicitam
2738 3158 2983 3217 nuntiare
3029 3156 3277 3225 voluisti;
3328 3171 3519 3217 omnes
3564 3156 3712 3215 enim

1630 3298 2012 3358 LECTIONES
2065 3298 2485 3359 VARIANTES.

478 3412 505 3478 ξ’
534 3412 811 3478 Laborabat
833 3413 990 3478 Oxon.
1024 3477 1031 3478 ί
2015 3410 2062 3478 C

479 3471 508 3512 1)
536 3476 629 3535 Qui
652 3476 714 3526 ad
739 3489 819 3538 ep.
863 3475 988 3527 Bod.
1015 3477 1063 3528 1.

479 3540 502 3569 ο
522 3537 785 3602 Αἰειιοιειιιε
806 3539 933 3591 Bod.
959 3540 1005 3589 1.

2156 3413 2182 3455 ὅ
2202 3414 2460 3466 Dilationis
2483 3414 2610 3466 Bod.
2638 3416 2684 3464 1.

2164 3481 2190 3509 θ
2217 3478 2488 3528 Sacerdote
2513 3479 2670 3529 Oxon.

2157 3537 2181 3577 ί
2204 3540 2456 3604 Tanquam
2474 3538 2604 3591 delet
2626 3540 2786 3591 Oxon.

1671 3645 1917 3707 STEPH.
1957 3646 2232 3707 BALUZII
2267 3645 2494 3704 NOTAE.

415 3780 538 3836 pag.
582 3764 652 3823 32
683 3783 697 3820 :
731 3764 947 3820 Minime
993 3764 1329 3836 considergvit
1379 3763 1517 3836 quod
1579 3780 1684 3819 non
1749 3772 2002 3835 martyres

417 3834 752 3909 Evangelium
782 3838 1088 3907 faciunt,sed
1104 3853 1192 3909 per
1221 3834 1552 3909 Emzngelinm
1577 3844 1824 3909 martyres
1844 3834 1998 3909 ﬁunt.

416 3905 585 3976 Infra;
616 3909 712 3976 Ep.
747 3905 941 3968 ιἰχιιι.
977 3905 1232 3978 pangi:
1272 3905 1601 3978 Evangelia»:
1627 3905 1811 3978 Christi
1839 3906 2005 3975 legere

416 3980 555 4034 unde
576 3989 834 4051 martyres
873 3978 1022 4047 ﬁunt.
1052 3976 1117 4033 Et
1142 3980 1193 4033 in
1220 3978 1357 4051 libro
1385 3976 1448 4032 de
1486 3976 1670 4049 Lapsis
1700 3992 1821 4049 pag.
1853 3978 1956 4033 188
1986 3992 2002 4032 :

340 4104 343 4105 ,
421 4051 523 4121 Qui
549 4050 611 4105 de
643 4049 916 4120 Evangelia
943 4058 1189 4121 martyres
1212 4049 1360 4117 ﬁunt.

489 4120 621 4176 Tum
646 4118 949 4190 petulanter,
978 4119 1031 4175 id
1052 4118 1153 4177 est.
1171 4128 1438 4174 commota
1460 4118 1724 4175 seditione
1748 4119 2006 4174 adversus

418 4195 736 4263 praepositos
764 4201 821 4246 ut
847 4206 1031 4263 pacem
1060 4191 1129 4246 ab
1160 4191 1264 4263 illis
1293 4199 1695 4262 extorquereut,
1738 4199 1796 4245 ut
1824 4190 2006 4247 videre

419 4272 502 4320 est
528 4265 579 4318 in
604 4263 839 4333 Epistola
867 4278 1005 4328 χχιι,
1034 4277 1152 4332 pag.
1179 4262 1267 4318 5‘2.

492 4333 578 4390 111.
611 4331 681 4375 -έ-
707 4333 953 4389 Novimus
987 4331 1371 4388 institutionem.
1406 4334 1541 4387 Puto
1565 4331 1838 4402 Romanos
1888 4332 2008 4389 istic

422 4407 564 4476 loqui
581 4406 647 4461 de
674 4405 1006 4460 institutione
1026 4405 1138 4460 sive
1164 4404 1330 4459 initiis
1356 4405 1600 4460 ecclesiae
1614 4402 2006 4476 Qarthag‘i‘ueu-

420 4473 515 4543 sis,
534 4488 920 4547 quamsanctus
939 4476 1268 4547 Augustinus
1297 4477 1350 4530 in
1378 4476 1514 4531 libro
1525 4476 1588 4530 de
1608 4474 1653 4530 U
1658 4476 1812 4529 nitate
1824 4473 2010 4530 Eccle-

421 4550 531 4613 sire,
554 4546 680 4617 cap.
708 4548 795 4616 15,
822 4564 886 4603 ex
918 4564 982 4603 eo
1007 4548 1221 4618 collegit
1246 4547 1517 4617 accepisse
1556 4547 1712 4603 fidem
1740 4546 1936 4603 Christi
1957 4547 2009 4602 in

423 4621 589 4676 initiis
616 4621 847 4674 fundata:
876 4620 1129 4675 Ecclesiae
1150 4619 1270 4688 quia
1296 4618 1742 4673 manifestissimis
1770 4619 2012 4688 testimo-

425 4691 527 4746 niis
555 4700 764 4747 constat
791 4690 1086 4747 Ecclesiam
1111 4687 1220 4745 tum
1247 4690 1412 4746 fuisse
1443 4698 1555 4744 toto
1573 4690 1704 4745 orbe
1737 4687 2007 4746 diffusam.

424 4761 576 4830 Quod
630 4762 790 4817 etiam
831 4762 1067 4818 sensisse
1118 4761 1501 4817 Tertullianum
1536 4762 1730 4829 liquet,
1768 4776 1833 4816 ex
1874 4761 2010 4817 libro

422 4834 541 4904 ejus
570 4833 834 4888 adversum
852 4832 1065 4887 Judwos
1095 4840 1151 4888 et
1178 4848 1243 4888 ex
1275 4833 1492 4904 librode
1512 4830 2014 4899 Prtescriptionibur;

424 4902 493 4961 ex
537 4920 643 4975 quo
686 4904 961 4975 colligere
990 4905 1113 4975 licet
1154 4905 1301 4960 illum
1347 4902 1683 4975 existimasse
1730 4904 2011 4975 ecclesiam

426 4973 731 5033 Africanam
761 4975 906 5030 initia
939 4973 1061 5046 fidei
1088 4990 1197 5029 sua:
1215 4975 1412 5030 debere
1427 4974 1705 5046 Episcouis
1731 4974 2013 5046 Romanis.

425 5048 515 5102 Ait
535 5047 679 5101 enim
699 5065 712 5100 :
744 5047 803 5102 Si
828 5057 994 5100 autem
1016 5044 1187 5117 Italite
1201 5045 1428 5117 adjaces,
1456 5046 1606 5117 habes
1626 5044 1863 5109 Romam,
1882 5045 2015 5100 unde

426 5117 570 5172 nobis
598 5134 792 5189 quoque
814 5116 1090 5173 auctoritas
1142 5116 1325 5188 prtesto
1348 5128 1443 5172 est.
1476 5116 1545 5171 Et
1565 5117 1911 5189 ΔΑιιιςυδιίῐιιιξῖ»
1958 5117 2014 5171 in

429 5187 655 5259 epiStola
685 5193 753 5243 att
785 5189 1086 5244 Severinum
1119 5187 1194 5244 ait
1219 5189 1524 5245 christiana:
1558 5187 1675 5242 fidei
1723 5189 2014 5242 anetorita-

427 5258 535 5315 tem
569 5262 618 5314 iu
653 5260 888 5315 Africam
912 5261 1213 5315 utanavisse
1264 5259 1331 5313 ab
1347 5258 1589 5315 Ecclesia
1634 5259 2013 5325 transmarina,

428 5332 481 5387 id
511 5338 593 5386 est
616 5330 878 5387 Romana.
906 5330 1036 5398 Qua:
1079 5333 1259 5400 opinio
1296 5330 1599 5386 confirmari
1624 5339 1798 5400 petest
1839 5337 2021 5385 auctu-

429 5404 589 5459 ritate
640 5402 879 5474 epismlte
906 5417 1063 5474 quam
1094 5401 1433 5458 innocentius
1463 5417 1594 5472 papa
1618 5400 1891 5474 scipsitad
1918 5401 2020 5457 De-

430 5472 998 5544 cetttitmt'episcopum
1017 5473 1374 5543 Eugubinum,
1395 5475 1446 5528 in
1465 5489 1565 5544 qua
1585 5472 2021 5544 aitmanifestum

431 5560 551 5601 esse
602 5541 803 5600 nullum
864 5541 1157 5599 instituisse
1205 5541 1547 5600 ccclesias'in
1585 5542 1754 5607 Italia,
1809 5541 2015 5606 Galliis,

431 5615 727 5687 Hispaniis,
759 5615 937 5671 Africa
967 5625 1126 5685 atque
1163 5615 1365 5681 Sicilia,
1392 5617 1489 5670 nisi
1504 5630 1597 5672 eos
1628 5627 1763 5684 quos
1792 5629 2019 5669 venera-

430 5686 554 5743 bilis
586 5687 779 5742 Petrus
799 5696 891 5742 aut
909 5686 1026 5756 ejus
1053 5701 1394 5741 successores
1415 5688 1808 5742 constituerunt
1835 5699 2019 5756 sacer-

433 5757 623 5824 dotes;
649 5760 847 5815 ethtnc
871 5759 1142 5814 concludit
1169 5756 1423 5812 ecclesias
1467 5757 1582 5811 illas
1634 5765 1881 5828 oportere
1923 5755 2025 5809 hoc

434 5830 588 5901 sequi
639 5831 781 5899 quod
825 5829 1062 5886 Ecclesia
1116 5828 1355 5901 Retnana
1403 5830 1656 5892 custodit,
1700 5842 1744 5901 a_
1783 5840 1886 5898 qua
1931 5839 2025 5881 eas

435 5897 759 5972 princtptum
791 5901 1064 5973 accepisse
1093 5915 1198 5959 non
1226 5898 1448 5958 dubium
1485 5906 1589 5966 est,
1624 5909 1694 5955 ne
1713 5897 1840 5955 dum
1867 5910 2025 5967 pere-

2104 3762 2270 3835 grinis
2309 3763 2693 3835 assertionibus
2722 3764 2961 3827 student,
2991 3762 3157 3835 Caput
3178 3763 3575 3835 ginstitutiomtm
3626 3766 3706 3820 vi-

2106 3834 2323 3888 deantur
2350 3837 2593 3888 omittere.
2631 3834 2701 3888 Ita
2727 3835 2888 3889 etiam
2919 3833 3135 3889 sanctus
3165 3833 3454 3904 Gregorius
3481 3835 3573 3892 lib.
3609 3851 3706 3900 vn,

2107 3905 2296 3991 iudici;
2335 3905 2594 3991 1,.Epist.
2747 3905 2990 3991 scribens
3016 3904 3083 3958 ad
3122 3904 3457 3991 Dominicum
3494 3908 3710 3991 episco-

2107 3982 2234 4050 pum
2255 3974 2729 4050 Cartlntginensem
2753 3993 2775 4050 _:
2803 3976 3034 4050 Scientes
3059 3984 3302 4050 praeterea
3331 3978 3467 4050 unde
3488 3974 3549 4033 in'
3567 3979 3710 4050 Afri-

2109 4043 2252 4117 canis
2267 4043 2494 4117 partibus
2511 4047 2785 4117 sumpserit
2798 4043 3403 4117 rordinatio'sacerdotalis
3419 4043 3706 4113 exordinm,

2111 4115 2436 4193 laudabiliter
2480 4115 2807 4193 agitis_q_uod
2834 4116 3020 4193 Sedem
3063 4117 3397 4193 apostolicam
3443 4121 3707 4193 diligendo

2109 4188 2178 4242 ad
2203 4188 2539 4260 of/icii‘vestri
2578 4188 2823 4259 originem
2866 4188 3103 4259 prudenti
3144 4192 3492 4246 recordatione
3526 4188 3704 4246 recur—

2109 4257 2245 4334 ritis.
2274 4257 2473 4313 Eadem
2514 4257 2694 4334 mente
2720 4257 2939 4334 sanctus
2969 4260 3076 4316 Leo
3123 4274 3257 4334 papa
3284 4261 3355 4316 ita
3402 4263 3614 4334 scripsit
3639 4263 3704 4317 ad

2110 4330 2390 4401 episeopos
2405 4344 2497 4399 per
2518 4329 2752 4386 Siciliam
2774 4333 3090 4386 constitutos
3119 4329 3134 4386 ἑ
3155 4330 3319 4399 Quam
3340 4329 3544 4401 culpam
3566 4334 3708 4386 nullo

2110 4401 2262 4454 modo
2291 4400 2362 4432 “7
2391 4401 2676 4470 potuissetis
2705 4402 2947 4467 incidere,
3002 4402 3048 4456 si
3097 4402 3234 4456 unde
3279 4400 3707 4456 consecrationem

2116 4472 2323 4526 honoris
2351 4473 2634 4544 accepistis,
2674 4474 2794 4527 inde
2822 4474 2982 4544 legem
3011 4473 3163 4527 totius
3190 4473 3517 4544 observantia
3540 4488 3708 4544 sume-

2114 4543 2253 4609 retis,
2281 4553 2327 4597 et
2346 4543 2477 4598 beati
2502 4541 2645 4598 Petri
2670 4541 2888 4613 apostoli
2910 4544 3074 4610 sedes,
3107 4558 3222 4612 quia
3248 4542 3391 4598 nobis
3413 4543 3710 4598 sacerdota-

2092 4614 2178 4671 Jis
2212 4624 2371 4669 mater
2402 4623 2491 4686 est
2555 4615 2836 4686 dignitatis,
2889 4626 3033 4686 esset.
3062 4613 3420 4686 ecclesiasticte
3463 4614 3709 4686 magistra

2102 4685 2341 4741 rationis.
2391 4684 2624 4755 Suppar'
2650 4684 2962 4741 Innocentio
3007 4684 3242 4755 etLeoni
3282 4684 3563 4755 Salvianus
3586 4700 3709 4755 non

2115 4756 2391 4812 dubitabat
2428 4753 2553 4827 quin
2584 4757 2811 4827 ecclesia
2836 4753 3546 4827 Carthaginiensis”instituta
3573 4754 3713 4827 luis--

2117 4837 2197 4883 set
2224 4828 2292 4882 ab
2325 4823 2611 4897 Apostolis.
2639 4826 2779 4881 lEvo
2814 4823 3306 4897 quoque’Gregorii
3347 4826 3419 4882 M.
3444 4824 3710 4897 Numidae

2115 4896 2405 4954 credebant
2456 4898 2735 4954 ecclesiam
2784 4896 3086 4951 Africanam
3118 4896 3388 4953 fundatam
3428 4896 3597 4953 fuisse
3641 4899 3711 4952 ab

2116 4968 2607 5041 Apostolis._Porro
2629 4967 3019 5041 illustrissimus
3054 4967 3340 5041 episcopus
3385 4968 3708 5041 Oxoniensis

2117 5037 2339 5095 innotis
2365 5039 2432 5093 ad
2482 5040 2673 5094 librum
2702 5037 2875 5092 Puntii
2905 5038 3114 5094 diaconi
3142 5039 3211 5095 de
3238 5037 3360 5096 Vita
3385 5040 3555 5096 sancti
3606 5039 3710 5109 Cy-

2116 5111 2288 5181 priani
2363 5110 2564 5181 putavit
2609 5109 2902 5181 Simonem
2958 5109 3185 5166 zelotem
3239 5110 3404 5168 fuisse
3457 5110 3710 5166 Afrorum

2117 5179 2454 5254 Apostolum,
2493 5179 2879 5254 Eysingreuius
2907 5195 3036 5238 vero
3057 5189 3298 5237 sanctum
3330 5183 3708 5254 Crescentem.

2199 5252 2352 5320 Quod
2373 5251 2626 5321 quadam.
2654 5251 2880 5307 Difficile
2900 5262 2983 5308 est
3004 5267 3153 5308 certo
3168 5253 3498 5309 constituere
3526 5253 3711 5308 lectio-

2123 5338 2248 5379 nem
2279 5325 2435 5395 hujus
2462 5323 2584 5378 loci.
2613 5323 2742 5395 Sed,
2766 5333 2823 5378 ut
2845 5323 3014 5395 lector
3035 5323 3173 5378 scire
3195 5324 3365 5393 possit
3387 5326 3439 5379 in
3458 5338 3565 5395 quo
3586 5338 3715 5378 cou-

2124 5395 2279 5449 sistat
2303 5392 2610 5461 difficultas,
2641 5393 2857 5450 afferam
2881 5394 3139 5449 lectiones
3159 5392 3398 5450 veterum
3427 5392 3710 5450 librorum.

2125 5466 2181 5520 In
2216 5480 2335 5521 meo
2357 5475 2538 5536 vetere
2566 5466 2770 5536 optimo
2799 5465 2879 5519 sic
2906 5466 3164 5536 scriptum
3190 5475 3292 5536 est,
3320 5465 3458 5536 quod
3480 5465 3715 5536 quwdam

2122 5538 2453 5607 interpretare
2476 5535 2768 5607 Epistulam
2805 5536 2992 5607 injecta
3005 5535 3201 5590 durius.
3235 5535 3293 5590 lu
3323 5534 3716 5607 Gratianqpuli-

2126 5595 2265 5662 tano'
2286 5621 2423 5679 vero
2442 5595 2555 5679 sic,
2583 5606 2719 5676 quod
2746 5595 2980 5678 quadam
3020 5606 3292 5676 interprete
3335 5624 3424 5678 per
3448 5595 3717 5679 episiolam

2121 5680 2361 5748 injectum
2384 5676 2591 5748 durius.

2199 5744 2631 5806 lV.—Privntum
2659 5748 3093 5821 Lambesitunttm.
3116 5747 3247 5805 Vide
3262 5749 3484 5805 Annales
3496 5747 3718 5821 Cypria-

2125 5820 2463 5948 réicg,aauno
2485 5835 2623 5881 conn
2641 5861 2657 5893 ,
2686 5820 2716 5894 ς
2742 5819 2798 5889 8,
2825 5830 2882 5878 et
2909 5819 3205 5894 Pamoliugn
3230 5821 3300 5879 ad
3334 5819 3627 5895 Epistulam
3650 5832 3721 5878 sv

2173 5907 2207 5948 v
2276 5907 2291 5948 ι
2329 5908 2404 5948 nt.

2173 5905 2404 5964 yprtant.
