4250 6282
349 349 472 423 509

1737 362 2071 425 EPISTOLA
2109 364 2301 424 XXXI.

3556 376 3661 437 510

349 478 523 537 aliter
549 475 711 535 saluti
742 477 1122 536 ecclesiasticae
1154 478 1358 536 consuli
1392 494 1550 552 posse
1580 480 1679 536 nisi
1712 482 1754 536 si
1785 482 1878 553 qui
1906 493 1960 541 ct
1985 485 2040 547 Α
2064 497 2156 538 sus
2185 498 2278 538 eos
2306 485 2394 555 qui
2425 499 2485 542 se
2529 486 2673 557 ipsos
2703 486 2949 545 inﬁdeles
3001 488 3191 561 illicita
3227 489 3555 549 nefariorum
3583 496 3654 550 li-

346 581 548 629 contra
598 574 771 643 ipsam
812 570 1043 637 faciunt,
1072 575 1222 642 quasi
1260 573 1476 645 quidam
1524 574 1738 631 adversi
1763 575 1958 633 ﬂuctus

347 665 713 736 repellantur,
766 673 823 721 et
872 664 1171 735 disciplina:
1209 666 1378 736 ipsius
1421 681 1639 737 semper
1690 668 1958 725 custodita

347 757 501 816 ratio
543 756 697 828 quasi
741 756 980 813 salutare
1026 757 1241 828 aliquod
1287 757 1709 829 gubernaculum
1739 760 1793 815 in
1821 770 1960 817 tem-

347 858 569 922 pestate
590 856 858 905 servetur.
905 848 1017 905 Nec
1068 848 1172 905 hoc
1203 849 1360 906 nobis
1392 865 1536 906 nunc
1585 866 1759 922 nuper
1781 853 1959 909 consi-

349 944 494 1000 lium
544 942 839 1014 cogitatum
863 949 968 1006 est,
995 956 1098 998 nec
1125 941 1244 997 haec
1279 941 1421 1014 apud
1446 956 1547 998 nos
1568 942 1826 999 adversus
1853 945 1955 1000 im-

348 1037 563 1110 probos
606 1034 771 1092 modo
799 1047 1227 1106 supervenerunt
1255 1038 1535 1107 repentina
1560 1038 1835 1105 subsidia;
1860 1040 1954 1096 sed

345 1129 576 1199 antiqua
619 1126 737 1183 haec
789 1125 929 1197 apud
973 1141 1073 1183 nos
1139 1127 1399 1184 severitas
1432 1168 1448 1194 ,
1508 1129 1727 1201 antiqua
1797 1130 1954 1197 ﬁdes,

350 1218 641 1289 disciplina
683 1217 881 1289 legitur
908 1218 1125 1292 antiqua
1156 1233 1172 1272 :
1203 1218 1457 1288 quoniam
1513 1234 1615 1275 nec
1672 1230 1849 1278 tantas
1889 1223 1957 1279 de

357 1311 520 1368 nobis
556 1309 743 1367 laudes
780 1309 1073 1382 Apostolus
1110 1310 1426 1382 protulisset
1460 1321 1486 1351 ι
1530 1312 1777 1382 dicendo,
1822 1316 1958 1384 Quia

359 1407 490 1477 ﬁdes
538 1414 705 1463 vestra
757 1406 1067 1479 pmdicatur
1103 1406 1160 1461 in
1207 1415 1314 1461 toto
1356 1408 1549 1462 mundo
1592 1407 1766 1481 (Rom.
1798 1425 1837 1477 ι,
1871 1409 1953 1480 8),

353 1500 462 1556 nisi
489 1502 598 1570 iam
624 1497 830 1555 exinde
859 1496 1012 1568 vigor
1032 1496 1137 1553 iste
1183 1497 1396 1553 radices
1424 1498 1550 1554 ﬁdei
1594 1498 1663 1555 de
1692 1503 1951 1572 tempori-

352 1593 458 1651 bus
484 1593 592 1649 illis
632 1600 907 1648 mutuatus
951 1590 1170 1659 fuisset;
1198 1608 1424 1663 quarum
1454 1595 1669 1650 laudum
1690 1606 1745 1652 et
1770 1598 1955 1670 gloria:
1990 1618 1997 1625 ο

350 1686 681 1756 degenerem
734 1682 764 1723 ι)
815 1683 980 1741 fuisse
1046 1685 1339 1740 maximum
1397 1689 1602 1743 crimen
1649 1699 1751 1744 est.
1783 1690 1955 1747 Minus

354 1786 448 1834 est
482 1776 628 1833 enim
653 1773 937 1833 dedecoris
968 1790 1262 1847 numquam
1312 1777 1380 1833 ad
1417 1780 1743 1848 praeconium
1783 1782 1955 1840 laudis

2064 573 2329 629 bellorum
2379 575 2711 645 professione
2755 580 3138 650 prodiderant,
3217 588 3369 655 quasi
3440 589 3664 645 evasuri

2062 666 2370 723 irrcticntes
2403 668 2525 725 illos
2571 669 2769 727 diaboli
2820 673 3039 743 laqueos
3086 674 3418 743 viderentur,
3471 694 3580 749 quo
3632 689 3658 718 ο

2062 775 2169 817 non
2219 762 2395 818 minus
2450 777 2632 834 quam,
2670 766 2714 820 si
2765 765 2834 821 ad
2899 767 3128 824 nefarias
3209 784 3330 826 aras
3403 773 3664 828 accessis-

2060 866 2202 926 sent,
2244 856 2349 913 hoc
2398 858 2516 929 ipso
2559 858 2701 930 quod
2726 859 2900 930 ipsum
2934 863 3216 920 contestati
3259 863 3471 921 fuerant
3511 874 3663 922 teuc-

2059 959 2270 1017 rentur,
2304 950 2396 1006 sed
2433 951 2594 1007 etiam
2646 952 2905 1009 adversus
2958 953 3079 1010 i!los
3129 956 3217 1027 qui
3263 966 3380 1013 acta
3431 956 3450 996 τ
3503 957 3661 1013 fecis-

2061 1053 2202 1109 sent,
2256 1044 2380 1099 licet
2432 1053 2727 1116 prmsentes
2780 1062 2901 1103 cum
2949 1047 3142 1104 ﬁerent
3190 1065 3296 1106 non
3356 1050 3653 1117 aﬁ‘uissent,

2061 1151 2182 1190 cum
2234 1139 2580 1207 praesentiam
2634 1154 2787 1195 suam
2836 1141 3019 1211 utique
3074 1152 3132 1197 ut
3182 1144 3259 1199 sic
3297 1146 3659 1204 scriberentur

2059 1228 2362 1285 mandando
2441 1231 2712 1287 fecissent.
2783 1231 2901 1288 Non
2972 1244 3055 1291 cst
3108 1236 3250 1292 enim
3317 1239 3573 1296 immunis
3623 1257 3654 1298 a

2059 1320 2263 1375 scelere
2291 1320 2382 1391 qui
2428 1332 2484 1377 ut
2533 1322 2685 1378 ﬁeret
2728 1324 3050 1395 imperavit,
3100 1342 3200 1383 nec
3246 1339 3329 1384 est
3372 1330 3577 1387 alienus
3621 1351 3652 1389 a

2059 1415 2285 1471 crimine
2312 1415 2356 1447 ⁸³
2389 1415 2545 1485 cujus
2569 1430 2836 1472 consensu
2858 1460 2874 1485 ,
2900 1417 3023 1473 licet
3074 1435 3181 1474 non
3207 1436 3235 1475 a
3268 1437 3326 1477 se
3363 1422 3656 1482 admissum

2059 1508 2308 1573 crimen,
2338 1517 2518 1563 tamen
2571 1508 2782 1577 publice
2825 1510 3057 1582 legitur;
3086 1521 3141 1568 et
3180 1528 3302 1569 cum
3336 1522 3504 1570 totum
3537 1517 3656 1574 ﬁdei

2060 1611 2459 1657 sacramentum
2491 1600 2544 1655 in
2581 1601 2921 1659 confessione
2952 1604 3153 1661 Christi
3193 1608 3426 1664 nominis
3457 1610 3657 1665 intelli-

2061 1706 2217 1767 gatur
2264 1710 2385 1752 esse
2427 1695 2693 1765 digestum
2722 1737 2736 1761 ,
2785 1699 2877 1767 qui
2944 1698 3163 1755 fallaces
3211 1702 3264 1755 in
3308 1704 3659 1760 excusatione

2064 1787 2364 1858 praestigias
2390 1786 2582 1857 qumrit
2627 1788 2860 1858 negavit,
2895 1797 2948 1843 et
2994 1792 3083 1859 qui
3131 1792 3243 1846 vult
3268 1793 3435 1848 videri
3464 1809 3659 1866 propo-

352 1870 675 1937 accessisse,
704 1884 865 1941 quam
890 1869 959 1925 de
979 1868 1191 1942 fastigio
1237 1870 1410 1926 laudis
1461 1874 1637 1929 ruisse
1665 1890 1679 1927 :
1708 1875 1887 1932 minus
1937 1891 1957 1918 ο
1991 1886 2039 1948 Β
2070 1879 2187 1934 sitis
2216 1878 2474 1935 adversus
2504 1878 2854 1950 Evangelium
2882 1880 2966 1936 vel
3002 1881 3193 1937 edictis
3222 1884 3304 1939 vel
3332 1885 3537 1957 legibus
3567 1901 3657 1942 sa-

348 1974 441 2023 est
466 1961 704 2019 criminis
732 1960 1058 2017 honoratum
1101 1962 1246 2018 bono
1275 1961 1584 2020 testimonio
1608 1979 1717 2020 non
1765 1966 1956 2038 fuisse,

346 2071 513 2130 quam
541 2055 804 2112 honorem
830 2054 1095 2112 bonorum
1141 2054 1575 2112 testimoniorum
1608 2057 1907 2127 perdidisse
1943 2080 1955 2116 :

350 2151 527 2209 Minus
552 2158 639 2208 est
664 2149 785 2206 sine
812 2148 1192 2219 praedicatione
1220 2148 1477 2204 virtutum
1513 2150 1801 2221 ignobilem
1839 2153 1957 2210 sine

349 2243 513 2300 laude
579 2241 813 2313 iacuisse
871 2238 921 2310 α,
972 2256 1134 2312 quam
1191 2241 1531 2300 exbtcredem
1579 2242 1706 2301 ﬁdei
1753 2244 1956 2305 factum

353 2335 546 2393 laudes
573 2334 819 2406 proprias
846 2332 1165 2404 perdidisse.
1191 2333 1270 2391 Ea
1291 2336 1437 2392 enim
1477 2352 1598 2409 quae
1625 2339 1681 2394 in
1728 2339 1956 2413 alicujus

353 2429 582 2501 gloriam
626 2424 999 2499 proferuntur,
1051 2426 1155 2483 nisi
1194 2428 1357 2485 anxio
1396 2437 1452 2486 et
1493 2430 1724 2487 sollicito
1772 2432 1955 2490 labore

351 2524 679 2591 serventur,
735 2519 791 2576 in
841 2518 1097 2577 invidiam
1148 2522 1371 2579 maximi
1439 2524 1681 2581 criminis
1726 2525 1956 2584 intume-

347 2624 527 2672 scunt.

423 2709 513 2765 lll.
538 2709 655 2767 Hoc
701 2724 803 2767 nos
852 2724 962 2766 non
1005 2708 1143 2767 falso
1169 2709 1354 2768 dicere
1403 2713 1714 2783 superiores
1754 2723 1956 2773 nostra:

349 2803 545 2860 littera:
609 2803 1012 2875 probaverunt,
1069 2803 1124 2858 in
1177 2803 1374 2875 quibus
1417 2806 1571 2862 vobis
1624 2809 1949 2866 sententiam

348 2903 594 2953 nostram
638 2894 878 2953 dilucida
927 2894 1264 2973 expositione
1302 2897 1625 2969 protulimus
1654 2908 1711 2956 et
1754 2900 1951 2958 adver-

2064 1971 2347 2039 tisfecisse,
2377 1971 2478 2027 hoc
2508 1972 2626 2044 ipso
2657 1973 2767 2042 jam
2799 1974 2980 2044 paruit.
3026 1976 3171 2046 quod
3215 1977 3387 2033 videri
3416 1981 3657 2049 paruisse

2059 2081 2121 2122 se
2146 2065 2343 2132 voluit;
2376 2080 2586 2121 necnon
2617 2066 2781 2122 etiam
2828 2075 3014 2123 contra
3055 2068 3174 2125 illos
3203 2084 3417 2141 quoque
3438 2072 3528 2142 qui
3555 2054 3660 2127 illi-

2060 2159 2184 2237 citis
2205 2157 2484 2215 sacriﬁciis
2505 2174 2696 2215 manus
2728 2174 2854 2217 suas
2879 2170 3040 2231 atque
3070 2175 3164 2217 ora
3196 2163 3516 2233 polluerant,
3542 2166 3657 2236 pol«

2044 2253 2185 2309 lutis
2214 2263 2339 2309 ante
2390 2253 2663 2310 mentibus
2692 2254 2946 2325 propriis,
2999 2254 3140 2311 unde
3166 2257 3327 2312 etiam
3373 2268 3498 2314 sunt
3524 2260 3654 2328 ipsa!

2062 2363 2256 2404 manus
2279 2357 2440 2420 atque
2461 2363 2555 2404 ora
2585 2348 2810 2419 polluta,
2841 2348 3002 2405 ﬁdem
3041 2359 3280 2407 nostram
3306 2366 3659 2409 consensum-

2061 2455 2167 2512 que
2212 2442 2654 2497 monstravimus.
2688 2441 2843 2497 Absit
2878 2444 3022 2497 enim
3052 2443 3121 2498 ab
3144 2442 3384 2499 Ecclesia
3412 2445 3655 2504 Romana

2058 2534 2299 2604 vigorem
2346 2548 2508 2590 suum
2566 2543 2673 2589 tam
2716 2534 2940 2605 profana
2975 2534 3234 2592 facilitate
3279 2536 3550 2594 dimittere
3602 2548 3659 2594 ct

2059 2641 2255 2681 nervos
2283 2626 2585 2683 severitatis
2629 2641 2819 2683 eversa
2864 2626 2989 2684 ﬁdei
3021 2628 3298 2699 majestate
3323 2628 3651 2697 dissolvere;

2060 2728 2141 2785 ut,
2169 2735 2291 2776 cum
2339 2720 2517 2777 adhuc
2554 2736 2663 2776 non
2708 2730 2914 2777 tantum
2957 2721 3209 2793 iaceant,
3242 2722 3339 2779 sed
3379 2731 3435 2779 et
3460 2723 3658 2780 cadant

2061 2826 2378 2868 cvcrsorum
2410 2814 2633 2868 fratrum
2660 2814 2852 2882 ruinae,
2884 2825 3171 2887 properata
3217 2816 3377 2872 nimis
3415 2818 3653 2873 remedia

2055 2904 2602 2963 communicationem
2646 2907 2833 2978 utique
2872 2922 2979 2963 non
3000 2906 3276 2979 profutura
3307 2917 3649 2979 praestentur,

1570 3036 1954 3098 LECTIONES
2013 3038 2432 3098 VARIANTES.

419 3156 445 3186 ⁸
469 3154 683 3206 Protulit
705 3152 813 3207 Litt.
834 3154 962 3208 Bod.
985 3156 1035 3207 2.

415 3216 448 3254 δ
467 3216 772 3280 Degeneres
795 3218 895 3268 Lin.

415 3283 440 3314 ε
468 3280 669 3330 Minoris
690 3280 820 3331 Bod.
838 3282 887 3332 1.

415 3342 443 3383 (ι
462 3342 693 3411 Tacuisse
717 3340 823 3395 Lin.

1966 3317 2013 3380 C

2108 3159 2131 3186 θ
2150 3154 2255 3206 Hoc
2279 3155 2474 3226 evasuri
2518 3156 2566 3211 in
2609 3156 2887 3207 retinendis
2925 3154 3036 3209 illos
3066 3157 3247 3209 diaboli
3268 3158 3473 3226 laqueos
3497 3164 3637 3217 vide-

2041 3225 2233 3281 rentur,
2261 3218 2391 3281 quod
2417 3218 2521 3281 Lin.

2112 3279 2132 3319 ι
2158 3279 2376 3345 Accepta
2399 3279 2505 3333 Lin.
2523 3280 2649 3333 Bod.
2668 3281 2715 3332 1.
2742 3282 2919 3334 Benev.
2939 3287 3120 3337 statuit.
3145 3285 3304 3339 Oxon.
3324 3284 3454 3351 Lips.

1589 3448 1830 3508 STEPH.
1874 3451 2143 3529 BALUZII
2178 3454 2406 3512 NOT/E.

353 3582 359 3587 '
422 3568 713 3636 Antiqua...
745 3566 1001 3623 severitas.
1041 3564 1179 3631 Ista,
1207 3579 1325 3635 qua:
1355 3563 1532 3620 addita
1563 3573 1687 3620 sunt
1728 3566 1783 3621 in
1823 3566 1939 3621 edi-

351 3639 497 3694 tione
521 3639 844 3698 Manutiana.
873 3637 1068 3693 desunt
1096 3637 1148 3692 in
1189 3637 1426 3707 antiquis
1454 3636 1782 3691 editionibus
1808 3647 1859 3691 et
1886 3639 1940 3692 in

349 3711 559 3767 duobus
583 3710 813 3780 antiquis
839 3708 1133 3769 codicibus.
1168 3707 1443 3764 Habentur
1471 3717 1647 3780 autem
1680 3709 1730 3780 in
1763 3707 1901 3767 aliis.

428 3782 629 3835 Littera:
653 3778 1009 3853 probaverunt.
1041 3781 1244 3853 Postea
1255 3779 1499 3853 sequitur
1531 3779 1578 3831 in
1605 3778 1789 3853 codice
1816 3794 1942 3833 san-

348 3854 419 3909 cti
454 3849 710 3921 Arnulp'hi
742 3851 1093 3921 fragmentum
1119 3866 1184 3907 ex
1210 3850 1348 3921 libro
1379 3849 1440 3904 de
1470 3849 1646 3905 Laude
1677 3849 1932 3919 Marlyrii.

421 3924 510 3979 ΙΙΙ.
550 3955 622 3965 -—
650 3924 964 3978 Irretienles.
1000 3922 1055 3977 In
1084 3936 1189 3978 uno
1220 3920 1354 3975 libro
1382 3936 1501 3975 meo
1531 3921 1696 3975 veteri
1744 3922 1938 3991 legitur

347 3998 637 4061 retinentes;
689 3996 742 4049 in
792 3994 1040 4049 Remensi
1091 3991 1261 4049 sancti
1305 3992 1553 4057 Dionisii,
1588 3992 1641 4044 in
1662 3991 1936 4046 retinendis

346 4068 452 4123 illis
478 4067 668 4120 diaboli
688 4066 896 4137 laqueis.

424 4133 865 4192 MandandofSic
907 4137 957 4190 in
1000 4137 1133 4191 actis
1164 4134 1475 4189 Collationis
1499 4133 1934 4203 Cartltagineusis

350 4209 490 4264 inter
518 4208 823 4264 Catholicos
848 4207 1219 4262 ctDonatistas
1246 4207 1487 4261 videmus
1519 4206 1695 4274 plures
1727 4207 1934 4276 episco-

351 4295 447 4350 pos
472 4279 754 4335 mandasse
788 4278 1007 4349 collegis
1037 4278 1148 4350 suis
1170 4288 1227 4331 ut
1273 4276 1790 4350 suamprtcsentiam
1837 4291 1932 4331 sua

347 4347 445 4418 pro
463 4352 593 4420 ipsis
608 4347 1003 4419 subscriptione
1025 4349 1362 4420 exhiberem.
1391 4347 1501 4413 Sic,
1517 4363 1628 4420 nec
1645 4348 1935 4417 longinquo

350 4417 552 4476 lautum
589 4417 833 4490 exempla
876 4430 1201 4489 repetantur,
1243 4419 1445 4474 Natalis
1474 4420 1541 4473 ab
1581 4417 1691 4473 Oea
1723 4431 1938 4473 senten-

349 4494 475 4547 tiam
504 4493 631 4548 dixit
658 4495 708 4547 in
732 4492 971 4547 Concilio
992 4491 1395 4559 Carthagineusi
1425 4490 1523 4545 sub
1545 4490 1815 4560 Cypriauo
1841 4504 1939 4561 pro

347 4578 408 4618 se
430 4574 484 4619 et
507 4579 603 4635 pro
623 4563 878 4633 Pompeio
898 4562 1206 4618 Sabratensi
1227 4573 1282 4617 et
1304 4562 1468 4632 Dioga
1484 4562 1937 4632 chtimagnensi,

346 4638 435 4705 qui
464 4636 595 4705 mihi
624 4635 1009 4705 mandaverunt.

2044 3566 2438 3643 Bellovacensi,
2466 3567 2645 3637 quibus
2674 3569 2958 3643 impetrare
2970 3568 3141 3624 divino
3162 3569 3384 3643 judicio,
3419 3587 3515 3643 pro
3544 3575 3645 3631 im.

2046 3655 2245 3715 perure.
2277 3638 2672 3715 Faciliserror,
2702 3638 2791 3715 qui
2820 3638 3210 3715 admissuseSt
3233 3638 3502 3715 etiamin
3540 3650 3646 3701 alio

2047 3712 2214 3764 veteri
2244 3710 2430 3764 codice
2455 3709 2695 3776 ejusdem
2722 3709 2988 3777 ecclesiae,
3020 3711 3069 3765 in
3102 3710 3363 3766 breviario
3390 3713 3640 3773 nimirum

2046 3779 2281 3853 Liberali
2319 3781 2571 3853 cap.l8,
2603 3782 2688 3835 ubi
2712 3796 2832 3850 pro,
2876 3780 3004 3853 nihil
3039 3781 3367 3849 impetrantes
3405 3780 3631 3853 dimisit,

2046 3853 2122 3905 uti
2154 3851 2352 3905 habent
2394 3851 2655 3905 editiones
2694 3860 2748 3905 et
2775 3860 2883 3907 tres
2920 3851 3040 3911 libri
3068 3861 3309 3918 veteres,
3339 3854 3508 3911 codex
3540 3851 3638 3915 ec-

2042 3922 2220 3985 clesiae
2247 3921 2837 3994 Bellovacetisisbabet
2851 3921 3185 3994 imperantes.
3216 3924 3305 3979 Sic
3332 3926 3472 3994 apud
3500 3928 3632 3984 Ful-

2039 3995 2277 4067 gentium
2307 3992 2603 4067 Placiadem
2631 3991 2721 4047 lib.
2744 4007 2783 4048 tt
2810 3991 3154 4067 ijtholwubi
3181 3997 3289 4067 agit
3310 3991 3379 4052 de
3399 3996 3638 4057 Vulcano

2038 4062 2367 4141 etMincrva,
2400 4062 2684 4141 legendum
2727 4073 2810 4141 est
2843 4062 3050 4141 {upiter
3093 4062 3398 4141 impéravit,
3432 4083 3531 4141 pro
3568 4090 3635 4128 eo

2038 4135 2181 4205 quod
2213 4134 2284 4189 ibi
2316 4134 2507 4205 legitur
2530 4136 2834 4204 impetravit.
2857 4134 3461 4196 Cenlirmatlectiouem
3491 4158 3521 4198 a
3547 4162 3635 4199 mu

2038 4215 2303 4282 retentam
2331 4206 2393 4282 in_
2416 4207 2518 4282 hoc
2544 4206 2664 4282 loco
2706 4207 2959 4282 Cypriani
2982 4207 3294 4282 Lactantius
3324 4216 3376 4265 in
3403 4216 3637 4282 epitonao

2039 4277 2343 4352 Divinarum
2365 4276 2765 4352 Institutionum'
2781 4279 2999 4352 cap._6l
3022 4297 3034 4333 :
3068 4279 3219 4336 Vetus
3235 4276 3540 4352 prazceplum
3562 4297 3634 4340 est

2040 4365 2143 4403 non
2167 4349 2412 4423 occidere.
2427 4348 2574 4423 Quod
2600 4349 2671 4403 sic
2696 4348 2859 4419 accipi
2884 4350 3047 4415 debet,
3078 4368 3177 4405 non
3191 4348 3445 4423 tamquam
3452 4355 3637 4422 jubea-

2042 4437 2156 4494 mur
2181 4422 2245 4474 ab
2270 4420 2543 4494 homicidio
2564 4428 2778 4494 tantum,
2799 4424 2933 4494 quod
2958 4423 3079 4476 olim
3109 4420 3315 4494 legibus
3325 4420 3538 4493 publicis
3543 4427 3635 4494 ju—

2042 4490 2208 4558 betur,
2235 4508 2421 4563 insanus
2447 4490 2715 4563 abstinere,
2744 4493 2831 4545 sed
2853 4507 2941 4546 nec
2960 4490 3193 4561 jussion'c
3221 4490 3518 4563 interposita
3543 4490 3634 4550 nec

2044 4566 2192 4616 verba
2225 4562 2388 4616 licebit
2422 4561 2703 4633 periculum
2744 4563 2950 4633 inferre.
2982 4563 3133 4617 Illum
3175 4564 3318 4619 enim
3354 4561 3638 4622 tormentis

2046 4633 2207 4689 subdi
2238 4644 2488 4704 oportere
2516 4631 2669 4703 cujus
2697 4631 2926 4688 consilio
2946 4643 3104 4702 atque
3124 4634 3379 4690 instinctu
3404 4636 3541 4691 alius
3565 4638 3632 4697 ad

433 4704 546 4761 Non
575 4718 647 4761 est
672 4706 932 4760 immunis.
964 4704 1155 4759 Cicero
1182 4704 1322 4774 apud
1352 4704 1691 4759 Ammianunt
1722 4703 1944 4759 Marcel—
1966 4700 2022 4761 D
2046 4700 2442 4759 accusationem
2468 4700 2756 4774 accesserit
2789 4700 3155 4774 pronuntiavit
3181 4706 3474 4774 imperator
3498 4704 3638 4762 Con-

350 4776 519 4833 linnm
562 4776 655 4832 lib.
701 4791 847 4830 xxvn
876 4797 888 4831 :
917 4776 1053 4841 Quid
1097 4775 1228 4830 enim
1263 4776 1468 4829 interest
1514 4775 1647 4828 inter
1680 4791 1941 4830 suasorem

348 4850 478 4974 {peti
519 4859 565 4903 et
604 4848 960 4916 probatorem?
990 4846 1132 4916 quod
1174 4856 1444 4914 sumptum
1486 4857 1661 4901 estex
1706 4849 1939 4901 secunda

395 4921 666 4974 hilinnica.
699 4920 925 4974 Seneca.
961 4917 1171 4972 Troade
1206 4934 1219 4968 :
1261 4919 1359 4974 Uni
1399 4934 1500 4970 non
1544 4920 1692 4970 vetuit
1718 4925 1939 4974 'neccare

395 4921 666 4990 hilippica.
699 4920 925 4983 Seneca,
961 4917 1171 4990 Troade
1206 4934 1229 4990 εγ
1261 4919 1359 4981 Qui
1399 4934 1500 4970 non
1544 4920 1692 4990 vetuit
1718 4925 1943 4986 'peccare

349 5008 467 5044 cum
497 4987 675 5061 possit,
696 4990 860 5060 jubet.
895 4991 959 5044 Et
992 4987 1129 5061 infra
1156 5007 1169 5041 :
1198 4989 1278 5061 Att
1303 4998 1559 5061 auctorem
1582 4988 1710 5041 redit
1740 4990 1941 5061 sceleris

347 5058 511 5117 coacti
530 5058 909 5133 εειΙρηζΑιιοιοι·
932 5059 1180 5133 Epistula
1203 5060 1270 5133 ad
1288 5058 1744 5133 Celantiain,intcr
1766 5059 1941 5133 Opera

348 5131 657 5205 Hieronymi
685 5150 697 5185 :
727 5132 988 5197 Quantum
1017 5131 1150 5205 enim
1191 5131 1258 5183 ad
1287 5132 1488 5205 peccati
1507 5131 1757 5205 rationem
1789 5132 1944 5205 perti-

346 5214 447 5268 net,
478 5200 650 5260 nocuit
685 5205 771 5273 qui
802 5214 849 5258 et
890 5218 1066 5257 nocere
1094 5200 1360 5271 disposuit.
1400 5200 1641 5255 Valerius
1681 5202 1942 5256 Maximus

349 5274 424 5329 lib
475 5293 559 5342 rx,
606 5284 767 5345 caput
807 5273 1103 5345 2:1uiquo
1141 5273 1312 5326 animo
1351 5273 1512 5327 scelus
1554 5274 1739 5345 intueri
1779 5274 1941 5328 scelus

346 5347 611 5418 adiuittere
640 5343 753 5418 fuit.
787 5350 984 5400 Arator
1004 5385 1019 5409 ,
1055 5344 1145 5399 lib.
1182 5359 1217 5397 ιι
1249 5347 1475 5418 Actuum
1506 5343 1886 5413 Apostolorum
1919 5362 1933 5398 :

348 5416 461 5472 Nec
489 5414 649 5486 mena
665 5426 941 5489 sequestrat
968 5431 1095 5489 quos
1120 5432 1215 5489 par
1240 5417 1394 5487 culpo
1418 5414 1562 5489 ligat.

418 5485 882 5561 lniperaoitJlltec
921 5485 1080 5561 lectio
1122 5485 1334 5542 videtur
1377 5486 1600 5561 optima.
1647 5485 1713 5561 Et
1760 5494 1939 5561 tamen

347 5556 628 5617 illam'nun
678 5561 855 5615 inveni
888 5560 988 5614 nisi
1030 5559 1081 5613 in
1113 5573 1221 5613 uno
1261 5556 1431 5614 veteri
1476 5558 1628 5613 libro.
1657 5556 1853 5611 Cancri
1885 5568 1939 5613 ct

346 5633 610 5687 editiones
642 5632 963 5687 Pameliaum
1015 5631 1338 5685 vetustiores
1383 5629 1582 5684 habent
1631 5630 1937 5698 impetravit.

347 5701 618 5759 Pamclius
650 5718 828 5759 autem
862 5703 1333 5767 tuutavit,secutus
1360 5701 1721 5770 conjccturant
1751 5701 1941 5755 Costo-

348 5775 412 5845 rii
432 5819 446 5837 ,
478 5777 724 5845 quamvis
750 5776 989 5845 fateatur,
1006 5789 1066 5829 se
1090 5773 1283 5845 ubique
1306 5772 1500 5845 legisse
1528 5771 1830 5845 impetrauit.
1848 5770 1947 5845 Sic

348 5844 405 5902 in
419 5842 656 5920 Epistula
671 5862 796 5904 thv
811 5844 1025 5903 Codicis
1039 5842 1279 5916 Encyclii
1301 5844 1557 5913 scriptum
1574 5851 1658 5899 est
1682 5842 1737 5900 in
1764 5843 1950 5900 codice

2046 4777 2309 4846 stantiuus
2337 4776 2387 4829 in
2423 4776 2585 4846 titulo
2600 4773 2812 4846 Codicis
2843 4773 3196 4846 Theodosium
3236 4773 3302 4829 atl
3342 4778 3511 4846 legem
3540 4778 3639 4835 Ju-

2046 4845 2172 4917 liam
2206 4846 2516 4917 Majestatis.
2546 4844 2613 4900 Et
2656 4844 2793 4914 apud
2836 4844 3037 4917 Julium
3072 4846 3294 4900 Paulum
3336 4844 3430 4903 lib.
3459 4866 3513 4915 v,
3544 4852 3628 4905 tit.

2046 4916 2118 4972 25
2143 4937 2155 4970 :
2185 4916 2514 4971 .llaridatores
2543 4916 2695 4971 cazdis
2726 4916 2941 4989 perinde
2958 4927 3011 4970 ut
3038 4917 3304 4973 homicida:
3333 4920 3633 4989 puniantur.

2046 4989 2339 5044 Salvianus
2370 4989 2461 5042 lib.
2492 5003 2588 5054 vn,
2621 5001 2738 5111 cap
2776 4986 2842 5041 l9
2866 5004 2878 5040 :
2905 4985 3138 5043 Potestas
3168 4985 3355 5059 quippe
3387 5007 3572 5061 magna
3590 5003 3637 5047 et

2048 5061 2429 5111 potentissima.
2479 5073 2592 5111 ante
2624 5059 2673 5111 in
2697 5056 2848 5111 libere
2901 5059 3065 5111 scelus
3119 5061 3397 5111 niaximum
3438 5072 3598 5111 nales!
3622 5105 3637 5111 -

2047 5061 2450 5134 potentissinta,_
2479 5073 2592 5134 quae
2624 5056 2848 5134 inhibere
2901 5059 3065 5134 scelus
3119 5056 3397 5134 niaximum
3437 5056 3598 5134 potest
3622 5105 3639 5131 ,

2047 5129 2192 5195 quasi
2218 5132 2397 5199 probat
2417 5129 2595 5184 debere
2619 5130 2753 5200 ﬁeri,
2776 5129 2823 5183 si
2849 5130 3011 5185 sciens
3031 5132 3224 5202 patitur
3247 5129 3544 5202 perpetrari.
3573 5129 3641 5189 In

2046 5203 2194 5268 cuius
2224 5202 2357 5274 enim
2387 5217 2540 5274 manu
2565 5210 2714 5274 estut
2744 5202 3027 5274 prohibeat.
3048 5202 3194 5272 jubet
3220 5203 3304 5274 agi
3332 5205 3377 5257 si
3401 5220 3501 5258 non
3523 5221 3641 5274 pro-

2048 5274 2179 5326 hibet
2203 5272 2419 5326 admitti.
2450 5271 2722 5327 Euuodius
2750 5274 2844 5327 lib.
2878 5288 2895 5328 ι
2923 5271 3094 5342 Epist.
3136 5289 3166 5328 v
3205 5292 3217 5328 :
3243 5273 3452 5329 Fecisse
3475 5271 3640 5330 scelus

2045 5343 2269 5397 creditur
2315 5344 2403 5413 qui
2439 5344 2675 5414 potuisse
2712 5346 2881 5414 facere
2920 5345 3227 5410 perhibetur.
3280 5346 3541 5403 Pacianus
3587 5348 3641 5402 in

2047 5414 2309 5469 Paraenesi
2328 5415 2397 5468 ad
2418 5413 2813 5469 Paenitentiam:
2828 5414 2974 5469 Addo
2998 5416 3148 5468 etiam
3179 5432 3280 5470 non
3303 5417 3440 5471 solas
3460 5434 3640 5473 manus

2045 5486 2099 5541 in
2127 5486 2397 5540 homicidio
2427 5486 2607 5556 plecti,
2629 5485 2717 5539 sed
2742 5494 2789 5539 et
2810 5502 2957 5556 omne
2980 5484 3249 5540 consilium
3273 5488 3409 5556 quod
3432 5488 3642 5545 alterius

2046 5558 2271 5628 animam
2300 5555 2505 5627 impegit
2526 5558 2577 5610 in
2610 5565 2843 5610 mortem.
2874 5555 3111 5627 Epistula
3134 5558 3510 5628 episcoporum
3541 5559 3644 5613 A'J-
3704 5556 3715 5565 ’

2044 5627 2189 5699 gypti
2219 5628 2284 5682 ad
2316 5627 2548 5699 Leonem
2591 5628 2971 5699 imperatorem
3019 5628 3072 5682 in
3116 5629 3289 5699 capite
3325 5627 3398 5685 vn
3426 5628 3642 5685 Codicis

2048 5698 2283 5769 Encyclii
2313 5718 2326 5755 :
2351 5698 2538 5753 Postea
2566 5699 2715 5753 etiam
2743 5698 2997 5753 homicida
3019 5716 3144 5771 pene
3170 5698 3402 5756 manibus
3424 5703 3645 5771 propriis

2053 5772 2145 5824 hoc
2168 5773 2310 5842 nefas
2338 5771 2572 5842 efﬁciens,
2598 5779 2645 5842 et
2679 5778 2940 5842 prapterea
2966 5770 3377 5827 condemnandus
3394 5814 3408 5839 ,
3426 5770 3644 5842 quando

2055 5841 2222 5913 agenti
2249 5842 2336 5912 qui
2368 5840 2503 5910 iubet
2532 5840 2721 5898 malum
2747 5841 2860 5910 fieri
2896 5842 2950 5897 in
2980 5843 3233 5915 supplicio
3261 5840 3522 5916 proximus
3548 5855 3642 5900 est.
