4222 6288
568 369 675 432 Sil

1963 371 2105 433 DIVI
2136 367 2459 434 CYPRIANI

3757 379 3871 437 512

572 495 632 544 et
662 500 796 543 nova
843 500 944 557 per
991 482 1414 561 misericordiam
1444 482 1631 540 falsam
1681 484 1901 541 vulnera
1950 495 1977 524 α
2015 493 2167 542 vete-
2191 488 2245 551 Α
2268 486 2544 558 condignis
2564 486 2809 544 laudibus
2837 495 3152 557 prosecutus
3189 484 3239 557 ιι,
3274 487 3567 545 accendisti
3606 490 3673 548 ad
3700 493 3870 552 multo

573 578 725 634 ribus
762 574 1204 647 transgressionis
1225 575 1537 632 vulneribus
1563 575 1960 646 imprimuntur,
1987 585 2044 631 ut
2071 575 2172 630 mi-

571 669 712 725 seris
736 667 803 721 ad
853 666 1188 723 eversionem
1217 667 1479 739 majorem
1523 668 1783 738 eripiatur
1808 678 1861 724 et
1910 669 2175 739 poeniten-

577 760 689 815 tia!
731 758 831 817 Ubi
888 759 1031 815 enim
1071 760 1266 830 poterit
1294 760 1639 833 indulgentia:
1684 760 1949 816 medicina
2005 760 2171 830 proti-

573 865 701 907 cere
731 892 748 919 ,
803 850 850 907 si
902 851 1063 907 etiam
1118 852 1234 924 ipse
1260 852 1503 909 medicus
1529 853 1827 924 intercepta
1854 853 2172 925 ptenitentia

575 942 817 1015 indulget
842 944 1116 1014 periculis,
1145 946 1190 1001 si
1229 945 1604 1003 tantummodo
1629 947 1804 1018 operit
1829 946 2041 1012 vulnus,
2073 960 2174 1002 nec

578 1034 710 1090 sinit
736 1035 1041 1091 necessaria
1073 1038 1331 1107 temporis
1357 1036 1596 1093 remedia
1648 1037 1920 1094 obducere
1961 1036 2174 1095 cicatri-

572 1141 697 1182 cem
729 1126 754 1181 ‘l
781 1126 895 1183 Hoc
933 1143 1040 1184 non
1068 1138 1154 1185 est
1202 1143 1413 1198 curare,
1446 1129 1566 1198 sed,
1594 1129 1640 1186 si
1664 1128 1844 1187 dicere
1870 1144 2059 1186 verum
2081 1145 2177 1187 vo-

575 1219 778 1286 lumus,
798 1220 1064 1278 occidere.

646 1312 739 1370 1V.
810 1314 1145 1387 Quamquam
1209 1316 1583 1374 confessorem
1639 1332 1853 1390 quoque
1898 1333 2034 1389 quos
2087 1319 2177 1375 hic

578 1407 759 1464 adhuc
807 1409 859 1464 in
914 1424 1187 1467 carcerem
1219 1410 1454 1482 dignitas
1480 1427 1593 1467 suae
1619 1411 1977 1468 confessionis
2005 1413 2179 1469 inclu-

579 1501 673 1568 sit,
705 1514 760 1557 et
787 1501 854 1557 ad
898 1513 1171 1559 certamen
1197 1504 1564 1576 evangelicum
1604 1519 1700 1560 sua
1728 1504 1863 1562 fides
1886 1506 1939 1561 in
1967 1505 2179 1565 confes-

578 1593 732 1650 sione
781 1595 892 1665 jam
937 1595 1168 1667 gloriosa
1194 1597 1365 1653 semel
1401 1601 1702 1664 coronavit.
1730 1598 1937 1655 litteras
1981 1599 2180 1657 habeas
2222 1621 2230 1631 ο

584 1688 965 1758 conspirantes
988 1705 1110 1746 cum
1132 1690 1328 1748 litteris
1359 1694 1578 1762 nostris,
1606 1693 1800 1765 quibus
1836 1695 2179 1751 severitatem

585 1783 912 1854 evangelica:
955 1784 1253 1856 disciplina:
1282 1788 1619 1857 protulerunt
1642 1795 1699 1843 et
1724 1788 1939 1843 illicitas
1967 1789 2180 1860 petitio-

2273 578 2633 637 ardentiorcm
2663 580 2900 637 cmlestis
2931 580 3116 652 gloria:
3151 580 3518 650 cupiditatem,
3551 584 3692 655 quod
3741 601 3871 656 pro-

2273 686 2373 729 nos
2411 674 2691 744 impulisti,
2723 674 2887 745 quod,
2916 683 2975 730 ut
3012 672 3284 730 credimus
3308 684 3366 731 et
3392 684 3659 746 optamus,
3690 680 3871 736 victo-

2274 779 2361 821 res
2410 764 2616 821 futuros
2666 765 2870 821 viribus
2928 764 3002 821 tui
3051 764 3317 821 sermonis
3367 767 3615 824 animasti
3666 768 3729 835 i;
3789 781 3868 837 ut,

2272 872 2593 929 quamquam
2626 857 2729 914 hoc
2756 867 2923 914 totum
2955 860 3021 915 de
3058 857 3164 913 ﬁde
3208 859 3575 915 confitentium
3614 861 3628 912 i
3696 870 3752 918 et
3803 863 3873 920 de

2275 949 2453 1005 divina
2481 950 2809 1022 indulgentia
2837 951 3022 1006 venire
3061 949 3327 1018 videatur,
3358 962 3533 1009 tamen
3566 953 3617 1009 in
3655 963 3864 1027 marty-

2274 1046 2358 1100 rio
2384 1058 2483 1100 suo
2505 1043 2600 1100 tibi
2629 1060 2696 1099 ex
2744 1044 2923 1115 aliquo
2949 1043 3222 1100 debitores
3246 1043 3371 1101 facti
3416 1062 3539 1103 esse
3559 1048 3866 1104 videantur.

2275 1135 2404 1203 Sed,
2436 1144 2496 1191 ut
2546 1135 2615 1191 ad
2659 1135 2710 1191 id
2742 1135 2884 1192 unde
2928 1135 3207 1207 digressus
3235 1151 3414 1192 sermo
3439 1138 3723 1195 videbatur
3752 1154 3874 1196 esse

2277 1241 2467 1283 rursus
2510 1233 2831 1295 revertatur,
2861 1226 3048 1298 quales
3074 1228 3286 1283 litteras
3314 1229 3367 1284 in
3389 1229 3626 1287 Siciliam
3656 1246 3873 1302 quoque

2278 1317 2587 1373 miserimus
2629 1317 2898 1388 subjectas
2928 1317 3151 1373 habebis
3182 1335 3541 1392 :quaniquam
3570 1322 3723 1378 nobis
3766 1322 3873 1378 dif-

2279 1408 2517 1465 ferenda:
2544 1408 2701 1478 hujus
2727 1409 2806 1464 rei
2832 1410 3125 1465 necessitas
3147 1411 3622 1482 majorincumbat,
3645 1414 3864 1485 quibus,

2279 1511 2402 1573 post
2451 1516 2734 1557 excessum
2789 1501 3134 1558 nobilissimae
3179 1506 3457 1560 memoria:
3492 1507 3598 1561 viri
3625 1506 3870 1573 Fabiani,

2282 1595 2519 1652 nondum
2564 1603 2652 1652 est
2689 1595 2972 1667 episcopus
3012 1606 3236 1668 prepter
3276 1612 3457 1654 rerum
3491 1609 3547 1655 et
3574 1610 3873 1670 temporum

2281 1691 2625 1749 difficultates
2681 1692 3039 1759 constitutus,
3093 1691 3185 1762 qui
3228 1692 3408 1748 omnia
3455 1693 3553 1748 ista
3630 1693 3878 1749 modere-

2283 1794 2371 1841 tur
2407 1782 2435 1821 ¹ί
2471 1794 2527 1841 et
2560 1798 2747 1842 eorum
2790 1785 2881 1855 qui
2906 1784 3040 1855 lapsi
3065 1793 3193 1840 sunt
3218 1786 3389 1856 possit
3410 1800 3533 1842 cum
3557 1787 3875 1842 auctoritate

586 1889 686 1930 nes
726 1874 796 1931 ab
820 1875 1079 1933 Ecclesia:
1109 1877 1311 1948 pudore
1338 1888 1678 1936 revocarunt.
1700 1878 1814 1937 Nisi
1862 1881 1963 1937 hoc
2013 1880 2173 1937 fecis-
2204 1883 2254 1947 B
2279 1886 2335 1933 et
2380 1876 2608 1934 consilio
2660 1876 2860 1933 habere
2903 1877 3168 1932 rationem
3199 1894 3212 1931 :
3245 1892 3567 1949 quamquam
3611 1879 3768 1933 nobis
3821 1879 3875 1933 in

582 1976 741 2034 sent,
767 1967 1064 2039 disciplina:
1090 1970 1412 2042 evangelica:
1459 1972 1629 2027 ruina:
1668 1986 1776 2028 non
1815 1970 1970 2029 facile
2014 1973 2180 2029 sarci-

585 2068 773 2116 rentur
800 2059 829 2099 ι)
854 2101 870 2128 ,
905 2064 1202 2133 prmscrtim
1233 2080 1354 2121 cum
1386 2065 1517 2122 nulli
1540 2067 1709 2138 magis
1739 2076 1847 2123 tam
1874 2081 2180 2139 congruens

587 2161 734 2209 esset
764 2163 1004 2211 tenorem
1055 2158 1349 2230 evangelici
1391 2159 1589 2231 vigoris
1636 2158 1899 2214 illibatum
1948 2158 2181 2231 dignita-

592 2253 810 2318 temque
830 2264 1055 2307 servare
1098 2262 1142 2321 ο,
1186 2267 1345 2323 quam
1372 2254 1461 2324 qui
1485 2268 1546 2311 se
1570 2254 1963 2310 excruciandos
1998 2263 2054 2310 et
2082 2270 2182 2311 ex-

584 2338 979 2398 carniﬁcandos
1035 2360 1132 2414 pro
1170 2343 1462 2417 Evangelio
1488 2345 1791 2402 furentibus
1814 2345 2177 2414 tradidissent,

584 2444 657 2486 ne
703 2434 941 2506 martyrii
987 2434 1014 2472 τι
1070 2435 1327 2493 honorem
1396 2437 1590 2495 merito
1646 2437 1980 2508 perderent,
2034 2441 2080 2495 si
2126 2439 2182 2495 in

587 2524 874 2583 occasione
915 2536 960 2594 θ,
1004 2529 1247 2602 martyrii
1281 2530 1720 2601 praevaricatores
1762 2529 2036 2602 Evangelii
2061 2545 2183 2587 esse

585 2618 906 2677 voluissent.
930 2619 1065 2677 Nam
1093 2623 1183 2693 qui
1221 2621 1274 2678 id
1323 2622 1468 2694 quod
1515 2622 1677 2679 habet
1714 2636 1824 2679 non
1869 2621 2105 2679 custodit
2125 2623 2183 2678 in

588 2724 656 2765 eo
676 2725 744 2766 ex
771 2727 878 2783 quo
906 2712 1036 2769 illud
1068 2713 1327 2785 possidet,
1354 2714 1484 2770 dum
1512 2714 1565 2770 id
1587 2730 1656 2771 ex
1677 2730 1785 2786 quo
1806 2713 2047 2786 possidet
2071 2714 2186 2770 vio—

586 2798 684 2867 lat,
715 2803 912 2860 amittit
955 2805 1084 2861 illud
1115 2803 1135 2844 ί
1161 2806 1304 2877 quod
1335 2806 1660 2877 possidebat.

660 2898 727 2955 V.
756 2900 812 2956 In
843 2917 951 2974 quo
980 2902 1100 2958 loco
1142 2904 1404 2961 maximas
1436 2905 1530 2961 tibi
1574 2914 1736 2978 atque
1775 2902 1970 2959 uberes
1988 2902 2187 2974 gratias

593 2993 802 3052 referre
828 2995 1086 3053 debemus
1114 3005 1170 3054 et
1216 2999 1491 3056 reddimus
1538 3000 1682 3073 quod
1711 2999 1924 3056 illorum
1954 2998 2187 3055 carceris

594 3089 846 3145 tenebras
898 3089 1094 3147 litteris
1149 3092 1255 3148 tuis
1303 3093 1613 3150 illuminain
1662 3105 1729 3161 ες,
1778 3093 1924 3165 quod
1960 3093 2027 3148 ad
2066 3092 2190 3150 illos

586 3181 807 3250 venisti,
835 3184 1105 3254 quomodo
1134 3185 1358 3243 introire
1388 3187 1627 3259 potuisti,
1650 3186 1795 3259 quod
1826 3187 2040 3243 illorum
2066 3187 2186 3242 ani-

2282 1982 2393 2028 tam
2423 1972 2620 2043 ingenti
2648 1971 2864 2043 negotio
2887 1970 3097 2041 placeat
3116 1970 3261 2041 quod
3284 1979 3341 2027 et
3381 1979 3437 2025 tu
3468 1972 3581 2041 ipse
3607 1971 3872 2038 tractasti,

2284 2065 2430 2135 prius
2486 2062 2738 2119 Ecclesia:
2780 2077 2964 2133 pacem
3010 2059 3030 2100 1
3090 2062 3482 2135 sustinendam,
3516 2060 3743 2126 deinde,
3797 2062 3878 2119 sic

2282 2158 2569 2213 collatione
2607 2155 2955 2212 consiliorum
3002 2169 3124 2210 cum
3171 2153 3458 2225 episcOpis,
3523 2152 3874 2224 presbyteris,

2282 2251 2558 2319 diaconis,
2616 2248 3023 2306 confessoribus
3070 2249 3273 2321 pariter
3325 2262 3388 2302 ac
3414 2247 3677 2303 stantibus
3727 2246 3880 2302 laicis

2283 2343 2449 2409 facta,
2476 2344 2747 2414 lapsomm
2771 2352 3004 2400 tractare
3031 2343 3317 2398 rationem.
3340 2341 3602 2413 Perquam
3624 2340 3765 2396 enim
3782 2354 3882 2396 no-

2284 2434 2368 2490 bis
2387 2442 2443 2491 et
2463 2433 2509 2466 “
2532 2433 2853 2490 invidiosum
2865 2441 3224 2490 etonerosum
3242 2431 3453 2488 videtur
3482 2448 3587 2488 non
3615 2447 3710 2502 per
3736 2431 3881 2486 mul-

2286 2536 2368 2584 tos
2394 2528 2703 2584 examinare
2725 2526 2867 2599 quod
2912 2541 3009 2598 per
3031 2526 3228 2581 multos
3271 2525 3614 2582 commissum
3641 2523 3885 2581 videatur

2286 2622 2472 2689 fuisse,
2496 2630 2551 2678 et
2589 2636 2755 2677 unum
2777 2620 3103 2677 sententiam
3133 2618 3340 2686 dicere,
3369 2633 3493 2674 cum
3548 2628 3653 2674 tam
3678 2617 3886 2688 grande

2285 2714 2491 2770 crimen
2521 2728 2619 2785 per
2645 2714 2849 2769 multos
2875 2710 3126 2769 diffusum
3152 2720 3369 2767 notetur
3397 2711 3607 2777 exisse;
3629 2711 3885 2781 quoniam

2287 2821 2390 2864 nec
2419 2806 2631 2862 ﬁrmum
2673 2804 2953 2861 decretum
2998 2812 3177 2876 potest
3215 2818 3341 2860 esse
3384 2802 3527 2874 quod
3568 2817 3674 2858 non
3711 2802 3887 2873 pluri-

2289 2915 2502 2957 morum
2523 2899 2794 2955 videbitur
2832 2896 3085 2954 habuisse
3109 2910 3461 2953 consensum.
3490 2895 3688 2966 Aspice
3713 2903 3884 2951 totum

2289 2995 2476 3051 orbem
2532 3007 2671 3064 pene
2720 2998 2989 3047 vastatum
3019 2998 3075 3046 et
3105 2989 3303 3059 ubique
3334 2989 3518 3059 jacere
3557 2987 3889 3058 dejectorum

2291 3088 2544 3160 reliquias
2572 3094 2630 3143 et
2667 3085 2849 3141 ruinas
2881 3127 2896 3153 ,
2946 3094 3002 3141 et
3050 3083 3251 3139 idcirco
3300 3091 3408 3139 tam
3462 3082 3664 3155 grande
3704 3083 3884 3153 expeti

2292 3181 2579 3237 consilium
2620 3193 2781 3250 quam
2826 3178 2937 3234 late
2982 3183 3334 3248 propagatum
3381 3174 3598 3231 videtur
3649 3190 3769 3233 esse
3795 3176 3890 3231 dc-

588 3286 710 3327 mos
754 3287 850 3328 sua
880 3272 987 3330 ﬁde
1028 3283 1084 3330 et
1106 3275 1449 3334 confessione
1486 3280 1741 3334 robustos
1773 3277 1876 3334 tuis
1905 3277 2187 3333 allocutio.
2216 3287 2263 3354 ο
2295 3275 2500 3331 lictum.
2522 3272 2641 3330 Non
2664 3274 2732 3328 sit
2780 3272 2959 3327 minor
3006 3270 3271 3327 medicina
3315 3285 3475 3341 quam
3520 3269 3733 3335 vulnus,
3778 3286 3887 3325 non

586 3364 749 3421 nibus
801 3365 1099 3440 litterisque
1137 3371 1413 3438 recreasti,
1458 3371 1621 3443 quod,
1663 3369 1947 3429 felicitates
1993 3384 2181 3426 eorum

2290 3369 2399 3424 sint
2442 3367 2650 3424 minora
2694 3362 2935 3421 remedia
2984 3377 3143 3435 quam
3198 3363 3381 3419 funera
3412 3402 3427 3431 ,
3473 3370 3549 3428 ut,
3614 3361 3886 3433 quomodo

1805 3484 2193 3546 LECTIONES
2244 3482 2661 3545 VARIANTES.

653 3576 683 3606 ⁸
705 3575 852 3627 Facta
872 3576 1082 3627 vulnera
1101 3574 1207 3630 Litt.

649 3635 682 3677 δ
705 3639 959 3690 Sarcirent
980 3641 1107 3691 Bod.
1128 3640 1178 3692 1.

649 3704 676 3765 9
702 3700 893 3765 Illibata
912 3701 1155 3765 dignitate
1174 3714 1377 3755 servare
1404 3710 1513 3755 Vat.

647 3763 678 3805 εἰ
701 3763 1040 3831 Tradidissént
1059 3768 1283 3831 martyris
1303 3765 1432 3818 Bod.
1458 3766 1504 3817 1.

650 3835 676 3860 υ
702 3827 956 3878 Occisione
976 3826 1082 3879 Litt.
1186 3826 1202 3831 ⁷
1405 3835 1419 3847 ⁸

650 3888 673 3928 ἲ
701 3889 879 3952 Violat,
906 3890 1056 3942 violat
1087 3889 1208 3942 illud
1230 3892 1389 3945 Oxon.

2353 3580 2380 3620 8
2406 3575 2641 3629 Animasti
2664 3572 2786 3624 Fab.

2341 3638 2374 3679 ιι
2398 3641 2698 3691 Persecutus
2715 3638 2873 3689 Oxon.

2346 3702 2604 3769 ἠέλιωαὶ
2629 3698 2756 3752 Bod.
2782 3699 2885 3769 1.“
2959 3757 2991 3769 Α

2348 3767 2363 3817 i
2398 3764 2535 3815 Hanc
2558 3771 2707 3813 totam
2732 3757 3076 3811 confidentiam
3099 3756 3226 3810 Bod.
3256 3758 3304 3809 1.

2347 3827 2378 3865 ιε
2402 3826 2689 3877 Mederetur
2709 3820 2816 3874 Litt.

2349 3890 2373 3928 1
2401 3889 2572 3951 Prius;
2593 3886 2833 3941 Emlesia:
2849 3881 3049 3950 disting.
3085 3884 3246 3935 Oxon.

1815 3979 2055 4038 STEPH.
2096 3979 2180 4039 BA
2189 3979 2370 4039 LUZIl
2408 3977 2640 4034 NOTAE.

658 4066 938 4137 Proﬁcere.
956 4068 1030 4124 lta
1049 4070 1441 4127 emendandum
1463 4086 1584 4127 esse
1602 4070 1927 4138 existimavi,
1959 4080 2174 4128 secutus

582 4140 1222 4212 auctoritatcnrveterum
1251 4143 1634 4212 exemplarium
1665 4153 1719 4196 et
1746 4142 2038 4198 editionum
2077 4157 2175 4212 pro

581 4225 649 4283 eo
662 4210 800 4280 quod
821 4214 1142 4281 posteriores
1160 4210 1425 4283 editiones
1446 4212 1736 4279 pra-ferunt
1750 4214 2041 4283 procedere.
2067 4210 2174 4269 Sed

507 4292 515 4299 '
584 4281 724 4337 hanc
747 4291 921 4335 tamen
954 4283 1191 4337 ultimam
1210 4282 1495 4339 lectionem
1508 4298 1607 4353 ego
1625 4299 1710 4338 me
1726 4281 1989 4353 reperisse
2004 4282 2176 4339 fateor

581 4353 636 4407 in
667 4352 875 4407 duobus
905 4353 1051 4408 libris
1081 4354 1215 4409 meis
1242 4352 1557 4417 veteribus,
1583 4356 1638 4408 in
1668 4354 2176 4423 Gratiatmpolitano‘

583 4431 639 4477 et
656 4424 707 4478 in
733 4439 838 4477 uno
858 4423 1151 4491 Victorino,
1183 4435 1293 4480 tum
1315 4426 1475 4480 etiam
1506 4426 1557 4479 in
1581 4424 1816 4480 editione
1846 4424 2170 4480 Manutiana.

581 4494 762 4568 Codex
784 4495 1064 4568 lietncusis
1083 4498 1252 4551 sancti
1277 4496 1513 4568 Dionysii
1529 4505 1584 4552 et
1606 4496 1965 4552 Lamonianus
1981 4494 2181 4553 habent

583 4566 842 4636 prodesse,
876 4567 1063 4622 eodem
1095 4582 1276 4624 sensu.

657 4636 742 4710 IV.
771 4638 1103 4710 _—-1llartyrii
1156 4640 1418 4695 honorent.
1470 4638 1583 4694 Hoc
1632 4639 1986 4710 fragmentum
2024 4638 2177 4695 istius

582 4706 838 4776 Epismlae
869 4706 1079 4775 exstat,
1111 4720 1169 4764 ut
1196 4712 1459 4777 diximus,
1494 4712 1545 4765 in
1573 4711 1693 4767 loco
1716 4706 1828 4766 non
1867 4724 1965 4765 suo
2004 4710 2054 4765 in
2086 4726 2177 4766 co-

552 4778 703 4851 .dice
735 4780 902 4851 sancti
936 4782 1215 4851 Arnulphi.

656 4850 802 4923 γε
822 4850 886 4903 Et
903 4850 1115 4923 ruinas.
1130 4852 1307 4908 Editio
1326 4854 1594 4923 Spirensis
1621 4863 1673 4907 et
1700 4862 1810 4907 tres
1833 4852 1949 4907 libri
1969 4863 2180 4908 veteres

583 4934 691 4973 non
716 4920 913 4976 habent
955 4922 1070 4976 ha-c
1122 4924 1229 4977 duo
1257 4920 1534 4979 vocabula.
1586 4925 1784 4979 Veneta
1817 4935 1965 4978 vetus
1998 4924 2175 4980 habet.

584 4991 705 5067 Duo
731 4993 818 5046 alii
852 4992 968 5067 libri
1000 5004 1209 5067 veteres
1252 4999 1538 5064 praeferunt
1564 4997 1769 5067 laqueos
1796 5011 1892 5065 pro
1918 4997 2115 5050 ruinas.

658 5060 1098 5137 [funerarcodcx
1119 5060 1289 5120 sancti
1320 5067 1575 5137 Aruulphi
1607 5060 1767 5122 liabet
1787 5060 2013 5121 uulnera.
2047 5066 2177 5132 Qua:

579 5130 741 5207 lectio
770 5132 900 5187 mihi
919 5133 1135 5190 videtur
1152 5150 1272 5191 esse
1290 5130 1511 5201 inclior';
1547 5137 1855 5207 meamque
1879 5130 2174 5202 posuissem

580 5204 639 5257 in
668 5214 943 5271 contextu,
975 5207 1019 5259 si
1050 5214 1160 5261 tum
1191 5222 1310 5261 cum
1339 5207 1426 5262 hic
1449 5208 1600 5262 locus
1628 5204 1926 5263 cudebatur
1952 5209 2174 5263 habuis-

580 5289 695 5329 sem
724 5275 964 5348 codiceni
993 5276 1162 5348 illum.
1191 5280 1260 5332 At
1285 5279 1331 5333 si
1370 5281 1489 5348 quis
1522 5279 1854 5334 retinendam
1897 5288 2047 5348 putat
2077 5294 2173 5334 νος

577 5359 696 5419 cem
727 5349 928 5415 funera,
954 5347 1250 5418 intelligere
1276 5347 1487 5419 oportet
1518 5360 1739 5412 mortes,
1771 5366 1867 5404 seu
1891 5347 2065 5418 potius
2085 5365 2176 5405 ca-

578 5416 1168 5490 daveijtgmortuoruni.
1194 5416 1364 5488 Supra
1403 5420 1458 5474 in
1501 5420 1737 5490 Epistula
1780 5422 1847 5474 ad
1891 5416 2170 5487 Donatum,

577 5502 635 5569 ρ.
655 5488 690 5542 5
706 5506 719 5542 :
735 5484 964 5569 Viuentes
983 5489 1039 5569 t'n_
1051 5484 1337 5545 ultroneum
1358 5492 1512 5560 [unus
1528 5484 1794 5569 ornantur.
1825 5491 2005 5569 Funus
2024 5484 2169 5548 enim

575 5560 1132 5633 tirequeutersumitur
1155 5577 1250 5631 pro
1271 5578 1495 5633 corpore
1516 5573 1729 5618 mortuo
1752 5563 1865 5618 sive
1884 5563 2165 5620 cadavere.

575 5630 732 5705 Apud
762 5629 1233 5705 Virgiliumglibdx
1249 5629 1529 5697 rEnéidos.
1551 5638 1705 5705 {unus
1730 5634 1973 5697 lacerum,
2005 5635 2054 5689 id
2087 5642 2173 5691 est

573 5701 789 5779 cadaver
811 5699 1119 5779 dilaniatum
1141 5744 1155 5768 ,
1186 5714 1244 5759 ut
1280 5705 1498 5760 Servius
1528 5699 1897 5776 inteprctatur.
1940 5705 2171 5763 Juvena-

572 5772 640 5830 lis
665 5772 717 5825 iu
760 5772 927 5839 prima
954 5772 1143 5845 Satyra
1177 5792 1192 5827 :

702 5846 907 5900 Ducitur
931 5851 1067 5902 iratis
1088 5850 1423 5917 plangendum
1462 5854 1609 5911 funus
1629 5854 1814 5906 amicis.

2279 4069 2482 4129 Statius
2524 4067 2674 4123 initio
2716 4064 3055 4132 Thebaidos,
3102 4063 3406 4135 tumulisque
3438 4063 3662 4120 carentia
3705 4079 3883 4135 regum

2277 4141 2482 4213 funera.
2512 4140 2673 4196 Silius
2718 4136 2941 4193 Italicus
2978 4137 3073 4193 lib.
3108 4151 3203 4193 vni
3235 4154 3249 4190 :

3087 4217 3370 4281 Fratrisque
3394 4216 3598 4281 petebat

2404 4282 2615 4333 Mancini
2634 4286 2838 4332 stratum
2860 4292 3029 4344 sparsa
3050 4282 3180 4330 inter
3197 4279 3371 4330 funera
3388 4279 3580 4341 corpus.

2280 4357 2497 4413 Tacitus
2525 4357 2618 4410 lib.
2651 4373 2667 4410 ι
2699 4355 3008 4416 Annalium,
3026 4362 3083 4405 ut
3111 4360 3259 4422 porta
3288 4348 3585 4416 triumphali
3614 4349 3885 4422 duceretur

2312 4433 2458 4483 unus.
2503 4428 2602 4484 Ubi
2647 4427 2767 4480 vide
2805 4434 2958 4479 notas
2988 4420 3365 4477 Frei'nsliemii.
3404 4422 3638 4487 Epitome
3679 4420 3882 4474 Aurelii

2312 4445 2458 4483 unus.
2503 4432 2602 4484 Ubi
2647 4432 2767 4480 vide
2805 4434 2958 4479 notas
2988 4432 3365 4477 Freinshemu.
3404 4432 3638 4487 cultorne
3679 4432 3882 4474 Aurem

2286 4432 2518 4554 {’ictoris
2550 4501 2600 4552 in
2633 4496 2963 4552 Diocletiano
2995 4512 3009 4548 :
3039 4492 3221 4548 Funus
3250 4494 3363 4562 ejus
3388 4491 3591 4545 (ἐμίξαιὶ
3612 4490 3884 4562 sepuicht'o

2202 4595 2256 4656 D
2284 4571 2524 4641 infertur.
2569 4568 2827 4656 Apuleius
2872 4567 2963 4622 lib.
3003 4581 3096 4620 \‘ttt
3124 4560 3673 4656 Metatnti‘rphose'onJ:
3689 4560 3883 4656 JFunus

2282 4633 2398 4696 vero
2427 4651 2529 4695 toto
2556 4633 2765 4710 feralem
2796 4653 3035 4709 pompam
3058 4642 3387 4710 prosequente
3407 4633 3597 4710 papula
3618 4633 3884 4710 deducitur

2282 4714 2350 4765 ad
2381 4704 2713 4779 sepulturam.
2747 4704 3066 4764 Ammianus
3100 4704 3441 4761 Marcellinus
3486 4704 3579 4758 lib.
3595 4719 3703 4779 om
3732 4721 3744 4757 :
3772 4704 3884 4779 (ira:

2282 4775 2721 4838 Chonodomarius
2762 4781 3066 4850 lapsusiper
3111 4780 3552 4850 funerutnstrues.
3595 4775 3739 4850 Idem
3786 4775 3878 4827 ιιι».

2281 4870 2413 4909 3tth
2438 4874 2449 4906 :
2472 4853 2521 4908 F
2524 4870 2654 4907 unus
2687 4854 2797 4921 ejus
2818 4845 2916 4919 ’ρετ
2953 4845 3506 4921 Vespillonesillatum
3538 4845 3721 4921 pullati
3750 4860 3882 4912 prta:

2282 4927 2458 4979 cedere
2482 4915 2722 4978 honorati
2741 4915 3088 4991 quamplures.
3121 4921 3251 4974 item
3283 4919 3418 4991 Iibct'
3443 4932 3573 4991 xx.“
3600 4934 3612 4969 :
3639 4915 3879 4991 mpera-

2285 5008 2365 5050 tor
2390 4997 2515 5050 diris
2544 4987 2811 5065 pavoribus
2841 4987 3223 5061 circumseptus,
3282 4989 3633 5065 puniantur/ue.
3652 4987 3881 5065 insiliens

2283 5072 2522 5191 funerum
2544 5057 2726 5127 'moles.
2760 5064 2827 5118 ad
2866 5057 3149 5117 lancearios
3176 5057 3426 5132 confugit.
3460 5057 3633 5113 Julius
3659 5057 3878 5127 Capito-

2306 5139 2426 5191 iuus
2466 5139 2517 5191 iu
2567 5137 2840 5191 Antonino
2883 5132 3243 5191 philosopho:
3275 5131 3503 5191 Denique
3544 5131 3685 5191 prius
3725 5144 3878 5191 quant

2306 5139 2426 5193 inus
2466 5139 2517 5192 iu
2567 5137 2849 5210 Antonino
2883 5132 3243 5210 philosopho;
3275 5131 3503 5210 Denique
3544 5131 3880 5210 prius'q'uatn

2280 5214 2435 5280 [unus
2461 5198 3039 5280 condereturrpptatus
3064 5198 3591 5280 Milevitanus'libLtt
3619 5218 3633 5255 :
3662 5198 3878 5280 U_n_icui-

2278 5271 2374 5350 que
2398 5280 2664 5348 sepulchro
2712 5271 2891 5348 suﬁicit
2918 5278 3260 5350 unumjunus
3292 5284 3341 5350 et
3371 5271 3650 5350 clauditur.
3689 5271 3880 5350 Hiero-

2279 5342 2471 5421 nymus
2500 5351 2552 5405 in
2586 5342 3241 5421 Episto'l'ahadl’aulimtm
3279 5346 3348 5401 de
3389 5343 3729 5421 Institutione
3767 5342 3885 5398 Ilo-

2279 5418 2434 5477 naclti
2468 5441 2479 5473 ι
2516 5418 2702 5489 Quanti
2732 5418 2881 5473 hodie
2893 5418 2980 5472 -sic
3008 5418 3219 5472 vivendo
3243 5426 3446 5489 portant
3475 5431 3569 5469 sua
3598 5418 3804 5486 (uitem,
3833 5422 3882 5468 et

2377 5494 2420 5547 si
2445 5487 2716 5559 sepulchra
2731 5489 2989 5555 dealbata,
3015 5490 3153 5559 pleni
3172 5498 3291 5542 sunt
3316 5487 3513 5559 ossibus
3535 5495 3877 5559 mortuorum.

2302 5566 2423 5619 dem
2452 5558 2508 5618 in
2535 5561 2814 5634 Epitaphio
2850 5558 3130 5634 Nepotiani
3158 5578 3171 5615 :
3187 5558 3645 5634 Quentjueredem
3680 5558 3881 5634 putaui-

2279 5651 2390 5688 mus
2419 5625 2860 5703 [unus'ten'emua
2908 5625 3051 5686 Idem
3078 5632 3131 5686 in
3187 5629 3302 5703 Vita
3345 5628 3538 5703 Malchi
3585 5625 3875 5703 lltOttflChi:

2281 5696 2589 5759 Prosecutus
2615 5720 2735 5775 ergo
2761 5720 2841 5758 tne
2865 5703 2929 5775 de
2956 5701 3264 5757 monasterio
3289 5700 3439 5775 quasi
3469 5700 3633 5775 {unus
3650 5696 3872 5764 eﬂ'erret.

2276 5775 2501 5848 Bttﬁtttts
2531 5774 2621 5829 lib.
2648 5769 2690 5836 ιζ
2718 5790 2768 5830 c.
2792 5776 2849 5842 8,
2872 5774 3011 5848 llist.
3044 5774 3241 5848 cccles.
3275 5769 3531 5848 uitem
3573 5769 3868 5848 liberorum.

2278 5846 2514 5906 Libellus
2549 5860 2772 5917 precum
2832 5839 3044 5903 oblatus
3085 5843 3462 5901 Valentiniano
3499 5851 3556 5899 et
3597 5839 3868 5895 Marciano
