4250 6282
386 270 545 332 διδ
1807 292 2143 365 EPISTOLA
2183 303 2378 372 XXXI.
3624 304 3730 390 sti

394 397 530 503 (ἰξπὶ
557 400 919 521 .meruutipb
948 400 1050 460 hoc
1076 414 1317 521 alterum
1348 408 1507 521 ,ειςοά
1553 424 1695 521 ξξοω
1725 415 2030 518 temeritate
2060 420 2113 481 A
2138 419 2358 486 Multum
2382 430 2487 489 illis
2518 436 2762 507 proﬂciet
2805 444 2993 516 petitio
3035 447 3300 520 modesta,
3328 446 3619 521 postulatio
3636 459 3735 502 ve-

401 491 602 545 πίωίδ
641 492 841 549 "mauu
877 493 1117 612 “ferum:
1149 498 1221 553 "3
1246 502 1362 612 Δαυὶ
1405 501 1511 558 hoc
1546 505 1832 576 disponere
1861 509 2038 564 “ilun-
2138 522 2397 592 reeunda,
2440 491 2710 588 humilitas
2750 491 3076 609 nelcessaria,
3101 491 3364 612 patienii;
3399 558 3508 599 non
3538 544 3729 598 otiosa.

405 588 527 612 ..ι-ι
577 584 721 612 Ληιδῖ
754 588 902 612 ,ιλιι-ηε
930 587 1097 612 2-_--_.
1147 606 1230 612 μ-
1285 596 1441 612 --Ακηο
1466 611 1470 612 ,
1496 611 1501 612 ,
1599 606 1610 612 -
1692 609 1702 612 -
1983 600 1995 612 ι
2018 600 2034 612 1

405 588 546 650 tur,
575 584 722 639 omni
751 587 1102 644 consiliorum
1147 591 1516 651 moderamine
1561 606 1776 653 utantur
1797 614 1866 655 ne
1909 600 2037 670 quid

408 687 547 728 non
580 684 637 729 ut
663 686 878 746 oportet
906 677 1103 737 factum
1132 690 1400 756 tamquam
1442 687 1652 743 irritum
1679 690 1748 745 ab
1774 692 2026 747 omnibus

402 765 439 835 j
451 767 725 824 udieetur.

509 860 598 916 Vl.
631 861 750 918 Uno
774 865 935 936 igitur
982 866 1279 941 eodemque
1307 872 1555 939 consilio,
1574 873 1764 931 iisdem
1787 876 2036 946 precibus

418 961 495 1008 et
538 954 756 1010 ﬂetibus
811 966 917 1012 tam
949 974 1068 1027 nos,
1098 962 1187 1032 qui
1216 978 1386 1034 usque
1434 964 1610 1021 adhuc
1637 966 1884 1023 videmur
1909 979 2033 1024 tem-

419 1048 584 1115 poris
623 1048 781 1104 istius
824 1052 1006 1107 ruinas
1054 1054 1463 1127 subterfugisse,
1503 1073 1661 1128 quam
1715 1059 1790 1115 illi
1846 1061 1935 1129 qui
1979 1062 2036 1116 in

424 1134 536 1193 has
583 1142 840 1211 temporis
888 1142 1141 1201 videntur
1209 1147 1394 1204 clades
1446 1150 1739 1220 incidisse,
1792 1152 2032 1210 divinam

428 1232 771 1303 majestatem
837 1235 1189 1309 deprecantes
1262 1258 1450 1313 pacem
1508 1247 1875 1304 ecclesiastico
1944 1264 2035 1304 uo-

430 1324 568 1379 mini
614 1328 971 1396 postulemus.
1024 1330 1222 1387 Mutuis
1262 1334 1400 1390 votis
1450 1350 1550 1392 nos
1595 1338 1823 1395 invicem
1847 1338 2033 1396 fovea-

433 1432 579 1486 mus,
601 1420 988 1490 custodiamus,
1022 1438 1315 1483 armemus.
1362 1427 1590 1486 Oremus
1641 1446 1739 1502 pro
1786 1432 1949 1504 lapsis
1977 1443 2035 1489 ut

433 1515 730 1585 erigantur,
758 1530 978 1574 oremus
1016 1533 1113 1590 pro
1157 1521 1426 1578 stantibus
1470 1532 1526 1579 ut
1574 1540 1683 1581 non
1734 1526 1801 1582 ad
1848 1526 2034 1584 ruinas

431 1622 609 1678 usque
646 1618 937 1676 tententur,
967 1627 1187 1669 oremus
1232 1624 1294 1670 ut
1343 1618 1434 1686 qui
1482 1618 1745 1676 cecidisse
1782 1619 2031 1678 referun-

433 1707 550 1767 tur,
591 1699 766 1756 delicti
812 1703 894 1758 sui
938 1706 1358 1776 magnitudinem
1409 1721 1764 1780 agnoscentes
1798 1755 1812 1779 ,
1868 1715 2029 1770 intel-

430 1790 608 1861 ligant
675 1807 780 1848 non
859 1808 1292 1855 momentaneam
1387 1817 1562 1874 neque
1636 1820 2027 1879 praeproperam
2060 1816 2109 1877 B

430 1881 744 1940 desiderare
790 1886 1133 1945 medicinam.
1187 1890 1414 1949 Oremus
1464 1904 1524 1950 ut
1578 1895 1800 1953 eﬂ'ectus
1849 1899 2027 1956 indul-

427 1980 627 2050 gentiae
672 1979 946 2050 lapsorum
1000 1983 1361 2057 subsequatur
1407 1997 1464 2043 et
1544 1990 1896 2059 paenitentia,
1945 2002 2022 2061 ut,

429 2071 708 2127 intellecto
745 2088 844 2128 suo
869 2074 1121 2144 crimine,
1147 2078 1312 2132 velint
1347 2078 1502 2135 nobis
1528 2081 1740 2138 interim
1768 2094 2026 2155 praestare

426 2162 763 2233 patientiam,
796 2180 896 2221 nec
934 2166 1108 2224 adhuc
1136 2167 1484 2227 ﬂuctuantem
1516 2173 1737 2230 turbent
1767 2175 2025 2234 Ecclesia:

426 2263 650 2322 statum,
683 2271 751 2312 ne
781 2258 1092 2315 interiorem
1139 2260 1293 2317 nobis
1335 2265 1762 2333 persecutionem
1791 2269 1892 2339 ipsi
1936 2271 2022 2325 in-

425 2349 677 2405 cendisse
704 2350 1007 2419 videantur,
1040 2363 1096 2410 et
1123 2355 1346 2412 accedat
1395 2358 1459 2412 ad
1513 2360 1796 2417 criminum
1835 2378 2024 2419 cumu-

425 2440 536 2496 lum
567 2442 706 2512 quod
727 2444 889 2498 etiam
937 2445 1161 2516 inquieti
1209 2446 1449 2505 fuerunt.
1483 2450 1712 2509 Maxime
1750 2456 1894 2510 enim
1918 2455 2022 2513 illis

424 2537 673 2607 congruit
729 2539 1053 2595 verecundia
1104 2556 1334 2613 quorum
1392 2544 1445 2599 in
1475 2544 1684 2602 delictis
1735 2547 2024 2606 damnatur

423 2644 582 2684 mens
612 2630 999 2687 inverecunda.
1030 2632 1255 2689 Pulsent
1297 2649 1430 2691 sane
1458 2636 1622 2704 fores,
1655 2639 1749 2694 sed
1778 2655 1883 2695 non
1913 2641 2021 2696 uti-

422 2736 531 2790 que
553 2720 924 2793 cont‘ringaut;
956 2724 1153 2781 adeant
1181 2726 1249 2781 ad
1278 2726 1441 2784 limen
1476 2728 1753 2798 Ecclesia,
1786 2731 1878 2787 sed
1911 2748 2019 2790 non

422 2814 607 2883 utique
635 2814 934 2870 transiliant
976 2825 1003 2853 ⁸
1034 2832 1051 2871 :
1077 2826 1375 2874 castrorum
1428 2820 1729 2878 caelestium
1753 2824 2021 2881 excubeut

420 2903 614 2974 portis,
643 2903 739 2960 sed
790 2906 980 2961 armati
1010 2907 1275 2963 modestia
1300 2951 1316 2977 ,
1364 2925 1467 2981 qua
1508 2911 1810 2984 intelligant
1837 2929 1897 2970 se
1925 2913 2019 2972 de-

418 3005 655 3051 sertores
706 2995 888 3053 fuisse.
923 2998 1221 3054 Resumant
1268 3015 1487 3072 precum
1533 3018 1752 3060 suarum
1808 3006 2010 3075 tubam,

419 3089 515 3145 sed
536 3103 638 3160 qua
681 3104 788 3144 non
838 3088 1087 3145 bellicum
1118 3091 1641 3164 clangant:arment
1687 3112 1747 3152 se
1795 3097 2013 3169 quidem

2140 614 2350 672 Mittant
2392 619 2595 692 legatos
2625 642 2721 696 pro
2763 632 2876 687 suis
2925 632 3199 691 doloribus
3248 637 3538 708 lacrymas,
3568 636 3734 695 advo-

2142 709 2352 802 catione
2380 712 2672 785 fungantur
2693 736 2759 778 ex
2792 724 2978 780 intimo
3003 738 3222 798 pectore
3251 729 3440 800 prolati
3477 732 3729 802 gemitus,

2142 797 2381 857 dolorem
2405 808 2693 876 probantes
2721 797 3017 874 commissi,
3029 820 3269 876 criminis
3298 808 3657 891 et'pudorem.

2214 895 2327 951 VII.
2375 897 2567 970 Immo,
2601 906 2646 961 si
2691 907 2971 967 dedecoris
3015 912 3234 969 admissi
3306 914 3730 987 magnitudinem

2140 988 2586 1065 Perhorrescuut,
2637 1001 2683 1055 si
2738 1006 2972 1072 pectoris
2998 1017 3052 1063 et
3095 1009 3437 1066 conscientiae
3486 1025 3598 1065 suae
3647 1009 3728 1065 le-

2137 1078 2339 1139 tbatem
2368 1086 2575 1160 plagam
2603 1102 2658 1147 et
2685 1096 2885 1153 sinuosi
2908 1100 3145 1157 vulneris
3165 1102 3304 1158 altos
3330 1119 3574 1160 recessus
3601 1119 3730 1161 vere

2137 1176 2346 1232 medica
2376 1196 2536 1237 manu
2569 1195 2816 1255 tractant,
2839 1193 3574 1266 erubescantetpetereilli?»i
3606 1198 3729 1268 (Ιυῖδ

2137 1269 2357 1341 majoris
2399 1282 2481 1328 est
2506 1292 2719 1334 rursum
2763 1291 2816 1337 et
2847 1284 3065 1353 periculi
3097 1296 3153 1341 et
3197 1287 3417 1358 pudoris
3465 1288 3728 1344 auxilium

2137 1366 2284 1432 pacis
2311 1382 2416 1422 non
2440 1374 2639 1440 petisse
2682 1392 2695 1427 2
2725 1376 2820 1433 sed
2844 1377 2945 1435 hoc
2967 1389 3133 1436 totum
3167 1382 3219 1437 in
3246 1392 3606 1452 sacramento,
3633 1382 3730 1440 sed

2135 1462 2189 1516 in
2219 1461 2385 1532 ipsius
2410 1467 2786 1536 postulationis
2820 1471 2956 1543 lege,
2990 1476 3249 1546 temporis
3293 1477 3436 1533 laeto
3465 1487 3731 1551 tempera-

2134 1565 2340 1625 mento,
2372 1558 2467 1615 sed
2494 1562 2857 1630 postulatione
2876 1565 3130 1631 demissa,
3164 1570 3260 1625 sed
3288 1585 3446 1641 prece
3469 1573 3679 1631 subdita
3706 1613 3726 1644 ,

2134 1649 2384 1718 quoniam
2434 1660 2489 1706 et
2531 1652 2622 1723 qui
2650 1652 2848 1723 petitur
2872 1654 3014 1711 ﬂecti
3043 1656 3223 1723 debet,
3250 1675 3358 1716 non
3412 1663 3619 1720 incitari
3650 1665 3678 1705 ι)
3707 1684 3722 1735 ;

2134 1746 2189 1793 et
2232 1740 2371 1798 sicut
2417 1744 2611 1815 respici
2658 1744 2820 1801 debet
2857 1745 3039 1802 divina
3072 1748 3379 1817 clementia,
3422 1756 3500 1810 sic
3530 1756 3725 1827 respici

2136 1838 2297 1895 debet
2365 1848 2422 1895 et
2469 1838 2649 1894 divina
2695 1853 2975 1906 censura;
3024 1849 3080 1896 et
3125 1842 3263 1898 sicut
3313 1847 3567 1916 scriptum
3620 1858 3723 1919 est,

2132 1931 2333 1988 Donavi
2356 1932 2442 1987 tibi
2465 1949 2614 1988 omne
2636 1931 3005 2004 debitum,quia
3024 1951 3103 1989 me
3130 1939 3322 2008 rogasti
3343 1938 3362 2011 (
3371 1939 3422 1992 Μ
3428 1941 3554 1995 attlt.
3570 1958 3724 2010 xvttt,

2128 2026 2248 2101 52),
2276 2028 2355 2084 sic
2383 2026 2640 2099 scriptum
2668 2036 2751 2084 est
2781 2045 2796 2082 :
2831 2028 2934 2096 Qui
2976 2045 3055 2083 me
3083 2032 3337 2101 negaverit
3358 2049 3531 2088 coram
3560 2036 3728 2092 banti-

2128 2124 2289 2188 nibus,
2305 2123 2496 2196 negabo
2527 2135 2573 2179 et
2598 2138 2691 2193 ego
2722 2140 2833 2179 eum
2856 2140 3027 2179 coram
3055 2133 3200 2194 patre
3221 2142 3330 2180 meo
3352 2135 3399 2182 et
3432 2144 3603 2183 coram
3623 2148 3723 2186 an-

2126 2221 2254 2291 gelis
2279 2220 2389 2290 ejus
2415 2217 2630 2292 (Matth.
2656 2234 2711 2283 x,
2738 2216 2851 2289 3'5).
2877 2218 3017 2275 Deus
3037 2218 3183 2273 enim
3210 2227 3267 2273 ut
3294 2229 3377 2275 est
3416 2221 3720 2294 indulgens,

2127 2317 2198 2372 ita
2222 2325 2307 2372 est
2330 2323 2723 2386 praeceptorum
2761 2326 2980 2368 suorum
3009 2320 3248 2381 exactor,
3276 2321 3333 2369 et
3351 2314 3566 2384 quidem
3597 2317 3723 2374 dili-

2124 2425 2277 2483 gens;
2300 2418 2355 2465 et
2378 2409 2519 2465 sicut
2543 2406 2610 2461 ad
2631 2406 2932 2462 convivium
2955 2415 3132 2473 vocat,
3154 2406 3230 2461 sic
3244 2406 3485 2464 habitum
3513 2412 3724 2482 nuptia-

2124 2521 2244 2562 rum
2272 2520 2378 2559 non
2408 2502 2691 2556 habentem
2740 2511 2763 2539 ο
2816 2499 2992 2570 ligatis
3022 2500 3269 2557 manibus
3303 2510 3360 2557 et
3378 2502 3601 2572 pedibus
3622 2521 3720 2561 cx-

2124 2613 2203 2659 tra
2249 2608 2556 2656 sanctorum
2596 2606 2793 2654 coetum
2842 2595 2987 2651 foras
3029 2596 3217 2667 jactat.
3244 2596 3458 2654 Paravit
3496 2600 3717 2671 coelum,

2122 2701 2217 2757 sed
2269 2699 2470 2771 paravit
2499 2706 2555 2753 et
2596 2706 2857 2752 tartarum
2892 2697 3134 2767 :paravit
3166 2696 3468 2769 refrigeria,
3511 2701 3604 2757 sed
3628 2716 3722 2773 pa-

2122 2794 2261 2850 ravit
2278 2790 2442 2848 etiam
2472 2799 2672 2847 aeterna
2693 2789 2954 2861 supplicia
2979 2808 2992 2844 :
3011 2788 3057 2821 "
3070 2790 3296 2861 paraviti
3314 2794 3718 2850 naccessibilem

2121 2884 2315 2951 lucem,
2367 2882 2464 2939 sed
2518 2881 2722 2952 paravit
2759 2882 2921 2936 etiam
2961 2890 3235 2952 perpetuae
3283 2884 3456 2941 noctis
3512 2894 3715 2942 vastam

2118 2986 2483 3048 :eternamque
2506 2971 2532 3013 ά
2562 2974 2867 3049 caliginem.

2193 3092 2328 3151 Vlll.
2343 3092 2509 3163 Cujus
2522 3088 2933 3161 temperamenti
2950 3088 3293 3145 moderamen
3316 3105 3416 3148 nos
3429 3091 3519 3148 hic
3533 3101 3717 3150 tenere

418 3180 697 3237 modestia:
728 3180 866 3248 telis,
895 3189 952 3235 et
997 3197 1157 3252 quem
1198 3186 1445 3257 negando
1493 3189 1685 3245 mortis
1711 3201 1858 3246 metu
1888 3190 2011 3247 ﬁdei
2039 3205 2085 3269 ο
2118 3197 2422 3261 quaerentes
2452 3184 2565 3251 diu,
2593 3192 2649 3240 et
2672 3182 2886 3254 quidem
2915 3182 3096 3245 multi,
3126 3189 3181 3238 et
3202 3182 3418 3254 quidem
3444 3200 3565 3241 cum
3595 3187 3715 3256 qui-

415 3274 735 3331 dimiserant
763 3276 1011 3347 clypeum
1042 3289 1336 3348 resumant,
1369 3280 1462 3336 sed
1494 3291 1550 3336 ut
1579 3292 1767 3339 contra
1798 3283 2007 3340 hostem
2110 3283 2338 3342 busdam
2389 3279 2656 3351 episcopis
2699 3276 2887 3331 vicinis
2939 3275 3093 3331 nobis
3143 3285 3199 3331 et
3238 3278 3715 3349 appropinquanti-

414 3369 691 3426 diabolum
716 3370 798 3426 vel
834 3387 976 3428 nunc
1021 3375 1244 3441 armati,
1294 3391 1400 3432 non
1448 3388 1636 3433 contra
1684 3379 2002 3448 Ecclesiam,

413 3475 535 3531 qua:
565 3460 774 3516 illorum
811 3461 959 3519 dolet
1000 3478 1176 3534 casus,
1207 3475 1445 3523 armatos
1482 3482 1604 3526 esse
1647 3485 1708 3526 se
1758 3470 2001 3526 credant.

2117 3376 2248 3439 bus,
2292 3381 2347 3430 et
2385 3386 2518 3442 quos
2553 3385 2618 3425 ex
2650 3368 2769 3424 aliis
2796 3367 3087 3439 provinciis
3112 3366 3269 3439 longe
3310 3369 3496 3439 positis
3526 3384 3713 3441 purse.

2112 3468 2343 3526 cutionis
2387 3465 2542 3521 istius
2581 3461 2744 3519 ardor
2792 3461 3063 3533 eiecerat,
3108 3470 3233 3521 ante
3276 3464 3712 3523 constitutionem

1629 3582 2017 3643 LECTIONES
2078 3580 2500 3642 VARIANTES.

477 3674 503 3741 ξι
532 3672 596 3741 [It
619 3675 889 3741 transiliam
910 3680 1044 3727 vetus
1071 3672 1251 3730 inuam.
1275 3677 1410 3741 Spir.

474 3732 503 3772 δ
525 3735 673 3788 Citari
697 3735 803 3790 Lin.

2184 3681 2208 3709 ο
2229 3677 2335 3728 Non
2350 3677 2637 3728 habentium
2657 3686 2829 3726 manus
2850 3672 2977 3726 Bod.
2995 3674 3042 3723 1.

2186 3741 2215 3781 τι
2233 3741 2298 3793 Ει
2314 3749 2493 3792 tetram
2515 3741 2625 3790 Vat.

1615 3827 1862 3886 STEPH.
1902 3826 2179 3885 BALUZII
2218 3824 2449 3881 NOTIE.

408 3915 526 3991 ᾼΑ,
553 3916 771 3991 aBasso
803 3920 1056 3991 episcopo
1094 3919 1367 3991 Ephesino
1404 3921 1456 3975 iu
1506 3921 1737 3977 concilio
1775 3920 2001 3977 Chalce-

408 3987 633 4061 donensi
673 4007 688 4043 :
728 3987 899 4061 Super
947 3987 1055 4048 haec
1095 3987 1244 4047 etiam
1286 3992 1471 4047 multos
1516 3993 1746 4047 homines
1773 4007 2000 4047 meorum

406 4058 621 4131 diversis
655 4058 826 4131 plagis
870 4066 1021 4117 morti
1055 4065 1392 4128 tradiderunt,
1444 4065 1513 4116 ita
1558 4073 1615 4117 ut
1656 4064 1839 4131 funera
1882 4074 2002 4119 ante

397 4130 593 4208 januas
637 4130 843 4187 Sanctia
884 4134 980 4188 Dei
1019 4134 1257 4208 Ecclesia:
1281 4135 1489 4208 quidam
1528 4130 1854 4204 exponerent.
1898 4134 1998 4208 Ubi

409 4215 506 4269 pro
532 4203 714 4277 funera
742 4214 991 4277 auctores
1026 4203 1302 4261 editionis‘
1326 4206 1579 4260 Romana:
1618 4214 1915 4277 posuerunt
1945 4207 1997 4260 in

406 4272 648 4347 margine
682 4276 929 4329 cadavera
973 4292 1065 4346 per
1096 4278 1327 4347 speciem
1369 4272 1843 4346 interpretationis.
1875 4276 1998 4333 Sul-

405 4342 568 4410 pitius
611 4343 862 4414 Severus,
889 4342 985 4402 lib.
1009 4364 1047 4403 ll
1078 4342 1256 4404 Sacra:
1282 4342 1524 4403 Historité
1552 4349 1775 4415 loquens
1818 4347 1886 4402 de
1917 4350 1996 4403 iu~

403 4416 657 4469 ventiune
700 4428 896 4472 sancta:
925 4419 1114 4474 Crucis
1146 4420 1358 4474 Domini
1402 4419 1569 4473 neStri
1600 4419 1725 4474 Jesu
1755 4418 1992 4474 Christi:

406 4484 623 4562 Cupiunt
651 4488 833 4562 deinde
861 4491 1128 4562 consilium
1176 4501 1232 4543 ut
1271 4492 1488 4562 aliquem
1532 4506 1702 4562 recens
1746 4499 1998 4544 mortuum

404 4556 637 4632 crucibus
665 4560 1005 4615 admoverent.
1033 4561 1141 4615 Nec
1167 4579 1330 4627 mora,
1353 4556 1503 4630 'quasi
1530 4560 1625 4615 Dei
1654 4570 1779 4615 nutu
1805 4562 1999 4632 funeris

2107 3918 2310 3973 tionem
2334 3916 2680 3987 Anglicanam
2712 3924 2766 3970 et
2788 3914 3160 3987 auctoritatem
3185 3916 3536 3982 quorumdam
3566 3927 3709 3975 vete-

2107 4005 2224 4044 rum
2277 3985 2533 4044 librorum
2579 3987 2773 4042 secuti.
2830 3986 2885 4043 Si
2929 3985 3049 4058 quis
3100 3995 3280 4043 tamen
3324 3988 3505 4060 legere
3562 3991 3711 4047 malit

2105 4062 2329 4123 nomine,
2359 4076 2464 4115 non
2497 4073 2758 4128 repugno.

2179 4130 2303 4186 Non
2339 4139 2761 4185 momentaneam.
2811 4128 2925 4185 Non
2973 4130 3114 4184 enim
3162 4129 3303 4185 lenta
3348 4131 3580 4187 remedia
3610 4148 3708 4188 nec

2103 4217 2299 4274 segnes
2325 4202 2563 4274 medicos
2592 4210 2847 4270 erpctunt
2876 4201 3118 4272 qumdam
3164 4212 3425 4272 tempora,
3473 4213 3527 4258 ut
3566 4204 3705 4271 apud

2107 4273 2426 4341 Q.Curtium
2452 4273 2544 4328 lib.
2568 4288 2624 4327 ιιι
2650 4275 2717 4328 de
2748 4289 2806 4329 se
2828 4274 3003 4326 aiebat
3029 4288 3248 4342 magnus
3281 4274 3596 4329 Alexander.
3617 4275 3705 4331 Sic

2105 4344 2158 4399 in
2187 4345 2419 4415 Epistola
2451 4344 2662 4399 concilii
2692 4344 3152 4415 Chalcedonensis
3168 4344 3242 4415 ad
3283 4344 3701 4413 lmpcratoresiu

2104 4414 2338 4472 editione
2374 4415 2577 4471 Rustici
2606 4415 2815 4471 diaconi
2854 4416 3045 4486 legitur
3078 4432 3091 4468 :
3128 4414 3332 4484 Magna:
3368 4417 3627 4486 passiones
3657 4425 3703 4469 ct

2104 4489 2473 4542 medicamenta
2499 4488 2649 4559 fortia
2680 4495 2726 4559 et
2756 4486 2976 4541 medicos
3006 4487 3231 4559 indigent
3262 4487 3531 4559 sapientes.

2177 4555 2508 4613 Desidet-are.
2531 4559 2643 4613 Duo
2668 4558 2788 4613 libri
2821 4566 3028 4612 veteres
3059 4555 3255 4612 habent
3283 4555 3571 4613 desiderare
3606 4557 3699 4612 de-

404 4628 613 4708 extincli
646 4632 952 4686 solemnibus
988 4633 1210 4702 exequiis
1249 4628 1605 4711 deferebatur,
1654 4628 1999 4704 concursuque
2021 4645 2075 4711 ι)
2102 4628 2221 4711 bere
2234 4629 2555 4711 medicinam.

403 4700 626 4776 omnium
655 4705 839 4771 feretro
870 4719 1056 4772 corpus
1090 4700 1399 4758 eruiturf—
1419 4707 1573 4776 funus
1615 4720 1881 4776 excussum
1900 4700 1924 4767 ,7
1940 4713 1996 4776 et

402 4769 541 4843 inter
574 4769 878 4843 spectatores
917 4769 1033 4829 suos
1073 4776 1288 4829 adstitit.
1319 4769 1596 4831 Commdia
1642 4774 1859 4843 Qucroli
1888 4791 1900 4826 :
1928 4773 1995 4828 Et

403 4856 495 4893 nos
522 4842 624 4919 ipsi
646 4847 799 4919 fun_u_s
822 4846 950 4919 illud
966 4848 1262 4919 nescioquo
1289 4846 1587 4919 ferebamus.
1621 4845 1871 4901 Sidonius
1897 4846 1989 4900 lib.

404 4926 495 4988 stt,
522 4910 693 4988 Epist.
727 4916 795 4969 l7
820 4916 971 4988 :_Sibi
1016 4910 1266 4971 maximus
1289 4910 1576 4972 'ltonoraudi
1607 4918 1801 4988 faueris
1826 4929 1993 4986 partes

402 4982 510 5059 ipse
537 4986 787 5059 praeripit.
833 4986 978 5043 Idem
1021 4990 1243 5042 carmine
1279 5004 1367 5044 xw
1398 4982 1678 5059 extremo:
1705 4982 1993 5059 Seu'mage

401 5054 664 5123 funeribus
702 5068 917 5111 mentem
962 5059 1236 5113 distractus
1281 5059 1575 5114 humandis.
1640 5054 1992 5115 Cassiodorus

402 5124 492 5201 tnib.
529 5140 619 5201 ut,
643 5126 813 5201 Epist.
854 5130 921 5185 i9
951 5148 962 5183 :
1000 5130 1149 5185 Area:
1173 5132 1241 5184 ad
1266 5129 1586 5186 recondenda
1620 5134 1821 5201 funera.
1858 5133 1989 5185 Acta

399 5193 622 5274 ροιιοιιὶί
653 5193 983 5274 liiigaieusis,
1037 5205 1351 5273 pereuntium
1392 5193 1654 5274 funeribus
1681 5203 1831 5274 plena
1872 5209 1991 5256 sunt

401 5266 589 5346 littora.
619 5340 631 5346 _
651 5266 1082 5346 LiberatttsCap.
1105 5274 1176 5346 Δ11
1204 5266 1437 5346 loquelis
1465 5273 1533 5329 de
1563 5266 1988 5346 morielﬁoterii

397 5337 631 5414 episcopi
664 5340 1012 5398 Alexandrini
1034 5337 1057 5398 ἐ
1091 5337 1377 5410 Occiditur,
1411 5345 1653 5407 laniatur,
1685 5344 1907 5414 ejicitur,
1939 5353 1987 5398 et

398 5411 552 5476 funus
590 5418 699 5482 ejus
741 5414 1061 5487 incenditur;
1103 5427 1413 5487 sparguntur
1456 5426 1503 5469 et
1547 5411 1737 5469 cineres
1776 5417 1883 5484 ejus
1933 5416 1988 5469 in

396 5490 586 5556 ventos.
618 5486 897 5556 Assentior
942 5486 1181 5540 Liviueio
1220 5486 1273 5542 et
1316 5487 1554 5541 Acidalio
1585 5527 1601 5551 ,
1644 5487 1731 5556 qui
1780 5502 1877 5555 pro
1921 5501 1987 5541 ΘΟ

396 5552 535 5629 μικρά
584 5555 723 5629 apud
758 5556 1075 5625 Drepanium
1124 5559 1175 5611 in
1217 5559 1539 5629 pttttegyrico
1587 5552 1875 5612 Theodosii
1918 5559 1981 5610 Α.

396 5620 1001 5700 legitur,damnatorum
1024 5632 1186 5700 frwna
1218 5620 1525 5683 'tractizisent
1549 5671 1563 5695 ,
1596 5638 1782 5697 putant
1825 5643 1983 5698 repo-

394 5693 627 5769 nendum
658 5711 778 5769 esse
816 5702 1018 5769 funera.

477 5760 1003 5828 Vl.-—Eccles'iastico
1041 5770 1255 5827 nomini.
1284 5766 1358 5825 Ita
1378 5782 1474 5827 nos
1503 5772 1837 5842 reposuimus
1862 5768 1982 5827 edi-

2179 4700 2498 4754 Pwnitentia.
2540 4703 2707 4756 Antea
2751 4699 3429 4770 legebatur,paenitentiam,
3474 4713 3701 4770 eamque

2098 4770 2381 4827 lectionem
2409 4773 2729 4826 centirmant
2752 4769 2959 4825 veteres
2986 4769 3247 4826 editiones
3282 4780 3335 4824 et
3364 4780 3568 4839 septem
3603 4769 3700 4825 ve-

2101 4852 2213 4897 tcra
2242 4842 2587 4911 exemplaria.
2633 4841 2909 4906 Nostram,
2949 4858 3066 4910 «pne
3096 4841 3307 4897 videtur
3333 4855 3453 4896 esse
3487 4842 3696 4910 melior,

2098 4914 2421 4969 conﬁrmant
2461 4922 2569 4966 tres
2592 4913 2793 4980 antiqui
2822 4912 3057 4969 codices.

2174 4983 2604 5052 Mittantlcgatos.
2635 4982 3001 5039 Tertulliauus
3022 4985 3072 5039 in
3102 4983 3238 5047 libro
3261 4985 3324 5038 de
3348 4985 3650 5039 I’wnitentia
3679 5001 3698 5040 :

2098 5053 2645 5127 Presbyterisadvolvi
2670 5065 2716 5108 et
2742 5057 2875 5109 caris
2915 5055 3011 5109 Dei
3048 5057 3417 5127 adgeniculari,
3452 5056 3697 5126 fratribus

2097 5124 2769 5199 legationeshdeprecationis
2791 5142 2902 5182 suae
2927 5124 3208 5199 injttngére.

2170 5194 2667 5268 Vll.—Conaivium.
2693 5198 2765 5252 lla
2788 5194 3041 5268 scriptum
3070 5194 3151 5253 est
3178 5197 3229 5251 in
3249 5198 3481 5253 editione
3508 5197 3698 5252 Morel-

2095 5268 2235 5323 liana
2263 5276 2319 5322 et
2344 5271 2394 5322 in
2417 5267 2588 5339 tribus
2608 5270 2841 5339 antiquis
2861 5267 3157 5324 cotlicibus.
3184 5268 3407 5326 Veteres
3429 5271 3695 5326 editiones

2093 5350 2147 5394 et
2174 5340 2406 5410 quinque
2425 5338 2554 5410 libri
2583 5338 2793 5396 veteres
2820 5339 3117 5410 praeferunt
3137 5342 3382 5397 convivio.

2164 5409 2300 5466 V'lll.
2324 5440 2394 5450 —
2415 5408 2682 5480 Episcopis
2704 5408 2899 5465 vicinis.
2923 5411 3021 5478 Qui
3044 5426 3166 5465 cum
3194 5414 3433 5467 viderent
3453 5413 3692 5469 diversas

2091 5496 2212 5538 esse
2241 5481 2291 5534 in
2319 5480 2557 5535 Ecclesia
2580 5480 2774 5537 Christi
2804 5482 3083 5554 opiniones
3110 5482 3252 5537 circa
3283 5484 3480 5554 lapsos,
3509 5485 3694 5540 existi-

2090 5560 2300 5608 marent
2329 5559 2506 5605 autem
2535 5554 2725 5607 orienti
2773 5553 2914 5607 malo
2953 5553 3345 5609 occurrendum
3386 5570 3526 5619 esse,
3581 5555 3691 5609 llo-

2090 5639 2229 5677 tuam
2276 5631 2643 5678 commearunt
2703 5635 2761 5679 ιιι
2803 5623 2870 5679 de
2918 5640 3106 5679 eorum
3162 5641 3322 5681 (ξιιυδτι
3375 5637 3685 5681 tractarent.

2087 5694 2258 5748 Causa
2296 5694 2595 5749 communis
2635 5708 2771 5762 erat,
2811 5710 2931 5765 qua:
2972 5696 3346 5751 commovebat
3383 5698 3688 5753 universam

2089 5765 2405 5824 Ecclesiam.
2435 5766 2685 5825 Sciebant
2724 5778 2903 5826 autem
2932 5766 3005 5824 illi
3042 5767 3267 5841 singulis
3302 5768 3565 5842 cpiscOpis
3602 5769 3688 5824 in-
