4250 6282
559 314 669 393 518

1930 321 2085 394 DIVI
2120 322 2445 393 CYPRIdNI

3750 325 3863 393 316

550 444 799 518 episcopi
830 444 959 503 nihil
998 441 1355 505 innovandum
1381 440 1687 519 putavimus
1711 485 1726 514 ,
1758 441 1850 499 sed
1881 442 2151 513 lapsorum
2177 446 2233 515 Α
2329 442 2520 496 litteras
2547 438 2684 497 Cleri
2713 438 2934 497 Romani
2979 447 3025 498 et
3053 436 3302 513 Cypriani
3340 453 3585 513 responsa
3632 459 3871 503 comnup

558 553 740 595 curam
782 537 1123 599 mediocriter
1156 535 1558 610 temperandam
1590 550 1711 593 esse
1755 535 2064 602 credimus;
2101 544 2160 591 ut

563 632 800 698 interim,
836 629 961 687 dum
1005 630 1288 701 episcopus
1327 629 1439 686 dari
1467 644 1495 684 a
1529 629 1636 685 Deo
1658 628 1812 685 nobis
1841 627 2158 694 sustinetur,

561 722 615 779 in
669 736 933 795 suspenso
987 737 1173 783 eorum
1228 722 1319 795 qui
1391 735 1570 781 moras
1646 730 1871 794 possunt
1944 719 2160 775 dilatio-

561 815 645 872 nis
673 817 941 875 sustinerc
967 832 1127 875 causa
1168 825 1435 883 teneatur,
1482 832 1668 875 eorum
1714 826 1895 871 autem
1924 829 2155 887 quorum

559 911 683 969 vita:
711 926 825 969 sua:
852 912 1014 968 linem
1041 927 1234 986 urgens
1264 912 1439 973 exitus
1468 912 1780 969 dilationem
1825 922 1932 966 non
1980 913 2158 979 potest

559 1005 723 1072 ferre,
752 1013 871 1061 acta
900 1006 1211 1076 ptenitentia
1240 1014 1295 1063 et
1319 1005 1558 1077 professa
1605 1004 1912 1076 frequenter
1940 1017 2161 1063 suorum

561 1097 920 1157 detestatione
962 1098 1222 1155 factorum
1243 1140 1258 1166 ,
1289 1098 1335 1154 si
1365 1098 1651 1170 lacrymis,
1683 1098 1730 1153 si
1759 1096 2082 1169 gemitibus,
2114 1095 2161 1153 si

560 1192 776 1249 ﬂetibus
805 1191 1036 1248 dolentis
1065 1206 1128 1247 ac
1158 1206 1282 1248 vere
1307 1192 1617 1262 paenitentis
1646 1189 1809 1246 animi
1845 1189 1997 1258 signa
2032 1203 2160 1260 pro-

561 1283 812 1349 diderint,
845 1297 966 1339 cum
993 1298 1118 1354 spes
1140 1282 1351 1339 vivendi
1383 1282 1679 1338 secundum
1706 1282 1978 1339 hominem
2018 1281 2161 1338 nulla

561 1375 900 1441 substiterit,
930 1378 999 1430 ita
1041 1374 1255 1431 demum
1297 1383 1453 1431 caute
1496 1386 1551 1431 et
1587 1374 1815 1432 sollicite
1844 1375 2158 1443 subveniri,

565 1469 678 1523 Deo
708 1470 824 1541 ipso
852 1471 1057 1525 sciente
1082 1469 1209 1543 quid
1234 1469 1303 1525 de
1332 1468 1526 1527 talibus
1550 1468 1711 1533 faciat
1735 1478 1791 1529 et
1819 1469 2050 1541 qualiter
2076 1470 2165 1540 ju-

562 1560 687 1619 dicii
729 1562 809 1618 sui
865 1563 1137 1618 examinet
1198 1560 1479 1637 pondera,
1532 1561 1687 1619 nobis
1755 1570 1933 1619 tamen
2003 1563 2163 1617 anxie

561 1655 872 1712 curantibus
916 1664 973 1712 ut
1016 1671 1113 1712 nec
1161 1663 1189 1693 α
1224 1670 1444 1726 pronam
1467 1663 1706 1715 nostram
1735 1654 1966 1729 improbi
1988 1653 2165 1710 homi-

563 1762 659 1805 ncs
682 1747 900 1805 laudent
927 1746 1260 1817 facilitatem,
1283 1762 1385 1804 nec
1407 1762 1536 1805 vere
1557 1749 1880 1820 poenitentes
1904 1755 2163 1805 accusent

563 1847 805 1896 nostram
856 1840 1007 1911 quasi
1052 1838 1239 1899 duram
1302 1837 1695 1897 crudelitatem.
1736 1840 1994 1912 Optamus
2051 1848 2102 1893 te

563 1930 874 1989 beatissime
910 1946 973 1987 ac
999 1930 1386 2002 gloriosissime
1414 1947 1573 2004 papa,
1600 1933 1656 1989 in
1686 1933 1915 1993 Domino
1942 1946 2157 2005 semper

562 2023 701 2084 bene
729 2023 908 2087 valere
934 2032 989 2087 et
1017 2026 1186 2082 nostri
1217 2026 1551 2085 meminisse.

1062 2115 1402 2177 EPISTOLA
1440 2117 1664 2174 XXXII.

566 2205 793 2273 (Erasm.,
820 2207 963 2269 111,-4.
986 2206 1591 2274 Pamel.,lligalt.,Baluz.,
1610 2206 1962 2272 Oxon.,Lips.,
1979 2207 2159 2274 χχχιι.)

626 2321 695 2363 ΑΒ
733 2320 945 2362 (ιιῑιιυη
983 2292 1477 2373 ϐΔΗΤΠΑϐΙξιῐ-ΣΝΞΕΙ,
1520 2322 1589 2361 ΒΕ
1626 2320 1791 2364 IISSIS
1829 2321 2014 2364 ROIAI
2052 2321 2123 2364 ΕΤ

1003 2391 1262 2433 Αεοερτιε
1302 2393 1441 2451 ιιωιςι
1464 2393 1732 2434 ωττειιιε.

563 2467 954 2528 [incensurum
1002 2498 1076 2513 --
1110 2467 1351 2526 Morietur
1402 2469 1567 2526 clerus
1630 2468 2048 2543 Carthaginensis
2106 2478 2163 2528 ut

2335 535 2555 589 nicanda
2580 543 2741 590 curet.

2334 689 2628 761 Cyprianus
2653 688 2982 763 presbyteris
3009 697 3063 744 et
3082 687 3393 747 diaconibus
3423 687 3677 748 fratribus
3704 693 3860 751 salu-

2265 794 2393 841 tem.
2419 783 2614 852 Quales
2642 782 2849 839 litteras
2875 782 2939 838 ad
2976 780 3194 838 Clerum
3221 782 3409 840 Roma:
3435 795 3686 857 agentem
3717 785 3866 845 fece—

2265 877 2363 932 rim
2391 917 2406 942 ,
2470 874 2706 947 quidque
2753 875 2831 931 illi
2880 873 3012 929 mihi
3058 876 3474 948 rescripserint,
3522 876 3650 947 quid
3700 878 3866 939 etiam

2264 968 2473 1042 Moyses
2501 978 2561 1040 ,et
2590 967 2850 1024 Maximus
2882 967 3179 1040 presbyteri
3223 976 3277 1023 et
3304 967 3638 1024 Nicostratus
3673 970 3869 1028 ctRu-

2264 1064 2401 1122 ﬁnus
2459 1062 2486 1102 ι’
2543 1063 2753 1119 diaconi
2798 1073 2851 1118 et
2894 1063 3073 1119 caeteri
3117 1077 3238 1118 cum
3282 1064 3361 1119 eis
3403 1062 3745 1121 confcssores
3806 1067 3866 1121 in

2265 1158 2508 1216 custodia
2536 1158 2849 1223 constituti,
2883 1172 3034 1228 aeque
3063 1156 3129 1211 ad
3154 1157 3359 1213 litteras
3391 1172 3539 1213 meas
3570 1157 3873 1229 rescripse-

2265 1251 2390 1318 rint,
2412 1261 2468 1306 ut
2491 1250 2629 1306 scire
2652 1250 2898 1321 possetis,
2919 1248 3109 1305 fratres
3126 1248 3698 1322 charissimi,exempla
3714 1252 3873 1308 vobis

2264 1343 2486 1416 legenda
2518 1343 2806 1400 transmisi.
2845 1342 2947 1401 Vos
2982 1352 3167 1399 curate
3202 1352 3457 1414 quantum
3507 1346 3733 1414 potestis
3767 1361 3871 1417 pro

2265 1437 2537 1510 diligentia
2562 1444 2741 1492 vestra
2770 1435 3037 1506 utscripta
3070 1443 3252 1490 nostra
3272 1444 3325 1491 et
3356 1435 3571 1492 illorum
3598 1436 3870 1509 rescripta

2266 1527 2524 1585 fratribus
2567 1527 2764 1587 nostris
2802 1527 3157 1582 innotescant.
3189 1526 3294 1583 Sed
3320 1537 3374 1582 et
3404 1528 3446 1582 si
3480 1528 3567 1601 qui
3608 1528 3675 1585 de
3705 1545 3874 1601 pcre-

2266 1623 2435 1697 grinis
2477 1622 2714 1694 episcopi
2772 1632 2794 1659 α
2848 1620 3067 1693 collegae
3112 1621 3258 1689 mei,
3305 1620 3386 1676 vel
3418 1621 3748 1695 presbyteri,
3782 1625 3875 1680 vel

2267 1715 2518 1772 diacones
2567 1711 2594 1751 ἀ
2658 1722 2949 1785 praesentes
3011 1712 3207 1769 fuerint
3264 1713 3351 1769 vel
3418 1717 3870 1787 supervenerint,

2140 1878 2154 1904 .
2186 1844 2236 1909 Β
2268 1809 2382 1867 haec
2407 1810 2583 1866 omnia
2609 1807 2676 1865 de
2706 1809 2857 1865 vobis
2885 1807 3137 1875 audiant;
3186 1816 3241 1867 et
3268 1809 3312 1865 si
3338 1810 3579 1881 exempla
3610 1812 3872 1880 epistola-

2264 1921 2382 1963 rum
2440 1905 2792 1961 transcribere
2856 1914 2880 1940 θ
2918 1909 2973 1960 et
3007 1903 3074 1959 ad
3112 1918 3239 1960 suos
3284 1903 3519 1976 perferre
3556 1906 3866 1975 voluerint,

2264 1997 2568 2061 facultatem
2602 1995 3028 2067 transcriptionis
3055 1995 3319 2066 accipiant
3348 2014 3361 2049 :
3400 1996 3654 2068 quamvis
3683 2008 3736 2057 et
3761 1999 3867 2056 Sa-

2263 2102 2385 2151 turo
2415 2094 2601 2151 lectori
2650 2092 2802 2150 fratri
2853 2102 3041 2151 nostro
3072 2092 3091 2133 ί
3123 2094 3488 2153 mandaverim
3539 2103 3598 2150 ut
3644 2093 3873 2167 singulis

2265 2187 2697 2246 desiderantibus
2748 2187 3088 2247 describendi
3132 2187 3295 2245 faciat
3323 2195 3682 2259 potestatem,
3729 2197 3788 2243 ut
3817 2188 3873 2243 in

2267 2282 2616 2343 ecclesiarum
2646 2289 2786 2339 statu
2815 2295 3030 2357 quoquo
3057 2280 3217 2339 modo
3246 2280 3460 2341 interim
3490 2279 3865 2353 componendo

2266 2384 2512 2435 servetur
2539 2374 2608 2433 ab
2648 2373 2897 2433 omnibus
2941 2389 3046 2431 una
3090 2382 3144 2433 et
3185 2373 3290 2431 lida
3346 2383 3371 2423 Β
3421 2375 3727 2431 consensio.
3789 2372 3867 2428 De

2270 2468 2480 2533 caeteris
2507 2482 2638 2526 vero
2661 2482 2779 2540 qua:
2803 2466 3010 2543 agenda
3030 2475 3209 2536 erunt,
3239 2466 3378 2524 sicut
3405 2475 3462 2527 et
3486 2465 3706 2538 collegis
3731 2466 3866 2524 meis

1771 2608 2158 2679 LECTIONES
2223 2607 2646 2668 VARIANTES.

631 2739 1134 2793 ΙΙιίῑίὶιιθουοιιί.

628 2799 659 2841 ιι
679 2800 839 2855 Rufus
851 2804 989 2857 Lam.

630 2867 654 2939 ῗ
681 2864 941 2939 ἓρίδθθὶδίξ
952 2864 1074 2939 30d;
1093 2863 1142 2939 ίέ

629 2925 659 2968 ιι
679 2925 998 2983 ΒίειοοοίΔν.
1031 2926 1335 2984 LantJltor.
1373 2928 1481 2987 ac.
1504 2928 1555 2982 9.

2318 2749 2342 2775 ε
2359 2742 2657 2818 Transierre
2681 2746 2898 2859 Neam"

2318 2805 2564 2881 Ξέτεοιριῑι
2589 2813 2775 2881 "sum.
2833 2869 2845 2881 .
2891 2844 2915 2881 .-
2951 2807 3076 2881 {£94-
3100 2807 3151 2881 ες

2317 2871 2344 2914 Β
2364 2869 2471 2922 Uns
2490 2868 2586 2926 fide
2610 2869 2717 2926 Litt.
2742 2869 2865 2925 sed.
2885 2871 2931 2924 t.
2958 2870 3112 2924 Fides
3134 2871 3244 2926 NG.
3270 2870 3319 2925 1.
3336 2870 3445 2927 Una
3461 2870 3572 2925 tida.

1820 3033 2060 3093 STEPH.
2101 3033 2374 3100 BALUZII
2410 3036 2643 3097 NOTAE.

564 3154 819 3230 cumbere
845 3162 905 3211 ut
930 3153 1247 3230 provideant
1273 3169 1341 3211 ne
1369 3154 1496 3226 quid
1526 3167 1589 3230 ea
1624 3153 1803 3230 capiat
1826 3153 2157 3211 detrimenti.
2184 3155 2233 3221 C
2264 3157 2414 3230 nibus
2437 3153 2961 3230 Carthaginimnnus
2987 3168 3139 3230 meus
3174 3166 3326 3215 vetus
3359 3175 3373 3212 :
3404 3158 3486 3213 Ad
3519 3157 3708 3214 clerum
3735 3158 3861 3215 Car-

566 3224 749 3298 Itaque
779 3241 845 3282 ex
879 3224 1159 3296 compacto
1199 3224 1423 3281 Romam
1454 3224 1711 3298 profecti;
1730 3241 1836 3283 non
1862 3241 1992 3298 vero
2028 3241 2160 3282 con-

565 3296 740 3355 vocati
767 3313 795 3350 a
816 3298 962 3372 clero
988 3298 1251 3372 Romano,
1276 3305 1333 3351 ut
1354 3296 1566 3372 putavit
1580 3297 1864 3372 Baronius,
1883 3296 2159 3372 Synodum

566 3383 687 3439 cum
738 3368 1062 3439 presbyteris
1105 3377 1157 3423 et
1205 3368 1445 3423 diaconis
1491 3368 1687 3425 urbicis
1729 3368 2158 3435 celebraverunt,

566 3447 625 3493 ut
665 3438 877 3510 firmato
902 3438 1172 3506 consilio,
1215 3438 1664 3510 quemadmodum
1700 3439 1887 3496 scribit
1928 3440 1977 3493 in
2022 3441 2161 3509 epis-

569 3510 673 3564 tola
715 3525 783 3563 xc
809 3507 1137 3582 Cyprianus,
1171 3507 1295 3579 quid
1332 3510 1473 3564 circa
1511 3524 1797 3582 personam
1842 3507 2158 3582 eorumifob-

566 3582 772 3636 servari
816 3580 1037 3636 deberet
1071 3594 1334 3636 consensu
1377 3580 1613 3635 omnium
1646 3590 1993 3637 statueretur.
2026 3581 2162 3643 llinc

565 3651 779 3722 collegit
820 3651 1081 3707 Baronins
1121 3653 1417 3715 Concilium
1464 3667 1529 3706 eo
1575 3661 1813 3721 tempore
1854 3651 2091 3706 habitum
2128 3669 2158 3707 a

566 3722 712 3796 _clero
739 3724 1003 3796 Romane.
1036 3724 1146 3793 Ego
1181 3738 1286 3796 non
1314 3722 1624 3796 contradiep
1653 3722 1779 3796 quin
1811 3737 1877 3778 eo
1907 3731 2160 3796 tempore

566 3793 805 3873 habiturn
856 3794 928 3849 sit
968 3792 1153 3848 Roma:
1200 3793 1519 3873 concilium.
1563 3792 1791 3873 Cerium
1830 3792 2043 3873 quippe
2077 3806 2160 3873 e_s_t

564 3865 863 3920 Concilium
888 3880 1010 3922 esse
1030 3880 1150 3920 cum
1177 3865 1413 3935 episcopi
1445 3864 1753 3935 congregati
1779 3865 1832 3919 in
1850 3864 2010 3919 causa
2043 3868 2161 3921 reti.

564 3937 738 4006 gionis
763 3937 1048 3993 consulunt
1082 3936 1134 3991 in
1171 3950 1475 3991 connnunc.
1515 3936 1582 3991 Et
1609 3948 1787 3991 tamen
1817 3936 1879 3991 lt.
1915 3935 1975 3994 P.
2019 3936 2157 3993 Har-

566 4007 760 4061 dninus
783 4008 940 4065 aliter
968 4008 1155 4062 sensit.
1181 4007 1406 4065 Concilii
1434 4008 1575 4071 enim
1611 4007 1763 4063 istius
1785 4006 1980 4067 nullam
2005 4024 2158 4063 mcu-

569 4079 767 4132 tionem
793 4078 917 4131 facit
940 4078 993 4131 in
1020 4093 1113 4131 sua
1140 4076 1499 4132 Conciliorum
1531 4079 1769 4144 editione,
1795 4079 2037 4147 quamvis
2066 4079 2159 4135 Bi-

569 4148 688 4202 nius
705 4159 759 4203 et
782 4148 1028 4219 Labbeus
1056 4149 1184 4205 illud
1211 4149 1516 4218 posuissent
1545 4148 1595 4204 in
1626 4147 1755 4204 suis.
1786 4148 1891 4204 Sed
1916 4149 2057 4219 quod
2085 4152 2160 4206 ait

566 4218 750 4275 Simon
774 4218 1166 4276 Starovolscius
1194 4220 1490 4275 Concilium
1524 4219 1651 4275 illud
1680 4235 1710 4275 a
1740 4219 1888 4275 clero
1915 4218 2158 4277 Romano

566 4298 943 4363 congregatum
968 4290 1131 4348 fuisse
1151 4290 1218 4346 ad
1239 4291 1638 4362 requisitionem
1656 4292 1713 4347 D.
1734 4289 2010 4363 Cypriani,
2041 4307 2155 4348 me-

566 4377 683 4416 rum
713 4372 1074 4418 commentum
1102 4372 1206 4418 est.

640 4431 705 4487 In
744 4450 1009 4506 suspenso.
1040 4434 1131 4490 Sic
1158 4432 1759 4506 emendavit,hiorellius
1787 4448 1884 4504 pro
1912 4448 1979 4489 eo
1997 4434 2153 4506 quod

566 4514 721 4559 antea
751 4504 1023 4576 legebatur
1058 4507 1110 4562 in
1151 4506 1443 4575 suspendio.
1477 4504 1625 4561 Unus
1653 4504 1788 4561 liber
1815 4519 1967 4562 meus
1992 4504 2157 4565 habet

565 4586 680 4631 uoto
701 4593 969 4646 suspenso.

642 4646 817 4703 Maras
848 4658 1074 4721 possunt.
1111 4648 1291 4704 Codex
1329 4646 1874 4721 Gratianopolitanus,
1913 4651 2000 4721 qui
2034 4649 2161 4721 foris

567 4729 778 4789 possunt
830 4720 1149 4775 dilectionem
1184 4722 1451 4776 sustinere.
1498 4719 1828 4776 Vctustiures
1874 4719 2157 4789 editiones,

568 4788 699 4861 loris
724 4800 933 4861 possunt
964 4791 1208 4846 dilatione
1232 4792 1491 4846 sustineri.

641 4858 808 4916 Nobis
828 4872 1017 4935 tanien.
1044 4863 1223 4918 Codex
1246 4864 1416 4919 sancti
1438 4861 1677 4935 Dionysii
1700 4861 1984 4921 Remensis
2007 4878 2020 4916 :
2046 4861 2160 4920 Nos

566 4941 736 4985 autem
760 4934 912 4987 anxie
934 4935 1244 4989 curavimus.

643 5002 918 5079 Optamus.
936 5004 1101 5079 ,Unus
1131 5005 1313 5079 codex,
1332 5020 1485 5079 meus
1514 5014 1666 5061 vetus
1696 5003 1857 5079 habet
1886 5023 1899 5061 :
1927 5006 2150 5079 Optate,

570 5074 730 5148 frater
766 5076 1027 5130 carissime
1057 5093 1117 5148 ac
1154 5077 1485 5144 sanctissime,
1533 5092 1729 5148 seraper
1757 5074 1879 5134 bene
1910 5074 2075 5134 valere
2109 5074 2157 5135 et

566 5147 725 5221 nostri
747 5146 1587 5221 meminisse.Gratianopolitanus
1597 5166 1624 5221 ε
1641 5146 1785 5221 υριο
1803 5161 1869 5221 te,
1896 5151 2158 5221 gloriosis-

562 5219 690 5289 sime
712 5234 773 5272 ac
802 5220 1082 5275 beatissime
1094 5218 1265 5289 Papa,
1289 5236 1486 5289 semper
1510 5221 1563 5273 in
1585 5217 1803 5274 Domino
1823 5217 1944 5276 bene
1969 5224 2153 5277 valere.

639 5288 819 5347 EPIST.
869 5306 1035 5347 χχχιι.
1079 5319 1149 5362 έ-
1177 5288 1305 5346 Haec
1340 5288 1580 5359 Epistola
1625 5291 1679 5345 in
1731 5291 1976 5362 editione
2030 5293 2154 5362 Spi-

564 5362 729 5433 rensi,
767 5362 818 5415 in
847 5362 1029 5417 codice
1060 5361 1389 5426 Fossatensi,
1426 5362 1479 5418 in
1506 5370 1685 5418 vetere
1712 5361 2152 5433 Compendicnsi,

563 5432 618 5488 in
650 5432 949 5500 Pithteano,
979 5434 1030 5488 in
1053 5433 1327 5499 Beccensi,
1361 5433 1412 5488 in
1439 5448 1544 5491 uno
1569 5432 1866 5498 Victorino,
1892 5446 1946 5489 et
1976 5436 2027 5490 in
2056 5436 2152 5489 Mi-

563 5504 814 5577 chaelinu
853 5506 1160 5565 inscribitur
1205 5505 1442 5577 Epistula
1481 5507 1645 5577 prima
1675 5505 1742 5559 ad
1779 5505 2054 5574 Romanos,
2103 5509 2154 5562 iu

565 5582 750 5630 vetere
771 5575 1065 5640 Victorino,
1104 5578 1158 5632 in
1194 5575 1557 5641 Lzetiensi,‘in
1597 5576 1820 5632 Metensi
1860 5578 2026 5633 sancti
2059 5581 2157 5633 Ar-

564 5648 772 5721 nulphi.
802 5659 856 5704 et
889 5650 939 5703 in
964 5647 1275 5721 fragmentis
1298 5649 1589 5721 Bigotianis
1614 5649 1877 5719 :Epistola
1909 5649 2153 5721 Cypriani

564 5718 632 5791 ad
658 5718 937 5791 Romanos.
962 5718 1151 5791 Melius
1177 5722 1232 5778 in
1258 5718 1558 5779 recentiore
1576 5718 1892 5791 Remigiano
1913 5718 1967 5778 ei
1995 5723 2048 5776 in
2077 5722 2159 5776 Di-

566 5788 812 5848 viooensi
841 5808 857 5852 ;
883 5789 1124 5862 Epistula
1154 5791 1288 5850 beati
1320 5793 1566 5863 Cypriani
1590 5788 1891 5864 presbyteris
1916 5802 1963 5851 et
1982 5793 2159 5853 diaco-

2265 3228 2611 3301 tliaginensetn
2647 3228 2710 3283 ds
2747 3228 2825 3284 his
2847 3244 2962 3301 quae
3001 3229 3069 3283 ad
3108 3234 3423 3301 confessores
3461 3240 3509 3286 et
3537 3230 3724 3285 clerum
3752 3232 3863 3286 Ro-

2265 3316 2472 3357 manuni
2499 3300 2773 3370 scripserat
2793 3309 2840 3355 et
2866 3300 2930 3353 de
2946 3315 3121 3371 eorum
3144 3300 3419 3371 rescriptis.
3444 3302 3513 3361 At
3538 3302 3590 3357 in
3614 3302 3720 3357 alio
3743 3318 3864 3357 tneo

2264 3379 2447 3444 vetere
2481 3372 2551 3425 ita
2591 3371 2847 3443 scriptum
2883 3379 2972 3444 est
3014 3388 3028 3423 :
3082 3370 3163 3424 Ad
3201 3370 3517 3444 presbyteros
3548 3382 3594 3426 et
3620 3372 3866 3427 diaconos

2264 3441 2444 3499 Romae
2483 3441 2831 3497 consistentes.
2883 3441 2942 3497 In
2989 3444 3152 3497 veteri
3197 3441 3435 3497 editione
3474 3442 3677 3498 Veneta
3720 3461 3735 3498 :
3784 3445 3864 3498 Ad

2265 3513 2580 3583 presbyteros
2604 3513 2785 3583 Romae
2817 3513 3359 3569 consistentes.Codex
3382 3514 3663 3570 Remensis
3696 3518 3864 3571 sancti

2265 3582 2504 3656 Dionysii
2549 3602 2563 3641 :
2614 3582 3023 3656 Presbyteriset
3067 3584 3362 3639 diaconibus
3401 3585 3644 3655 fratribus
3687 3584 3867 3641 Romae

2262 3654 2671 3727 consistentibus.
2714 3654 2791 3710 Eii
2812 3654 3054 3727 quodam
3082 3670 3217 3727 ergo,
3242 3657 3402 3710 simili
3434 3656 3619 3712 codice
3648 3660 3865 3713 emersit

2216 3725 2425 3797 -l_ectio
2465 3726 2757 3791 Rembolti,
2801 3726 3035 3797 Erasmi,
3077 3738 3132 3781 et
3154 3725 3421 3792 ‘Morellii,
3468 3743 3588 3797 quin
3635 3726 3795 3783 habet
3848 3748 3861 3784 :

2265 3795 2660 3868 Presbyterisiet
2691 3797 2985 3852 diaconibus
3019 3796 3200 3852 Roma:
3231 3795 3633 3853 consistentibus.
3669 3798 3863 3853 Panic-

2261 3867 2368 3940 lins
2392 3867 2553 3922 voces
2577 3867 2754 3927 Ruina:
2780 3868 3167 3922 consistentibus
3201 3870 3478 3935 CX|lllleil,
3513 3871 3634 3940 quia
3663 3870 3761 3939 ipsi
3796 3887 3861 3925 cx

2262 3938 2382 3999 ipso
2430 3948 2683 3995 contextu
2732 3941 3009 3995 constabat
3056 3954 3161 3994 non
3212 3940 3279 3995 ad
3318 3938 3621 3997 Romanum
3661 3938 3755 3999 sed
3796 3943 3862 3998 ad

2306 4010 2740 4081 arthaginensem
2770 4010 2973 4066 clerum
3003 4009 3099 4067 has
3123 4010 3327 4067 litteras
3357 4011 3534 4081 dirigi.
3618 4020 3622 4031 '

2332 4102 2682 4158 Innotescant.
2714 4102 2839 4156 11ωο
2871 4101 3031 4158 lectio
3055 4114 3140 4160 est
3164 4103 3388 4172 Optima,
3414 4118 3640 4172 eamque
3664 4104 3859 4174 pra-fe-

2260 4186 2385 4228 runt
2408 4174 2612 4244 aliquot
2635 4174 2750 4228 libri
2777 4182 2989 4229 veteres
3011 4183 3067 4230 et
3086 4174 3373 4229 editiones.
3398 4176 3468 4229 At
3489 4175 3671 4241 aliam,
3705 4176 3754 4231 id
3775 4187 3858 4231 est

2260 4244 2609 4311 innotescens,
2642 4245 2841 4300 habent
2866 4245 3026 4299 etiam
3054 4244 3259 4314 aliquot
3285 4245 3403 4300 libri
3434 4254 3643 4301 veteres
3668 4256 3722 4302 et
3746 4249 3861 4302 edi-

2260 4317 2336 4372 tio
2360 4317 2649 4389 Spirensis,
2690 4326 2799 4389 tuin
2827 4316 3000 4389 etiam
3026 4324 3179 4389 vetus
3199 4316 3424 4389 Veneta.
3454 4316 3549 4389 Est
3576 4328 3756 4389 autem
3797 4334 3860 4374 ea

2259 4386 2469 4459 quoque
2487 4389 2711 4459 optima.
2742 4387 2877 4443 Vide
2895 4397 3050 4443 notas
3068 4386 3136 4443 ad
3167 4387 3361 4444 librant
3390 4388 3660 4459 Agobardi
3681 4389 3744 4444 de
3773 4391 3858 4444 in-

2258 4457 2475 4513 solentia
2493 4457 2817 4513 Judteornm.

2182 4550 2238 4613 D
2298 4529 2420 4613 ,υς
2448 4547 2555 4601 per.
2600 4529 2871 4613 episcopis.
2902 4528 3085 4612 deex
3126 4529 3297 4587 sancti
3328 4528 3594 4601 Arnulphi
3627 4547 3641 4584 :
3678 4530 3787 4589 Sed
3813 4539 3861 4587 et

2264 4602 2309 4656 si
2336 4604 2422 4669 qui
2457 4601 2708 4672 peregrini
2736 4601 2977 4671 episcOpi.
3494 4650 3499 4656 .

2340 4692 2408 4748 Et
2437 4694 2505 4746 ad
2520 4709 2658 4748 suos.
2685 4692 2908 4763 Reliqua
2930 4692 3083 4747 istius
3102 4691 3353 4762 Epistolas
3378 4692 3570 4747 desunt
3593 4695 3646 4748 in
3668 4694 3859 4749 eodem

2263 4764 2450 4823 codice
2482 4766 2649 4819 sancti
2678 4763 2964 4834 Arnulphi.
2999 4776 3052 4819 et
3084 4764 3349 4835 ineorum
3374 4764 3493 4818 loco
3523 4768 3752 4835 positum
3779 4775 3862 4822 est

2264 4837 2532 4909 prolixum
2565 4836 2921 4909 fragmentum
2948 4834 3201 4904 Epistola:
3236 4848 3386 4909 χρυ,
3406 4834 3537 4909 pag.
3561 4834 3651 4901 62,
3683 4836 3749 4889 ab
3778 4836 3860 4909 his

2266 4906 2464 4973 verbis,
2493 4908 2629 4962 vobis
2653 4907 2952 4963 sententiam
2987 4916 3212 4961 nostram
3258 4906 3505 4973 dilucida,
3559 4922 3726 4977 usque
3749 4907 3814 4961 ad
3841 4949 3856 4976 ,

2264 4979 2501 5049 martyrii
2534 4979 2797 5033 honorent.

2337 5047 2529 5107 Saturo
2575 5050 2766 5105 lectori.
2804 5049 2860 5105 In
2904 5048 3140 5105 editione
3180 5047 3397 5104 Manutii
3441 5049 3632 5118 legitur
3665 5047 3858 5103 Saturo

2260 5136 2460 5193 semper
2493 5122 2689 5188 lectori,
2756 5122 2806 5176 in
2837 5121 3024 5177 codice
3056 5119 3228 5193 sancti
3261 5120 3496 5193 Dionysii
3529 5120 3780 5193 “emensi
3805 5129 3862 5176 et

2261 5194 2314 5248 in
2342 5190 2901 5265 Lamoniano,Satyro
2926 5193 3132 5264 collega:
3157 5192 3353 5248 lectori.
3388 5190 3582 5248 Verum
3631 5190 3714 5247 ha:
3748 5193 3860 5249 lec-

2259 5264 2434 5319 tiones
2465 5278 2572 5319 non
2605 5272 2730 5318 sunt
2764 5264 2936 5319 ben-.e.

2337 5358 2453 5416 Una
2479 5369 2524 5415 et
2560 5360 2685 5428 fida.
2716 5357 2792 5415 Ita
2820 5357 2989 5430 ferme
3012 5368 3192 5415 vetera
3218 5357 3563 5430 exemplaria.
3600 5359 3857 5429 Quendam

2261 5440 2437 5488 tamen
2470 5430 2668 5503 habent
2693 5448 2794 5503 una
2823 5431 2945 5497 ﬁde.
2966 5429 3049 5503 Ex
3080 5445 3185 5503 quo
3209 5429 3645 5503 fortnsSis_colligi
3676 5442 3862 5503 posset

2259 5517 2440 5558 veram
2479 5517 2597 5558 esse
2638 5501 2920 5573 lectionem
2963 5500 3253 5567 lietnhulti,
3288 5504 3375 5572 qui
3409 5501 3577 5556 edidit
3604 5500 3711 5557 una
3738 5504 3862 5573 [idsi

2259 5574 2539 5645 consensio.
2575 5574 2723 5630 llanc
2753 5589 2879 5645 vero
2902 5572 3184 5645 lectionem
3214 5575 3555 5645 retinuerunt
3580 5572 3858 5645 Erasmus,

2262 5638 2555 5712 Morcllius,
2579 5654 2632 5700 ct
2661 5643 2942 5716 l’atnelins.
2970 5644 3230 5716 liigaltius
3249 5646 3490 5716 mutavit.
3510 5638 3854 5702 Mutationem

2265 5716 2480 5787 iiigaltii
2522 5716 2841 5788 approbavit
2879 5715 3055 5771 editio
3083 5716 3395 5788 Anglicana.
3442 5715 3555 5788 Ego
3595 5733 3722 5773 vero
3758 5732 3857 5773 eo-

2263 5785 2381 5847 rum
2408 5785 2646 5861 opinioni
2666 5788 2911 5850 lubenter
2938 5785 3155 5851 accedo.
3176 5785 3385 5863 Quippe
3406 5785 3527 5847 istic
3554 5806 3660 5859 non
3682 5788 3857 5860 agitur
