  <div class='ocr_page' id='page_1' title='image "/cluster/home/n/w/nwhite01/storage/ocr_20150623/4/hvd.32044048207708/164.png"; bbox 0 0 4250 6282; ppageno 0'>
   <div class='ocr_carea' id='block_1_1' title="bbox 274 362 1932 457">
    <p class='ocr_par' dir='ltr' id='par_1_1' title="bbox 274 362 1932 442">
     <span class='ocr_line' id='line_1_1' title="bbox 274 362 1932 442; baseline 0.004 -10"><span class='ocrx_word' id='word_1_1' title='bbox 274 362 433 433; x_wconf 70' lang='grc'><strong>31⁸1</strong></span> <span class='ocrx_word' id='word_1_2' title='bbox 1682 378 1932 442; x_wconf 79' lang='lat' dir='ltr'><strong>EPISTO</strong></span> 
     </span>
    </p>
   </div>
   <div class='ocr_carea' id='block_1_2' title="bbox 2032 362 3645 457">
    <p class='ocr_par' dir='ltr' id='par_1_2' title="bbox 2058 378 3645 457">
     <span class='ocr_line' id='line_1_2' title="bbox 2058 378 3645 457; baseline 0.004 -18"><span class='ocrx_word' id='word_1_3' title='bbox 2058 378 2299 443; x_wconf 75' lang='lat' dir='ltr'><strong>XXXIII.</strong></span> <span class='ocrx_word' id='word_1_4' title='bbox 3523 382 3645 457; x_wconf 65' lang='lat' dir='ltr'><strong>3l8;</strong></span> 
     </span>
    </p>
   </div>
   <div class='ocr_carea' id='block_1_3' title="bbox 279 486 3634 577">
    <p class='ocr_par' dir='ltr' id='par_1_3' title="bbox 279 486 3634 577">
     <span class='ocr_line' id='line_1_3' title="bbox 279 486 3634 577; baseline 0.003 -28"><span class='ocrx_word' id='word_1_5' title='bbox 279 487 580 560; x_wconf 76' lang='lat' dir='ltr'><strong>plurimis</strong></span> <span class='ocrx_word' id='word_1_6' title='bbox 609 486 836 559; x_wconf 88' lang='lat' dir='ltr'><strong>scripsi,</strong></span> <span class='ocrx_word' id='word_1_7' title='bbox 873 486 1086 567; x_wconf 77' lang='lat' dir='ltr'><strong>plenius</strong></span> <span class='ocrx_word' id='word_1_8' title='bbox 1123 488 1349 547; x_wconf 87' lang='lat' dir='ltr'><strong>consilio</strong></span> <span class='ocrx_word' id='word_1_9' title='bbox 1377 491 1650 553; x_wconf 88' lang='lat' dir='ltr'><strong>communi</strong></span> <span class='ocrx_word' id='word_1_10' title='bbox 1681 493 1930 550; x_wconf 87' lang='lat' dir='ltr'><strong>tractabi-</strong></span> <span class='ocrx_word' id='word_1_11' title='bbox 1956 507 2013 570; x_wconf 62' lang='grc' dir='ltr'><strong>Α</strong></span> <span class='ocrx_word' id='word_1_12' title='bbox 2035 495 2371 564; x_wconf 88' lang='lat' dir='ltr'><strong>cbarissimi,</strong></span> <span class='ocrx_word' id='word_1_13' title='bbox 2410 495 2644 556; x_wconf 84' lang='lat' dir='ltr'><strong>solemus</strong></span> <span class='ocrx_word' id='word_1_14' title='bbox 2675 511 2772 555; x_wconf 87' lang='lat' dir='ltr'><strong>vos</strong></span> <span class='ocrx_word' id='word_1_15' title='bbox 2799 506 2927 561; x_wconf 88' lang='lat' dir='ltr'><strong>ante</strong></span> <span class='ocrx_word' id='word_1_16' title='bbox 2964 497 3532 577; x_wconf 74' lang='lat' dir='ltr'><strong>consulere,etmqres</strong></span> <span class='ocrx_word' id='word_1_17' title='bbox 3566 516 3634 569; x_wconf 70' lang='lat' dir='ltr'><strong>ac,</strong></span> 
     </span>
    </p>
   </div>
   <div class='ocr_carea' id='block_1_4' title="bbox 280 579 3633 663">
    <p class='ocr_par' dir='ltr' id='par_1_4' title="bbox 280 579 3633 663">
     <span class='ocr_line' id='line_1_4' title="bbox 280 579 3633 663; baseline 0.005 -28"><span class='ocrx_word' id='word_1_18' title='bbox 280 595 453 643; x_wconf 68' lang='lat' dir='ltr'><strong>unus</strong></span> <span class='ocrx_word' id='word_1_19' title='bbox 478 579 691 651; x_wconf 84' lang='lat' dir='ltr'><strong>quando</strong></span> <span class='ocrx_word' id='word_1_20' title='bbox 716 580 1004 643; x_wconf 82' lang='lat' dir='ltr'><strong>convenire</strong></span> <span class='ocrx_word' id='word_1_21' title='bbox 1028 581 1083 643; x_wconf 88' lang='lat' dir='ltr'><strong>in</strong></span> <span class='ocrx_word' id='word_1_22' title='bbox 1106 596 1292 648; x_wconf 88' lang='lat' dir='ltr'><strong>unum,</strong></span> <span class='ocrx_word' id='word_1_23' title='bbox 1313 581 1657 652; x_wconf 71' lang='lat' dir='ltr'><strong>permittente</strong></span> <span class='ocrx_word' id='word_1_24' title='bbox 1682 582 1933 654; x_wconf 90' lang='lat' dir='ltr'><strong>Domino,</strong></span> <span class='ocrx_word' id='word_1_25' title='bbox 2039 591 2228 649; x_wconf 86' lang='lat' dir='ltr'><strong>merita</strong></span> <span class='ocrx_word' id='word_1_26' title='bbox 2255 589 2585 662; x_wconf 82' lang='lat' dir='ltr'><strong>singulorum</strong></span> <span class='ocrx_word' id='word_1_27' title='bbox 2622 593 2893 648; x_wconf 90' lang='lat' dir='ltr'><strong>communi</strong></span> <span class='ocrx_word' id='word_1_28' title='bbox 2928 592 3154 649; x_wconf 86' lang='lat' dir='ltr'><strong>consilio</strong></span> <span class='ocrx_word' id='word_1_29' title='bbox 3182 593 3497 663; x_wconf 84' lang='lat' dir='ltr'><strong>ponderare.</strong></span> <span class='ocrx_word' id='word_1_30' title='bbox 3524 592 3633 655; x_wconf 78' lang='lat' dir='ltr'><strong>Sed</strong></span> 
     </span>
    </p>
   </div>
   <div class='ocr_carea' id='block_1_5' title="bbox 282 672 3636 755">
    <p class='ocr_par' dir='ltr' id='par_1_5' title="bbox 282 672 3636 755">
     <span class='ocr_line' id='line_1_5' title="bbox 282 672 3636 755; baseline 0.003 -24"><span class='ocrx_word' id='word_1_31' title='bbox 282 674 678 745; x_wconf 75' lang='lat' dir='ltr'><strong>coeperimus.</strong></span> <span class='ocrx_word' id='word_1_32' title='bbox 708 673 849 746; x_wconf 87' lang='lat' dir='ltr'><strong>Opto</strong></span> <span class='ocrx_word' id='word_1_33' title='bbox 871 687 987 741; x_wconf 89' lang='lat' dir='ltr'><strong>vos,</strong></span> <span class='ocrx_word' id='word_1_34' title='bbox 1020 672 1214 730; x_wconf 78' lang='lat' dir='ltr'><strong>fratres</strong></span> <span class='ocrx_word' id='word_1_35' title='bbox 1232 673 1610 731; x_wconf 86' lang='lat' dir='ltr'><strong>cbarissimiac</strong></span> <span class='ocrx_word' id='word_1_36' title='bbox 1633 675 1938 733; x_wconf 85' lang='lat' dir='ltr'><strong>desideran-</strong></span> <span class='ocrx_word' id='word_1_37' title='bbox 2040 680 2373 751; x_wconf 85' lang='lat' dir='ltr'><strong>expectanda</strong></span> <span class='ocrx_word' id='word_1_38' title='bbox 2403 697 2507 737; x_wconf 90' lang='lat' dir='ltr'><strong>non</strong></span> <span class='ocrx_word' id='word_1_39' title='bbox 2537 691 2661 739; x_wconf 90' lang='lat' dir='ltr'><strong>sunt</strong></span> <span class='ocrx_word' id='word_1_40' title='bbox 2684 684 2988 741; x_wconf 82' lang='lat' dir='ltr'><strong>testimonia</strong></span> <span class='ocrx_word' id='word_1_41' title='bbox 3018 683 3251 739; x_wconf 88' lang='lat' dir='ltr'><strong>lmmana</strong></span> <span class='ocrx_word' id='word_1_42' title='bbox 3282 698 3400 743; x_wconf 90' lang='lat' dir='ltr'><strong>cum</strong></span> <span class='ocrx_word' id='word_1_43' title='bbox 3431 700 3636 755; x_wconf 51' lang='lat' dir='ltr'><strong>praeces</strong></span> 
     </span>
    </p>
   </div>
   <div class='ocr_carea' id='block_1_6' title="bbox 285 765 3634 845">
    <p class='ocr_par' dir='ltr' id='par_1_6' title="bbox 285 765 3634 845">
     <span class='ocr_line' id='line_1_6' title="bbox 285 765 3634 845; baseline 0.004 -25"><span class='ocrx_word' id='word_1_44' title='bbox 285 766 559 836; x_wconf 78' lang='lat' dir='ltr'><strong>tissimi,</strong></span> <span class='ocrx_word' id='word_1_45' title='bbox 589 781 805 837; x_wconf 80' lang='lat' dir='ltr'><strong>semper</strong></span> <span class='ocrx_word' id='word_1_46' title='bbox 829 765 970 829; x_wconf 83' lang='lat' dir='ltr'><strong>bene</strong></span> <span class='ocrx_word' id='word_1_47' title='bbox 998 767 1195 825; x_wconf 86' lang='lat' dir='ltr'><strong>valere.</strong></span> <span class='ocrx_word' id='word_1_48' title='bbox 1231 766 1643 825; x_wconf 84' lang='lat' dir='ltr'><strong>Fraternitatem</strong></span> <span class='ocrx_word' id='word_1_49' title='bbox 1679 770 1933 830; x_wconf 85' lang='lat' dir='ltr'><strong>salutate.</strong></span> <span class='ocrx_word' id='word_1_50' title='bbox 2039 770 2173 827; x_wconf 91' lang='lat' dir='ltr'><strong>dunt</strong></span> <span class='ocrx_word' id='word_1_51' title='bbox 2194 771 2374 827; x_wconf 86' lang='lat' dir='ltr'><strong>divina</strong></span> <span class='ocrx_word' id='word_1_52' title='bbox 2402 771 2669 845; x_wconf 81' lang='lat' dir='ltr'><strong>suffragia.</strong></span> <span class='ocrx_word' id='word_1_53' title='bbox 2705 774 2950 835; x_wconf 84' lang='lat' dir='ltr'><strong>Aurelius</strong></span> <span class='ocrx_word' id='word_1_54' title='bbox 2975 775 3139 831; x_wconf 80' lang='lat' dir='ltr'><strong>frater</strong></span> <span class='ocrx_word' id='word_1_55' title='bbox 3165 785 3370 841; x_wconf 87' lang='lat' dir='ltr'><strong>uoster,</strong></span> <span class='ocrx_word' id='word_1_56' title='bbox 3405 775 3634 839; x_wconf 84' lang='lat' dir='ltr'><strong>illustris</strong></span> 
     </span>
    </p>
   </div>
   <div class='ocr_carea' id='block_1_7' title="bbox 287 858 3632 939">
    <p class='ocr_par' dir='ltr' id='par_1_7' title="bbox 287 858 3632 939">
     <span class='ocr_line' id='line_1_7' title="bbox 287 858 3632 939; baseline 0.003 -24"><span class='ocrx_word' id='word_1_57' title='bbox 287 858 542 923; x_wconf 76' lang='lat' dir='ltr'><strong>Valete.</strong></span> <span class='ocrx_word' id='word_1_58' title='bbox 1542 862 1551 869; x_wconf 62' lang='grc'><strong>“</strong></span> <span class='ocrx_word' id='word_1_59' title='bbox 2037 862 2375 932; x_wconf 84' lang='lat' dir='ltr'><strong>adolescens,</strong></span> <span class='ocrx_word' id='word_1_60' title='bbox 2406 880 2436 918; x_wconf 90' lang='lat' dir='ltr'><strong>a</strong></span> <span class='ocrx_word' id='word_1_61' title='bbox 2463 864 2691 922; x_wconf 88' lang='lat' dir='ltr'><strong>Domino</strong></span> <span class='ocrx_word' id='word_1_62' title='bbox 2714 866 2826 937; x_wconf 85' lang='lat' dir='ltr'><strong>jam</strong></span> <span class='ocrx_word' id='word_1_63' title='bbox 2858 866 3111 937; x_wconf 88' lang='lat' dir='ltr'><strong>probatus</strong></span> <span class='ocrx_word' id='word_1_64' title='bbox 3137 877 3191 925; x_wconf 89' lang='lat' dir='ltr'><strong>et</strong></span> <span class='ocrx_word' id='word_1_65' title='bbox 3219 868 3327 925; x_wconf 91' lang='lat' dir='ltr'><strong>Deo</strong></span> <span class='ocrx_word' id='word_1_66' title='bbox 3347 867 3374 911; x_wconf 64' lang='lat'><strong>1’</strong></span> <span class='ocrx_word' id='word_1_67' title='bbox 3403 868 3632 939; x_wconf 86' lang='lat' dir='ltr'><strong>charos,</strong></span> 
     </span>
    </p>
   </div>
   <div class='ocr_carea' id='block_1_8' title="bbox 795 950 1502 1019">
    <p class='ocr_par' dir='ltr' id='par_1_8' title="bbox 795 950 1502 1019">
     <span class='ocr_line' id='line_1_8' title="bbox 795 950 1502 1019; baseline -0.001 -8"><span class='ocrx_word' id='word_1_68' title='bbox 795 950 842 989; x_wconf 73' lang='lat'><strong>“</strong></span> <span class='ocrx_word' id='word_1_69' title='bbox 880 951 1219 1019; x_wconf 78' lang='lat' dir='ltr'><strong>EPISTULA</strong></span> <span class='ocrx_word' id='word_1_70' title='bbox 1260 953 1502 1013; x_wconf 77' lang='lat' dir='ltr'><strong>XXXIII.</strong></span> 
     </span>
    </p>
   </div>
   <div class='ocr_carea' id='block_1_9' title="bbox 308 1045 1884 1115">
    <p class='ocr_par' dir='ltr' id='par_1_9' title="bbox 308 1045 1884 1115">
     <span class='ocr_line' id='line_1_9' title="bbox 308 1045 1884 1115; baseline 0.002 -17"><span class='ocrx_word' id='word_1_71' title='bbox 308 1045 605 1115; x_wconf 48' lang='lat' dir='ltr'><strong>&#39;(Erastnq</strong></span> <span class='ocrx_word' id='word_1_72' title='bbox 627 1062 679 1112; x_wconf 80' lang='grc' dir='ltr'><strong>ιι,</strong></span> <span class='ocrx_word' id='word_1_73' title='bbox 713 1048 791 1103; x_wconf 80' lang='lat'><strong>51.</strong></span> <span class='ocrx_word' id='word_1_74' title='bbox 838 1048 1046 1115; x_wconf 77' lang='lat' dir='ltr'><strong>Pamel,</strong></span> <span class='ocrx_word' id='word_1_75' title='bbox 1066 1048 1267 1115; x_wconf 69' lang='lat' dir='ltr'><strong>Rigalt.,</strong></span> <span class='ocrx_word' id='word_1_76' title='bbox 1292 1049 1480 1109; x_wconf 85' lang='lat' dir='ltr'><strong>Baluz.,</strong></span> <span class='ocrx_word' id='word_1_77' title='bbox 1505 1063 1682 1115; x_wconf 58' lang='lat' dir='ltr'><strong>sum.</strong></span> <span class='ocrx_word' id='word_1_78' title='bbox 1706 1048 1884 1113; x_wconf 69' lang='lat' dir='ltr'><strong>Paris,</strong></span> 
     </span>
    </p>
   </div>
   <div class='ocr_carea' id='block_1_10' title="bbox 727 1109 1527 1179">
    <p class='ocr_par' dir='ltr' id='par_1_10' title="bbox 727 1109 1527 1179">
     <span class='ocr_line' id='line_1_10' title="bbox 727 1109 1527 1179; baseline 0.001 -18"><span class='ocrx_word' id='word_1_79' title='bbox 727 1124 885 1162; x_wconf 76' lang='lat' dir='ltr'><strong>xxxn.</strong></span> <span class='ocrx_word' id='word_1_80' title='bbox 910 1109 1094 1179; x_wconf 80' lang='lat' dir='ltr'><strong>Oxon.,</strong></span> <span class='ocrx_word' id='word_1_81' title='bbox 1120 1109 1273 1178; x_wconf 71' lang='lat' dir='ltr'><strong>Lips,</strong></span> <span class='ocrx_word' id='word_1_82' title='bbox 1299 1109 1527 1177; x_wconf 81' lang='lat' dir='ltr'><strong>xxxvtu.)</strong></span> 
     </span>
    </p>
   </div>
   <div class='ocr_carea' id='block_1_11' title="bbox 296 1223 1926 1280">
    <p class='ocr_par' dir='ltr' id='par_1_11' title="bbox 296 1223 1926 1280">
     <span class='ocr_line' id='line_1_11' title="bbox 296 1223 1926 1280; baseline 0.001 -14"><span class='ocrx_word' id='word_1_83' title='bbox 296 1225 395 1267; x_wconf 65' lang='lat' dir='ltr'><strong>AD</strong></span> <span class='ocrx_word' id='word_1_84' title='bbox 428 1223 637 1269; x_wconf 72' lang='grc' dir='ltr'><strong>ειειιυιι</strong></span> <span class='ocrx_word' id='word_1_85' title='bbox 668 1224 736 1266; x_wconf 78' lang='grc' dir='ltr'><strong>ΕΤ</strong></span> <span class='ocrx_word' id='word_1_86' title='bbox 764 1224 992 1280; x_wconf 73' lang='grc' dir='ltr'><strong>ΡιεΒεκ,</strong></span> <span class='ocrx_word' id='word_1_87' title='bbox 1025 1227 1092 1279; x_wconf 75' lang='lat' dir='ltr'><strong><em>DE</em></strong></span> <span class='ocrx_word' id='word_1_88' title='bbox 1117 1226 1344 1271; x_wconf 74' lang='lat' dir='ltr'><strong>AUBELIO</strong></span> <span class='ocrx_word' id='word_1_89' title='bbox 1371 1225 1613 1268; x_wconf 73' lang='lat' dir='ltr'><strong>LECTORI-1</strong></span> <span class='ocrx_word' id='word_1_90' title='bbox 1638 1226 1926 1275; x_wconf 74' lang='lat' dir='ltr'><strong>0RDINATO.</strong></span> 
     </span>
    </p>
   </div>
   <div class='ocr_carea' id='block_1_12' title="bbox 298 1303 1930 1378">
    <p class='ocr_par' dir='ltr' id='par_1_12' title="bbox 298 1303 1930 1378">
     <span class='ocr_line' id='line_1_12' title="bbox 298 1303 1930 1378; baseline 0.002 -19"><span class='ocrx_word' id='word_1_91' title='bbox 298 1305 729 1373; x_wconf 70' lang='lat' dir='ltr'><strong>Ancuuss&#39;run.</strong></span> <span class='ocrx_word' id='word_1_92' title='bbox 757 1334 822 1344; x_wconf 88' lang='lat'><strong>—-—</strong></span> <span class='ocrx_word' id='word_1_93' title='bbox 849 1303 995 1369; x_wconf 84' lang='lat' dir='ltr'><strong>Clero</strong></span> <span class='ocrx_word' id='word_1_94' title='bbox 1032 1312 1080 1360; x_wconf 86' lang='lat' dir='ltr'><strong>et</strong></span> <span class='ocrx_word' id='word_1_95' title='bbox 1146 1305 1280 1378; x_wconf 81' lang='lat' dir='ltr'><strong>plebi</strong></span> <span class='ocrx_word' id='word_1_96' title='bbox 1345 1306 1596 1361; x_wconf 83' lang='lat' dir='ltr'><strong>renuntiat</strong></span> <span class='ocrx_word' id='word_1_97' title='bbox 1641 1305 1930 1378; x_wconf 78' lang='lat' dir='ltr'><strong>Cyprianus</strong></span> 
     </span>
    </p>
   </div>
   <div class='ocr_carea' id='block_1_13' title="bbox 396 1398 1924 1468">
    <p class='ocr_par' dir='ltr' id='par_1_13' title="bbox 396 1398 1924 1468">
     <span class='ocr_line' id='line_1_13' title="bbox 396 1398 1924 1468; baseline 0.003 -16"><span class='ocrx_word' id='word_1_98' title='bbox 396 1398 663 1461; x_wconf 82' lang='lat' dir='ltr'><strong>Aurelium</strong></span> <span class='ocrx_word' id='word_1_99' title='bbox 706 1399 1041 1468; x_wconf 75' lang='lat' dir='ltr'><strong>confessorem</strong></span> <span class='ocrx_word' id='word_1_100' title='bbox 1067 1416 1099 1453; x_wconf 92' lang='lat' dir='ltr'><strong>a</strong></span> <span class='ocrx_word' id='word_1_101' title='bbox 1141 1416 1195 1455; x_wconf 82' lang='lat' dir='ltr'><strong>se</strong></span> <span class='ocrx_word' id='word_1_102' title='bbox 1219 1399 1453 1457; x_wconf 82' lang='lat' dir='ltr'><strong>lectorem</strong></span> <span class='ocrx_word' id='word_1_103' title='bbox 1483 1400 1774 1457; x_wconf 86' lang='lat' dir='ltr'><strong>ordinatum</strong></span> <span class='ocrx_word' id='word_1_104' title='bbox 1794 1442 1810 1466; x_wconf 84' lang='lat'><strong>,</strong></span> <span class='ocrx_word' id='word_1_105' title='bbox 1833 1401 1924 1456; x_wconf 63' lang='grc' dir='ltr'><strong>οὓς</strong></span> 
     </span>
    </p>
   </div>
   <div class='ocr_carea' id='block_1_14' title="bbox 395 1491 1923 1565">
    <p class='ocr_par' dir='ltr' id='par_1_14' title="bbox 395 1491 1923 1565">
     <span class='ocr_line' id='line_1_14' title="bbox 395 1491 1923 1565; baseline 0.003 -20"><span class='ocrx_word' id='word_1_106' title='bbox 395 1491 493 1546; x_wconf 84' lang='lat' dir='ltr'><strong>iter</strong></span> <span class='ocrx_word' id='word_1_107' title='bbox 516 1493 715 1553; x_wconf 83' lang='lat' dir='ltr'><strong>virtutis</strong></span> <span class='ocrx_word' id='word_1_108' title='bbox 742 1492 882 1547; x_wconf 88' lang='lat' dir='ltr'><strong>illius</strong></span> <span class='ocrx_word' id='word_1_109' title='bbox 908 1501 956 1547; x_wconf 87' lang='lat' dir='ltr'><strong>et</strong></span> <span class='ocrx_word' id='word_1_110' title='bbox 984 1492 1143 1548; x_wconf 87' lang='lat' dir='ltr'><strong>animi</strong></span> <span class='ocrx_word' id='word_1_111' title='bbox 1168 1494 1501 1557; x_wconf 72' lang='lat' dir='ltr'><strong>constantiam</strong></span> <span class='ocrx_word' id='word_1_112' title='bbox 1532 1494 1923 1565; x_wconf 80' lang='lat' dir='ltr'><strong>commendans,</strong></span> 
     </span>
    </p>
   </div>
   <div class='ocr_carea' id='block_1_15' title="bbox 397 1583 1868 1656">
    <p class='ocr_par' dir='ltr' id='par_1_15' title="bbox 397 1583 1868 1656">
     <span class='ocr_line' id='line_1_15' title="bbox 397 1583 1868 1656; baseline 0.002 -18"><span class='ocrx_word' id='word_1_113' title='bbox 397 1584 575 1652; x_wconf 78' lang='lat' dir='ltr'><strong>quibus</strong></span> <span class='ocrx_word' id='word_1_114' title='bbox 588 1584 739 1638; x_wconf 85' lang='lat' dir='ltr'><strong>etiam</strong></span> <span class='ocrx_word' id='word_1_115' title='bbox 751 1583 1037 1640; x_wconf 82' lang='lat' dir='ltr'><strong>ulteriorem</strong></span> <span class='ocrx_word' id='word_1_116' title='bbox 1048 1585 1265 1656; x_wconf 85' lang='lat' dir='ltr'><strong>gradum</strong></span> <span class='ocrx_word' id='word_1_117' title='bbox 1277 1586 1329 1640; x_wconf 86' lang='lat' dir='ltr'><strong>in</strong></span> <span class='ocrx_word' id='word_1_118' title='bbox 1341 1585 1550 1642; x_wconf 79' lang='lat' dir='ltr'><strong>ecclesia</strong></span> <span class='ocrx_word' id='word_1_119' title='bbox 1568 1587 1868 1642; x_wconf 85' lang='lat' dir='ltr'><strong>merebatur.</strong></span> 
     </span>
    </p>
   </div>
   <div class='ocr_carea' id='block_1_16' title="bbox 397 1697 1928 1776">
    <p class='ocr_par' dir='ltr' id='par_1_16' title="bbox 397 1697 1928 1776">
     <span class='ocr_line' id='line_1_16' title="bbox 397 1697 1928 1776; baseline 0.005 -23"><span class='ocrx_word' id='word_1_120' title='bbox 397 1697 441 1763; x_wconf 84' lang='lat' dir='ltr'><strong>l.</strong></span> <span class='ocrx_word' id='word_1_121' title='bbox 482 1698 781 1772; x_wconf 81' lang='lat' dir='ltr'><strong>Cyprianus</strong></span> <span class='ocrx_word' id='word_1_122' title='bbox 805 1699 1131 1772; x_wconf 83' lang='lat' dir='ltr'><strong>presbyteris</strong></span> <span class='ocrx_word' id='word_1_123' title='bbox 1156 1708 1210 1757; x_wconf 88' lang='lat' dir='ltr'><strong>et</strong></span> <span class='ocrx_word' id='word_1_124' title='bbox 1233 1701 1546 1759; x_wconf 85' lang='lat' dir='ltr'><strong>diaconibus</strong></span> <span class='ocrx_word' id='word_1_125' title='bbox 1570 1712 1625 1759; x_wconf 82' lang='lat' dir='ltr'><strong>et</strong></span> <span class='ocrx_word' id='word_1_126' title='bbox 1650 1703 1791 1776; x_wconf 85' lang='lat' dir='ltr'><strong>plebi</strong></span> <span class='ocrx_word' id='word_1_127' title='bbox 1814 1704 1928 1760; x_wconf 87' lang='lat' dir='ltr'><strong>uni-</strong></span> 
     </span>
    </p>
   </div>
   <div class='ocr_carea' id='block_1_17' title="bbox 307 1792 1927 1871">
    <p class='ocr_par' dir='ltr' id='par_1_17' title="bbox 307 1792 1927 1871">
     <span class='ocr_line' id='line_1_17' title="bbox 307 1792 1927 1871; baseline 0.002 -22"><span class='ocrx_word' id='word_1_128' title='bbox 307 1805 503 1849; x_wconf 64' lang='lat' dir='ltr'><strong>versa:</strong></span> <span class='ocrx_word' id='word_1_129' title='bbox 539 1792 781 1850; x_wconf 83' lang='lat' dir='ltr'><strong>salutem.</strong></span> <span class='ocrx_word' id='word_1_130' title='bbox 811 1793 869 1850; x_wconf 85' lang='lat' dir='ltr'><strong>lit</strong></span> <span class='ocrx_word' id='word_1_131' title='bbox 908 1792 1332 1851; x_wconf 82' lang='lat' dir='ltr'><strong>ordinationibus</strong></span> <span class='ocrx_word' id='word_1_132' title='bbox 1360 1794 1569 1871; x_wconf 85' lang='lat' dir='ltr'><strong>clericis</strong></span> <span class='ocrx_word' id='word_1_133' title='bbox 1623 1804 1684 1864; x_wconf 70' lang='grc'><strong>³,</strong></span> <span class='ocrx_word' id='word_1_134' title='bbox 1736 1796 1927 1852; x_wconf 85' lang='lat' dir='ltr'><strong>fratres</strong></span> 
     </span>
    </p>
   </div>
   <div class='ocr_carea' id='block_1_18' title="bbox 2035 955 3637 1028">
    <p class='ocr_par' dir='ltr' id='par_1_18' title="bbox 2035 955 3637 1028">
     <span class='ocr_line' id='line_1_18' title="bbox 2035 955 3637 1028; baseline 0.002 -17"><span class='ocrx_word' id='word_1_135' title='bbox 2035 955 2088 1011; x_wconf 92' lang='lat' dir='ltr'><strong>in</strong></span> <span class='ocrx_word' id='word_1_136' title='bbox 2117 955 2272 1017; x_wconf 86' lang='lat' dir='ltr'><strong>annis</strong></span> <span class='ocrx_word' id='word_1_137' title='bbox 2309 955 2486 1017; x_wconf 85' lang='lat' dir='ltr'><strong>adhuc</strong></span> <span class='ocrx_word' id='word_1_138' title='bbox 2526 957 2805 1027; x_wconf 84' lang='lat' dir='ltr'><strong>novellus,</strong></span> <span class='ocrx_word' id='word_1_139' title='bbox 2844 958 2938 1015; x_wconf 90' lang='lat' dir='ltr'><strong>sed</strong></span> <span class='ocrx_word' id='word_1_140' title='bbox 2983 959 3035 1014; x_wconf 91' lang='lat' dir='ltr'><strong>in</strong></span> <span class='ocrx_word' id='word_1_141' title='bbox 3062 959 3273 1017; x_wconf 90' lang='lat' dir='ltr'><strong>virtutis</strong></span> <span class='ocrx_word' id='word_1_142' title='bbox 3326 970 3348 998; x_wconf 79' lang='grc' dir='ltr'><strong>ο</strong></span> <span class='ocrx_word' id='word_1_143' title='bbox 3404 974 3468 1016; x_wconf 90' lang='lat' dir='ltr'><strong>ac</strong></span> <span class='ocrx_word' id='word_1_144' title='bbox 3508 960 3637 1028; x_wconf 77' lang='lat' dir='ltr'><strong>fidei</strong></span> 
     </span>
    </p>
   </div>
   <div class='ocr_carea' id='block_1_19' title="bbox 2035 1045 3635 1123">
    <p class='ocr_par' dir='ltr' id='par_1_19' title="bbox 2035 1045 3635 1123">
     <span class='ocr_line' id='line_1_19' title="bbox 2035 1045 3635 1123; baseline 0.003 -21"><span class='ocrx_word' id='word_1_145' title='bbox 2035 1045 2192 1103; x_wconf 84' lang='lat' dir='ltr'><strong>laude</strong></span> <span class='ocrx_word' id='word_1_146' title='bbox 2217 1056 2524 1118; x_wconf 83' lang='lat' dir='ltr'><strong>provectus,</strong></span> <span class='ocrx_word' id='word_1_147' title='bbox 2543 1050 2720 1121; x_wconf 77' lang='lat' dir='ltr'><strong>minor</strong></span> <span class='ocrx_word' id='word_1_148' title='bbox 2746 1049 2985 1106; x_wconf 71' lang='lat' dir='ltr'><strong>intetatis</strong></span> <span class='ocrx_word' id='word_1_149' title='bbox 3000 1064 3113 1107; x_wconf 65' lang='lat' dir='ltr'><strong>suae</strong></span> <span class='ocrx_word' id='word_1_150' title='bbox 3130 1050 3327 1119; x_wconf 89' lang='lat' dir='ltr'><strong>indole,</strong></span> <span class='ocrx_word' id='word_1_151' title='bbox 3348 1050 3441 1109; x_wconf 82' lang='lat' dir='ltr'><strong>sed</strong></span> <span class='ocrx_word' id='word_1_152' title='bbox 3463 1051 3635 1123; x_wconf 79' lang='lat' dir='ltr'><strong>major</strong></span> 
     </span>
    </p>
   </div>
   <div class='ocr_carea' id='block_1_20' title="bbox 2035 1137 3631 1215">
    <p class='ocr_par' dir='ltr' id='par_1_20' title="bbox 2035 1137 3631 1215">
     <span class='ocr_line' id='line_1_20' title="bbox 2035 1137 3631 1215; baseline 0.003 -22"><span class='ocrx_word' id='word_1_153' title='bbox 2035 1137 2090 1194; x_wconf 93' lang='lat' dir='ltr'><strong>in</strong></span> <span class='ocrx_word' id='word_1_154' title='bbox 2116 1137 2343 1206; x_wconf 86' lang='lat' dir='ltr'><strong>honore,</strong></span> <span class='ocrx_word' id='word_1_155' title='bbox 2374 1138 2590 1210; x_wconf 87' lang='lat' dir='ltr'><strong>gemino</strong></span> <span class='ocrx_word' id='word_1_156' title='bbox 2616 1140 2703 1196; x_wconf 90' lang='lat' dir='ltr'><strong>hic</strong></span> <span class='ocrx_word' id='word_1_157' title='bbox 2739 1155 2910 1212; x_wconf 83' lang='lat' dir='ltr'><strong>agone</strong></span> <span class='ocrx_word' id='word_1_158' title='bbox 2936 1142 3196 1208; x_wconf 85' lang='lat' dir='ltr'><strong>certavit;</strong></span> <span class='ocrx_word' id='word_1_159' title='bbox 3224 1141 3305 1197; x_wconf 90' lang='lat' dir='ltr'><strong>bis</strong></span> <span class='ocrx_word' id='word_1_160' title='bbox 3330 1141 3631 1215; x_wconf 75' lang='lat' dir='ltr'><strong>confessus,</strong></span> 
     </span>
    </p>
   </div>
   <div class='ocr_carea' id='block_1_21' title="bbox 2033 1233 3633 1310">
    <p class='ocr_par' dir='ltr' id='par_1_21' title="bbox 2033 1233 3633 1310">
     <span class='ocr_line' id='line_1_21' title="bbox 2033 1233 3633 1310; baseline 0.002 -20"><span class='ocrx_word' id='word_1_161' title='bbox 2033 1241 2089 1295; x_wconf 87' lang='lat' dir='ltr'><strong>et</strong></span> <span class='ocrx_word' id='word_1_162' title='bbox 2111 1233 2194 1290; x_wconf 88' lang='lat' dir='ltr'><strong>bis</strong></span> <span class='ocrx_word' id='word_1_163' title='bbox 2236 1234 2590 1292; x_wconf 81' lang='lat' dir='ltr'><strong>confessionis</strong></span> <span class='ocrx_word' id='word_1_164' title='bbox 2620 1250 2732 1292; x_wconf 63' lang='lat' dir='ltr'><strong>suae</strong></span> <span class='ocrx_word' id='word_1_165' title='bbox 2752 1237 2975 1293; x_wconf 85' lang='lat' dir='ltr'><strong>victoria</strong></span> <span class='ocrx_word' id='word_1_166' title='bbox 3006 1237 3293 1308; x_wconf 87' lang='lat' dir='ltr'><strong>gloriosus,</strong></span> <span class='ocrx_word' id='word_1_167' title='bbox 3333 1246 3388 1293; x_wconf 88' lang='lat' dir='ltr'><strong>et</strong></span> <span class='ocrx_word' id='word_1_168' title='bbox 3418 1238 3633 1310; x_wconf 78' lang='lat' dir='ltr'><strong>quando</strong></span> 
     </span>
    </p>
   </div>
   <div class='ocr_carea' id='block_1_22' title="bbox 2033 1328 3632 1397">
    <p class='ocr_par' dir='ltr' id='par_1_22' title="bbox 2033 1328 3632 1397">
     <span class='ocr_line' id='line_1_22' title="bbox 2033 1328 3632 1397; baseline 0.004 -14"><span class='ocrx_word' id='word_1_169' title='bbox 2033 1329 2160 1385; x_wconf 83' lang='lat' dir='ltr'><strong>vicit</strong></span> <span class='ocrx_word' id='word_1_170' title='bbox 2191 1330 2242 1385; x_wconf 92' lang='lat' dir='ltr'><strong>in</strong></span> <span class='ocrx_word' id='word_1_171' title='bbox 2273 1345 2433 1386; x_wconf 89' lang='lat' dir='ltr'><strong>cursu</strong></span> <span class='ocrx_word' id='word_1_172' title='bbox 2480 1328 2508 1369; x_wconf 76' lang='grc' dir='ltr'>ἀ</span> <span class='ocrx_word' id='word_1_173' title='bbox 2551 1330 2720 1393; x_wconf 71' lang='lat' dir='ltr'><strong>iactus</strong></span> <span class='ocrx_word' id='word_1_174' title='bbox 2769 1332 3034 1397; x_wconf 80' lang='lat' dir='ltr'><strong>extorris,</strong></span> <span class='ocrx_word' id='word_1_175' title='bbox 3066 1340 3122 1387; x_wconf 91' lang='lat' dir='ltr'><strong>et</strong></span> <span class='ocrx_word' id='word_1_176' title='bbox 3162 1346 3286 1395; x_wconf 86' lang='lat' dir='ltr'><strong>cum</strong></span> <span class='ocrx_word' id='word_1_177' title='bbox 3311 1331 3487 1389; x_wconf 90' lang='lat' dir='ltr'><strong>denuo</strong></span> <span class='ocrx_word' id='word_1_178' title='bbox 3511 1347 3632 1388; x_wconf 88' lang='lat' dir='ltr'><strong>cer-</strong></span> 
     </span>
    </p>
   </div>
   <div class='ocr_carea' id='block_1_23' title="bbox 2034 1421 3633 1495">
    <p class='ocr_par' dir='ltr' id='par_1_23' title="bbox 2034 1421 3633 1495">
     <span class='ocr_line' id='line_1_23' title="bbox 2034 1421 3633 1495; baseline 0.006 -19"><span class='ocrx_word' id='word_1_179' title='bbox 2034 1421 2233 1477; x_wconf 86' lang='lat' dir='ltr'><strong>tamine</strong></span> <span class='ocrx_word' id='word_1_180' title='bbox 2276 1422 2499 1478; x_wconf 86' lang='lat' dir='ltr'><strong>fortiore</strong></span> <span class='ocrx_word' id='word_1_181' title='bbox 2542 1424 2795 1495; x_wconf 74' lang='lat' dir='ltr'><strong>pugnavit</strong></span> <span class='ocrx_word' id='word_1_182' title='bbox 2838 1434 2898 1490; x_wconf 70' lang='lat' dir='ltr'><strong>e,</strong></span> <span class='ocrx_word' id='word_1_183' title='bbox 2952 1423 3309 1495; x_wconf 88' lang='lat' dir='ltr'><strong>triumphator</strong></span> <span class='ocrx_word' id='word_1_184' title='bbox 3363 1435 3417 1481; x_wconf 88' lang='lat' dir='ltr'><strong>et</strong></span> <span class='ocrx_word' id='word_1_185' title='bbox 3463 1425 3633 1485; x_wconf 87' lang='lat' dir='ltr'><strong>victor</strong></span> 
     </span>
    </p>
   </div>
   <div class='ocr_carea' id='block_1_24' title="bbox 2029 1514 3634 1586">
    <p class='ocr_par' dir='ltr' id='par_1_24' title="bbox 2029 1514 3634 1586">
     <span class='ocr_line' id='line_1_24' title="bbox 2029 1514 3634 1586; baseline 0.003 -15"><span class='ocrx_word' id='word_1_186' title='bbox 2029 1514 2083 1571; x_wconf 91' lang='lat' dir='ltr'><strong>in</strong></span> <span class='ocrx_word' id='word_1_187' title='bbox 2115 1514 2300 1585; x_wconf 63' lang='lat' dir='ltr'><strong>praelia</strong></span> <span class='ocrx_word' id='word_1_188' title='bbox 2340 1515 2628 1584; x_wconf 88' lang='lat' dir='ltr'><strong>passionis.</strong></span> <span class='ocrx_word' id='word_1_189' title='bbox 2680 1516 2906 1584; x_wconf 86' lang='lat' dir='ltr'><strong>Quoties</strong></span> <span class='ocrx_word' id='word_1_190' title='bbox 2951 1516 3291 1575; x_wconf 88' lang='lat' dir='ltr'><strong>adversarius</strong></span> <span class='ocrx_word' id='word_1_191' title='bbox 3338 1532 3634 1586; x_wconf 88' lang='lat' dir='ltr'><strong>provocare</strong></span> 
     </span>
    </p>
   </div>
   <div class='ocr_carea' id='block_1_25' title="bbox 2028 1609 3634 1682">
    <p class='ocr_par' dir='ltr' id='par_1_25' title="bbox 2028 1609 3634 1682">
     <span class='ocr_line' id='line_1_25' title="bbox 2028 1609 3634 1682; baseline 0.001 -16"><span class='ocrx_word' id='word_1_192' title='bbox 2028 1624 2215 1667; x_wconf 83' lang='lat' dir='ltr'><strong>servos</strong></span> <span class='ocrx_word' id='word_1_193' title='bbox 2239 1609 2335 1665; x_wconf 88' lang='lat' dir='ltr'><strong>Dei</strong></span> <span class='ocrx_word' id='word_1_194' title='bbox 2356 1610 2543 1679; x_wconf 88' lang='lat' dir='ltr'><strong>voluit,</strong></span> <span class='ocrx_word' id='word_1_195' title='bbox 2570 1611 2730 1667; x_wconf 89' lang='lat' dir='ltr'><strong>toties</strong></span> <span class='ocrx_word' id='word_1_196' title='bbox 2757 1611 3193 1682; x_wconf 87' lang='lat' dir='ltr'><strong>promptissimus</strong></span> <span class='ocrx_word' id='word_1_197' title='bbox 3219 1625 3283 1668; x_wconf 88' lang='lat' dir='ltr'><strong>ac</strong></span> <span class='ocrx_word' id='word_1_198' title='bbox 3309 1610 3634 1669; x_wconf 88' lang='lat' dir='ltr'><strong>fortissimus</strong></span> 
     </span>
    </p>
   </div>
   <div class='ocr_carea' id='block_1_26' title="bbox 2026 1701 3632 1772">
    <p class='ocr_par' dir='ltr' id='par_1_26' title="bbox 2026 1701 3632 1772">
     <span class='ocr_line' id='line_1_26' title="bbox 2026 1701 3632 1772; baseline 0 -13"><span class='ocrx_word' id='word_1_199' title='bbox 2026 1703 2183 1759; x_wconf 89' lang='lat' dir='ltr'><strong>miles</strong></span> <span class='ocrx_word' id='word_1_200' title='bbox 2216 1710 2272 1769; x_wconf 76' lang='lat' dir='ltr'><strong>et</strong></span> <span class='ocrx_word' id='word_1_201' title='bbox 2300 1704 2551 1772; x_wconf 76' lang='lat' dir='ltr'><strong>pugnavit</strong></span> <span class='ocrx_word' id='word_1_202' title='bbox 2597 1710 2654 1757; x_wconf 90' lang='lat' dir='ltr'><strong>et</strong></span> <span class='ocrx_word' id='word_1_203' title='bbox 2678 1702 2821 1759; x_wconf 91' lang='lat' dir='ltr'><strong>vicit.</strong></span> <span class='ocrx_word' id='word_1_204' title='bbox 2868 1703 3065 1761; x_wconf 88' lang='lat' dir='ltr'><strong>Parum</strong></span> <span class='ocrx_word' id='word_1_205' title='bbox 3109 1701 3284 1759; x_wconf 84' lang='lat' dir='ltr'><strong>fuerat</strong></span> <span class='ocrx_word' id='word_1_206' title='bbox 3323 1703 3421 1758; x_wconf 90' lang='lat' dir='ltr'><strong>sub</strong></span> <span class='ocrx_word' id='word_1_207' title='bbox 3463 1704 3632 1759; x_wconf 87' lang='lat' dir='ltr'><strong>oculis</strong></span> 
     </span>
    </p>
   </div>
   <div class='ocr_carea' id='block_1_27' title="bbox 2032 1791 3633 1866">
    <p class='ocr_par' dir='ltr' id='par_1_27' title="bbox 2032 1791 3633 1866">
     <span class='ocr_line' id='line_1_27' title="bbox 2032 1791 3633 1866; baseline 0.002 -16"><span class='ocrx_word' id='word_1_208' title='bbox 2032 1804 2155 1850; x_wconf 88' lang='lat' dir='ltr'><strong>ante</strong></span> <span class='ocrx_word' id='word_1_209' title='bbox 2181 1805 2473 1863; x_wconf 88' lang='lat' dir='ltr'><strong>paucorum</strong></span> <span class='ocrx_word' id='word_1_210' title='bbox 2495 1834 2510 1861; x_wconf 90' lang='lat'><strong>,</strong></span> <span class='ocrx_word' id='word_1_211' title='bbox 2538 1792 2754 1864; x_wconf 86' lang='lat' dir='ltr'><strong>quando</strong></span> <span class='ocrx_word' id='word_1_212' title='bbox 2784 1793 3013 1850; x_wconf 82' lang='lat' dir='ltr'><strong>extorris</strong></span> <span class='ocrx_word' id='word_1_213' title='bbox 3053 1791 3217 1851; x_wconf 83' lang='lat' dir='ltr'><strong>ﬁebat</strong></span> <span class='ocrx_word' id='word_1_214' title='bbox 3236 1834 3252 1864; x_wconf 91' lang='lat'><strong>,</strong></span> <span class='ocrx_word' id='word_1_215' title='bbox 3284 1807 3633 1866; x_wconf 81' lang='lat' dir='ltr'><strong>congressum</strong></span> 
     </span>
    </p>
   </div>
   <div class='ocr_carea' id='block_1_28' title="bbox 1554 1882 2420 1945">
    <p class='ocr_par' dir='ltr' id='par_1_28' title="bbox 1554 1882 2420 1945">
     <span class='ocr_line' id='line_1_28' title="bbox 1554 1882 2420 1945; baseline -0.001 -1"><span class='ocrx_word' id='word_1_216' title='bbox 1554 1886 1940 1945; x_wconf 86' lang='lat' dir='ltr'><strong>LECTIONES</strong></span> <span class='ocrx_word' id='word_1_217' title='bbox 2006 1882 2420 1945; x_wconf 82' lang='lat' dir='ltr'><strong>VARIANTES.</strong></span> 
     </span>
    </p>
   </div>
   <div class='ocr_carea' id='block_1_29' title="bbox 392 1975 3025 2045">
    <p class='ocr_par' dir='ltr' id='par_1_29' title="bbox 392 1975 3025 2045">
     <span class='ocr_line' id='line_1_29' title="bbox 392 1975 3025 2045; baseline 0.002 -20"><span class='ocrx_word' id='word_1_218' title='bbox 392 1975 546 2045; x_wconf 43' lang='lat' dir='ltr'><strong>{De</strong></span> <span class='ocrx_word' id='word_1_219' title='bbox 566 1976 952 2045; x_wconf 77' lang='lat' dir='ltr'><strong>ordinationibus</strong></span> <span class='ocrx_word' id='word_1_220' title='bbox 993 1980 1122 2031; x_wconf 88' lang='lat' dir='ltr'><strong>Bod.</strong></span> <span class='ocrx_word' id='word_1_221' title='bbox 1168 1983 1215 2045; x_wconf 81' lang='lat' dir='ltr'><strong>l.</strong></span> <span class='ocrx_word' id='word_1_222' title='bbox 1260 1979 1558 2045; x_wconf 75' lang='lat' dir='ltr'><strong>Ordinandis</strong></span> <span class='ocrx_word' id='word_1_223' title='bbox 1597 1989 1746 2041; x_wconf 33' lang='lat' dir='ltr'><strong>Pent.</strong></span> <span class='ocrx_word' id='word_1_224' title='bbox 1778 1980 1920 2033; x_wconf 87' lang='lat' dir='ltr'><strong>Corb.</strong></span> <span class='ocrx_word' id='word_1_225' title='bbox 1949 1983 1998 2045; x_wconf 84' lang='lat' dir='ltr'><strong>B</strong></span> <span class='ocrx_word' id='word_1_226' title='bbox 2089 1981 2120 2045; x_wconf 83' lang='lat'><strong>°_</strong></span> <span class='ocrx_word' id='word_1_227' title='bbox 2140 1979 2334 2045; x_wconf 75' lang='lat' dir='ltr'><strong>Yirtute</strong></span> <span class='ocrx_word' id='word_1_228' title='bbox 2359 1982 2489 2031; x_wconf 88' lang='lat' dir='ltr'><strong>Lem.</strong></span> <span class='ocrx_word' id='word_1_229' title='bbox 2515 1977 2663 2045; x_wconf 60' lang='lat' dir='ltr'><strong>Ebor.</strong></span> <span class='ocrx_word' id='word_1_230' title='bbox 2691 1975 2798 2030; x_wconf 80' lang='lat' dir='ltr'><strong>Litt.</strong></span> <span class='ocrx_word' id='word_1_231' title='bbox 2822 1977 2953 2033; x_wconf 79' lang='lat' dir='ltr'><strong>Bod.</strong></span> <span class='ocrx_word' id='word_1_232' title='bbox 2976 1979 3025 2031; x_wconf 81' lang='grc'><strong>1.</strong></span> 
     </span>
    </p>
   </div>
   <div class='ocr_carea' id='block_1_30' title="bbox 317 2038 1611 2105">
    <p class='ocr_par' dir='ltr' id='par_1_30' title="bbox 317 2038 1611 2105">
     <span class='ocr_line' id='line_1_30' title="bbox 317 2038 1611 2105; baseline 0.001 -13"><span class='ocrx_word' id='word_1_233' title='bbox 317 2038 728 2105; x_wconf 55' lang='lat' dir='ltr'><strong>ordinationibus</strong></span> <span class='ocrx_word' id='word_1_234' title='bbox 756 2039 1043 2105; x_wconf 82' lang='lat' dir='ltr'><strong>clericorum</strong></span> <span class='ocrx_word' id='word_1_235' title='bbox 1067 2044 1194 2105; x_wconf 75' lang='lat' dir='ltr'><strong>Bod.</strong></span> <span class='ocrx_word' id='word_1_236' title='bbox 1218 2045 1266 2095; x_wconf 78' lang='grc'><strong>5.</strong></span> <span class='ocrx_word' id='word_1_237' title='bbox 1300 2044 1407 2099; x_wconf 78' lang='grc' dir='ltr'><strong>ΝΟ.</strong></span> <span class='ocrx_word' id='word_1_238' title='bbox 1427 2044 1478 2094; x_wconf 81' lang='lat'><strong>2.</strong></span> <span class='ocrx_word' id='word_1_239' title='bbox 1504 2041 1611 2096; x_wconf 88' lang='lat' dir='ltr'><strong>Lin.</strong></span> 
     </span>
    </p>
   </div>
   <div class='ocr_carea' id='block_1_31' title="bbox 386 2098 1479 2159">
    <p class='ocr_par' dir='ltr' id='par_1_31' title="bbox 386 2098 1479 2159">
     <span class='ocr_line' id='line_1_31' title="bbox 386 2098 1479 2159; baseline 0.004 -7"><span class='ocrx_word' id='word_1_240' title='bbox 386 2098 416 2140; x_wconf 71' lang='grc' dir='ltr'><strong>ιο</strong></span> <span class='ocrx_word' id='word_1_241' title='bbox 439 2101 684 2154; x_wconf 85' lang='lat' dir='ltr'><strong>Probatus</strong></span> <span class='ocrx_word' id='word_1_242' title='bbox 707 2110 783 2153; x_wconf 89' lang='lat' dir='ltr'><strong>est</strong></span> <span class='ocrx_word' id='word_1_243' title='bbox 804 2104 942 2155; x_wconf 81' lang='lat' dir='ltr'><strong>Voss.</strong></span> <span class='ocrx_word' id='word_1_244' title='bbox 959 2104 1009 2154; x_wconf 80' lang='grc'><strong>2.</strong></span> <span class='ocrx_word' id='word_1_245' title='bbox 1032 2105 1095 2157; x_wconf 86' lang='lat' dir='ltr'><strong>Et</strong></span> <span class='ocrx_word' id='word_1_246' title='bbox 1119 2098 1167 2156; x_wconf 80' lang='lat' dir='ltr'><strong>in</strong></span> <span class='ocrx_word' id='word_1_247' title='bbox 1190 2105 1302 2158; x_wconf 90' lang='lat' dir='ltr'><strong>Deo</strong></span> <span class='ocrx_word' id='word_1_248' title='bbox 1323 2114 1479 2159; x_wconf 69' lang='lat' dir='ltr'><strong>omen.</strong></span> 
     </span>
    </p>
   </div>
   <div class='ocr_carea' id='block_1_32' title="bbox 2093 2039 2688 2093">
    <p class='ocr_par' dir='ltr' id='par_1_32' title="bbox 2093 2039 2688 2093">
     <span class='ocr_line' id='line_1_32' title="bbox 2093 2039 2688 2093; baseline -0.003 -1"><span class='ocrx_word' id='word_1_249' title='bbox 2093 2041 2123 2081; x_wconf 74' lang='grc' dir='ltr'><strong>(ἰ</strong></span> <span class='ocrx_word' id='word_1_250' title='bbox 2151 2041 2276 2093; x_wconf 81' lang='lat' dir='ltr'><strong>Vicit</strong></span> <span class='ocrx_word' id='word_1_251' title='bbox 2305 2055 2521 2093; x_wconf 80' lang='lat' dir='ltr'><strong>excursu</strong></span> <span class='ocrx_word' id='word_1_252' title='bbox 2546 2039 2688 2092; x_wconf 89' lang='lat' dir='ltr'><strong>Corb.</strong></span> 
     </span>
    </p>
   </div>
   <div class='ocr_carea' id='block_1_33' title="bbox 2096 2102 2751 2169">
    <p class='ocr_par' dir='ltr' id='par_1_33' title="bbox 2096 2102 2751 2169">
     <span class='ocr_line' id='line_1_33' title="bbox 2096 2102 2751 2169; baseline 0 -15"><span class='ocrx_word' id='word_1_253' title='bbox 2096 2110 2121 2140; x_wconf 78' lang='grc' dir='ltr'><strong><em>ο</em></strong></span> <span class='ocrx_word' id='word_1_254' title='bbox 2143 2104 2460 2169; x_wconf 82' lang='lat' dir='ltr'><strong>Repugnavit</strong></span> <span class='ocrx_word' id='word_1_255' title='bbox 2484 2105 2618 2159; x_wconf 76' lang='lat' dir='ltr'><strong>Lam</strong></span> <span class='ocrx_word' id='word_1_256' title='bbox 2646 2102 2751 2156; x_wconf 85' lang='lat' dir='ltr'><strong>Lin.</strong></span> 
     </span>
    </p>
   </div>
   <div class='ocr_carea' id='block_1_34' title="bbox 1555 2185 2387 2249">
    <p class='ocr_par' dir='ltr' id='par_1_34' title="bbox 1555 2185 2387 2249">
     <span class='ocr_line' id='line_1_34' title="bbox 1555 2185 2387 2249; baseline 0 -5"><span class='ocrx_word' id='word_1_257' title='bbox 1555 2186 1800 2244; x_wconf 80' lang='lat' dir='ltr'><strong>STEPH.</strong></span> <span class='ocrx_word' id='word_1_258' title='bbox 1844 2185 2118 2249; x_wconf 79' lang='lat' dir='ltr'><strong>BALUZII</strong></span> <span class='ocrx_word' id='word_1_259' title='bbox 2156 2187 2387 2244; x_wconf 74' lang='grc' dir='ltr'><strong>ΝΟΤᾹΞ.</strong></span> 
     </span>
    </p>
   </div>
   <div class='ocr_carea' id='block_1_35' title="bbox 324 2277 1927 2347">
    <p class='ocr_par' dir='ltr' id='par_1_35' title="bbox 324 2277 1927 2347">
     <span class='ocr_line' id='line_1_35' title="bbox 324 2277 1927 2347; baseline -0.001 -10"><span class='ocrx_word' id='word_1_260' title='bbox 324 2277 397 2337; x_wconf 84' lang='lat' dir='ltr'><strong>de</strong></span> <span class='ocrx_word' id='word_1_261' title='bbox 424 2277 667 2337; x_wconf 87' lang='lat' dir='ltr'><strong>doctrina</strong></span> <span class='ocrx_word' id='word_1_262' title='bbox 697 2280 839 2347; x_wconf 89' lang='lat' dir='ltr'><strong>fidei,</strong></span> <span class='ocrx_word' id='word_1_263' title='bbox 871 2280 967 2337; x_wconf 91' lang='lat' dir='ltr'><strong>sed</strong></span> <span class='ocrx_word' id='word_1_264' title='bbox 1008 2281 1076 2336; x_wconf 89' lang='lat' dir='ltr'><strong>de</strong></span> <span class='ocrx_word' id='word_1_265' title='bbox 1102 2282 1245 2337; x_wconf 92' lang='lat' dir='ltr'><strong>bono</strong></span> <span class='ocrx_word' id='word_1_266' title='bbox 1268 2280 1591 2347; x_wconf 67' lang='lat' dir='ltr'><strong>disciplinis.</strong></span> <span class='ocrx_word' id='word_1_267' title='bbox 1628 2279 1927 2336; x_wconf 81' lang='lat' dir='ltr'><strong>Rcinharto</strong></span> 
     </span>
    </p>
   </div>
   <div class='ocr_carea' id='block_1_36' title="bbox 325 2352 1928 2422">
    <p class='ocr_par' dir='ltr' id='par_1_36' title="bbox 325 2352 1928 2422">
     <span class='ocr_line' id='line_1_36' title="bbox 325 2352 1928 2422; baseline 0.001 -17"><span class='ocrx_word' id='word_1_268' title='bbox 325 2360 509 2407; x_wconf 85' lang='lat' dir='ltr'><strong>tamen</strong></span> <span class='ocrx_word' id='word_1_269' title='bbox 553 2353 721 2422; x_wconf 81' lang='lat' dir='ltr'><strong>magis</strong></span> <span class='ocrx_word' id='word_1_270' title='bbox 763 2353 961 2422; x_wconf 86' lang='lat' dir='ltr'><strong>placuit</strong></span> <span class='ocrx_word' id='word_1_271' title='bbox 1000 2352 1165 2408; x_wconf 88' lang='lat' dir='ltr'><strong>editio</strong></span> <span class='ocrx_word' id='word_1_272' title='bbox 1205 2352 1494 2409; x_wconf 82' lang='lat' dir='ltr'><strong>Rembolti.</strong></span> <span class='ocrx_word' id='word_1_273' title='bbox 1540 2352 1691 2407; x_wconf 84' lang='lat' dir='ltr'><strong>Iliam</strong></span> <span class='ocrx_word' id='word_1_274' title='bbox 1731 2354 1928 2407; x_wconf 88' lang='lat' dir='ltr'><strong>contir-</strong></span> 
     </span>
    </p>
   </div>
   <div class='ocr_carea' id='block_1_37' title="bbox 326 2422 1690 2494">
    <p class='ocr_par' dir='ltr' id='par_1_37' title="bbox 326 2422 1690 2494">
     <span class='ocr_line' id='line_1_37' title="bbox 326 2422 1690 2494; baseline 0.001 -16"><span class='ocrx_word' id='word_1_275' title='bbox 326 2434 480 2494; x_wconf 81' lang='lat' dir='ltr'><strong>mant</strong></span> <span class='ocrx_word' id='word_1_276' title='bbox 501 2422 716 2478; x_wconf 88' lang='lat' dir='ltr'><strong>codices</strong></span> <span class='ocrx_word' id='word_1_277' title='bbox 743 2423 1092 2494; x_wconf 84' lang='lat' dir='ltr'><strong>Carnutensis</strong></span> <span class='ocrx_word' id='word_1_278' title='bbox 1132 2434 1184 2479; x_wconf 93' lang='lat' dir='ltr'><strong>et</strong></span> <span class='ocrx_word' id='word_1_279' title='bbox 1211 2424 1382 2479; x_wconf 85' lang='lat' dir='ltr'><strong>sancti</strong></span> <span class='ocrx_word' id='word_1_280' title='bbox 1406 2423 1690 2494; x_wconf 87' lang='lat' dir='ltr'><strong>Arnuiphi.</strong></span> 
     </span>
    </p>
   </div>
   <div class='ocr_carea' id='block_1_38' title="bbox 404 2492 1924 2565">
    <p class='ocr_par' dir='ltr' id='par_1_38' title="bbox 404 2492 1924 2565">
     <span class='ocr_line' id='line_1_38' title="bbox 404 2492 1924 2565; baseline 0.003 -19"><span class='ocrx_word' id='word_1_281' title='bbox 404 2492 625 2558; x_wconf 82' lang='lat' dir='ltr'><strong>Quando</strong></span> <span class='ocrx_word' id='word_1_282' title='bbox 654 2495 936 2550; x_wconf 84' lang='lat' dir='ltr'><strong>conuenire.</strong></span> <span class='ocrx_word' id='word_1_283' title='bbox 968 2493 1025 2550; x_wconf 86' lang='lat' dir='ltr'><strong>in</strong></span> <span class='ocrx_word' id='word_1_284' title='bbox 1056 2495 1242 2565; x_wconf 80' lang='lat' dir='ltr'><strong>codice</strong></span> <span class='ocrx_word' id='word_1_285' title='bbox 1270 2494 1505 2550; x_wconf 87' lang='lat' dir='ltr'><strong>Fuxensi</strong></span> <span class='ocrx_word' id='word_1_286' title='bbox 1534 2492 1791 2565; x_wconf 80' lang='lat' dir='ltr'><strong>scriptum</strong></span> <span class='ocrx_word' id='word_1_287' title='bbox 1820 2502 1924 2563; x_wconf 90' lang='lat' dir='ltr'><strong>est,</strong></span> 
     </span>
    </p>
   </div>
   <div class='ocr_carea' id='block_1_39' title="bbox 327 2564 1760 2637">
    <p class='ocr_par' dir='ltr' id='par_1_39' title="bbox 327 2564 1760 2637">
     <span class='ocr_line' id='line_1_39' title="bbox 327 2564 1760 2637; baseline 0 -20"><span class='ocrx_word' id='word_1_288' title='bbox 327 2565 533 2637; x_wconf 71' lang='lat' dir='ltr'><strong>quqndc</strong></span> <span class='ocrx_word' id='word_1_289' title='bbox 558 2566 613 2619; x_wconf 86' lang='lat' dir='ltr'><strong>in</strong></span> <span class='ocrx_word' id='word_1_290' title='bbox 640 2582 819 2631; x_wconf 84' lang='lat' dir='ltr'><strong>unum,</strong></span> <span class='ocrx_word' id='word_1_291' title='bbox 846 2567 1160 2637; x_wconf 73' lang='lat' dir='ltr'><strong>permittente</strong></span> <span class='ocrx_word' id='word_1_292' title='bbox 1186 2564 1431 2633; x_wconf 86' lang='lat' dir='ltr'><strong>Domino,</strong></span> <span class='ocrx_word' id='word_1_293' title='bbox 1459 2564 1760 2620; x_wconf 85' lang='lat' dir='ltr'><strong>venerimus.</strong></span> 
     </span>
    </p>
   </div>
   <div class='ocr_carea' id='block_1_40' title="bbox 401 2635 1928 2708">
    <p class='ocr_par' dir='ltr' id='par_1_40' title="bbox 401 2635 1928 2708">
     <span class='ocr_line' id='line_1_40' title="bbox 401 2635 1928 2708; baseline 0.001 -18"><span class='ocrx_word' id='word_1_294' title='bbox 401 2635 829 2708; x_wconf 53' lang='grc' dir='ltr'><strong>Εριετ.)ικιιι.</strong></span> <span class='ocrx_word' id='word_1_295' title='bbox 850 2635 855 2637; x_wconf 56' lang='grc'>⁷</span> <span class='ocrx_word' id='word_1_296' title='bbox 875 2666 944 2678; x_wconf 88' lang='grc'><strong>--</strong></span> <span class='ocrx_word' id='word_1_297' title='bbox 964 2636 1005 2691; x_wconf 88' lang='grc' dir='ltr'><strong>Ι.</strong></span> <span class='ocrx_word' id='word_1_298' title='bbox 1042 2635 1360 2708; x_wconf 82' lang='lat' dir='ltr'><strong>Presbyteris</strong></span> <span class='ocrx_word' id='word_1_299' title='bbox 1394 2679 1409 2692; x_wconf 94' lang='lat'><strong>.</strong></span> <span class='ocrx_word' id='word_1_300' title='bbox 1429 2675 1443 2689; x_wconf 96' lang='lat'><strong>.</strong></span> <span class='ocrx_word' id='word_1_301' title='bbox 1463 2678 1502 2691; x_wconf 93' lang='lat'><strong>..</strong></span> <span class='ocrx_word' id='word_1_302' title='bbox 1541 2638 1805 2693; x_wconf 69' lang='lat' dir='ltr'><strong>uniuersis.</strong></span> <span class='ocrx_word' id='word_1_303' title='bbox 1837 2637 1928 2695; x_wconf 86' lang='lat' dir='ltr'><strong>Sic</strong></span> 
     </span>
    </p>
   </div>
   <div class='ocr_carea' id='block_1_41' title="bbox 329 2706 1934 2791">
    <p class='ocr_par' dir='ltr' id='par_1_41' title="bbox 329 2706 1934 2791">
     <span class='ocr_line' id='line_1_41' title="bbox 329 2706 1934 2791; baseline 0.001 -31"><span class='ocrx_word' id='word_1_304' title='bbox 329 2706 494 2791; x_wconf 66' lang='lat' dir='ltr'><strong>etiam</strong></span> <span class='ocrx_word' id='word_1_305' title='bbox 521 2706 842 2791; x_wconf 52' lang='lat' dir='ltr'><strong>inlipistola</strong></span> <span class='ocrx_word' id='word_1_306' title='bbox 869 2708 1140 2791; x_wconf 83' lang='lat' dir='ltr'><strong>sequenti.</strong></span> <span class='ocrx_word' id='word_1_307' title='bbox 1178 2706 1239 2791; x_wconf 79' lang='lat' dir='ltr'><strong>In</strong></span> <span class='ocrx_word' id='word_1_308' title='bbox 1277 2708 1517 2791; x_wconf 76' lang='lat' dir='ltr'><strong>margine</strong></span> <span class='ocrx_word' id='word_1_309' title='bbox 1529 2708 1660 2791; x_wconf 72' lang='lat' dir='ltr'><strong>libri</strong></span> <span class='ocrx_word' id='word_1_310' title='bbox 1688 2708 1934 2791; x_wconf 77' lang='lat' dir='ltr'><strong>impressi</strong></span> 
     </span>
    </p>
   </div>
   <div class='ocr_carea' id='block_1_42' title="bbox 326 2774 1935 2849">
    <p class='ocr_par' dir='ltr' id='par_1_42' title="bbox 326 2774 1935 2849">
     <span class='ocr_line' id='line_1_42' title="bbox 326 2774 1935 2849; baseline -0.001 -15"><span class='ocrx_word' id='word_1_311' title='bbox 326 2774 534 2834; x_wconf 78' lang='lat' dir='ltr'><strong>Nicolai</strong></span> <span class='ocrx_word' id='word_1_312' title='bbox 579 2774 739 2833; x_wconf 85' lang='lat' dir='ltr'><strong>Fabri</strong></span> <span class='ocrx_word' id='word_1_313' title='bbox 767 2779 837 2834; x_wconf 88' lang='lat' dir='ltr'><strong>ita</strong></span> <span class='ocrx_word' id='word_1_314' title='bbox 860 2774 1123 2849; x_wconf 16' lang='lat' dir='ltr'><strong>scriptum,</strong></span> <span class='ocrx_word' id='word_1_315' title='bbox 1136 2774 1222 2849; x_wconf 82' lang='lat' dir='ltr'><strong>est</strong></span> <span class='ocrx_word' id='word_1_316' title='bbox 1251 2796 1267 2833; x_wconf 89' lang='lat'><strong>:</strong></span> <span class='ocrx_word' id='word_1_317' title='bbox 1297 2778 1377 2841; x_wconf 76' lang='lat' dir='ltr'><strong>Ad</strong></span> <span class='ocrx_word' id='word_1_318' title='bbox 1397 2774 1720 2849; x_wconf 64' lang='lat' dir='ltr'><strong>presbyteros</strong></span> <span class='ocrx_word' id='word_1_319' title='bbox 1746 2774 1791 2833; x_wconf 83' lang='lat' dir='ltr'><strong>et</strong></span> <span class='ocrx_word' id='word_1_320' title='bbox 1821 2778 1935 2833; x_wconf 85' lang='lat' dir='ltr'><strong>dia-</strong></span> 
     </span>
    </p>
   </div>
   <div class='ocr_carea' id='block_1_43' title="bbox 329 2848 1936 2921">
    <p class='ocr_par' dir='ltr' id='par_1_43' title="bbox 329 2848 1936 2921">
     <span class='ocr_line' id='line_1_43' title="bbox 329 2848 1936 2921; baseline 0.001 -19"><span class='ocrx_word' id='word_1_321' title='bbox 329 2865 489 2904; x_wconf 86' lang='lat' dir='ltr'><strong>conos</strong></span> <span class='ocrx_word' id='word_1_322' title='bbox 514 2858 559 2921; x_wconf 78' lang='lat' dir='ltr'><strong>et</strong></span> <span class='ocrx_word' id='word_1_323' title='bbox 581 2849 771 2921; x_wconf 76' lang='lat' dir='ltr'><strong>plebem</strong></span> <span class='ocrx_word' id='word_1_324' title='bbox 792 2848 1075 2906; x_wconf 79' lang='lat' dir='ltr'><strong>universam</strong></span> <span class='ocrx_word' id='word_1_325' title='bbox 1099 2848 1497 2921; x_wconf 83' lang='lat' dir='ltr'><strong>Hipponensem.</strong></span> <span class='ocrx_word' id='word_1_326' title='bbox 1529 2848 1610 2905; x_wconf 80' lang='lat' dir='ltr'><strong>Ex</strong></span> <span class='ocrx_word' id='word_1_327' title='bbox 1634 2864 1742 2919; x_wconf 91' lang='lat' dir='ltr'><strong>quo</strong></span> <span class='ocrx_word' id='word_1_328' title='bbox 1757 2849 1936 2921; x_wconf 82' lang='lat' dir='ltr'><strong>colligi</strong></span> 
     </span>
    </p>
   </div>
   <div class='ocr_carea' id='block_1_44' title="bbox 330 2919 1932 2993">
    <p class='ocr_par' dir='ltr' id='par_1_44' title="bbox 330 2919 1932 2993">
     <span class='ocr_line' id='line_1_44' title="bbox 330 2919 1932 2993; baseline 0.004 -20"><span class='ocrx_word' id='word_1_329' title='bbox 330 2928 518 2993; x_wconf 79' lang='lat' dir='ltr'><strong>posset</strong></span> <span class='ocrx_word' id='word_1_330' title='bbox 545 2919 685 2993; x_wconf 75' lang='lat' dir='ltr'><strong>hanc</strong></span> <span class='ocrx_word' id='word_1_331' title='bbox 731 2920 1027 2993; x_wconf 86' lang='lat' dir='ltr'><strong>Epistolatn</strong></span> <span class='ocrx_word' id='word_1_332' title='bbox 1064 2919 1231 2978; x_wconf 84' lang='lat' dir='ltr'><strong>fuisse</strong></span> <span class='ocrx_word' id='word_1_333' title='bbox 1276 2920 1602 2993; x_wconf 84' lang='lat' dir='ltr'><strong>encyclicam</strong></span> <span class='ocrx_word' id='word_1_334' title='bbox 1633 2931 1686 2993; x_wconf 84' lang='lat' dir='ltr'><strong>et</strong></span> <span class='ocrx_word' id='word_1_335' title='bbox 1712 2920 1932 2979; x_wconf 84' lang='lat' dir='ltr'><strong>missam</strong></span> 
     </span>
    </p>
   </div>
   <div class='ocr_carea' id='block_1_45' title="bbox 329 2989 1934 3063">
    <p class='ocr_par' dir='ltr' id='par_1_45' title="bbox 329 2989 1934 3063">
     <span class='ocr_line' id='line_1_45' title="bbox 329 2989 1934 3063; baseline 0.001 -17"><span class='ocrx_word' id='word_1_336' title='bbox 329 2990 497 3046; x_wconf 86' lang='lat' dir='ltr'><strong>fuisse</strong></span> <span class='ocrx_word' id='word_1_337' title='bbox 525 2989 592 3051; x_wconf 88' lang='lat' dir='ltr'><strong>ad</strong></span> <span class='ocrx_word' id='word_1_338' title='bbox 622 2989 813 3055; x_wconf 80' lang='lat' dir='ltr'><strong>omnes</strong></span> <span class='ocrx_word' id='word_1_339' title='bbox 841 2992 1097 3048; x_wconf 88' lang='lat' dir='ltr'><strong>ecclesias</strong></span> <span class='ocrx_word' id='word_1_340' title='bbox 1144 2989 1443 3060; x_wconf 79' lang='lat' dir='ltr'><strong>Africanas,</strong></span> <span class='ocrx_word' id='word_1_341' title='bbox 1475 3006 1567 3049; x_wconf 85' lang='lat' dir='ltr'><strong>eas</strong></span> <span class='ocrx_word' id='word_1_342' title='bbox 1594 2991 1781 3057; x_wconf 87' lang='lat' dir='ltr'><strong>saltem</strong></span> <span class='ocrx_word' id='word_1_343' title='bbox 1814 3007 1934 3063; x_wconf 66' lang='lat' dir='ltr'><strong>qua:</strong></span> 
     </span>
    </p>
   </div>
   <div class='ocr_carea' id='block_1_46' title="bbox 331 3063 1845 3134">
    <p class='ocr_par' dir='ltr' id='par_1_46' title="bbox 331 3063 1845 3134">
     <span class='ocr_line' id='line_1_46' title="bbox 331 3063 1845 3134; baseline -0.001 -17"><span class='ocrx_word' id='word_1_344' title='bbox 331 3063 634 3134; x_wconf 67' lang='lat' dir='ltr'><strong>constituta:</strong></span> <span class='ocrx_word' id='word_1_345' title='bbox 665 3070 820 3119; x_wconf 76' lang='lat' dir='ltr'><strong>el‘tltlt</strong></span> <span class='ocrx_word' id='word_1_346' title='bbox 848 3068 900 3118; x_wconf 87' lang='lat' dir='ltr'><strong>in</strong></span> <span class='ocrx_word' id='word_1_347' title='bbox 934 3063 1201 3134; x_wconf 86' lang='lat' dir='ltr'><strong>provincia</strong></span> <span class='ocrx_word' id='word_1_348' title='bbox 1228 3063 1613 3134; x_wconf 87' lang='lat' dir='ltr'><strong>proconsulari.</strong></span> <span class='ocrx_word' id='word_1_349' title='bbox 1712 3132 1728 3134; x_wconf 86' lang='lat'>_</span> <span class='ocrx_word' id='word_1_350' title='bbox 1790 3133 1797 3134; x_wconf 15' lang='grc' dir='ltr'>ί</span> <span class='ocrx_word' id='word_1_351' title='bbox 1826 3068 1845 3134; x_wconf 70' lang='lat'><strong><em>_&#39;</em></strong></span> 
     </span>
    </p>
   </div>
   <div class='ocr_carea' id='block_1_47' title="bbox 409 3132 1929 3203">
    <p class='ocr_par' dir='ltr' id='par_1_47' title="bbox 409 3132 1929 3203">
     <span class='ocr_line' id='line_1_47' title="bbox 409 3132 1929 3203; baseline 0.003 -16"><span class='ocrx_word' id='word_1_352' title='bbox 409 3132 828 3197; x_wconf 80' lang='lat' dir='ltr'><strong>Ordinatianibus</strong></span> <span class='ocrx_word' id='word_1_353' title='bbox 856 3132 1071 3189; x_wconf 83' lang='lat' dir='ltr'><strong>clericis.</strong></span> <span class='ocrx_word' id='word_1_354' title='bbox 1103 3132 1237 3190; x_wconf 60' lang='lat' dir='ltr'><strong>llaec</strong></span> <span class='ocrx_word' id='word_1_355' title='bbox 1251 3144 1335 3190; x_wconf 89' lang='lat' dir='ltr'><strong>est</strong></span> <span class='ocrx_word' id='word_1_356' title='bbox 1350 3150 1477 3191; x_wconf 90' lang='lat' dir='ltr'><strong>vera</strong></span> <span class='ocrx_word' id='word_1_357' title='bbox 1504 3134 1682 3189; x_wconf 88' lang='lat' dir='ltr'><strong>lectio.</strong></span> <span class='ocrx_word' id='word_1_358' title='bbox 1699 3132 1929 3203; x_wconf 86' lang='lat' dir='ltr'><strong>Quidam</strong></span> 
     </span>
    </p>
   </div>
   <div class='ocr_carea' id='block_1_48' title="bbox 2034 2278 3629 2348">
    <p class='ocr_par' dir='ltr' id='par_1_48' title="bbox 2034 2278 3629 2348">
     <span class='ocr_line' id='line_1_48' title="bbox 2034 2278 3629 2348; baseline 0.003 -14"><span class='ocrx_word' id='word_1_359' title='bbox 2034 2281 2106 2334; x_wconf 89' lang='lat' dir='ltr'><strong>tie</strong></span> <span class='ocrx_word' id='word_1_360' title='bbox 2134 2280 2329 2335; x_wconf 89' lang='lat' dir='ltr'><strong>dicitur</strong></span> <span class='ocrx_word' id='word_1_361' title='bbox 2354 2281 2410 2335; x_wconf 92' lang='lat' dir='ltr'><strong>in</strong></span> <span class='ocrx_word' id='word_1_362' title='bbox 2454 2279 2609 2335; x_wconf 90' lang='lat' dir='ltr'><strong>annis</strong></span> <span class='ocrx_word' id='word_1_363' title='bbox 2653 2278 2895 2335; x_wconf 86' lang='lat' dir='ltr'><strong>novellus</strong></span> <span class='ocrx_word' id='word_1_364' title='bbox 2936 2285 2992 2335; x_wconf 79' lang='lat' dir='ltr'><strong>et</strong></span> <span class='ocrx_word' id='word_1_365' title='bbox 3034 2278 3372 2348; x_wconf 82' lang='lat' dir='ltr'><strong>adolescens,</strong></span> <span class='ocrx_word' id='word_1_366' title='bbox 3425 2278 3629 2338; x_wconf 85' lang='lat' dir='ltr'><strong>factum</strong></span> 
     </span>
    </p>
   </div>
   <div class='ocr_carea' id='block_1_49' title="bbox 2032 2348 3626 2421">
    <p class='ocr_par' dir='ltr' id='par_1_49' title="bbox 2032 2348 3626 2421">
     <span class='ocr_line' id='line_1_49' title="bbox 2032 2348 3626 2421; baseline 0.002 -16"><span class='ocrx_word' id='word_1_367' title='bbox 2032 2348 2197 2407; x_wconf 88' lang='lat' dir='ltr'><strong>fuisse</strong></span> <span class='ocrx_word' id='word_1_368' title='bbox 2222 2352 2478 2408; x_wconf 88' lang='lat' dir='ltr'><strong>lectorem</strong></span> <span class='ocrx_word' id='word_1_369' title='bbox 2508 2353 2561 2413; x_wconf 89' lang='lat' dir='ltr'><strong>in</strong></span> <span class='ocrx_word' id='word_1_370' title='bbox 2590 2350 2816 2407; x_wconf 88' lang='lat' dir='ltr'><strong>ecclesia</strong></span> <span class='ocrx_word' id='word_1_371' title='bbox 2834 2348 3273 2421; x_wconf 68' lang='lat' dir='ltr'><strong>Carthaginiensi,</strong></span> <span class='ocrx_word' id='word_1_372' title='bbox 3291 2366 3413 2413; x_wconf 89' lang='lat' dir='ltr'><strong>cum</strong></span> <span class='ocrx_word' id='word_1_373' title='bbox 3434 2351 3626 2415; x_wconf 83' lang='lat' dir='ltr'><strong>&#39;videa—</strong></span> 
     </span>
    </p>
   </div>
   <div class='ocr_carea' id='block_1_50' title="bbox 2032 2420 3627 2493">
    <p class='ocr_par' dir='ltr' id='par_1_50' title="bbox 2032 2420 3627 2493">
     <span class='ocr_line' id='line_1_50' title="bbox 2032 2420 3627 2493; baseline 0.003 -17"><span class='ocrx_word' id='word_1_374' title='bbox 2032 2436 2152 2476; x_wconf 90' lang='lat' dir='ltr'><strong>mus</strong></span> <span class='ocrx_word' id='word_1_375' title='bbox 2180 2423 2320 2493; x_wconf 88' lang='lat' dir='ltr'><strong>apud</strong></span> <span class='ocrx_word' id='word_1_376' title='bbox 2354 2422 2619 2478; x_wconf 81' lang='lat' dir='ltr'><strong>Victorem</strong></span> <span class='ocrx_word' id='word_1_377' title='bbox 2648 2422 2922 2478; x_wconf 82' lang='lat' dir='ltr'><strong>Vitensem</strong></span> <span class='ocrx_word' id='word_1_378' title='bbox 2952 2420 3055 2478; x_wconf 66' lang='lat' dir='ltr'><strong>lib.</strong></span> <span class='ocrx_word' id='word_1_379' title='bbox 3073 2420 3117 2477; x_wconf 84' lang='lat' dir='ltr'><strong>V</strong></span> <span class='ocrx_word' id='word_1_380' title='bbox 3137 2437 3256 2493; x_wconf 89' lang='lat' dir='ltr'><strong>cap.</strong></span> <span class='ocrx_word' id='word_1_381' title='bbox 3280 2422 3344 2492; x_wconf 89' lang='lat'><strong>9,</strong></span> <span class='ocrx_word' id='word_1_382' title='bbox 3370 2423 3627 2493; x_wconf 90' lang='lat' dir='ltr'><strong>plurimos</strong></span> 
     </span>
    </p>
   </div>
   <div class='ocr_carea' id='block_1_51' title="bbox 2030 2493 3627 2617">
    <p class='ocr_par' dir='ltr' id='par_1_51' title="bbox 2030 2493 3627 2617">
     <span class='ocr_line' id='line_1_51' title="bbox 2030 2493 3627 2617; baseline 0.003 -70"><span class='ocrx_word' id='word_1_383' title='bbox 2030 2493 2083 2617; x_wconf 48' lang='grc' dir='ltr'>ἓ</span> <span class='ocrx_word' id='word_1_384' title='bbox 2115 2508 2178 2547; x_wconf 88' lang='lat' dir='ltr'><strong>ea</strong></span> <span class='ocrx_word' id='word_1_385' title='bbox 2209 2494 2437 2577; x_wconf 79' lang='lat' dir='ltr'><strong>ecclesia</strong></span> <span class='ocrx_word' id='word_1_386' title='bbox 2467 2493 2700 2549; x_wconf 88' lang='lat' dir='ltr'><strong>lectores</strong></span> <span class='ocrx_word' id='word_1_387' title='bbox 2731 2493 3020 2550; x_wconf 90' lang='lat' dir='ltr'><strong>infantulos</strong></span> <span class='ocrx_word' id='word_1_388' title='bbox 3049 2493 3216 2550; x_wconf 82' lang='lat' dir='ltr'><strong>fuisse</strong></span> <span class='ocrx_word' id='word_1_389' title='bbox 3235 2496 3337 2552; x_wconf 91' lang='lat' dir='ltr'><strong>sub</strong></span> <span class='ocrx_word' id='word_1_390' title='bbox 3365 2495 3627 2567; x_wconf 84' lang='lat' dir='ltr'><strong>episcopo</strong></span> 
     </span>
     <span class='ocr_line' id='line_1_52' title="bbox 2080 2579 2801 2617; baseline 0 0"><span class='ocrx_word' id='word_1_391' title='bbox 2080 2579 2291 2617; x_wconf 75' lang='lat' dir='ltr'><strong>ueemo.</strong></span> <span class='ocrx_word' id='word_1_392' title='bbox 2798 2616 2801 2617; x_wconf 30' lang='grc' dir='ltr'><em>ν</em></span> 
     </span>
    </p>
   </div>
   <div class='ocr_carea' id='block_1_52' title="bbox 2080 2579 2801 2630">
    <p class='ocr_par' dir='ltr' id='par_1_52' title="bbox 2080 2579 2801 2630">
     <span class='ocr_line' id='line_1_53' title="bbox 2080 2579 2801 2630; baseline 0.001 -12"><span class='ocrx_word' id='word_1_393' title='bbox 2080 2579 2291 2630; x_wconf 76' lang='lat' dir='ltr'><strong>ngenio.</strong></span> <span class='ocrx_word' id='word_1_394' title='bbox 2798 2616 2801 2619; x_wconf 72' lang='grc'>,</span> 
     </span>
    </p>
   </div>
   <div class='ocr_carea' id='block_1_53' title="bbox 2110 2634 3629 2709">
    <p class='ocr_par' dir='ltr' id='par_1_53' title="bbox 2110 2634 3629 2709">
     <span class='ocr_line' id='line_1_54' title="bbox 2110 2634 3629 2709; baseline 0.004 -20"><span class='ocrx_word' id='word_1_395' title='bbox 2110 2634 2178 2691; x_wconf 82' lang='lat' dir='ltr'><strong>In</strong></span> <span class='ocrx_word' id='word_1_396' title='bbox 2204 2652 2377 2709; x_wconf 76' lang='lat' dir='ltr'><strong>cursu.</strong></span> <span class='ocrx_word' id='word_1_397' title='bbox 2408 2636 2486 2692; x_wconf 90' lang='lat' dir='ltr'><strong>Ita</strong></span> <span class='ocrx_word' id='word_1_398' title='bbox 2534 2635 3078 2709; x_wconf 28' lang='lat' dir='ltr'><strong>editioneshMorellii</strong></span> <span class='ocrx_word' id='word_1_399' title='bbox 3108 2644 3163 2693; x_wconf 90' lang='lat' dir='ltr'><strong>et</strong></span> <span class='ocrx_word' id='word_1_400' title='bbox 3207 2636 3442 2707; x_wconf 85' lang='lat' dir='ltr'><strong>Rigaltii.</strong></span> <span class='ocrx_word' id='word_1_401' title='bbox 3470 2638 3629 2709; x_wconf 84' lang='lat' dir='ltr'><strong>Angli</strong></span> 
     </span>
    </p>
   </div>
   <div class='ocr_carea' id='block_1_54' title="bbox 2038 2707 3630 2780">
    <p class='ocr_par' dir='ltr' id='par_1_54' title="bbox 2038 2707 3630 2780">
     <span class='ocr_line' id='line_1_55' title="bbox 2038 2707 3630 2780; baseline 0.006 -23"><span class='ocrx_word' id='word_1_402' title='bbox 2038 2716 2335 2780; x_wconf 85' lang='lat' dir='ltr'><strong>posuerunt</strong></span> <span class='ocrx_word' id='word_1_403' title='bbox 2360 2708 2586 2775; x_wconf 83' lang='lat' dir='ltr'><strong>incursu,</strong></span> <span class='ocrx_word' id='word_1_404' title='bbox 2618 2709 2773 2780; x_wconf 86' lang='lat' dir='ltr'><strong>unica</strong></span> <span class='ocrx_word' id='word_1_405' title='bbox 2801 2707 3055 2780; x_wconf 82' lang='lat' dir='ltr'><strong>dictione,</strong></span> <span class='ocrx_word' id='word_1_406' title='bbox 3078 2710 3155 2766; x_wconf 87' lang='lat' dir='ltr'><strong>uti</strong></span> <span class='ocrx_word' id='word_1_407' title='bbox 3183 2710 3440 2780; x_wconf 68' lang='lat' dir='ltr'><strong>scriptum</strong></span> <span class='ocrx_word' id='word_1_408' title='bbox 3465 2707 3630 2767; x_wconf 75' lang='lat' dir='ltr'><strong>estin</strong></span> 
     </span>
    </p>
   </div>
   <div class='ocr_carea' id='block_1_55' title="bbox 2036 2778 3631 2839">
    <p class='ocr_par' dir='ltr' id='par_1_55' title="bbox 2036 2778 3631 2839">
     <span class='ocr_line' id='line_1_56' title="bbox 2036 2778 3631 2839; baseline 0.003 -8"><span class='ocrx_word' id='word_1_409' title='bbox 2036 2778 2224 2832; x_wconf 82' lang='lat' dir='ltr'><strong>codice</strong></span> <span class='ocrx_word' id='word_1_410' title='bbox 2263 2779 2431 2833; x_wconf 89' lang='lat' dir='ltr'><strong>sancti</strong></span> <span class='ocrx_word' id='word_1_411' title='bbox 2480 2778 2745 2839; x_wconf 86' lang='lat' dir='ltr'><strong>Arnulphi</strong></span> <span class='ocrx_word' id='word_1_412' title='bbox 2773 2787 2827 2835; x_wconf 91' lang='lat' dir='ltr'><strong>et</strong></span> <span class='ocrx_word' id='word_1_413' title='bbox 2874 2779 2927 2834; x_wconf 90' lang='lat' dir='ltr'><strong>in</strong></span> <span class='ocrx_word' id='word_1_414' title='bbox 2956 2778 3305 2836; x_wconf 62' lang='lat' dir='ltr'><strong>Carnotensi.</strong></span> <span class='ocrx_word' id='word_1_415' title='bbox 3324 2778 3492 2837; x_wconf 78' lang='lat' dir='ltr'><strong>Vetus</strong></span> <span class='ocrx_word' id='word_1_416' title='bbox 3537 2795 3631 2839; x_wconf 77' lang='lat' dir='ltr'><strong>co—</strong></span> 
     </span>
    </p>
   </div>
   <div class='ocr_carea' id='block_1_56' title="bbox 2038 2846 3626 2921">
    <p class='ocr_par' dir='ltr' id='par_1_56' title="bbox 2038 2846 3626 2921">
     <span class='ocr_line' id='line_1_57' title="bbox 2038 2846 3626 2921; baseline 0.003 -20"><span class='ocrx_word' id='word_1_417' title='bbox 2038 2846 2407 2921; x_wconf 71' lang='lat' dir='ltr'><strong>dexecclesise</strong></span> <span class='ocrx_word' id='word_1_418' title='bbox 2434 2849 2605 2904; x_wconf 88' lang='lat' dir='ltr'><strong>sancti</strong></span> <span class='ocrx_word' id='word_1_419' title='bbox 2631 2846 2838 2921; x_wconf 74' lang='lat' dir='ltr'><strong>Martini</strong></span> <span class='ocrx_word' id='word_1_420' title='bbox 2858 2849 3186 2921; x_wconf 78' lang='lat' dir='ltr'><strong>Turonensis</strong></span> <span class='ocrx_word' id='word_1_421' title='bbox 3209 2848 3369 2907; x_wconf 87' lang='lat' dir='ltr'><strong>habet</strong></span> <span class='ocrx_word' id='word_1_422' title='bbox 3389 2867 3626 2921; x_wconf 67' lang='lat' dir='ltr'><strong>accursu,</strong></span> 
     </span>
    </p>
   </div>
   <div class='ocr_carea' id='block_1_57' title="bbox 2038 2918 3628 2990">
    <p class='ocr_par' dir='ltr' id='par_1_57' title="bbox 2038 2918 3628 2990">
     <span class='ocr_line' id='line_1_58' title="bbox 2038 2918 3628 2990; baseline 0.003 -16"><span class='ocrx_word' id='word_1_423' title='bbox 2038 2918 2385 2980; x_wconf 78' lang='lat' dir='ltr'><strong>Corbeiensis</strong></span> <span class='ocrx_word' id='word_1_424' title='bbox 2429 2936 2493 2974; x_wconf 78' lang='lat' dir='ltr'><strong>ea;</strong></span> <span class='ocrx_word' id='word_1_425' title='bbox 2540 2935 2713 2975; x_wconf 84' lang='lat' dir='ltr'><strong>cursu.</strong></span> <span class='ocrx_word' id='word_1_426' title='bbox 2770 2920 3035 2990; x_wconf 80' lang='lat' dir='ltr'><strong>Rigaltius</strong></span> <span class='ocrx_word' id='word_1_427' title='bbox 3064 2921 3285 2976; x_wconf 90' lang='lat' dir='ltr'><strong>retinuit</strong></span> <span class='ocrx_word' id='word_1_428' title='bbox 3339 2918 3628 2979; x_wconf 85' lang='lat' dir='ltr'><strong>lectionem</strong></span> 
     </span>
    </p>
   </div>
   <div class='ocr_carea' id='block_1_58' title="bbox 2036 2990 3629 3059">
    <p class='ocr_par' dir='ltr' id='par_1_58' title="bbox 2036 2990 3629 3059">
     <span class='ocr_line' id='line_1_59' title="bbox 2036 2990 3629 3059; baseline 0.003 -16"><span class='ocrx_word' id='word_1_429' title='bbox 2036 3004 2159 3059; x_wconf 69' lang='lat' dir='ltr'><strong>qua:</strong></span> <span class='ocrx_word' id='word_1_430' title='bbox 2186 2990 2293 3047; x_wconf 89' lang='lat' dir='ltr'><strong>duo</strong></span> <span class='ocrx_word' id='word_1_431' title='bbox 2320 2991 2580 3049; x_wconf 81' lang='lat' dir='ltr'><strong>vocabula</strong></span> <span class='ocrx_word' id='word_1_432' title='bbox 2607 2991 2898 3053; x_wconf 87' lang='lat' dir='ltr'><strong>constituit.</strong></span> <span class='ocrx_word' id='word_1_433' title='bbox 2928 2991 2995 3049; x_wconf 86' lang='lat' dir='ltr'><strong>Et</strong></span> <span class='ocrx_word' id='word_1_434' title='bbox 3019 3000 3194 3047; x_wconf 89' lang='lat' dir='ltr'><strong>tamen</strong></span> <span class='ocrx_word' id='word_1_435' title='bbox 3223 2991 3277 3046; x_wconf 92' lang='lat' dir='ltr'><strong>in</strong></span> <span class='ocrx_word' id='word_1_436' title='bbox 3299 2990 3629 3048; x_wconf 83' lang='lat' dir='ltr'><strong>observatio-</strong></span> 
     </span>
    </p>
   </div>
   <div class='ocr_carea' id='block_1_59' title="bbox 2037 3061 3628 3132">
    <p class='ocr_par' dir='ltr' id='par_1_59' title="bbox 2037 3061 3628 3132">
     <span class='ocr_line' id='line_1_60' title="bbox 2037 3061 3628 3132; baseline 0.003 -17"><span class='ocrx_word' id='word_1_437' title='bbox 2037 3061 2195 3116; x_wconf 89' lang='lat' dir='ltr'><strong>nibus</strong></span> <span class='ocrx_word' id='word_1_438' title='bbox 2215 3061 2327 3116; x_wconf 84' lang='lat' dir='ltr'><strong>suis</strong></span> <span class='ocrx_word' id='word_1_439' title='bbox 2352 3061 2512 3123; x_wconf 88' lang='lat' dir='ltr'><strong>aiiam</strong></span> <span class='ocrx_word' id='word_1_440' title='bbox 2539 3061 2793 3132; x_wconf 83' lang='lat' dir='ltr'><strong>praetulit,</strong></span> <span class='ocrx_word' id='word_1_441' title='bbox 2827 3076 3112 3119; x_wconf 84' lang='lat' dir='ltr'><strong>excursum</strong></span> <span class='ocrx_word' id='word_1_442' title='bbox 3142 3062 3295 3132; x_wconf 82' lang='lat' dir='ltr'><strong>aiens</strong></span> <span class='ocrx_word' id='word_1_443' title='bbox 3321 3061 3628 3132; x_wconf 80' lang='lat' dir='ltr'><strong>significare</strong></span> 
     </span>
    </p>
   </div>
   <div class='ocr_carea' id='block_1_60' title="bbox 2036 3130 3630 3202">
    <p class='ocr_par' dir='ltr' id='par_1_60' title="bbox 2036 3130 3630 3202">
     <span class='ocr_line' id='line_1_61' title="bbox 2036 3130 3630 3202; baseline 0.001 -14"><span class='ocrx_word' id='word_1_444' title='bbox 2036 3132 2397 3202; x_wconf 83' lang='lat' dir='ltr'><strong>prolusionem</strong></span> <span class='ocrx_word' id='word_1_445' title='bbox 2414 3130 2698 3202; x_wconf 13' lang='lat' dir='ltr'><strong>adifortius</strong></span> <span class='ocrx_word' id='word_1_446' title='bbox 2717 3141 3012 3197; x_wconf 88' lang='lat' dir='ltr'><strong>certamen,</strong></span> <span class='ocrx_word' id='word_1_447' title='bbox 3044 3130 3189 3202; x_wconf 90' lang='lat' dir='ltr'><strong>quod</strong></span> <span class='ocrx_word' id='word_1_448' title='bbox 3224 3130 3413 3202; x_wconf 78' lang='lat' dir='ltr'><strong>probat</strong></span> <span class='ocrx_word' id='word_1_449' title='bbox 3445 3143 3630 3189; x_wconf 87' lang='lat' dir='ltr'><strong>auctu-</strong></span> 
     </span>
    </p>
   </div>
   <div class='ocr_carea' id='block_1_61' title="bbox 329 3201 3626 3285">
    <p class='ocr_par' dir='ltr' id='par_1_61' title="bbox 329 3201 3626 3285">
     <span class='ocr_line' id='line_1_62' title="bbox 329 3201 3626 3285; baseline 0.001 -26"><span class='ocrx_word' id='word_1_450' title='bbox 329 3212 514 3285; x_wconf 79' lang='lat' dir='ltr'><strong>tamen</strong></span> <span class='ocrx_word' id='word_1_451' title='bbox 567 3205 781 3285; x_wconf 72' lang='lat' dir='ltr'><strong>antiqui</strong></span> <span class='ocrx_word' id='word_1_452' title='bbox 824 3204 1068 3285; x_wconf 45' lang='lat' dir='ltr'><strong>codices&quot;</strong></span> <span class='ocrx_word' id='word_1_453' title='bbox 1091 3204 1288 3285; x_wconf 73' lang='lat' dir='ltr'><strong>habent</strong></span> <span class='ocrx_word' id='word_1_454' title='bbox 1338 3205 1658 3285; x_wconf 63' lang='lat' dir='ltr'><strong>clericornm,</strong></span> <span class='ocrx_word' id='word_1_455' title='bbox 1710 3201 1803 3260; x_wconf 83' lang='lat' dir='ltr'><strong>sed</strong></span> <span class='ocrx_word' id='word_1_456' title='bbox 1826 3220 1933 3285; x_wconf 82' lang='lat' dir='ltr'><strong>per</strong></span> <span class='ocrx_word' id='word_1_457' title='bbox 1958 3205 2005 3271; x_wconf 89' lang='lat' dir='ltr'>C</span> <span class='ocrx_word' id='word_1_458' title='bbox 2038 3201 2196 3285; x_wconf 74' lang='lat' dir='ltr'><strong>ritate</strong></span> <span class='ocrx_word' id='word_1_459' title='bbox 2222 3201 2765 3285; x_wconf 45' lang='lat' dir='ltr'><strong>Yegetiiﬁyprianus</strong></span> <span class='ocrx_word' id='word_1_460' title='bbox 2791 3202 2846 3259; x_wconf 88' lang='lat' dir='ltr'><strong>in</strong></span> <span class='ocrx_word' id='word_1_461' title='bbox 2877 3203 3015 3257; x_wconf 86' lang='lat' dir='ltr'><strong>libro</strong></span> <span class='ocrx_word' id='word_1_462' title='bbox 3036 3202 3099 3285; x_wconf 74' lang='lat' dir='ltr'><strong>de</strong></span> <span class='ocrx_word' id='word_1_463' title='bbox 3117 3201 3321 3285; x_wconf 71' lang='lat' dir='ltr'><strong>Lapsis,</strong></span> <span class='ocrx_word' id='word_1_464' title='bbox 3351 3204 3626 3285; x_wconf 73' lang='lat' dir='ltr'><strong>pag._l_82,</strong></span> 
     </span>
    </p>
   </div>
   <div class='ocr_carea' id='block_1_62' title="bbox 331 3275 1933 3346">
    <p class='ocr_par' dir='ltr' id='par_1_62' title="bbox 331 3275 1933 3346">
     <span class='ocr_line' id='line_1_63' title="bbox 331 3275 1933 3346; baseline 0.001 -15"><span class='ocrx_word' id='word_1_465' title='bbox 331 3276 565 3344; x_wconf 76' lang='lat' dir='ltr'><strong>Speciem</strong></span> <span class='ocrx_word' id='word_1_466' title='bbox 593 3275 998 3339; x_wconf 84' lang='lat' dir='ltr'><strong>emendationis.</strong></span> <span class='ocrx_word' id='word_1_467' title='bbox 1032 3276 1235 3332; x_wconf 87' lang='lat' dir='ltr'><strong>Etenim</strong></span> <span class='ocrx_word' id='word_1_468' title='bbox 1268 3276 1320 3331; x_wconf 91' lang='lat' dir='ltr'><strong>in</strong></span> <span class='ocrx_word' id='word_1_469' title='bbox 1339 3277 1445 3332; x_wconf 90' lang='lat' dir='ltr'><strong>illis</strong></span> <span class='ocrx_word' id='word_1_470' title='bbox 1472 3276 1728 3346; x_wconf 88' lang='lat' dir='ltr'><strong>scriptum</strong></span> <span class='ocrx_word' id='word_1_471' title='bbox 1758 3277 1933 3346; x_wconf 89' lang='lat' dir='ltr'><strong>primo</strong></span> 
     </span>
    </p>
   </div>
   <div class='ocr_carea' id='block_1_63' title="bbox 330 3346 1931 3429">
    <p class='ocr_par' dir='ltr' id='par_1_63' title="bbox 330 3346 1931 3429">
     <span class='ocr_line' id='line_1_64' title="bbox 330 3346 1931 3429; baseline 0.002 -30"><span class='ocrx_word' id='word_1_472' title='bbox 330 3346 761 3429; x_wconf 50' lang='lat' dir='ltr'><strong>{Etit_clericis,_et</strong></span> <span class='ocrx_word' id='word_1_473' title='bbox 790 3347 1096 3429; x_wconf 80' lang='lat' dir='ltr'><strong>emendatio</strong></span> <span class='ocrx_word' id='word_1_474' title='bbox 1136 3348 1418 3429; x_wconf 9' lang='lat' dir='ltr'><strong>positarest</strong></span> <span class='ocrx_word' id='word_1_475' title='bbox 1445 3362 1605 3429; x_wconf 67' lang='lat' dir='ltr'><strong>supra</strong></span> <span class='ocrx_word' id='word_1_476' title='bbox 1626 3348 1842 3429; x_wconf 79' lang='lat' dir='ltr'><strong>lineam.</strong></span> <span class='ocrx_word' id='word_1_477' title='bbox 1873 3346 1931 3403; x_wconf 88' lang='lat' dir='ltr'><strong>In</strong></span> 
     </span>
    </p>
   </div>
   <div class='ocr_carea' id='block_1_64' title="bbox 331 3416 1957 3487">
    <p class='ocr_par' dir='ltr' id='par_1_64' title="bbox 331 3416 1957 3487">
     <span class='ocr_line' id='line_1_65' title="bbox 331 3416 1957 3487; baseline 0.004 -17"><span class='ocrx_word' id='word_1_478' title='bbox 331 3416 827 3487; x_wconf 78' lang='lat' dir='ltr'><strong>GratianOpolitano</strong></span> <span class='ocrx_word' id='word_1_479' title='bbox 868 3428 921 3477; x_wconf 89' lang='lat' dir='ltr'><strong>et</strong></span> <span class='ocrx_word' id='word_1_480' title='bbox 947 3420 1000 3477; x_wconf 88' lang='lat' dir='ltr'><strong>in</strong></span> <span class='ocrx_word' id='word_1_481' title='bbox 1026 3416 1199 3487; x_wconf 82' lang='lat' dir='ltr'><strong>veteri</strong></span> <span class='ocrx_word' id='word_1_482' title='bbox 1219 3420 1452 3481; x_wconf 83' lang='lat' dir='ltr'><strong>editione</strong></span> <span class='ocrx_word' id='word_1_483' title='bbox 1470 3416 1669 3477; x_wconf 75' lang='lat' dir='ltr'><strong>Veneta</strong></span> <span class='ocrx_word' id='word_1_484' title='bbox 1701 3418 1892 3487; x_wconf 84' lang='lat' dir='ltr'><strong>legitur</strong></span> <span class='ocrx_word' id='word_1_485' title='bbox 1917 3437 1957 3476; x_wconf 61' lang='grc' dir='ltr'><strong>τί*</strong></span> 
     </span>
    </p>
   </div>
   <div class='ocr_carea' id='block_1_65' title="bbox 331 3486 1723 3562">
    <p class='ocr_par' dir='ltr' id='par_1_65' title="bbox 331 3486 1723 3562">
     <span class='ocr_line' id='line_1_66' title="bbox 331 3486 1723 3562; baseline 0.002 -20"><span class='ocrx_word' id='word_1_486' title='bbox 331 3486 401 3562; x_wconf 73' lang='lat' dir='ltr'><strong>In</strong></span> <span class='ocrx_word' id='word_1_487' title='bbox 427 3486 725 3562; x_wconf 80' lang='lat' dir='ltr'><strong>ordinandis</strong></span> <span class='ocrx_word' id='word_1_488' title='bbox 750 3490 967 3562; x_wconf 81' lang='lat' dir='ltr'><strong>clericis.</strong></span> <span class='ocrx_word' id='word_1_489' title='bbox 1000 3486 1183 3551; x_wconf 74' lang='lat' dir='ltr'><strong>Codex</strong></span> <span class='ocrx_word' id='word_1_490' title='bbox 1207 3492 1373 3557; x_wconf 63' lang='lat' dir='ltr'><strong>sancti</strong></span> <span class='ocrx_word' id='word_1_491' title='bbox 1413 3490 1678 3562; x_wconf 81' lang='lat' dir='ltr'><strong>Arnulphi</strong></span> <span class='ocrx_word' id='word_1_492' title='bbox 1710 3506 1723 3545; x_wconf 89' lang='lat'>:</span> 
     </span>
    </p>
   </div>
   <div class='ocr_carea' id='block_1_66' title="bbox 331 3559 814 3617">
    <p class='ocr_par' dir='ltr' id='par_1_66' title="bbox 331 3559 814 3617">
     <span class='ocr_line' id='line_1_67' title="bbox 331 3559 814 3617; baseline 0.002 -4"><span class='ocrx_word' id='word_1_493' title='bbox 331 3559 573 3617; x_wconf 80' lang='lat' dir='ltr'><strong>dinandis</strong></span> <span class='ocrx_word' id='word_1_494' title='bbox 600 3559 814 3617; x_wconf 80' lang='lat' dir='ltr'><strong>clericis.</strong></span> 
     </span>
    </p>
   </div>
   <div class='ocr_carea' id='block_1_67' title="bbox 407 3629 1932 3705">
    <p class='ocr_par' dir='ltr' id='par_1_67' title="bbox 407 3629 1932 3705">
     <span class='ocr_line' id='line_1_68' title="bbox 407 3629 1932 3705; baseline 0.002 -19"><span class='ocrx_word' id='word_1_495' title='bbox 407 3629 742 3687; x_wconf 85' lang='lat' dir='ltr'><strong>Solemus&#39;vos</strong></span> <span class='ocrx_word' id='word_1_496' title='bbox 758 3641 875 3688; x_wconf 83' lang='lat' dir='ltr'><strong>ante</strong></span> <span class='ocrx_word' id='word_1_497' title='bbox 890 3632 1170 3697; x_wconf 79' lang='lat' dir='ltr'><strong>consulere.</strong></span> <span class='ocrx_word' id='word_1_498' title='bbox 1197 3631 1300 3695; x_wconf 84' lang='lat' dir='ltr'><strong>Ista</strong></span> <span class='ocrx_word' id='word_1_499' title='bbox 1317 3633 1591 3705; x_wconf 89' lang='lat' dir='ltr'><strong>disciplina</strong></span> <span class='ocrx_word' id='word_1_500' title='bbox 1621 3641 1729 3705; x_wconf 84' lang='lat' dir='ltr'><strong>tum</strong></span> <span class='ocrx_word' id='word_1_501' title='bbox 1738 3632 1932 3704; x_wconf 89' lang='lat' dir='ltr'><strong>ubique</strong></span> 
     </span>
    </p>
   </div>
   <div class='ocr_carea' id='block_1_68' title="bbox 331 3704 1932 3773">
    <p class='ocr_par' dir='ltr' id='par_1_68' title="bbox 331 3704 1932 3773">
     <span class='ocr_line' id='line_1_69' title="bbox 331 3704 1932 3773; baseline 0.002 -16"><span class='ocrx_word' id='word_1_502' title='bbox 331 3710 551 3773; x_wconf 87' lang='lat' dir='ltr'><strong>recepta</strong></span> <span class='ocrx_word' id='word_1_503' title='bbox 579 3712 694 3765; x_wconf 88' lang='lat' dir='ltr'><strong>erat</strong></span> <span class='ocrx_word' id='word_1_504' title='bbox 724 3712 781 3757; x_wconf 90' lang='lat' dir='ltr'><strong>ut</strong></span> <span class='ocrx_word' id='word_1_505' title='bbox 799 3705 1034 3773; x_wconf 85' lang='lat' dir='ltr'><strong>episcopi</strong></span> <span class='ocrx_word' id='word_1_506' title='bbox 1057 3705 1324 3761; x_wconf 86' lang='lat' dir='ltr'><strong>neminem</strong></span> <span class='ocrx_word' id='word_1_507' title='bbox 1355 3704 1404 3759; x_wconf 86' lang='lat' dir='ltr'><strong>in</strong></span> <span class='ocrx_word' id='word_1_508' title='bbox 1437 3704 1640 3760; x_wconf 87' lang='lat' dir='ltr'><strong>elerum</strong></span> <span class='ocrx_word' id='word_1_509' title='bbox 1670 3704 1932 3761; x_wconf 81' lang='lat' dir='ltr'><strong>adscisce-</strong></span> 
     </span>
    </p>
   </div>
   <div class='ocr_carea' id='block_1_69' title="bbox 332 3773 1930 3849">
    <p class='ocr_par' dir='ltr' id='par_1_69' title="bbox 332 3773 1930 3849">
     <span class='ocr_line' id='line_1_70' title="bbox 332 3773 1930 3849; baseline 0.002 -24"><span class='ocrx_word' id='word_1_510' title='bbox 332 3781 455 3827; x_wconf 87' lang='lat' dir='ltr'><strong>rent</strong></span> <span class='ocrx_word' id='word_1_511' title='bbox 485 3773 584 3849; x_wconf 82' lang='lat' dir='ltr'><strong>nisi</strong></span> <span class='ocrx_word' id='word_1_512' title='bbox 605 3788 727 3835; x_wconf 86' lang='lat' dir='ltr'><strong>cum</strong></span> <span class='ocrx_word' id='word_1_513' title='bbox 746 3789 1019 3849; x_wconf 73' lang='lat' dir='ltr'><strong>consensu</strong></span> <span class='ocrx_word' id='word_1_514' title='bbox 1047 3776 1173 3849; x_wconf 77' lang='lat' dir='ltr'><strong>cieri</strong></span> <span class='ocrx_word' id='word_1_515' title='bbox 1208 3785 1261 3837; x_wconf 86' lang='lat' dir='ltr'><strong>et</strong></span> <span class='ocrx_word' id='word_1_516' title='bbox 1293 3775 1482 3849; x_wconf 81' lang='lat' dir='ltr'><strong>plebis;</strong></span> <span class='ocrx_word' id='word_1_517' title='bbox 1516 3776 1675 3849; x_wconf 86' lang='lat' dir='ltr'><strong>idque</strong></span> <span class='ocrx_word' id='word_1_518' title='bbox 1715 3790 1930 3849; x_wconf 76' lang='lat' dir='ltr'><strong>semper</strong></span> 
     </span>
    </p>
   </div>
   <div class='ocr_carea' id='block_1_70' title="bbox 333 3844 1927 3917">
    <p class='ocr_par' dir='ltr' id='par_1_70' title="bbox 333 3844 1927 3917">
     <span class='ocr_line' id='line_1_71' title="bbox 333 3844 1927 3917; baseline 0.002 -21"><span class='ocrx_word' id='word_1_519' title='bbox 333 3844 675 3917; x_wconf 76' lang='lat' dir='ltr'><strong>servabatur,</strong></span> <span class='ocrx_word' id='word_1_520' title='bbox 706 3846 807 3901; x_wconf 91' lang='lat' dir='ltr'><strong>nisi</strong></span> <span class='ocrx_word' id='word_1_521' title='bbox 832 3860 1023 3917; x_wconf 87' lang='lat' dir='ltr'><strong>magna</strong></span> <span class='ocrx_word' id='word_1_522' title='bbox 1055 3847 1231 3915; x_wconf 87' lang='lat' dir='ltr'><strong>aliqua</strong></span> <span class='ocrx_word' id='word_1_523' title='bbox 1279 3844 1439 3901; x_wconf 62' lang='lat' dir='ltr'><strong>causa</strong></span> <span class='ocrx_word' id='word_1_524' title='bbox 1469 3844 1717 3905; x_wconf 77' lang='lat' dir='ltr'><strong>subesset</strong></span> <span class='ocrx_word' id='word_1_525' title='bbox 1771 3845 1927 3900; x_wconf 82' lang='lat' dir='ltr'><strong>festi-</strong></span> 
     </span>
    </p>
   </div>
   <div class='ocr_carea' id='block_1_71' title="bbox 334 3914 1925 3990">
    <p class='ocr_par' dir='ltr' id='par_1_71' title="bbox 334 3914 1925 3990">
     <span class='ocr_line' id='line_1_72' title="bbox 334 3914 1925 3990; baseline 0.002 -22"><span class='ocrx_word' id='word_1_526' title='bbox 334 3914 517 3990; x_wconf 74' lang='lat' dir='ltr'><strong>nandi.</strong></span> <span class='ocrx_word' id='word_1_527' title='bbox 549 3914 725 3990; x_wconf 80' lang='lat' dir='ltr'><strong>Quare</strong></span> <span class='ocrx_word' id='word_1_528' title='bbox 754 3914 946 3990; x_wconf 72' lang='lat' dir='ltr'><strong>mirum</strong></span> <span class='ocrx_word' id='word_1_529' title='bbox 980 3932 1086 3990; x_wconf 86' lang='lat' dir='ltr'><strong>non</strong></span> <span class='ocrx_word' id='word_1_530' title='bbox 1132 3914 1213 3973; x_wconf 80' lang='lat' dir='ltr'><strong>est</strong></span> <span class='ocrx_word' id='word_1_531' title='bbox 1265 3919 1574 3990; x_wconf 85' lang='lat' dir='ltr'><strong>cpisc0pum</strong></span> <span class='ocrx_word' id='word_1_532' title='bbox 1623 3917 1925 3990; x_wconf 80' lang='lat' dir='ltr'><strong>Romanum</strong></span> 
     </span>
    </p>
   </div>
   <div class='ocr_carea' id='block_1_72' title="bbox 335 3983 1927 4060">
    <p class='ocr_par' dir='ltr' id='par_1_72' title="bbox 335 3983 1927 4060">
     <span class='ocr_line' id='line_1_73' title="bbox 335 3983 1927 4060; baseline 0.002 -20"><span class='ocrx_word' id='word_1_533' title='bbox 335 3985 424 4060; x_wconf 87' lang='lat' dir='ltr'><strong>qui</strong></span> <span class='ocrx_word' id='word_1_534' title='bbox 454 3983 805 4060; x_wconf 82' lang='lat' dir='ltr'><strong>Novatianum</strong></span> <span class='ocrx_word' id='word_1_535' title='bbox 836 3986 1099 4060; x_wconf 84' lang='lat' dir='ltr'><strong>ordinavit</strong></span> <span class='ocrx_word' id='word_1_536' title='bbox 1121 3983 1511 4060; x_wconf 69' lang='lat' dir='ltr'><strong>presbyterum,</strong></span> <span class='ocrx_word' id='word_1_537' title='bbox 1543 4004 1663 4043; x_wconf 90' lang='lat' dir='ltr'><strong>cum</strong></span> <span class='ocrx_word' id='word_1_538' title='bbox 1715 3989 1764 4041; x_wconf 91' lang='lat' dir='ltr'><strong>id</strong></span> <span class='ocrx_word' id='word_1_539' title='bbox 1811 3988 1927 4060; x_wconf 85' lang='lat' dir='ltr'><strong>fieri</strong></span> 
     </span>
    </p>
   </div>
   <div class='ocr_carea' id='block_1_73' title="bbox 335 4058 1926 4131">
    <p class='ocr_par' dir='ltr' id='par_1_73' title="bbox 335 4058 1926 4131">
     <span class='ocr_line' id='line_1_74' title="bbox 335 4058 1926 4131; baseline 0.002 -21"><span class='ocrx_word' id='word_1_540' title='bbox 335 4059 511 4121; x_wconf 75' lang='lat' dir='ltr'><strong>clerus</strong></span> <span class='ocrx_word' id='word_1_541' title='bbox 544 4058 827 4119; x_wconf 85' lang='lat' dir='ltr'><strong>universus</strong></span> <span class='ocrx_word' id='word_1_542' title='bbox 848 4058 1207 4131; x_wconf 42' lang='lat' dir='ltr'><strong>mullique&#39;ex</strong></span> <span class='ocrx_word' id='word_1_543' title='bbox 1252 4059 1447 4130; x_wconf 81' lang='lat' dir='ltr'><strong>populo</strong></span> <span class='ocrx_word' id='word_1_544' title='bbox 1480 4062 1677 4125; x_wconf 83' lang='lat' dir='ltr'><strong>justam</strong></span> <span class='ocrx_word' id='word_1_545' title='bbox 1708 4059 1776 4113; x_wconf 89' lang='lat' dir='ltr'><strong>ob</strong></span> <span class='ocrx_word' id='word_1_546' title='bbox 1825 4059 1926 4113; x_wconf 80' lang='lat' dir='ltr'><strong>hoc</strong></span> 
     </span>
    </p>
   </div>
   <div class='ocr_carea' id='block_1_74' title="bbox 336 4130 1922 4200">
    <p class='ocr_par' dir='ltr' id='par_1_74' title="bbox 336 4130 1922 4200">
     <span class='ocr_line' id='line_1_75' title="bbox 336 4130 1922 4200; baseline 0.003 -20"><span class='ocrx_word' id='word_1_547' title='bbox 336 4144 551 4200; x_wconf 77' lang='lat' dir='ltr'><strong>causam</strong></span> <span class='ocrx_word' id='word_1_548' title='bbox 581 4141 959 4200; x_wconf 77' lang='lat' dir='ltr'><strong>repugnarent,</strong></span> <span class='ocrx_word' id='word_1_549' title='bbox 991 4133 1054 4187; x_wconf 86' lang='lat' dir='ltr'><strong>ab</strong></span> <span class='ocrx_word' id='word_1_550' title='bbox 1082 4131 1330 4185; x_wconf 85' lang='lat' dir='ltr'><strong>omnibus.</strong></span> <span class='ocrx_word' id='word_1_551' title='bbox 1365 4139 1421 4187; x_wconf 87' lang='lat' dir='ltr'><strong>ut</strong></span> <span class='ocrx_word' id='word_1_552' title='bbox 1449 4131 1540 4185; x_wconf 88' lang='lat' dir='ltr'><strong>lib.</strong></span> <span class='ocrx_word' id='word_1_553' title='bbox 1572 4146 1643 4184; x_wconf 76' lang='lat' dir='ltr'><strong>vn.</strong></span> <span class='ocrx_word' id='word_1_554' title='bbox 1675 4146 1794 4200; x_wconf 90' lang='lat' dir='ltr'><strong>cap.</strong></span> <span class='ocrx_word' id='word_1_555' title='bbox 1830 4130 1922 4195; x_wconf 75' lang='lat' dir='ltr'><strong>5i,</strong></span> 
     </span>
    </p>
   </div>
   <div class='ocr_carea' id='block_1_75' title="bbox 338 4197 1927 4273">
    <p class='ocr_par' dir='ltr' id='par_1_75' title="bbox 338 4197 1927 4273">
     <span class='ocr_line' id='line_1_76' title="bbox 338 4197 1927 4273; baseline 0.003 -23"><span class='ocrx_word' id='word_1_556' title='bbox 338 4197 476 4273; x_wconf 72' lang='lat' dir='ltr'><strong>Ilist.</strong></span> <span class='ocrx_word' id='word_1_557' title='bbox 507 4197 684 4273; x_wconf 70' lang='lat' dir='ltr'><strong>cccles.</strong></span> <span class='ocrx_word' id='word_1_558' title='bbox 708 4197 901 4273; x_wconf 63' lang='lat' dir='ltr'><strong>Scribit</strong></span> <span class='ocrx_word' id='word_1_559' title='bbox 928 4199 1154 4256; x_wconf 70' lang='lat' dir='ltr'><strong>Rufinus</strong></span> <span class='ocrx_word' id='word_1_560' title='bbox 1174 4242 1189 4267; x_wconf 91' lang='lat'><strong>,</strong></span> <span class='ocrx_word' id='word_1_561' title='bbox 1218 4202 1486 4273; x_wconf 83' lang='lat' dir='ltr'><strong>specialem</strong></span> <span class='ocrx_word' id='word_1_562' title='bbox 1504 4202 1719 4273; x_wconf 75' lang='lat' dir='ltr'><strong>gratiam</strong></span> <span class='ocrx_word' id='word_1_563' title='bbox 1741 4197 1927 4273; x_wconf 76' lang='lat' dir='ltr'><strong>pepos-</strong></span> 
     </span>
    </p>
   </div>
   <div class='ocr_carea' id='block_1_76' title="bbox 336 4268 1927 4339">
    <p class='ocr_par' dir='ltr' id='par_1_76' title="bbox 336 4268 1927 4339">
     <span class='ocr_line' id='line_1_77' title="bbox 336 4268 1927 4339; baseline 0.002 -17"><span class='ocrx_word' id='word_1_564' title='bbox 336 4269 461 4322; x_wconf 87' lang='lat' dir='ltr'><strong>cisse</strong></span> <span class='ocrx_word' id='word_1_565' title='bbox 490 4279 541 4322; x_wconf 88' lang='lat' dir='ltr'><strong>ut</strong></span> <span class='ocrx_word' id='word_1_566' title='bbox 563 4268 659 4327; x_wconf 85' lang='lat' dir='ltr'><strong>sibi</strong></span> <span class='ocrx_word' id='word_1_567' title='bbox 695 4271 789 4325; x_wconf 85' lang='lat' dir='ltr'><strong>ltoc</strong></span> <span class='ocrx_word' id='word_1_568' title='bbox 810 4271 871 4325; x_wconf 82' lang='lat' dir='ltr'><strong>de</strong></span> <span class='ocrx_word' id='word_1_569' title='bbox 907 4273 1004 4328; x_wconf 86' lang='lat' dir='ltr'><strong>ista</strong></span> <span class='ocrx_word' id='word_1_570' title='bbox 1046 4288 1147 4326; x_wconf 85' lang='lat' dir='ltr'><strong>uno</strong></span> <span class='ocrx_word' id='word_1_571' title='bbox 1196 4268 1571 4326; x_wconf 73' lang='lat' dir='ltr'><strong>concederetur.</strong></span> <span class='ocrx_word' id='word_1_572' title='bbox 1603 4270 1720 4326; x_wconf 78' lang='lat' dir='ltr'><strong>Fuit</strong></span> <span class='ocrx_word' id='word_1_573' title='bbox 1744 4268 1927 4339; x_wconf 79' lang='lat' dir='ltr'><strong>igitur</strong></span> 
     </span>
    </p>
   </div>
   <div class='ocr_carea' id='block_1_77' title="bbox 336 4340 1925 4413">
    <p class='ocr_par' dir='ltr' id='par_1_77' title="bbox 336 4340 1925 4413">
     <span class='ocr_line' id='line_1_78' title="bbox 336 4340 1925 4413; baseline 0.003 -21"><span class='ocrx_word' id='word_1_574' title='bbox 336 4340 778 4413; x_wconf 77' lang='lat' dir='ltr'><strong>specialisgratia</strong></span> <span class='ocrx_word' id='word_1_575' title='bbox 802 4357 1060 4400; x_wconf 87' lang='lat' dir='ltr'><strong>concessa</strong></span> <span class='ocrx_word' id='word_1_576' title='bbox 1091 4343 1342 4412; x_wconf 89' lang='lat' dir='ltr'><strong>episcopo</strong></span> <span class='ocrx_word' id='word_1_577' title='bbox 1372 4359 1398 4395; x_wconf 87' lang='lat' dir='ltr'><strong>a</strong></span> <span class='ocrx_word' id='word_1_578' title='bbox 1423 4344 1570 4398; x_wconf 89' lang='lat' dir='ltr'><strong>clero</strong></span> <span class='ocrx_word' id='word_1_579' title='bbox 1609 4350 1662 4397; x_wconf 93' lang='lat' dir='ltr'><strong>et</strong></span> <span class='ocrx_word' id='word_1_580' title='bbox 1691 4357 1720 4397; x_wconf 88' lang='lat' dir='ltr'><strong>a</strong></span> <span class='ocrx_word' id='word_1_581' title='bbox 1769 4344 1925 4413; x_wconf 83' lang='lat' dir='ltr'><strong>plebe</strong></span> 
     </span>
    </p>
   </div>
   <div class='ocr_carea' id='block_1_78' title="bbox 339 4411 1926 4486">
    <p class='ocr_par' dir='ltr' id='par_1_78' title="bbox 339 4411 1926 4486">
     <span class='ocr_line' id='line_1_79' title="bbox 339 4411 1926 4486; baseline 0.003 -23"><span class='ocrx_word' id='word_1_582' title='bbox 339 4422 397 4465; x_wconf 91' lang='lat' dir='ltr'><strong>ut</strong></span> <span class='ocrx_word' id='word_1_583' title='bbox 417 4411 1065 4486; x_wconf 67' lang='lat' dir='ltr'><strong>Novatianuuiordinaret</strong></span> <span class='ocrx_word' id='word_1_584' title='bbox 1091 4411 1481 4486; x_wconf 84' lang='lat' dir='ltr'><strong>presbyterum.</strong></span> <span class='ocrx_word' id='word_1_585' title='bbox 1516 4413 1584 4468; x_wconf 88' lang='lat' dir='ltr'><strong>Et</strong></span> <span class='ocrx_word' id='word_1_586' title='bbox 1610 4411 1787 4486; x_wconf 82' lang='lat' dir='ltr'><strong>tamen</strong></span> <span class='ocrx_word' id='word_1_587' title='bbox 1828 4413 1926 4486; x_wconf 73' lang='lat' dir='ltr'><strong>Ba-</strong></span> 
     </span>
    </p>
   </div>
   <div class='ocr_carea' id='block_1_79' title="bbox 338 4483 1929 4541">
    <p class='ocr_par' dir='ltr' id='par_1_79' title="bbox 338 4483 1929 4541">
     <span class='ocr_line' id='line_1_80' title="bbox 338 4483 1929 4541; baseline 0.003 -6"><span class='ocrx_word' id='word_1_588' title='bbox 338 4483 523 4536; x_wconf 88' lang='lat' dir='ltr'><strong>ronius</strong></span> <span class='ocrx_word' id='word_1_589' title='bbox 549 4483 743 4539; x_wconf 90' lang='lat' dir='ltr'><strong>mirum</strong></span> <span class='ocrx_word' id='word_1_590' title='bbox 778 4485 829 4539; x_wconf 90' lang='lat' dir='ltr'><strong>in</strong></span> <span class='ocrx_word' id='word_1_591' title='bbox 850 4486 1064 4540; x_wconf 88' lang='lat' dir='ltr'><strong>modum</strong></span> <span class='ocrx_word' id='word_1_592' title='bbox 1092 4483 1313 4541; x_wconf 77' lang='lat' dir='ltr'><strong>laudans</strong></span> <span class='ocrx_word' id='word_1_593' title='bbox 1354 4486 1473 4541; x_wconf 86' lang='lat' dir='ltr'><strong>istic</strong></span> <span class='ocrx_word' id='word_1_594' title='bbox 1498 4484 1815 4541; x_wconf 86' lang='lat' dir='ltr'><strong>modestiam</strong></span> <span class='ocrx_word' id='word_1_595' title='bbox 1834 4484 1929 4539; x_wconf 84' lang='lat' dir='ltr'><strong>atl-</strong></span> 
     </span>
    </p>
   </div>
   <div class='ocr_carea' id='block_1_80' title="bbox 1806 3507 1935 3546">
    <p class='ocr_par' dir='ltr' id='par_1_80' title="bbox 1806 3507 1935 3546">
     <span class='ocr_line' id='line_1_81' title="bbox 1806 3507 1935 3546; baseline 0 0"><span class='ocrx_word' id='word_1_596' title='bbox 1806 3507 1833 3546; x_wconf 87' lang='lat' dir='ltr'><strong>e</strong></span> <span class='ocrx_word' id='word_1_597' title='bbox 1858 3507 1935 3546; x_wconf 87' lang='lat' dir='ltr'><strong>or-</strong></span> 
     </span>
    </p>
   </div>
   <div class='ocr_carea' id='block_1_81' title="bbox 2037 3274 3630 3346">
    <p class='ocr_par' dir='ltr' id='par_1_81' title="bbox 2037 3274 3630 3346">
     <span class='ocr_line' id='line_1_82' title="bbox 2037 3274 3630 3346; baseline 0.002 -17"><span class='ocrx_word' id='word_1_598' title='bbox 2037 3274 2113 3346; x_wconf 86' lang='lat' dir='ltr'><strong>ait</strong></span> <span class='ocrx_word' id='word_1_599' title='bbox 2138 3274 2457 3346; x_wconf 75' lang='lat' dir='ltr'><strong>perfectionis</strong></span> <span class='ocrx_word' id='word_1_600' title='bbox 2482 3274 2726 3346; x_wconf 79' lang='lat' dir='ltr'><strong>incursu;</strong></span> <span class='ocrx_word' id='word_1_601' title='bbox 2755 3288 2851 3346; x_wconf 84' lang='lat' dir='ltr'><strong>pro</strong></span> <span class='ocrx_word' id='word_1_602' title='bbox 2877 3289 2983 3345; x_wconf 90' lang='lat' dir='ltr'><strong>quo</strong></span> <span class='ocrx_word' id='word_1_603' title='bbox 2999 3274 3167 3346; x_wconf 83' lang='lat' dir='ltr'><strong>codex</strong></span> <span class='ocrx_word' id='word_1_604' title='bbox 3193 3274 3452 3346; x_wconf 12' lang='lat' dir='ltr'><strong>Furxensis</strong></span> <span class='ocrx_word' id='word_1_605' title='bbox 3468 3274 3630 3337; x_wconf 81' lang='lat' dir='ltr'><strong>habet</strong></span> 
     </span>
    </p>
   </div>
   <div class='ocr_carea' id='block_1_82' title="bbox 2036 3343 3626 3418">
    <p class='ocr_par' dir='ltr' id='par_1_82' title="bbox 2036 3343 3626 3418">
     <span class='ocr_line' id='line_1_83' title="bbox 2036 3343 3626 3418; baseline 0.001 -17"><span class='ocrx_word' id='word_1_606' title='bbox 2036 3343 2251 3415; x_wconf 65' lang='lat' dir='ltr'><strong>impetu.</strong></span> <span class='ocrx_word' id='word_1_607' title='bbox 2278 3345 2528 3403; x_wconf 88' lang='lat' dir='ltr'><strong>Incursus</strong></span> <span class='ocrx_word' id='word_1_608' title='bbox 2554 3344 2692 3418; x_wconf 82' lang='lat' dir='ltr'><strong>alibi</strong></span> <span class='ocrx_word' id='word_1_609' title='bbox 2714 3343 2921 3417; x_wconf 81' lang='lat' dir='ltr'><strong>quidvis</strong></span> <span class='ocrx_word' id='word_1_610' title='bbox 2937 3345 3081 3401; x_wconf 90' lang='lat' dir='ltr'><strong>aliud</strong></span> <span class='ocrx_word' id='word_1_611' title='bbox 3111 3345 3396 3418; x_wconf 80' lang='lat' dir='ltr'><strong>significat,</strong></span> <span class='ocrx_word' id='word_1_612' title='bbox 3424 3348 3469 3402; x_wconf 91' lang='lat' dir='ltr'><strong>si</strong></span> <span class='ocrx_word' id='word_1_613' title='bbox 3503 3362 3626 3403; x_wconf 85' lang='lat' dir='ltr'><strong>vera</strong></span> 
     </span>
    </p>
   </div>
   <div class='ocr_carea' id='block_1_83' title="bbox 2037 3416 3629 3488">
    <p class='ocr_par' dir='ltr' id='par_1_83' title="bbox 2037 3416 3629 3488">
     <span class='ocr_line' id='line_1_84' title="bbox 2037 3416 3629 3488; baseline 0.003 -17"><span class='ocrx_word' id='word_1_614' title='bbox 2037 3427 2122 3471; x_wconf 91' lang='lat' dir='ltr'><strong>est</strong></span> <span class='ocrx_word' id='word_1_615' title='bbox 2145 3418 2301 3488; x_wconf 83' lang='lat' dir='ltr'><strong>lectio</strong></span> <span class='ocrx_word' id='word_1_616' title='bbox 2328 3425 2566 3479; x_wconf 86' lang='lat' dir='ltr'><strong>veterum</strong></span> <span class='ocrx_word' id='word_1_617' title='bbox 2597 3416 2838 3488; x_wconf 74' lang='lat' dir='ltr'><strong>codiCum</strong></span> <span class='ocrx_word' id='word_1_618' title='bbox 2864 3426 2920 3472; x_wconf 90' lang='lat' dir='ltr'><strong>et</strong></span> <span class='ocrx_word' id='word_1_619' title='bbox 2938 3416 3181 3473; x_wconf 85' lang='lat' dir='ltr'><strong>veterum</strong></span> <span class='ocrx_word' id='word_1_620' title='bbox 3207 3417 3629 3488; x_wconf 84' lang='lat' dir='ltr'><strong>editionumepi-</strong></span> 
     </span>
    </p>
   </div>
   <div class='ocr_carea' id='block_1_84' title="bbox 2037 3485 3625 3560">
    <p class='ocr_par' dir='ltr' id='par_1_84' title="bbox 2037 3485 3625 3560">
     <span class='ocr_line' id='line_1_85' title="bbox 2037 3485 3625 3560; baseline 0 -18"><span class='ocrx_word' id='word_1_621' title='bbox 2037 3486 2467 3560; x_wconf 83' lang='lat' dir='ltr'><strong>tomesVictoris</strong></span> <span class='ocrx_word' id='word_1_622' title='bbox 2507 3487 2570 3543; x_wconf 83' lang='lat' dir='ltr'><strong>de</strong></span> <span class='ocrx_word' id='word_1_623' title='bbox 2594 3485 2901 3554; x_wconf 70' lang='lat' dir='ltr'><strong>Cmsaribus,</strong></span> <span class='ocrx_word' id='word_1_624' title='bbox 2922 3487 2976 3544; x_wconf 91' lang='lat' dir='ltr'><strong>in</strong></span> <span class='ocrx_word' id='word_1_625' title='bbox 2995 3488 3190 3558; x_wconf 87' lang='lat' dir='ltr'><strong>quibus</strong></span> <span class='ocrx_word' id='word_1_626' title='bbox 3212 3487 3403 3557; x_wconf 84' lang='lat' dir='ltr'><strong>legitur</strong></span> <span class='ocrx_word' id='word_1_627' title='bbox 3419 3485 3625 3560; x_wconf 83' lang='lat' dir='ltr'><strong>Augus-</strong></span> 
     </span>
    </p>
   </div>
   <div class='ocr_carea' id='block_1_85' title="bbox 2036 3558 3626 3629">
    <p class='ocr_par' dir='ltr' id='par_1_85' title="bbox 2036 3558 3626 3629">
     <span class='ocr_line' id='line_1_86' title="bbox 2036 3558 3626 3629; baseline 0.001 -17"><span class='ocrx_word' id='word_1_628' title='bbox 2036 3567 2172 3625; x_wconf 88' lang='lat' dir='ltr'><strong>tum,</strong></span> <span class='ocrx_word' id='word_1_629' title='bbox 2203 3558 2393 3615; x_wconf 88' lang='lat' dir='ltr'><strong>dolore</strong></span> <span class='ocrx_word' id='word_1_630' title='bbox 2416 3567 2717 3629; x_wconf 88' lang='lat' dir='ltr'><strong>permotum</strong></span> <span class='ocrx_word' id='word_1_631' title='bbox 2740 3561 2812 3614; x_wconf 91' lang='lat' dir='ltr'><strong>ob</strong></span> <span class='ocrx_word' id='word_1_632' title='bbox 2840 3560 3134 3615; x_wconf 80' lang='lat' dir='ltr'><strong>exercitum</strong></span> <span class='ocrx_word' id='word_1_633' title='bbox 3177 3560 3432 3617; x_wconf 86' lang='lat' dir='ltr'><strong>amissum</strong></span> <span class='ocrx_word' id='word_1_634' title='bbox 3480 3558 3626 3620; x_wconf 80' lang='lat' dir='ltr'><strong>trans</strong></span> 
     </span>
    </p>
   </div>
   <div class='ocr_carea' id='block_1_86' title="bbox 2036 3629 3626 3699">
    <p class='ocr_par' dir='ltr' id='par_1_86' title="bbox 2036 3629 3626 3699">
     <span class='ocr_line' id='line_1_87' title="bbox 2036 3629 3626 3699; baseline -0.001 -14"><span class='ocrx_word' id='word_1_635' title='bbox 2036 3629 2308 3695; x_wconf 85' lang='lat' dir='ltr'><strong>Rhenum,</strong></span> <span class='ocrx_word' id='word_1_636' title='bbox 2337 3630 2542 3693; x_wconf 85' lang='lat' dir='ltr'><strong>cerebri</strong></span> <span class='ocrx_word' id='word_1_637' title='bbox 2568 3630 2715 3686; x_wconf 86' lang='lat' dir='ltr'><strong>vario</strong></span> <span class='ocrx_word' id='word_1_638' title='bbox 2742 3630 2953 3686; x_wconf 87' lang='lat' dir='ltr'><strong>incursu</strong></span> <span class='ocrx_word' id='word_1_639' title='bbox 2974 3632 3228 3698; x_wconf 88' lang='lat' dir='ltr'><strong>parietem</strong></span> <span class='ocrx_word' id='word_1_640' title='bbox 3255 3630 3626 3699; x_wconf 81' lang='lat' dir='ltr'><strong>pulsasse.Sed</strong></span> 
     </span>
    </p>
   </div>
   <div class='ocr_carea' id='block_1_87' title="bbox 2036 3699 3625 3770">
    <p class='ocr_par' dir='ltr' id='par_1_87' title="bbox 2036 3699 3625 3770">
     <span class='ocr_line' id='line_1_88' title="bbox 2036 3699 3625 3770; baseline 0 -15"><span class='ocrx_word' id='word_1_641' title='bbox 2036 3703 2152 3755; x_wconf 58' lang='lat' dir='ltr'><strong>haec</strong></span> <span class='ocrx_word' id='word_1_642' title='bbox 2180 3701 2338 3756; x_wconf 88' lang='lat' dir='ltr'><strong>lectio</strong></span> <span class='ocrx_word' id='word_1_643' title='bbox 2364 3718 2467 3759; x_wconf 89' lang='lat' dir='ltr'><strong>utm</strong></span> <span class='ocrx_word' id='word_1_644' title='bbox 2498 3700 2696 3768; x_wconf 84' lang='lat' dir='ltr'><strong>placuit</strong></span> <span class='ocrx_word' id='word_1_645' title='bbox 2725 3700 2956 3757; x_wconf 64' lang='lat' dir='ltr'><strong>Andreae</strong></span> <span class='ocrx_word' id='word_1_646' title='bbox 2974 3700 3225 3770; x_wconf 75' lang='lat' dir='ltr'><strong>Schotto,</strong></span> <span class='ocrx_word' id='word_1_647' title='bbox 3250 3699 3362 3768; x_wconf 88' lang='lat' dir='ltr'><strong>qui,</strong></span> <span class='ocrx_word' id='word_1_648' title='bbox 3382 3701 3625 3770; x_wconf 86' lang='lat' dir='ltr'><strong>insuper-</strong></span> 
     </span>
    </p>
   </div>
   <div class='ocr_carea' id='block_1_88' title="bbox 2036 3768 3625 3842">
    <p class='ocr_par' dir='ltr' id='par_1_88' title="bbox 2036 3768 3625 3842">
     <span class='ocr_line' id='line_1_89' title="bbox 2036 3768 3625 3842; baseline -0.001 -14"><span class='ocrx_word' id='word_1_649' title='bbox 2036 3773 2212 3829; x_wconf 88' lang='lat' dir='ltr'><strong>habita</strong></span> <span class='ocrx_word' id='word_1_650' title='bbox 2235 3786 2296 3827; x_wconf 89' lang='lat' dir='ltr'><strong>ea</strong></span> <span class='ocrx_word' id='word_1_651' title='bbox 2324 3771 2673 3842; x_wconf 76' lang='lat' dir='ltr'><strong>auctoritate,</strong></span> <span class='ocrx_word' id='word_1_652' title='bbox 2691 3771 2931 3842; x_wconf 88' lang='lat' dir='ltr'><strong>reposuit</strong></span> <span class='ocrx_word' id='word_1_653' title='bbox 2950 3772 3177 3825; x_wconf 86' lang='lat' dir='ltr'><strong>incussu.</strong></span> <span class='ocrx_word' id='word_1_654' title='bbox 3203 3768 3419 3842; x_wconf 82' lang='lat' dir='ltr'><strong>Certum</strong></span> <span class='ocrx_word' id='word_1_655' title='bbox 3437 3768 3625 3842; x_wconf 84' lang='lat' dir='ltr'><strong>autem</strong></span> 
     </span>
    </p>
   </div>
   <div class='ocr_carea' id='block_1_89' title="bbox 2033 3839 3623 3913">
    <p class='ocr_par' dir='ltr' id='par_1_89' title="bbox 2033 3839 3623 3913">
     <span class='ocr_line' id='line_1_90' title="bbox 2033 3839 3623 3913; baseline -0.001 -16"><span class='ocrx_word' id='word_1_656' title='bbox 2033 3855 2115 3898; x_wconf 90' lang='lat' dir='ltr'><strong>est</strong></span> <span class='ocrx_word' id='word_1_657' title='bbox 2141 3843 2437 3913; x_wconf 81' lang='lat' dir='ltr'><strong>Augustum</strong></span> <span class='ocrx_word' id='word_1_658' title='bbox 2470 3857 2532 3896; x_wconf 91' lang='lat' dir='ltr'><strong>ea</strong></span> <span class='ocrx_word' id='word_1_659' title='bbox 2563 3841 2715 3896; x_wconf 86' lang='lat' dir='ltr'><strong>clade</strong></span> <span class='ocrx_word' id='word_1_660' title='bbox 2744 3839 2880 3913; x_wconf 83' lang='lat' dir='ltr'><strong>adeo</strong></span> <span class='ocrx_word' id='word_1_661' title='bbox 2920 3850 3319 3913; x_wconf 84' lang='lat' dir='ltr'><strong>consternatum</strong></span> <span class='ocrx_word' id='word_1_662' title='bbox 3374 3839 3539 3913; x_wconf 71' lang='lat' dir='ltr'><strong>fuisse</strong></span> <span class='ocrx_word' id='word_1_663' title='bbox 3568 3853 3623 3899; x_wconf 92' lang='lat' dir='ltr'><strong>ut</strong></span> 
     </span>
    </p>
   </div>
   <div class='ocr_carea' id='block_1_90' title="bbox 2034 3911 3618 3987">
    <p class='ocr_par' dir='ltr' id='par_1_90' title="bbox 2034 3911 3618 3987">
     <span class='ocr_line' id='line_1_91' title="bbox 2034 3911 3618 3987; baseline -0.003 -20"><span class='ocrx_word' id='word_1_664' title='bbox 2034 3929 2129 3987; x_wconf 89' lang='lat' dir='ltr'><strong>per</strong></span> <span class='ocrx_word' id='word_1_665' title='bbox 2158 3911 2443 3987; x_wconf 81' lang='lat' dir='ltr'><strong>continuos</strong></span> <span class='ocrx_word' id='word_1_666' title='bbox 2462 3912 2874 3987; x_wconf 66' lang='lat' dir='ltr'><strong>niensesbarba</strong></span> <span class='ocrx_word' id='word_1_667' title='bbox 2889 3912 3187 3981; x_wconf 87' lang='lat' dir='ltr'><strong>capilloque</strong></span> <span class='ocrx_word' id='word_1_668' title='bbox 3212 3911 3501 3980; x_wconf 76' lang='lat' dir='ltr'><strong>submisso,</strong></span> <span class='ocrx_word' id='word_1_669' title='bbox 3526 3928 3618 3969; x_wconf 48' lang='lat' dir='ltr'><strong>ea.</strong></span> 
     </span>
    </p>
   </div>
   <div class='ocr_carea' id='block_1_91' title="bbox 2031 3981 2939 4054">
    <p class='ocr_par' dir='ltr' id='par_1_91' title="bbox 2031 3981 2939 4054">
     <span class='ocr_line' id='line_1_92' title="bbox 2031 3981 2939 4054; baseline -0.001 -16"><span class='ocrx_word' id='word_1_670' title='bbox 2031 3981 2129 4054; x_wconf 83' lang='lat' dir='ltr'><strong>put</strong></span> <span class='ocrx_word' id='word_1_671' title='bbox 2158 3983 2425 4038; x_wconf 89' lang='lat' dir='ltr'><strong>interdum</strong></span> <span class='ocrx_word' id='word_1_672' title='bbox 2457 3981 2660 4036; x_wconf 88' lang='lat' dir='ltr'><strong>foribus</strong></span> <span class='ocrx_word' id='word_1_673' title='bbox 2692 3982 2939 4054; x_wconf 85' lang='lat' dir='ltr'><strong>illideret.</strong></span> 
     </span>
    </p>
   </div>
   <div class='ocr_carea' id='block_1_92' title="bbox 2108 4053 3626 4113">
    <p class='ocr_par' dir='ltr' id='par_1_92' title="bbox 2108 4053 3626 4113">
     <span class='ocr_line' id='line_1_93' title="bbox 2108 4053 3626 4113; baseline 0.001 -5"><span class='ocrx_word' id='word_1_674' title='bbox 2108 4054 2387 4109; x_wconf 79' lang='lat' dir='ltr'><strong>Passionis.</strong></span> <span class='ocrx_word' id='word_1_675' title='bbox 2402 4054 2478 4109; x_wconf 88' lang='lat' dir='ltr'><strong>lta</strong></span> <span class='ocrx_word' id='word_1_676' title='bbox 2495 4067 2685 4113; x_wconf 88' lang='lat' dir='ltr'><strong>omnes</strong></span> <span class='ocrx_word' id='word_1_677' title='bbox 2713 4053 2829 4108; x_wconf 91' lang='lat' dir='ltr'><strong>libri</strong></span> <span class='ocrx_word' id='word_1_678' title='bbox 2855 4062 3063 4109; x_wconf 88' lang='lat' dir='ltr'><strong>veteres</strong></span> <span class='ocrx_word' id='word_1_679' title='bbox 3084 4061 3141 4108; x_wconf 90' lang='lat' dir='ltr'><strong>et</strong></span> <span class='ocrx_word' id='word_1_680' title='bbox 3157 4067 3345 4107; x_wconf 87' lang='lat' dir='ltr'><strong>omnes</strong></span> <span class='ocrx_word' id='word_1_681' title='bbox 3363 4053 3626 4110; x_wconf 88' lang='lat' dir='ltr'><strong>editiones</strong></span> 
     </span>
    </p>
   </div>
   <div class='ocr_carea' id='block_1_93' title="bbox 2031 4124 3627 4199">
    <p class='ocr_par' dir='ltr' id='par_1_93' title="bbox 2031 4124 3627 4199">
     <span class='ocr_line' id='line_1_94' title="bbox 2031 4124 3627 4199; baseline 0.001 -19"><span class='ocrx_word' id='word_1_682' title='bbox 2031 4136 2155 4181; x_wconf 86' lang='lat' dir='ltr'><strong>ante</strong></span> <span class='ocrx_word' id='word_1_683' title='bbox 2183 4124 2758 4199; x_wconf 75' lang='lat' dir='ltr'><strong>Rigaltianam.Nescio</strong></span> <span class='ocrx_word' id='word_1_684' title='bbox 2770 4136 2948 4199; x_wconf 86' lang='lat' dir='ltr'><strong>autem</strong></span> <span class='ocrx_word' id='word_1_685' title='bbox 2974 4124 3113 4199; x_wconf 87' lang='lat' dir='ltr'><strong>unde</strong></span> <span class='ocrx_word' id='word_1_686' title='bbox 3137 4125 3224 4180; x_wconf 81' lang='lat' dir='ltr'><strong>ille</strong></span> <span class='ocrx_word' id='word_1_687' title='bbox 3247 4127 3516 4199; x_wconf 85' lang='lat' dir='ltr'><strong>acceperit</strong></span> <span class='ocrx_word' id='word_1_688' title='bbox 3533 4142 3627 4182; x_wconf 80' lang='lat' dir='ltr'><strong>v0-</strong></span> 
     </span>
    </p>
   </div>
   <div class='ocr_carea' id='block_1_94' title="bbox 2030 4196 3087 4269">
    <p class='ocr_par' dir='ltr' id='par_1_94' title="bbox 2030 4196 3087 4269">
     <span class='ocr_line' id='line_1_95' title="bbox 2030 4196 3087 4269; baseline -0.003 -17"><span class='ocrx_word' id='word_1_689' title='bbox 2030 4212 2147 4269; x_wconf 85' lang='lat' dir='ltr'><strong>cetn</strong></span> <span class='ocrx_word' id='word_1_690' title='bbox 2175 4196 2528 4269; x_wconf 62' lang='lat' dir='ltr'><strong>confessionis,</strong></span> <span class='ocrx_word' id='word_1_691' title='bbox 2559 4212 2717 4269; x_wconf 87' lang='lat' dir='ltr'><strong>quam</strong></span> <span class='ocrx_word' id='word_1_692' title='bbox 2742 4196 2866 4269; x_wconf 84' lang='lat' dir='ltr'><strong>istic</strong></span> <span class='ocrx_word' id='word_1_693' title='bbox 2889 4197 3087 4269; x_wconf 83' lang='lat' dir='ltr'><strong>posuit.</strong></span> 
     </span>
    </p>
   </div>
   <div class='ocr_carea' id='block_1_95' title="bbox 2107 4266 3626 4338">
    <p class='ocr_par' dir='ltr' id='par_1_95' title="bbox 2107 4266 3626 4338">
     <span class='ocr_line' id='line_1_96' title="bbox 2107 4266 3626 4338; baseline 0 -16"><span class='ocrx_word' id='word_1_694' title='bbox 2107 4266 2333 4333; x_wconf 80' lang='lat' dir='ltr'><strong>Quoties.</strong></span> <span class='ocrx_word' id='word_1_695' title='bbox 2363 4266 2419 4323; x_wconf 88' lang='lat' dir='ltr'><strong>In</strong></span> <span class='ocrx_word' id='word_1_696' title='bbox 2448 4266 2716 4323; x_wconf 82' lang='lat' dir='ltr'><strong>veteribus</strong></span> <span class='ocrx_word' id='word_1_697' title='bbox 2741 4266 3203 4338; x_wconf 44' lang='lat' dir='ltr'><strong>libris&#39;saapissime</strong></span> <span class='ocrx_word' id='word_1_698' title='bbox 3231 4267 3488 4338; x_wconf 86' lang='lat' dir='ltr'><strong>scriptum</strong></span> <span class='ocrx_word' id='word_1_699' title='bbox 3542 4268 3626 4322; x_wconf 83' lang='lat' dir='ltr'><strong>vi-</strong></span> 
     </span>
    </p>
   </div>
   <div class='ocr_carea' id='block_1_96' title="bbox 2032 4337 3627 4408">
    <p class='ocr_par' dir='ltr' id='par_1_96' title="bbox 2032 4337 3627 4408">
     <span class='ocr_line' id='line_1_97' title="bbox 2032 4337 3627 4408; baseline -0.003 -14"><span class='ocrx_word' id='word_1_700' title='bbox 2032 4337 2222 4394; x_wconf 89' lang='lat' dir='ltr'><strong>demus</strong></span> <span class='ocrx_word' id='word_1_701' title='bbox 2248 4341 2474 4408; x_wconf 84' lang='lat' dir='ltr'><strong>quotiens</strong></span> <span class='ocrx_word' id='word_1_702' title='bbox 2504 4348 2550 4392; x_wconf 90' lang='lat' dir='ltr'><strong>et</strong></span> <span class='ocrx_word' id='word_1_703' title='bbox 2576 4340 2775 4404; x_wconf 87' lang='lat' dir='ltr'><strong>totiens,</strong></span> <span class='ocrx_word' id='word_1_704' title='bbox 2799 4340 2959 4394; x_wconf 84' lang='lat' dir='ltr'><strong>etiam</strong></span> <span class='ocrx_word' id='word_1_705' title='bbox 2988 4337 3058 4393; x_wconf 81' lang='lat' dir='ltr'><strong>in</strong></span> <span class='ocrx_word' id='word_1_706' title='bbox 3109 4339 3172 4392; x_wconf 89' lang='lat' dir='ltr'><strong>iis</strong></span> <span class='ocrx_word' id='word_1_707' title='bbox 3213 4339 3300 4407; x_wconf 89' lang='lat' dir='ltr'><strong>qui</strong></span> <span class='ocrx_word' id='word_1_708' title='bbox 3348 4337 3627 4392; x_wconf 85' lang='lat' dir='ltr'><strong>eontincnt</strong></span> 
     </span>
    </p>
   </div>
   <div class='ocr_carea' id='block_1_97' title="bbox 2031 4408 3623 4481">
    <p class='ocr_par' dir='ltr' id='par_1_97' title="bbox 2031 4408 3623 4481">
     <span class='ocr_line' id='line_1_98' title="bbox 2031 4408 3623 4481; baseline -0.003 -15"><span class='ocrx_word' id='word_1_709' title='bbox 2031 4408 2210 4480; x_wconf 86' lang='lat' dir='ltr'><strong>Opera</strong></span> <span class='ocrx_word' id='word_1_710' title='bbox 2232 4409 2403 4465; x_wconf 89' lang='lat' dir='ltr'><strong>sancti</strong></span> <span class='ocrx_word' id='word_1_711' title='bbox 2449 4409 2720 4481; x_wconf 82' lang='lat' dir='ltr'><strong>Cypriani.</strong></span> <span class='ocrx_word' id='word_1_712' title='bbox 2754 4410 2884 4464; x_wconf 81' lang='lat' dir='ltr'><strong>Cum</strong></span> <span class='ocrx_word' id='word_1_713' title='bbox 2924 4420 3101 4481; x_wconf 84' lang='lat' dir='ltr'><strong>autem</strong></span> <span class='ocrx_word' id='word_1_714' title='bbox 3132 4410 3381 4481; x_wconf 74' lang='lat' dir='ltr'><strong>viderem</strong></span> <span class='ocrx_word' id='word_1_715' title='bbox 3422 4416 3623 4481; x_wconf 79' lang='lat' dir='ltr'><strong>tantum</strong></span> 
     </span>
    </p>
   </div>
   <div class='ocr_carea' id='block_1_98' title="bbox 2032 4476 3627 4548">
    <p class='ocr_par' dir='ltr' id='par_1_98' title="bbox 2032 4476 3627 4548">
     <span class='ocr_line' id='line_1_99' title="bbox 2032 4476 3627 4548; baseline -0.002 -12"><span class='ocrx_word' id='word_1_716' title='bbox 2032 4476 2356 4536; x_wconf 78' lang='lat' dir='ltr'><strong>consensum</strong></span> <span class='ocrx_word' id='word_1_717' title='bbox 2382 4476 2623 4537; x_wconf 68' lang='lat' dir='ltr'><strong>veterum</strong></span> <span class='ocrx_word' id='word_1_718' title='bbox 2655 4481 2709 4535; x_wconf 89' lang='lat' dir='ltr'><strong>in</strong></span> <span class='ocrx_word' id='word_1_719' title='bbox 2738 4480 3014 4535; x_wconf 87' lang='lat' dir='ltr'><strong>retinenda</strong></span> <span class='ocrx_word' id='word_1_720' title='bbox 3040 4480 3302 4548; x_wconf 89' lang='lat' dir='ltr'><strong>scriptura</strong></span> <span class='ocrx_word' id='word_1_721' title='bbox 3330 4479 3438 4542; x_wconf 89' lang='lat' dir='ltr'><strong>illa,</strong></span> <span class='ocrx_word' id='word_1_722' title='bbox 3468 4476 3627 4534; x_wconf 86' lang='lat' dir='ltr'><strong>facile</strong></span> 
     </span>
    </p>
   </div>
   <div class='ocr_carea' id='block_1_99' title="bbox 336 4548 3621 4627">
    <p class='ocr_par' dir='ltr' id='par_1_99' title="bbox 336 4548 3621 4627">
     <span class='ocr_line' id='line_1_100' title="bbox 336 4548 3621 4627; baseline -0.002 -20"><span class='ocrx_word' id='word_1_723' title='bbox 336 4554 633 4627; x_wconf 72' lang='lat' dir='ltr'><strong>mirandam</strong></span> <span class='ocrx_word' id='word_1_724' title='bbox 660 4555 866 4611; x_wconf 87' lang='lat' dir='ltr'><strong>Summi</strong></span> <span class='ocrx_word' id='word_1_725' title='bbox 890 4557 1184 4617; x_wconf 86' lang='lat' dir='ltr'><strong>Pontificis.</strong></span> <span class='ocrx_word' id='word_1_726' title='bbox 1209 4556 1362 4627; x_wconf 89' lang='lat' dir='ltr'><strong>cujus</strong></span> <span class='ocrx_word' id='word_1_727' title='bbox 1386 4572 1508 4612; x_wconf 88' lang='lat' dir='ltr'><strong>cum</strong></span> <span class='ocrx_word' id='word_1_728' title='bbox 1536 4557 1823 4627; x_wconf 87' lang='lat' dir='ltr'><strong>auctoritas</strong></span> <span class='ocrx_word' id='word_1_729' title='bbox 1873 4556 1926 4610; x_wconf 91' lang='lat' dir='ltr'><strong>in</strong></span> <span class='ocrx_word' id='word_1_730' title='bbox 1950 4552 2005 4613; x_wconf 89' lang='lat' dir='ltr'><strong>D</strong></span> <span class='ocrx_word' id='word_1_731' title='bbox 2030 4551 2333 4607; x_wconf 88' lang='lat' dir='ltr'><strong>adducebar</strong></span> <span class='ocrx_word' id='word_1_732' title='bbox 2354 4563 2408 4607; x_wconf 92' lang='lat' dir='ltr'><strong>ut</strong></span> <span class='ocrx_word' id='word_1_733' title='bbox 2436 4565 2535 4621; x_wconf 86' lang='lat' dir='ltr'><strong>ego</strong></span> <span class='ocrx_word' id='word_1_734' title='bbox 2558 4567 2768 4627; x_wconf 81' lang='lat' dir='ltr'><strong>quoque</strong></span> <span class='ocrx_word' id='word_1_735' title='bbox 2799 4554 2869 4606; x_wconf 87' lang='lat' dir='ltr'><strong>ita</strong></span> <span class='ocrx_word' id='word_1_736' title='bbox 2902 4550 3240 4627; x_wconf 35' lang='lat' dir='ltr'><strong>scrihcrcmL</strong></span> <span class='ocrx_word' id='word_1_737' title='bbox 3259 4548 3505 4627; x_wconf 72' lang='lat' dir='ltr'><strong>Abstinni</strong></span> <span class='ocrx_word' id='word_1_738' title='bbox 3538 4559 3621 4602; x_wconf 86' lang='lat' dir='ltr'><strong>ta-</strong></span> 
     </span>
    </p>
   </div>
   <div class='ocr_carea' id='block_1_100' title="bbox 338 4624 1925 4697">
    <p class='ocr_par' dir='ltr' id='par_1_100' title="bbox 338 4624 1925 4697">
     <span class='ocr_line' id='line_1_101' title="bbox 338 4624 1925 4697; baseline 0.002 -19"><span class='ocrx_word' id='word_1_739' title='bbox 338 4624 582 4697; x_wconf 85' lang='lat' dir='ltr'><strong>Ecclesia</strong></span> <span class='ocrx_word' id='word_1_740' title='bbox 605 4640 813 4681; x_wconf 88' lang='lat' dir='ltr'><strong>summa</strong></span> <span class='ocrx_word' id='word_1_741' title='bbox 844 4636 1007 4693; x_wconf 87' lang='lat' dir='ltr'><strong>esset,</strong></span> <span class='ocrx_word' id='word_1_742' title='bbox 1041 4639 1218 4683; x_wconf 89' lang='lat' dir='ltr'><strong>tamen</strong></span> <span class='ocrx_word' id='word_1_743' title='bbox 1250 4624 1354 4682; x_wconf 83' lang='lat' dir='ltr'><strong>non</strong></span> <span class='ocrx_word' id='word_1_744' title='bbox 1384 4643 1480 4697; x_wconf 88' lang='lat' dir='ltr'><strong>pro</strong></span> <span class='ocrx_word' id='word_1_745' title='bbox 1515 4626 1677 4682; x_wconf 90' lang='lat' dir='ltr'><strong>animi</strong></span> <span class='ocrx_word' id='word_1_746' title='bbox 1705 4626 1925 4681; x_wconf 88' lang='lat' dir='ltr'><strong>arbitrio</strong></span> 
     </span>
    </p>
   </div>
   <div class='ocr_carea' id='block_1_101' title="bbox 334 4696 1926 4769">
    <p class='ocr_par' dir='ltr' id='par_1_101' title="bbox 334 4696 1926 4769">
     <span class='ocr_line' id='line_1_102' title="bbox 334 4696 1926 4769; baseline 0.003 -20"><span class='ocrx_word' id='word_1_747' title='bbox 334 4696 680 4769; x_wconf 85' lang='lat' dir='ltr'><strong>sedfratrum</strong></span> <span class='ocrx_word' id='word_1_748' title='bbox 698 4712 962 4769; x_wconf 89' lang='lat' dir='ltr'><strong>consensu</strong></span> <span class='ocrx_word' id='word_1_749' title='bbox 987 4701 1177 4755; x_wconf 90' lang='lat' dir='ltr'><strong>solitus</strong></span> <span class='ocrx_word' id='word_1_750' title='bbox 1199 4696 1397 4754; x_wconf 83' lang='lat' dir='ltr'><strong>cuncta</strong></span> <span class='ocrx_word' id='word_1_751' title='bbox 1417 4698 1612 4763; x_wconf 88' lang='lat' dir='ltr'><strong>facere,</strong></span> <span class='ocrx_word' id='word_1_752' title='bbox 1646 4712 1780 4769; x_wconf 90' lang='lat' dir='ltr'><strong>quos</strong></span> <span class='ocrx_word' id='word_1_753' title='bbox 1823 4697 1926 4753; x_wconf 91' lang='lat' dir='ltr'><strong>sibi</strong></span> 
     </span>
    </p>
   </div>
   <div class='ocr_carea' id='block_1_102' title="bbox 336 4767 1922 4841">
    <p class='ocr_par' dir='ltr' id='par_1_102' title="bbox 336 4767 1922 4841">
     <span class='ocr_line' id='line_1_103' title="bbox 336 4767 1922 4841; baseline 0.001 -19"><span class='ocrx_word' id='word_1_754' title='bbox 336 4767 632 4841; x_wconf 80' lang='lat' dir='ltr'><strong>renitentes</strong></span> <span class='ocrx_word' id='word_1_755' title='bbox 659 4768 885 4834; x_wconf 86' lang='lat' dir='ltr'><strong>videret,</strong></span> <span class='ocrx_word' id='word_1_756' title='bbox 918 4786 1021 4826; x_wconf 91' lang='lat' dir='ltr'><strong>non</strong></span> <span class='ocrx_word' id='word_1_757' title='bbox 1052 4771 1104 4826; x_wconf 92' lang='lat' dir='ltr'><strong>vi</strong></span> <span class='ocrx_word' id='word_1_758' title='bbox 1136 4771 1239 4826; x_wconf 88' lang='lat' dir='ltr'><strong>ulla</strong></span> <span class='ocrx_word' id='word_1_759' title='bbox 1265 4779 1357 4826; x_wconf 89' lang='lat' dir='ltr'><strong>aut</strong></span> <span class='ocrx_word' id='word_1_760' title='bbox 1400 4767 1922 4841; x_wconf 45' lang='lat' dir='ltr'><strong>potestate&#39;cogeret,</strong></span> 
     </span>
    </p>
   </div>
   <div class='ocr_carea' id='block_1_103' title="bbox 337 4838 1924 4897">
    <p class='ocr_par' dir='ltr' id='par_1_103' title="bbox 337 4838 1924 4897">
     <span class='ocr_line' id='line_1_104' title="bbox 337 4838 1924 4897; baseline 0.001 -5"><span class='ocrx_word' id='word_1_761' title='bbox 337 4838 432 4893; x_wconf 89' lang='lat' dir='ltr'><strong>sed</strong></span> <span class='ocrx_word' id='word_1_762' title='bbox 460 4838 730 4895; x_wconf 86' lang='lat' dir='ltr'><strong>submisso</strong></span> <span class='ocrx_word' id='word_1_763' title='bbox 756 4841 937 4897; x_wconf 88' lang='lat' dir='ltr'><strong>animo</strong></span> <span class='ocrx_word' id='word_1_764' title='bbox 962 4850 1228 4897; x_wconf 79' lang='lat' dir='ltr'><strong>exoraret.</strong></span> <span class='ocrx_word' id='word_1_765' title='bbox 1260 4838 1632 4897; x_wconf 76' lang='lat' dir='ltr'><strong>llbetbricatur</strong></span> <span class='ocrx_word' id='word_1_766' title='bbox 1674 4838 1791 4895; x_wconf 85' lang='lat' dir='ltr'><strong>istic</strong></span> <span class='ocrx_word' id='word_1_767' title='bbox 1822 4840 1924 4895; x_wconf 84' lang='lat' dir='ltr'><strong>Ba-</strong></span> 
     </span>
    </p>
   </div>
   <div class='ocr_carea' id='block_1_104' title="bbox 336 4911 1928 4981">
    <p class='ocr_par' dir='ltr' id='par_1_104' title="bbox 336 4911 1928 4981">
     <span class='ocr_line' id='line_1_105' title="bbox 336 4911 1928 4981; baseline 0.002 -18"><span class='ocrx_word' id='word_1_768' title='bbox 336 4911 543 4975; x_wconf 86' lang='lat' dir='ltr'><strong>ronius,</strong></span> <span class='ocrx_word' id='word_1_769' title='bbox 568 4920 622 4965; x_wconf 89' lang='lat' dir='ltr'><strong>et</strong></span> <span class='ocrx_word' id='word_1_770' title='bbox 649 4925 828 4967; x_wconf 89' lang='lat' dir='ltr'><strong>mores</strong></span> <span class='ocrx_word' id='word_1_771' title='bbox 853 4913 1066 4975; x_wconf 84' lang='lat' dir='ltr'><strong>illorum</strong></span> <span class='ocrx_word' id='word_1_772' title='bbox 1093 4922 1390 4981; x_wconf 89' lang='lat' dir='ltr'><strong>temporum</strong></span> <span class='ocrx_word' id='word_1_773' title='bbox 1418 4912 1928 4975; x_wconf 65' lang='lat' dir='ltr'><strong>accommodansmt</strong></span> 
     </span>
    </p>
   </div>
   <div class='ocr_carea' id='block_1_105' title="bbox 335 4981 1926 5053">
    <p class='ocr_par' dir='ltr' id='par_1_105' title="bbox 335 4981 1926 5053">
     <span class='ocr_line' id='line_1_106' title="bbox 335 4981 1926 5053; baseline 0.002 -19"><span class='ocrx_word' id='word_1_774' title='bbox 335 4981 496 5047; x_wconf 88' lang='lat' dir='ltr'><strong>solet,</strong></span> <span class='ocrx_word' id='word_1_775' title='bbox 525 4982 591 5036; x_wconf 88' lang='lat' dir='ltr'><strong>ad</strong></span> <span class='ocrx_word' id='word_1_776' title='bbox 615 4992 850 5053; x_wconf 84' lang='lat' dir='ltr'><strong>nostros,</strong></span> <span class='ocrx_word' id='word_1_777' title='bbox 879 4984 944 5038; x_wconf 90' lang='lat' dir='ltr'><strong>ad</strong></span> <span class='ocrx_word' id='word_1_778' title='bbox 971 4983 1279 5038; x_wconf 88' lang='lat' dir='ltr'><strong>facilitatem</strong></span> <span class='ocrx_word' id='word_1_779' title='bbox 1302 4982 1426 5038; x_wconf 89' lang='lat' dir='ltr'><strong>boni</strong></span> <span class='ocrx_word' id='word_1_780' title='bbox 1458 4984 1610 5037; x_wconf 90' lang='lat' dir='ltr'><strong>istius</strong></span> <span class='ocrx_word' id='word_1_781' title='bbox 1657 4984 1813 5053; x_wconf 77' lang='lat' dir='ltr'><strong>Papa:</strong></span> <span class='ocrx_word' id='word_1_782' title='bbox 1840 4998 1926 5038; x_wconf 89' lang='lat' dir='ltr'><strong>re-</strong></span> 
     </span>
    </p>
   </div>
   <div class='ocr_carea' id='block_1_106' title="bbox 338 5052 1935 5125">
    <p class='ocr_par' dir='ltr' id='par_1_106' title="bbox 338 5052 1935 5125">
     <span class='ocr_line' id='line_1_107' title="bbox 338 5052 1935 5125; baseline 0.001 -19"><span class='ocrx_word' id='word_1_783' title='bbox 338 5053 442 5107; x_wconf 85' lang='lat' dir='ltr'><strong>fert</strong></span> <span class='ocrx_word' id='word_1_784' title='bbox 458 5052 742 5125; x_wconf 87' lang='lat' dir='ltr'><strong>specialem</strong></span> <span class='ocrx_word' id='word_1_785' title='bbox 764 5054 990 5125; x_wconf 87' lang='lat' dir='ltr'><strong>gratiam</strong></span> <span class='ocrx_word' id='word_1_786' title='bbox 1014 5056 1062 5108; x_wconf 89' lang='lat' dir='ltr'><strong>ei</strong></span> <span class='ocrx_word' id='word_1_787' title='bbox 1093 5053 1284 5109; x_wconf 84' lang='lat' dir='ltr'><strong>factam</strong></span> <span class='ocrx_word' id='word_1_788' title='bbox 1326 5070 1354 5107; x_wconf 89' lang='lat' dir='ltr'><strong>a</strong></span> <span class='ocrx_word' id='word_1_789' title='bbox 1377 5053 1522 5125; x_wconf 88' lang='lat' dir='ltr'><strong>clero</strong></span> <span class='ocrx_word' id='word_1_790' title='bbox 1544 5062 1604 5125; x_wconf 81' lang='lat' dir='ltr'><strong>et</strong></span> <span class='ocrx_word' id='word_1_791' title='bbox 1626 5054 1779 5123; x_wconf 85' lang='lat' dir='ltr'><strong>plebe</strong></span> <span class='ocrx_word' id='word_1_792' title='bbox 1808 5095 1823 5122; x_wconf 88' lang='lat'><strong>,</strong></span> <span class='ocrx_word' id='word_1_793' title='bbox 1876 5064 1935 5117; x_wconf 86' lang='lat' dir='ltr'><strong>ut</strong></span> 
     </span>
    </p>
   </div>
   <div class='ocr_carea' id='block_1_107' title="bbox 337 5122 1931 5194">
    <p class='ocr_par' dir='ltr' id='par_1_107' title="bbox 337 5122 1931 5194">
     <span class='ocr_line' id='line_1_108' title="bbox 337 5122 1931 5194; baseline 0.001 -15"><span class='ocrx_word' id='word_1_794' title='bbox 337 5122 621 5179; x_wconf 81' lang='lat' dir='ltr'><strong>manifeste</strong></span> <span class='ocrx_word' id='word_1_795' title='bbox 649 5122 790 5194; x_wconf 74' lang='lat' dir='ltr'><strong>putei</strong></span> <span class='ocrx_word' id='word_1_796' title='bbox 816 5141 881 5181; x_wconf 84' lang='lat' dir='ltr'><strong>ex</strong></span> <span class='ocrx_word' id='word_1_797' title='bbox 911 5141 972 5180; x_wconf 89' lang='lat' dir='ltr'><strong>ea</strong></span> <span class='ocrx_word' id='word_1_798' title='bbox 1001 5125 1239 5181; x_wconf 86' lang='lat' dir='ltr'><strong>historia.</strong></span> <span class='ocrx_word' id='word_1_799' title='bbox 1265 5125 1322 5180; x_wconf 90' lang='lat' dir='ltr'><strong>In</strong></span> <span class='ocrx_word' id='word_1_800' title='bbox 1356 5124 1518 5180; x_wconf 87' lang='lat' dir='ltr'><strong>rebus</strong></span> <span class='ocrx_word' id='word_1_801' title='bbox 1542 5122 1810 5180; x_wconf 84' lang='lat' dir='ltr'><strong>historicis</strong></span> <span class='ocrx_word' id='word_1_802' title='bbox 1827 5142 1931 5181; x_wconf 89' lang='lat' dir='ltr'><strong>non</strong></span> 
     </span>
    </p>
   </div>
   <div class='ocr_carea' id='block_1_108' title="bbox 338 5195 1935 5269">
    <p class='ocr_par' dir='ltr' id='par_1_108' title="bbox 338 5195 1935 5269">
     <span class='ocr_line' id='line_1_109' title="bbox 338 5195 1935 5269; baseline 0 -18"><span class='ocrx_word' id='word_1_803' title='bbox 338 5195 577 5269; x_wconf 84' lang='lat' dir='ltr'><strong>speciem</strong></span> <span class='ocrx_word' id='word_1_804' title='bbox 601 5197 954 5269; x_wconf 85' lang='lat' dir='ltr'><strong>expositionis</strong></span> <span class='ocrx_word' id='word_1_805' title='bbox 983 5198 1298 5269; x_wconf 72' lang='lat' dir='ltr'><strong>qumrimus,</strong></span> <span class='ocrx_word' id='word_1_806' title='bbox 1323 5195 1418 5251; x_wconf 89' lang='lat' dir='ltr'><strong>sed</strong></span> <span class='ocrx_word' id='word_1_807' title='bbox 1462 5196 1619 5250; x_wconf 87' lang='lat' dir='ltr'><strong>fidem</strong></span> <span class='ocrx_word' id='word_1_808' title='bbox 1647 5237 1661 5263; x_wconf 90' lang='lat'><strong>,</strong></span> <span class='ocrx_word' id='word_1_809' title='bbox 1717 5205 1772 5250; x_wconf 92' lang='lat' dir='ltr'><strong>ut</strong></span> <span class='ocrx_word' id='word_1_810' title='bbox 1817 5208 1935 5251; x_wconf 86' lang='lat' dir='ltr'><strong>utar</strong></span> 
     </span>
    </p>
   </div>
   <div class='ocr_carea' id='block_1_109' title="bbox 339 5267 872 5333">
    <p class='ocr_par' dir='ltr' id='par_1_109' title="bbox 339 5267 872 5333">
     <span class='ocr_line' id='line_1_110' title="bbox 339 5267 872 5333; baseline 0.004 -12"><span class='ocrx_word' id='word_1_811' title='bbox 339 5267 519 5322; x_wconf 84' lang='lat' dir='ltr'><strong>verbis</strong></span> <span class='ocrx_word' id='word_1_812' title='bbox 537 5267 872 5333; x_wconf 84' lang='lat' dir='ltr'><strong>Quintiliani.</strong></span> 
     </span>
    </p>
   </div>
   <div class='ocr_carea' id='block_1_110' title="bbox 411 5336 1934 5395">
    <p class='ocr_par' dir='ltr' id='par_1_110' title="bbox 411 5336 1934 5395">
     <span class='ocr_line' id='line_1_111' title="bbox 411 5336 1934 5395; baseline 0.002 -5"><span class='ocrx_word' id='word_1_813' title='bbox 411 5337 741 5395; x_wconf 87' lang='lat' dir='ltr'><strong>Anrelius....</strong></span> <span class='ocrx_word' id='word_1_814' title='bbox 768 5339 1082 5395; x_wconf 86' lang='lat' dir='ltr'><strong>adolescens.</strong></span> <span class='ocrx_word' id='word_1_815' title='bbox 1108 5337 1244 5393; x_wconf 84' lang='lat' dir='ltr'><strong>Hinc</strong></span> <span class='ocrx_word' id='word_1_816' title='bbox 1272 5336 1640 5394; x_wconf 87' lang='lat' dir='ltr'><strong>constathunc</strong></span> <span class='ocrx_word' id='word_1_817' title='bbox 1657 5336 1934 5393; x_wconf 86' lang='lat' dir='ltr'><strong>Aurelium</strong></span> 
     </span>
    </p>
   </div>
   <div class='ocr_carea' id='block_1_111' title="bbox 338 5407 1934 5481">
    <p class='ocr_par' dir='ltr' id='par_1_111' title="bbox 338 5407 1934 5481">
     <span class='ocr_line' id='line_1_112' title="bbox 338 5407 1934 5481; baseline -0.001 -17"><span class='ocrx_word' id='word_1_818' title='bbox 338 5422 460 5464; x_wconf 90' lang='lat' dir='ltr'><strong>esse</strong></span> <span class='ocrx_word' id='word_1_819' title='bbox 489 5410 761 5466; x_wconf 88' lang='lat' dir='ltr'><strong>diversum</strong></span> <span class='ocrx_word' id='word_1_820' title='bbox 785 5410 852 5463; x_wconf 86' lang='lat' dir='ltr'><strong>ab</strong></span> <span class='ocrx_word' id='word_1_821' title='bbox 879 5426 944 5467; x_wconf 90' lang='lat' dir='ltr'><strong>eo</strong></span> <span class='ocrx_word' id='word_1_822' title='bbox 971 5410 1121 5481; x_wconf 88' lang='lat' dir='ltr'><strong>cujus</strong></span> <span class='ocrx_word' id='word_1_823' title='bbox 1152 5410 1354 5465; x_wconf 89' lang='lat' dir='ltr'><strong>mentio</strong></span> <span class='ocrx_word' id='word_1_824' title='bbox 1400 5407 1538 5465; x_wconf 86' lang='lat' dir='ltr'><strong>facta</strong></span> <span class='ocrx_word' id='word_1_825' title='bbox 1564 5416 1647 5463; x_wconf 89' lang='lat' dir='ltr'><strong>est</strong></span> <span class='ocrx_word' id='word_1_826' title='bbox 1684 5408 1737 5463; x_wconf 93' lang='lat' dir='ltr'><strong>in</strong></span> <span class='ocrx_word' id='word_1_827' title='bbox 1781 5408 1934 5481; x_wconf 84' lang='lat' dir='ltr'><strong>Epis-</strong></span> 
     </span>
    </p>
   </div>
   <div class='ocr_carea' id='block_1_112' title="bbox 338 5481 1599 5553">
    <p class='ocr_par' dir='ltr' id='par_1_112' title="bbox 338 5481 1599 5553">
     <span class='ocr_line' id='line_1_113' title="bbox 338 5481 1599 5553; baseline 0.013 -17"><span class='ocrx_word' id='word_1_828' title='bbox 338 5481 593 5553; x_wconf 74' lang='lat' dir='ltr'><strong>tolaxxu,</strong></span> <span class='ocrx_word' id='word_1_829' title='bbox 627 5482 867 5553; x_wconf 77' lang='lat' dir='ltr'><strong>pag._51.</strong></span> <span class='ocrx_word' id='word_1_830' title='bbox 1012 5552 1017 5553; x_wconf 14' lang='grc' dir='ltr'>ί</span> <span class='ocrx_word' id='word_1_831' title='bbox 1111 5551 1120 5553; x_wconf 25' lang='grc' dir='ltr'><strong>Α</strong></span> <span class='ocrx_word' id='word_1_832' title='bbox 1580 5486 1599 5503; x_wconf 65' lang='grc'><strong><em>⁸</em></strong></span> 
     </span>
    </p>
   </div>
   <div class='ocr_carea' id='block_1_113' title="bbox 411 5548 1926 5608">
    <p class='ocr_par' dir='ltr' id='par_1_113' title="bbox 411 5548 1926 5608">
     <span class='ocr_line' id='line_1_114' title="bbox 411 5548 1926 5608; baseline 0.001 -3"><span class='ocrx_word' id='word_1_833' title='bbox 411 5549 520 5605; x_wconf 89' lang='lat' dir='ltr'><strong>Deo</strong></span> <span class='ocrx_word' id='word_1_834' title='bbox 551 5548 717 5607; x_wconf 49' lang='lat' dir='ltr'><strong>carus:</strong></span> <span class='ocrx_word' id='word_1_835' title='bbox 753 5550 829 5607; x_wconf 86' lang='lat' dir='ltr'><strong>Ita</strong></span> <span class='ocrx_word' id='word_1_836' title='bbox 878 5552 1056 5607; x_wconf 91' lang='lat' dir='ltr'><strong>omnia</strong></span> <span class='ocrx_word' id='word_1_837' title='bbox 1100 5551 1212 5608; x_wconf 89' lang='lat' dir='ltr'><strong>fere</strong></span> <span class='ocrx_word' id='word_1_838' title='bbox 1255 5560 1440 5608; x_wconf 89' lang='lat' dir='ltr'><strong>vetera</strong></span> <span class='ocrx_word' id='word_1_839' title='bbox 1486 5548 1837 5608; x_wconf 81' lang='lat' dir='ltr'><strong>exemplaria.</strong></span> <span class='ocrx_word' id='word_1_840' title='bbox 1869 5548 1926 5606; x_wconf 89' lang='lat' dir='ltr'><strong>in</strong></span> 
     </span>
    </p>
   </div>
   <div class='ocr_carea' id='block_1_114' title="bbox 340 5620 1929 5695">
    <p class='ocr_par' dir='ltr' id='par_1_114' title="bbox 340 5620 1929 5695">
     <span class='ocr_line' id='line_1_115' title="bbox 340 5620 1929 5695; baseline 0 -19"><span class='ocrx_word' id='word_1_841' title='bbox 340 5620 550 5695; x_wconf 83' lang='lat' dir='ltr'><strong>duobus</strong></span> <span class='ocrx_word' id='word_1_842' title='bbox 583 5631 761 5679; x_wconf 85' lang='lat' dir='ltr'><strong>tamen</strong></span> <span class='ocrx_word' id='word_1_843' title='bbox 814 5624 1006 5695; x_wconf 85' lang='lat' dir='ltr'><strong>legitur</strong></span> <span class='ocrx_word' id='word_1_844' title='bbox 1033 5622 1141 5679; x_wconf 82' lang='lat' dir='ltr'><strong>Deo</strong></span> <span class='ocrx_word' id='word_1_845' title='bbox 1165 5641 1259 5680; x_wconf 86' lang='lat' dir='ltr'><strong>suo</strong></span> <span class='ocrx_word' id='word_1_846' title='bbox 1289 5640 1457 5679; x_wconf 88' lang='lat' dir='ltr'><strong>carus.</strong></span> <span class='ocrx_word' id='word_1_847' title='bbox 1513 5620 1665 5689; x_wconf 84' lang='lat' dir='ltr'><strong>Quod</strong></span> <span class='ocrx_word' id='word_1_848' title='bbox 1700 5621 1929 5693; x_wconf 83' lang='lat' dir='ltr'><strong>lligaltio</strong></span> 
     </span>
    </p>
   </div>
   <div class='ocr_carea' id='block_1_115' title="bbox 339 5691 1933 5823">
    <p class='ocr_par' dir='ltr' id='par_1_115' title="bbox 339 5691 1933 5823">
     <span class='ocr_line' id='line_1_116' title="bbox 339 5691 1933 5823; baseline 0.001 -74"><span class='ocrx_word' id='word_1_849' title='bbox 339 5691 743 5823; x_wconf 56' lang='lat' dir='ltr'><strong>ineiiusﬁarrisit.</strong></span> <span class='ocrx_word' id='word_1_850' title='bbox 778 5691 889 5768; x_wconf 75' lang='lat' dir='ltr'><strong>Ego</strong></span> <span class='ocrx_word' id='word_1_851' title='bbox 935 5705 1065 5768; x_wconf 91' lang='lat' dir='ltr'><strong>puto</strong></span> <span class='ocrx_word' id='word_1_852' title='bbox 1104 5696 1263 5752; x_wconf 86' lang='lat' dir='ltr'><strong>aliam</strong></span> <span class='ocrx_word' id='word_1_853' title='bbox 1311 5696 1601 5761; x_wconf 82' lang='lat' dir='ltr'><strong>lectionem</strong></span> <span class='ocrx_word' id='word_1_854' title='bbox 1648 5691 1785 5751; x_wconf 80' lang='lat' dir='ltr'><strong>esse</strong></span> <span class='ocrx_word' id='word_1_855' title='bbox 1818 5709 1933 5750; x_wconf 84' lang='lat' dir='ltr'><strong>mc-</strong></span> 
     </span>
     <span class='ocr_line' id='line_1_117' title="bbox 361 5779 557 5823; baseline 0.01 -2"><span class='ocrx_word' id='word_1_856' title='bbox 361 5779 557 5823; x_wconf 85' lang='lat' dir='ltr'><strong>torem.</strong></span> 
     </span>
    </p>
   </div>
   <div class='ocr_carea' id='block_1_116' title="bbox 361 5779 557 5824">
    <p class='ocr_par' dir='ltr' id='par_1_116' title="bbox 361 5779 557 5824">
     <span class='ocr_line' id='line_1_118' title="bbox 361 5779 557 5824; baseline 0.015 -3"><span class='ocrx_word' id='word_1_857' title='bbox 361 5779 557 5824; x_wconf 74' lang='lat' dir='ltr'><strong>mrem.</strong></span> 
     </span>
    </p>
   </div>
   <div class='ocr_carea' id='block_1_117' title="bbox 409 5836 1932 5911">
    <p class='ocr_par' dir='ltr' id='par_1_117' title="bbox 409 5836 1932 5911">
     <span class='ocr_line' id='line_1_119' title="bbox 409 5836 1932 5911; baseline -0.001 -16"><span class='ocrx_word' id='word_1_858' title='bbox 409 5836 481 5899; x_wconf 82' lang='lat' dir='ltr'><strong>lu</strong></span> <span class='ocrx_word' id='word_1_859' title='bbox 507 5837 662 5910; x_wconf 70' lang='lat' dir='ltr'><strong>annis</strong></span> <span class='ocrx_word' id='word_1_860' title='bbox 675 5838 920 5901; x_wconf 67' lang='lat' dir='ltr'><strong>novellus.</strong></span> <span class='ocrx_word' id='word_1_861' title='bbox 942 5838 1137 5902; x_wconf 79' lang='lat' dir='ltr'><strong>Mirum</strong></span> <span class='ocrx_word' id='word_1_862' title='bbox 1165 5853 1274 5899; x_wconf 85' lang='lat' dir='ltr'><strong>non</strong></span> <span class='ocrx_word' id='word_1_863' title='bbox 1292 5846 1378 5907; x_wconf 79' lang='lat' dir='ltr'><strong>est</strong></span> <span class='ocrx_word' id='word_1_864' title='bbox 1405 5838 1701 5909; x_wconf 81' lang='lat' dir='ltr'><strong>Aurelium,</strong></span> <span class='ocrx_word' id='word_1_865' title='bbox 1725 5836 1817 5911; x_wconf 87' lang='lat' dir='ltr'><strong>qui</strong></span> <span class='ocrx_word' id='word_1_866' title='bbox 1854 5837 1932 5894; x_wconf 82' lang='lat' dir='ltr'><strong>is-</strong></span> 
     </span>
    </p>
   </div>
   <div class='ocr_carea' id='block_1_118' title="bbox 2033 4619 3628 4692">
    <p class='ocr_par' dir='ltr' id='par_1_118' title="bbox 2033 4619 3628 4692">
     <span class='ocr_line' id='line_1_120' title="bbox 2033 4619 3628 4692; baseline -0.004 -14"><span class='ocrx_word' id='word_1_867' title='bbox 2033 4639 2177 4690; x_wconf 88' lang='lat' dir='ltr'><strong>men,</strong></span> <span class='ocrx_word' id='word_1_868' title='bbox 2208 4633 2354 4678; x_wconf 90' lang='lat' dir='ltr'><strong>ratus</strong></span> <span class='ocrx_word' id='word_1_869' title='bbox 2372 4619 2551 4678; x_wconf 79' lang='lat' dir='ltr'><strong>veram</strong></span> <span class='ocrx_word' id='word_1_870' title='bbox 2565 4619 2696 4677; x_wconf 80' lang='lat' dir='ltr'><strong>esse</strong></span> <span class='ocrx_word' id='word_1_871' title='bbox 2715 4622 3148 4678; x_wconf 86' lang='lat' dir='ltr'><strong>observationem</strong></span> <span class='ocrx_word' id='word_1_872' title='bbox 3184 4619 3417 4692; x_wconf 84' lang='lat' dir='ltr'><strong>Dionysii</strong></span> <span class='ocrx_word' id='word_1_873' title='bbox 3468 4619 3628 4676; x_wconf 89' lang='lat' dir='ltr'><strong>Lam-</strong></span> 
     </span>
    </p>
   </div>
   <div class='ocr_carea' id='block_1_119' title="bbox 2032 4691 3626 4763">
    <p class='ocr_par' dir='ltr' id='par_1_119' title="bbox 2032 4691 3626 4763">
     <span class='ocr_line' id='line_1_121' title="bbox 2032 4691 3626 4763; baseline -0.001 -14"><span class='ocrx_word' id='word_1_874' title='bbox 2032 4694 2167 4760; x_wconf 90' lang='lat' dir='ltr'><strong>bini,</strong></span> <span class='ocrx_word' id='word_1_875' title='bbox 2213 4693 2313 4748; x_wconf 90' lang='lat' dir='ltr'><strong>viri</strong></span> <span class='ocrx_word' id='word_1_876' title='bbox 2356 4694 2798 4763; x_wconf 90' lang='lat' dir='ltr'><strong>doctissimi,qui</strong></span> <span class='ocrx_word' id='word_1_877' title='bbox 2835 4694 2884 4747; x_wconf 90' lang='lat' dir='ltr'><strong>in</strong></span> <span class='ocrx_word' id='word_1_878' title='bbox 2930 4691 3362 4763; x_wconf 83' lang='lat' dir='ltr'><strong>annotationibus</strong></span> <span class='ocrx_word' id='word_1_879' title='bbox 3407 4692 3519 4763; x_wconf 83' lang='lat' dir='ltr'><strong>suis</strong></span> <span class='ocrx_word' id='word_1_880' title='bbox 3558 4691 3626 4747; x_wconf 87' lang='lat' dir='ltr'><strong>ad</strong></span> 
     </span>
    </p>
   </div>
   <div class='ocr_carea' id='block_1_120' title="bbox 2032 4761 3627 4833">
    <p class='ocr_par' dir='ltr' id='par_1_120' title="bbox 2032 4761 3627 4833">
     <span class='ocr_line' id='line_1_122' title="bbox 2032 4761 3627 4833; baseline -0.001 -13"><span class='ocrx_word' id='word_1_881' title='bbox 2032 4766 2329 4823; x_wconf 84' lang='lat' dir='ltr'><strong>orationem</strong></span> <span class='ocrx_word' id='word_1_882' title='bbox 2362 4765 2633 4820; x_wconf 67' lang='lat' dir='ltr'><strong>Ciceronis</strong></span> <span class='ocrx_word' id='word_1_883' title='bbox 2675 4761 2769 4833; x_wconf 79' lang='lat' dir='ltr'><strong>pro</strong></span> <span class='ocrx_word' id='word_1_884' title='bbox 2807 4764 2868 4818; x_wconf 87' lang='lat' dir='ltr'><strong>P.</strong></span> <span class='ocrx_word' id='word_1_885' title='bbox 2910 4763 3129 4831; x_wconf 89' lang='lat' dir='ltr'><strong>Quintio</strong></span> <span class='ocrx_word' id='word_1_886' title='bbox 3174 4761 3378 4821; x_wconf 89' lang='lat' dir='ltr'><strong>monuit</strong></span> <span class='ocrx_word' id='word_1_887' title='bbox 3426 4761 3627 4818; x_wconf 88' lang='lat' dir='ltr'><strong>debere</strong></span> 
     </span>
    </p>
   </div>
   <div class='ocr_carea' id='block_1_121' title="bbox 2031 4836 3624 4907">
    <p class='ocr_par' dir='ltr' id='par_1_121' title="bbox 2031 4836 3624 4907">
     <span class='ocr_line' id='line_1_123' title="bbox 2031 4836 3624 4907; baseline -0.002 -16"><span class='ocrx_word' id='word_1_888' title='bbox 2031 4851 2248 4907; x_wconf 88' lang='lat' dir='ltr'><strong>semper</strong></span> <span class='ocrx_word' id='word_1_889' title='bbox 2270 4837 2429 4891; x_wconf 90' lang='lat' dir='ltr'><strong>scribi</strong></span> <span class='ocrx_word' id='word_1_890' title='bbox 2453 4836 2643 4907; x_wconf 84' lang='lat' dir='ltr'><strong>quoties</strong></span> <span class='ocrx_word' id='word_1_891' title='bbox 2663 4845 2708 4888; x_wconf 84' lang='lat' dir='ltr'><strong>et</strong></span> <span class='ocrx_word' id='word_1_892' title='bbox 2740 4836 2880 4890; x_wconf 86' lang='lat' dir='ltr'><strong>toties</strong></span> <span class='ocrx_word' id='word_1_893' title='bbox 2915 4874 2929 4900; x_wconf 94' lang='lat'><strong>,</strong></span> <span class='ocrx_word' id='word_1_894' title='bbox 2983 4849 3222 4888; x_wconf 87' lang='lat' dir='ltr'><strong>errorem</strong></span> <span class='ocrx_word' id='word_1_895' title='bbox 3265 4849 3396 4888; x_wconf 87' lang='lat' dir='ltr'><strong>vero</strong></span> <span class='ocrx_word' id='word_1_896' title='bbox 3439 4847 3624 4888; x_wconf 89' lang='lat' dir='ltr'><strong>eorum</strong></span> 
     </span>
    </p>
   </div>
   <div class='ocr_carea' id='block_1_122' title="bbox 2033 4907 3627 4978">
    <p class='ocr_par' dir='ltr' id='par_1_122' title="bbox 2033 4907 3627 4978">
     <span class='ocr_line' id='line_1_124' title="bbox 2033 4907 3627 4978; baseline -0.001 -16"><span class='ocrx_word' id='word_1_897' title='bbox 2033 4910 2120 4978; x_wconf 86' lang='lat' dir='ltr'><strong>qui</strong></span> <span class='ocrx_word' id='word_1_898' title='bbox 2154 4916 2444 4977; x_wconf 84' lang='lat' dir='ltr'><strong>posuerunt</strong></span> <span class='ocrx_word' id='word_1_899' title='bbox 2460 4907 2686 4976; x_wconf 81' lang='lat' dir='ltr'><strong>quotiens</strong></span> <span class='ocrx_word' id='word_1_900' title='bbox 2703 4915 2748 4958; x_wconf 88' lang='lat' dir='ltr'><strong>et</strong></span> <span class='ocrx_word' id='word_1_901' title='bbox 2772 4907 3149 4978; x_wconf 67' lang='lat' dir='ltr'><strong>totiensorttim</strong></span> <span class='ocrx_word' id='word_1_902' title='bbox 3171 4920 3294 4978; x_wconf 83' lang='lat' dir='ltr'><strong>esse</strong></span> <span class='ocrx_word' id='word_1_903' title='bbox 3307 4920 3370 4961; x_wconf 84' lang='lat' dir='ltr'><strong>ex</strong></span> <span class='ocrx_word' id='word_1_904' title='bbox 3398 4918 3627 4978; x_wconf 80' lang='lat' dir='ltr'><strong>consue-</strong></span> 
     </span>
    </p>
   </div>
   <div class='ocr_carea' id='block_1_123' title="bbox 2035 4976 3627 5048">
    <p class='ocr_par' dir='ltr' id='par_1_123' title="bbox 2035 4976 3627 5048">
     <span class='ocr_line' id='line_1_125' title="bbox 2035 4976 3627 5048; baseline -0.002 -15"><span class='ocrx_word' id='word_1_905' title='bbox 2035 4976 2219 5033; x_wconf 68' lang='lat' dir='ltr'><strong>tudine</strong></span> <span class='ocrx_word' id='word_1_906' title='bbox 2249 4994 2349 5048; x_wconf 89' lang='lat' dir='ltr'><strong>qua</strong></span> <span class='ocrx_word' id='word_1_907' title='bbox 2376 4979 2661 5048; x_wconf 70' lang='lat' dir='ltr'><strong>utebantur</strong></span> <span class='ocrx_word' id='word_1_908' title='bbox 2683 4977 3043 5048; x_wconf 83' lang='lat' dir='ltr'><strong>antiquissimi</strong></span> <span class='ocrx_word' id='word_1_909' title='bbox 3075 4976 3324 5041; x_wconf 79' lang='lat' dir='ltr'><strong>Rmnani,</strong></span> <span class='ocrx_word' id='word_1_910' title='bbox 3347 4977 3433 5046; x_wconf 90' lang='lat' dir='ltr'><strong>qui</strong></span> <span class='ocrx_word' id='word_1_911' title='bbox 3462 4977 3627 5048; x_wconf 49' lang='lat' dir='ltr'><strong>intere</strong></span> 
     </span>
    </p>
   </div>
   <div class='ocr_carea' id='block_1_124' title="bbox 2035 5047 3624 5119">
    <p class='ocr_par' dir='ltr' id='par_1_124' title="bbox 2035 5047 3624 5119">
     <span class='ocr_line' id='line_1_126' title="bbox 2035 5047 3624 5119; baseline -0.002 -14"><span class='ocrx_word' id='word_1_912' title='bbox 2035 5051 2163 5105; x_wconf 91' lang='lat' dir='ltr'><strong>dum</strong></span> <span class='ocrx_word' id='word_1_913' title='bbox 2197 5047 2452 5104; x_wconf 86' lang='lat' dir='ltr'><strong>notabant</strong></span> <span class='ocrx_word' id='word_1_914' title='bbox 2483 5047 2717 5102; x_wconf 81' lang='lat' dir='ltr'><strong>vocalem</strong></span> <span class='ocrx_word' id='word_1_915' title='bbox 2746 5064 2792 5108; x_wconf 91' lang='lat' dir='ltr'><strong>e,</strong></span> <span class='ocrx_word' id='word_1_916' title='bbox 2817 5047 2860 5103; x_wconf 75' lang='lat' dir='ltr'><strong>Si</strong></span> <span class='ocrx_word' id='word_1_917' title='bbox 2893 5049 3050 5119; x_wconf 82' lang='lat' dir='ltr'><strong>longa</strong></span> <span class='ocrx_word' id='word_1_918' title='bbox 3076 5057 3249 5115; x_wconf 88' lang='lat' dir='ltr'><strong>esset,</strong></span> <span class='ocrx_word' id='word_1_919' title='bbox 3284 5048 3433 5119; x_wconf 85' lang='lat' dir='ltr'><strong>linea</strong></span> <span class='ocrx_word' id='word_1_920' title='bbox 3482 5047 3624 5102; x_wconf 89' lang='lat' dir='ltr'><strong>tenui</strong></span> 
     </span>
    </p>
   </div>
   <div class='ocr_carea' id='block_1_125' title="bbox 2037 5118 3622 5190">
    <p class='ocr_par' dir='ltr' id='par_1_125' title="bbox 2037 5118 3622 5190">
     <span class='ocr_line' id='line_1_127' title="bbox 2037 5118 3622 5190; baseline -0.003 -13"><span class='ocrx_word' id='word_1_921' title='bbox 2037 5132 2090 5177; x_wconf 92' lang='lat' dir='ltr'><strong>et</strong></span> <span class='ocrx_word' id='word_1_922' title='bbox 2121 5137 2225 5174; x_wconf 87' lang='lat' dir='ltr'><strong>non</strong></span> <span class='ocrx_word' id='word_1_923' title='bbox 2257 5122 2327 5173; x_wconf 90' lang='lat' dir='ltr'><strong>ita</strong></span> <span class='ocrx_word' id='word_1_924' title='bbox 2355 5122 2531 5189; x_wconf 85' lang='lat' dir='ltr'><strong>longa,</strong></span> <span class='ocrx_word' id='word_1_925' title='bbox 2563 5120 2662 5173; x_wconf 86' lang='lat' dir='ltr'><strong>hoc</strong></span> <span class='ocrx_word' id='word_1_926' title='bbox 2688 5118 2848 5176; x_wconf 85' lang='lat' dir='ltr'><strong>modo</strong></span> <span class='ocrx_word' id='word_1_927' title='bbox 2868 5160 2881 5184; x_wconf 86' lang='lat'><strong>,</strong></span> <span class='ocrx_word' id='word_1_928' title='bbox 2915 5118 3149 5190; x_wconf 78' lang='lat' dir='ltr'><strong>quoties,</strong></span> <span class='ocrx_word' id='word_1_929' title='bbox 3176 5119 3356 5183; x_wconf 75' lang='lat' dir='ltr'><strong>toties,</strong></span> <span class='ocrx_word' id='word_1_930' title='bbox 3390 5118 3622 5190; x_wconf 89' lang='lat' dir='ltr'><strong>hincque</strong></span> 
     </span>
    </p>
   </div>
   <div class='ocr_carea' id='block_1_126' title="bbox 2038 5189 3626 5263">
    <p class='ocr_par' dir='ltr' id='par_1_126' title="bbox 2038 5189 3626 5263">
     <span class='ocr_line' id='line_1_128' title="bbox 2038 5189 3626 5263; baseline -0.003 -15"><span class='ocrx_word' id='word_1_931' title='bbox 2038 5193 2237 5248; x_wconf 88' lang='lat' dir='ltr'><strong>factum</strong></span> <span class='ocrx_word' id='word_1_932' title='bbox 2264 5200 2410 5263; x_wconf 84' lang='lat' dir='ltr'><strong>esset</strong></span> <span class='ocrx_word' id='word_1_933' title='bbox 2450 5199 2507 5263; x_wconf 82' lang='lat' dir='ltr'><strong>ut</strong></span> <span class='ocrx_word' id='word_1_934' title='bbox 2535 5189 2732 5246; x_wconf 88' lang='lat' dir='ltr'><strong>indocti</strong></span> <span class='ocrx_word' id='word_1_935' title='bbox 2758 5189 3053 5263; x_wconf 83' lang='lat' dir='ltr'><strong>scriptores</strong></span> <span class='ocrx_word' id='word_1_936' title='bbox 3083 5191 3309 5256; x_wconf 88' lang='lat' dir='ltr'><strong>librarii,</strong></span> <span class='ocrx_word' id='word_1_937' title='bbox 3328 5203 3456 5263; x_wconf 70' lang='lat' dir='ltr'><strong>cum</strong></span> <span class='ocrx_word' id='word_1_938' title='bbox 3481 5189 3626 5243; x_wconf 87' lang='lat' dir='ltr'><strong>cxis-</strong></span> 
     </span>
    </p>
   </div>
   <div class='ocr_carea' id='block_1_127' title="bbox 2040 5259 3622 5326">
    <p class='ocr_par' dir='ltr' id='par_1_127' title="bbox 2040 5259 3622 5326">
     <span class='ocr_line' id='line_1_129' title="bbox 2040 5259 3622 5326; baseline -0.003 -8"><span class='ocrx_word' id='word_1_939' title='bbox 2040 5264 2292 5318; x_wconf 89' lang='lat' dir='ltr'><strong>timarent</strong></span> <span class='ocrx_word' id='word_1_940' title='bbox 2333 5261 2582 5317; x_wconf 83' lang='lat' dir='ltr'><strong>lineolain</strong></span> <span class='ocrx_word' id='word_1_941' title='bbox 2636 5263 2782 5317; x_wconf 85' lang='lat' dir='ltr'><strong>illam</strong></span> <span class='ocrx_word' id='word_1_942' title='bbox 2821 5259 2992 5317; x_wconf 83' lang='lat' dir='ltr'><strong>vicem</strong></span> <span class='ocrx_word' id='word_1_943' title='bbox 3040 5262 3284 5316; x_wconf 87' lang='lat' dir='ltr'><strong>obtinere</strong></span> <span class='ocrx_word' id='word_1_944' title='bbox 3328 5259 3519 5314; x_wconf 68' lang='lat' dir='ltr'><strong>IIllel&#39;lE</strong></span> <span class='ocrx_word' id='word_1_945' title='bbox 3566 5275 3622 5326; x_wconf 79' lang='grc' dir='ltr'><strong>η,</strong></span> 
     </span>
    </p>
   </div>
   <div class='ocr_carea' id='block_1_128' title="bbox 2038 5330 3625 5404">
    <p class='ocr_par' dir='ltr' id='par_1_128' title="bbox 2038 5330 3625 5404">
     <span class='ocr_line' id='line_1_130' title="bbox 2038 5330 3625 5404; baseline -0.003 -15"><span class='ocrx_word' id='word_1_946' title='bbox 2038 5333 2607 5404; x_wconf 85' lang='lat' dir='ltr'><strong>scripserintquotiens</strong></span> <span class='ocrx_word' id='word_1_947' title='bbox 2636 5343 2691 5388; x_wconf 88' lang='lat' dir='ltr'><strong>et</strong></span> <span class='ocrx_word' id='word_1_948' title='bbox 2715 5335 2916 5389; x_wconf 88' lang='lat' dir='ltr'><strong>totiens.</strong></span> <span class='ocrx_word' id='word_1_949' title='bbox 2947 5332 3105 5388; x_wconf 86' lang='lat' dir='ltr'><strong>Addit</strong></span> <span class='ocrx_word' id='word_1_950' title='bbox 3137 5341 3318 5386; x_wconf 85' lang='lat' dir='ltr'><strong>autem</strong></span> <span class='ocrx_word' id='word_1_951' title='bbox 3333 5330 3625 5385; x_wconf 88' lang='lat' dir='ltr'><strong>Lambinus</strong></span> 
     </span>
    </p>
   </div>
   <div class='ocr_carea' id='block_1_129' title="bbox 2042 5403 3627 5475">
    <p class='ocr_par' dir='ltr' id='par_1_129' title="bbox 2042 5403 3627 5475">
     <span class='ocr_line' id='line_1_131' title="bbox 2042 5403 3627 5475; baseline -0.001 -17"><span class='ocrx_word' id='word_1_952' title='bbox 2042 5403 2180 5459; x_wconf 85' lang='lat' dir='ltr'><strong>hanc</strong></span> <span class='ocrx_word' id='word_1_953' title='bbox 2210 5406 2526 5475; x_wconf 81' lang='lat' dir='ltr'><strong>scripturam</strong></span> <span class='ocrx_word' id='word_1_954' title='bbox 2545 5403 2867 5475; x_wconf 86' lang='lat' dir='ltr'><strong>jampridem</strong></span> <span class='ocrx_word' id='word_1_955' title='bbox 2883 5405 3054 5475; x_wconf 85' lang='lat' dir='ltr'><strong>tacito</strong></span> <span class='ocrx_word' id='word_1_956' title='bbox 3075 5404 3313 5458; x_wconf 91' lang='lat' dir='ltr'><strong>omnium</strong></span> <span class='ocrx_word' id='word_1_957' title='bbox 3336 5415 3627 5475; x_wconf 73' lang='lat' dir='ltr'><strong>consensu</strong></span> 
     </span>
    </p>
   </div>
   <div class='ocr_carea' id='block_1_130' title="bbox 2042 5472 3624 5547">
    <p class='ocr_par' dir='ltr' id='par_1_130' title="bbox 2042 5472 3624 5547">
     <span class='ocr_line' id='line_1_132' title="bbox 2042 5472 3624 5547; baseline -0.003 -16"><span class='ocrx_word' id='word_1_958' title='bbox 2042 5475 2267 5547; x_wconf 87' lang='lat' dir='ltr'><strong>ejectam</strong></span> <span class='ocrx_word' id='word_1_959' title='bbox 2293 5472 2347 5530; x_wconf 85' lang='lat' dir='ltr'><strong>et</strong></span> <span class='ocrx_word' id='word_1_960' title='bbox 2367 5472 2640 5547; x_wconf 63' lang='lat' dir='ltr'><strong>explosum</strong></span> <span class='ocrx_word' id='word_1_961' title='bbox 2663 5472 2802 5547; x_wconf 82' lang='lat' dir='ltr'><strong>esse.</strong></span> <span class='ocrx_word' id='word_1_962' title='bbox 2834 5474 2964 5533; x_wconf 71' lang='lat' dir='ltr'><strong>Vide</strong></span> <span class='ocrx_word' id='word_1_963' title='bbox 2990 5474 3148 5547; x_wconf 84' lang='lat' dir='ltr'><strong>etiam</strong></span> <span class='ocrx_word' id='word_1_964' title='bbox 3167 5488 3287 5547; x_wconf 78' lang='lat' dir='ltr'><strong>quae</strong></span> <span class='ocrx_word' id='word_1_965' title='bbox 3317 5472 3383 5528; x_wconf 89' lang='lat' dir='ltr'><strong>de</strong></span> <span class='ocrx_word' id='word_1_966' title='bbox 3410 5472 3513 5547; x_wconf 89' lang='lat' dir='ltr'><strong>b_o_c</strong></span> <span class='ocrx_word' id='word_1_967' title='bbox 3536 5487 3624 5526; x_wconf 89' lang='lat' dir='ltr'><strong>ar-</strong></span> 
     </span>
    </p>
   </div>
   <div class='ocr_carea' id='block_1_131' title="bbox 2077 5542 3625 5617">
    <p class='ocr_par' dir='ltr' id='par_1_131' title="bbox 2077 5542 3625 5617">
     <span class='ocr_line' id='line_1_133' title="bbox 2077 5542 3625 5617; baseline -0.001 -16"><span class='ocrx_word' id='word_1_968' title='bbox 2077 5542 2294 5601; x_wconf 84' lang='lat' dir='ltr'><strong>umento</strong></span> <span class='ocrx_word' id='word_1_969' title='bbox 2318 5542 2816 5617; x_wconf 84' lang='lat' dir='ltr'><strong>scripsitAntonius</strong></span> <span class='ocrx_word' id='word_1_970' title='bbox 2854 5542 3201 5617; x_wconf 80' lang='lat' dir='ltr'><strong>Augustinus,</strong></span> <span class='ocrx_word' id='word_1_971' title='bbox 3227 5544 3321 5600; x_wconf 89' lang='lat' dir='ltr'><strong>lib.</strong></span> <span class='ocrx_word' id='word_1_972' title='bbox 3364 5560 3400 5600; x_wconf 91' lang='lat' dir='ltr'><strong>ll</strong></span> <span class='ocrx_word' id='word_1_973' title='bbox 3430 5542 3625 5607; x_wconf 78' lang='lat' dir='ltr'><strong>Emen-</strong></span> 
     </span>
    </p>
   </div>
   <div class='ocr_carea' id='block_1_132' title="bbox 2034 5562 3189 5688">
    <p class='ocr_par' dir='ltr' id='par_1_132' title="bbox 2034 5562 3189 5688">
     <span class='ocr_line' id='line_1_134' title="bbox 2077 5562 3189 5617; baseline -0.001 -16"><span class='ocrx_word' id='word_1_974' title='bbox 2077 5562 2294 5601; x_wconf 88' lang='lat' dir='ltr'><strong>umento</strong></span> <span class='ocrx_word' id='word_1_975' title='bbox 2318 5562 2533 5617; x_wconf 84' lang='lat' dir='ltr'><strong>scrtpsu</strong></span> <span class='ocrx_word' id='word_1_976' title='bbox 2552 5562 2816 5601; x_wconf 67' lang='lat' dir='ltr'><strong>antomus</strong></span> <span class='ocrx_word' id='word_1_977' title='bbox 2854 5562 3189 5617; x_wconf 69' lang='lat' dir='ltr'><strong>augusunus</strong></span> 
     </span>
     <span class='ocr_line' id='line_1_135' title="bbox 2034 5562 3189 5688; baseline -0.001 -16"><span class='ocrx_word' id='word_1_978' title='bbox 2034 5562 2316 5685; x_wconf 58' lang='lat' dir='ltr'><strong>gationum,</strong></span> <span class='ocrx_word' id='word_1_979' title='bbox 2348 5632 2466 5688; x_wconf 90' lang='lat' dir='ltr'><strong>cap.</strong></span> <span class='ocrx_word' id='word_1_980' title='bbox 2502 5615 2554 5671; x_wconf 84' lang='lat'><strong>6.</strong></span> <span class='ocrx_word' id='word_1_981' title='bbox 2676 5686 2715 5688; x_wconf 36' lang='lat' dir='ltr'><strong>ﬂ</strong></span> <span class='ocrx_word' id='word_1_982' title='bbox 2842 5686 2852 5688; x_wconf 20' lang='lat'><em>4</em></span> <span class='ocrx_word' id='word_1_983' title='bbox 2952 5687 2958 5688; x_wconf 14' lang='grc' dir='ltr'>ί</span> <span class='ocrx_word' id='word_1_984' title='bbox 3186 5622 3189 5625; x_wconf 76' lang='grc'><em>’</em></span> 
     </span>
    </p>
   </div>
   <div class='ocr_carea' id='block_1_133' title="bbox 2107 5685 3626 5761">
    <p class='ocr_par' dir='ltr' id='par_1_133' title="bbox 2107 5685 3626 5761">
     <span class='ocr_line' id='line_1_136' title="bbox 2107 5685 3626 5761; baseline -0.001 -18"><span class='ocrx_word' id='word_1_985' title='bbox 2107 5687 2359 5761; x_wconf 82' lang='lat' dir='ltr'><strong>Prompt.</strong></span> <span class='ocrx_word' id='word_1_986' title='bbox 2386 5685 2448 5742; x_wconf 70' lang='lat' dir='ltr'><strong>a&#39;c</strong></span> <span class='ocrx_word' id='word_1_987' title='bbox 2476 5688 2642 5761; x_wconf 74' lang='lat' dir='ltr'><strong>fortis.</strong></span> <span class='ocrx_word' id='word_1_988' title='bbox 2673 5686 2820 5761; x_wconf 81' lang='lat' dir='ltr'><strong>lianc</strong></span> <span class='ocrx_word' id='word_1_989' title='bbox 2840 5686 3126 5761; x_wconf 83' lang='lat' dir='ltr'><strong>lectionem</strong></span> <span class='ocrx_word' id='word_1_990' title='bbox 3153 5688 3331 5761; x_wconf 86' lang='lat' dir='ltr'><strong>reperi</strong></span> <span class='ocrx_word' id='word_1_991' title='bbox 3375 5687 3430 5761; x_wconf 88' lang='lat' dir='ltr'><strong>in</strong></span> <span class='ocrx_word' id='word_1_992' title='bbox 3456 5685 3626 5743; x_wconf 78' lang='lat' dir='ltr'><strong>unde~</strong></span> 
     </span>
    </p>
   </div>
   <div class='ocr_carea' id='block_1_134' title="bbox 2035 5757 3623 5842">
    <p class='ocr_par' dir='ltr' id='par_1_134' title="bbox 2035 5757 3623 5842">
     <span class='ocr_line' id='line_1_137' title="bbox 2035 5757 3623 5842; baseline -0.003 -24"><span class='ocrx_word' id='word_1_993' title='bbox 2035 5759 2138 5819; x_wconf 89' lang='lat' dir='ltr'><strong>cim</strong></span> <span class='ocrx_word' id='word_1_994' title='bbox 2191 5757 2488 5842; x_wconf 76' lang='lat' dir='ltr'><strong>codicibus</strong></span> <span class='ocrx_word' id='word_1_995' title='bbox 2520 5758 2779 5832; x_wconf 88' lang='lat' dir='ltr'><strong>antiquis.</strong></span> <span class='ocrx_word' id='word_1_996' title='bbox 2825 5757 2945 5821; x_wconf 84' lang='lat' dir='ltr'><strong>Alia</strong></span> <span class='ocrx_word' id='word_1_997' title='bbox 2994 5759 3157 5822; x_wconf 79' lang='lat' dir='ltr'><strong>habet</strong></span> <span class='ocrx_word' id='word_1_998' title='bbox 3198 5757 3507 5833; x_wconf 81' lang='lat' dir='ltr'><strong>fortissimus</strong></span> <span class='ocrx_word' id='word_1_999' title='bbox 3562 5773 3623 5815; x_wconf 93' lang='lat' dir='ltr'><strong>ac</strong></span> 
     </span>
    </p>
   </div>
   <div class='ocr_carea' id='block_1_135' title="bbox 2036 5840 2464 5906">
    <p class='ocr_par' dir='ltr' id='par_1_135' title="bbox 2036 5840 2464 5906">
     <span class='ocr_line' id='line_1_138' title="bbox 2036 5840 2464 5906; baseline -0.002 -19"><span class='ocrx_word' id='word_1_1000' title='bbox 2036 5840 2464 5906; x_wconf 77' lang='lat' dir='ltr'><strong>promptissimus.</strong></span> 
     </span>
    </p>
   </div>
  </div>
