4222 6288
241 218 356 280 52!

1584 210 1921 271 EPISTOLA
1958 209 2202 268 XXXIV.

3446 197 3560 257 322

248 347 444 397 versas,
478 328 734 388 fratribus
773 327 829 384 in
856 327 1106 395 Domino,
1132 325 1380 383 salutem.
1427 325 1777 397 Agnosccnda
1809 336 1863 382 et

1987 323 2366 382 idhzerentibus
2417 321 2507 378 diu
2556 326 2612 376 et
2651 315 3086 390 permanentibus
3121 311 3150 354 (1
3180 312 3353 386 poenis
3381 312 3556 384 longae

251 424 624 496 amplectenda
658 431 800 487 sunt,
851 422 1041 476 fratres
1073 418 1426 487 dilectissimi,
1469 417 1723 474 beneficia
1771 417 1856 472 di-

255 521 400 585 vina,
431 517 622 588 quibus
646 512 938 568 Ecclesiam
967 526 1115 566 suam
1144 511 1400 566 Dominus
1427 509 1693 565 iliustrare
1720 517 1856 564 tem-

255 612 475 682 poribus
499 608 698 662 nostris
719 613 774 662 et
802 604 1084 660 honestare
1110 604 1355 674 dignatus
1377 613 1478 669 ρει,
1504 611 1859 658 cmmneatum

257 703 434 759 dando
466 700 620 756 bonis
650 697 1050 755 confessoribus
1088 697 1202 752 suis
1230 706 1280 751 et
1308 695 1633 766 martyribus
1659 693 1860 763 glorio-

256 797 354 864 sis,
373 805 448 859 ut,
465 794 555 865 qui
576 793 877 848 sublimiter
891 790 1162 845 Christum
1177 787 1410 845 confessi
1431 797 1634 853 essent,
1656 787 1860 841 clerum

261 886 605 961 postmodum
631 884 830 940 Christi
861 882 1170 938 ministeriis
1210 880 1587 938 ecclesiasticis
1631 878 1861 933 adorna-

256 991 404 1038 rent.
436 978 687 1035 Exultate
712 977 892 1047 itaque
945 983 1000 1030 et
1055 974 1282 1044 gaudete
1310 974 1590 1028 nobiscum
1619 971 1810 1026 litteris
1836 981 1863 1008 α

257 1077 480 1140 nostris,
529 1072 725 1144 quibus
769 1085 869 1140 ego
912 1079 968 1124 et
1008 1069 1226 1139 collega:
1281 1067 1384 1122 mei
1443 1066 1531 1136 qui
1571 1073 1866 1134 praesentes

257 1171 504 1234 aderant,
531 1165 816 1222 referimus
832 1163 899 1219 ad
924 1177 1020 1217 vos
1034 1161 1341 1217 Celerinum
1359 1159 1576 1215 fratrem
1594 1165 1836 1212 nostrum
1849 1196 1863 1222 ,

256 1261 546 1317 virtutibus
575 1256 782 1329 pariter
811 1264 868 1311 et
899 1255 1137 1310 moribus
1165 1252 1642 1325 gloriosum,elero
1660 1259 1862 1314 nostro,

259 1371 374 1410 non
396 1354 624 1408 humana
653 1350 1032 1420 suffragatione
1051 1347 1148 1404 sed
1178 1348 1356 1403 divina
1384 1346 1694 1417 dignatione
1737 1358 1868 1398 con-

251 1451 524 1520 junctum.
550 1445 650 1514 Qui
668 1458 789 1500 cum
806 1443 1113 1499 consentire
1131 1441 1397 1496 dubitaret
1414 1438 1678 1504 ecclesiae,
1703 1436 1868 1505 ipsius

257 1539 538 1596 admonitu
561 1547 618 1593 et
637 1537 853 1591 hortatu
882 1536 933 1589 in
981 1535 1188 1589 visione
1217 1548 1313 1603 per
1334 1540 1542 1588 noctem
1564 1531 1869 1599 compulsus

257 1645 352 1690 est
373 1650 440 1689 ne
463 1640 683 1703 negaret
714 1628 740 1668 ι)
785 1629 942 1685 nobis
968 1626 1334 1683 suadentibus.
1364 1623 1460 1681 Cui
1493 1625 1611 1695 plus
1636 1623 1788 1678 licuit
1817 1629 1871 1675 et

1961 419 2349 474 colluctationis
2389 414 2647 472 miraculo
2689 411 3065 481 triumphator.
3109 410 3212 465 Per
3267 409 3452 464 decem
3505 414 3561 462 ct

1963 528 2152 567 novem
2177 511 2292 567 dies
2313 509 2553 567 custodia
2584 506 2818 563 carceris
2847 513 3030 573 septus
3053 502 3104 556 in
3135 515 3298 557 nervo
3325 515 3389 555 ac
3416 499 3559 553 ferro

1963 605 2081 668 fuit;
2113 604 2231 674 sed,
2269 604 2445 674 posito
2471 603 2523 657 in
2553 601 2781 656 vinculis
2810 612 3056 668 corpore,
3089 595 3295 650 solutus
3333 608 3396 646 ac
3426 591 3563 647 liber

1965 700 2183 770 spiritus
2215 699 2429 754 mansit.
2461 696 2598 750 Caro
2631 695 2786 749 famis
2811 709 2874 748 ac
2910 692 3029 747 sitis
3052 689 3400 745 diuturnitate
3427 701 3564 742 con-

1965 793 2153 858 tabuit,
2171 792 2264 847 sed
2283 791 2514 846 animam
2532 789 2634 844 fide
2655 787 2915 843 ctvirlule
2939 785 3202 841 viventem
3217 779 3560 837 nutrimentis

1966 885 2294 954 spiritalibus
2322 884 2461 937 Dens
2489 882 2649 952 pavit.
2676 878 2854 936 Jacuit
2886 877 3025 932 inter
3046 889 3230 945 pmnas
3255 873 3428 943 poenis
3451 871 3562 927 suis

1969 976 2176 1043 fortior,
2210 977 2446 1032 inclusus
2476 972 2873 1030 includentibus
2909 970 3080 1040 major
3111 1011 3126 1037 ,
3165 971 3350 1038 jacens
3373 966 3564 1021 stanti-

1966 1071 2067 1126 bus
2092 1070 2304 1136 celsior,
2342 1068 2694 1123 vincientibus
2724 1065 2928 1119 firmior
2957 1065 3166 1119 vinctus
3195 1072 3242 1127 ο,
3285 1058 3567 1114 sublimior

1965 1162 2330 1232 iudicantibus
2351 1161 2656 1230 judicatus;
2688 1167 2743 1213 et
2767 1155 3010 1227 quamvis
3037 1152 3182 1223 ligati
3210 1167 3375 1206 nervo
3405 1149 3571 1220 pedes

1970 1262 2172 1321 essent,
2200 1253 2436 1308 calcatus
2463 1265 2685 1320 serpens
2713 1258 2768 1304 et
2795 1248 3022 1302 obtritus
3045 1253 3100 1300 et
3131 1243 3306 1299 victus
3334 1249 3437 1296 est.
3467 1239 3574 1294 Lu-

1971 1357 2095 1405 cent
2123 1349 2175 1402 in
2220 1360 2446 1416 corpore
2473 1343 2709 1414 glorioso
2746 1341 2894 1395 clara
2923 1338 3204 1393 vulnerum
3235 1335 3406 1405 signa,
3434 1332 3572 1388 emi-

1973 1454 2101 1500 nent
2129 1453 2183 1498 et
2212 1449 2471 1512 apparent
2528 1436 2547 1474 ῖ
2609 1440 2661 1492 in
2700 1435 2880 1491 nervis
2920 1431 3152 1487 hominis
3197 1445 3261 1484 ac
3318 1426 3574 1483 membris

1974 1542 2128 1610 longa
2152 1537 2272 1592 tabe
2293 1531 2625 1603 consumptis
2644 1543 2897 1600 expressa
2921 1525 3164 1597 vestigia.
3192 1524 3329 1579 Sunt
3357 1535 3571 1592 magna,

1974 1642 2099 1687 sunt
2128 1631 2259 1686 mira
2291 1643 2409 1699 qua:
2442 1627 2512 1682 de
2539 1623 2827 1679 virtutibus
2856 1620 2972 1688 eius
3001 1634 3065 1674 ac
3106 1617 3354 1672 laudibus
3383 1614 3574 1668 frater-

257 1727 446 1797 coegit
491 1725 612 1794 quia
655 1737 756 1778 nec
794 1720 874 1776 fas
904 1719 1074 1774 fuerat
1127 1733 1227 1774 nec
1263 1716 1487 1773 decebat
1518 1715 1635 1770 sine
1667 1714 1872 1768 honore

1987 1725 2114 1781 nitas
2143 1721 2341 1776 audiat.
2361 1718 2428 1773 Et
2449 1718 2495 1772 si
2518 1714 2709 1784 aliquis
2735 1711 2956 1767 Thomae
2985 1708 3173 1763 similis
3195 1705 3460 1762 exstiterit
3485 1701 3577 1774 qui

254 1816 640 1873 ecclesiastico
654 1829 772 1870 esse
792 1804 950 1884 quem
969 1811 1046 1866 sic
1066 1810 1323 1867 Dominus
1339 1806 1622 1864 honoravit
1638 1804 1874 1862 cmlcstis

257 1909 456 1980 gloriae
495 1907 768 1978 dignitate.

343 1999 408 2054 ll.
443 1998 538 2053 Hic
567 1997 631 2052 ad
663 1995 917 2066 temporis
949 1995 1116 2051 nostri
1147 1993 1390 2065 pratlium
1419 1990 1624 2062 primus
1674 2000 1695 2027 ε
1722 2027 1738 2054 ,
1787 1985 1876 2043 hic

264 2092 417 2147 inter
445 2089 644 2146 Christi
683 2089 881 2143 milites
910 2089 1311 2158 antesignanus,
1335 2084 1425 2140 hic
1454 2085 1592 2138 inter
1619 2094 1874 2152 persecu-

263 2184 434 2240 tionis
464 2183 609 2238 iuilia
653 2181 914 2238 ferventia
941 2196 1062 2236 cum
1094 2181 1211 2251 ipso
1243 2177 1605 2235 infestationis
1633 2172 1875 2245 principe

264 2285 329 2334 et
368 2283 588 2331 auctore
629 2287 973 2345 congressus,
1013 2272 1139 2328 dum
1185 2268 1585 2341 inexpugnabili
1626 2265 1880 2320 firmitate

265 2367 586 2424 certaminis
630 2367 713 2422 sui
757 2366 1124 2420 adversarium
1156 2364 1341 2427 vincit,
1387 2359 1629 2415 vittt‘cndi
1673 2356 1884 2412 cmteris

267 2462 415 2516 viam
437 2461 583 2530 fecit,
608 2475 714 2516 non
744 2459 892 2515 brevi
918 2457 1242 2530 compendio
1267 2456 1546 2511 vulnerum
1573 2453 1760 2517 victor,
1793 2447 1888 2502 sed

1980 1818 2157 1874 minus
2201 1812 2419 1869 auribus
2471 1808 2678 1874 credat,
2727 1820 2827 1860 nec
2863 1803 3138 1858 oculorum
3174 1799 3305 1854 fides
3341 1797 3492 1852 deest
3518 1803 3578 1848 nt

1979 1910 2096 1980 quis
2112 1905 2251 1977 quod
2273 1904 2419 1959 audit
2451 1911 2504 1957 et
2527 1897 2799 1954 videat.In
2821 1909 2980 1951 servo
3005 1892 3097 1949 Dei
3114 1890 3388 1947 victoriam
3410 1888 3578 1959 gloria

1979 2003 2254 2058 vulnerum
2277 1997 2422 2062 fecit,
2442 1995 2665 2066 gloriam
2680 1989 2987 2047 cicatricum
3012 1986 3269 2043 memoria
3288 1995 3311 2032 [ξ
3325 1981 3578 2039 custodit.

2049 2094 2128 2150 III.
2168 2092 2275 2146 Nec
2293 2089 2437 2144 rudis
2475 2089 2575 2143 iste
2599 2095 2691 2140 aut
2716 2098 2885 2139 novus
2927 2089 3011 2137 est
3035 2080 3087 2135 in
3108 2077 3354 2134 Celerino
3375 2074 3583 2130 charis—

1980 2187 2119 2242 simo
2148 2192 2333 2239 nostro
2360 2180 2542 2235 titulus
2570 2177 2867 2248 gloriarum
2893 2193 2905 2239 ;
2934 2188 3032 2244 per
3062 2170 3283 2240 vestigia
3310 2166 3584 2238 cognatio~

1985 2281 2068 2335 nis
2094 2293 2203 2333 sua:
2243 2275 2484 2347 graditur
2508 2315 2522 2337 ,
2583 2270 2890 2341 parentibus
2919 2282 2980 2321 ac
3008 2262 3321 2336 propinquis
3348 2261 3460 2316 suis
3487 2259 3585 2315 ho-

1990 2387 2118 2428 nore
2148 2367 2411 2425 consimili
2449 2365 2642 2421 divina:
2667 2361 2990 2433 dignationis
3019 2365 3278 2427 aequatur.
3309 2355 3441 2410 Avia
3471 2353 3587 2424 ejus

1992 2463 2240 2519 Celerina
2263 2460 2372 2531 jam
2404 2455 2609 2528 pridem
2641 2454 2897 2525 martyrio
2925 2457 3176 2506 coronata
3205 2456 3306 2504 est.
3338 2446 3467 2503 Item
3494 2461 3591 2518 ρει-ο

1503 2561 1889 2622 LECTIONES
1953 2551 2370 2611 VARIANTES.

339 2673 366 2736 β
392 2671 561 2736 I_.ectis
581 2668 760 2718 litteris
779 2668 939 2736 Oxon.
962 2676 1025 2717 ea:
1043 2662 1202 2715 multis
1217 2662 1314 2712 edd
1325 2701 1335 2711 .
1356 2668 1398 2711 et
1415 2658 1561 2710 codd.

336 2730 368 2769 1)
398 2733 482 2784 Est
507 2738 720 2792 negaret
744 2727 918 2792 Rigalt.

339 2799 362 2826 ε
393 2781 605 2844 Primus”
625 2781 880 2844 ingressus
904 2789 1038 2840 Lam.
1075 2786 1221 2837 Ebor.
1259 2787 1381 2836 Ben.
1409 2781 1515 2834 ΝΟ.
1543 2782 1588 2830 1.

337 2858 368 2898 d
395 2850 783 2906 Admanentibus
805 2850 950 2902 Corb.

2025 2651 2048 2676 θ
2072 2643 2454 2694 Vincentibus...
2499 2641 2654 2688 victus
2679 2634 2833 2686 Ebor.
2861 2636 2906 2685 Ν
2915 2635 2969 2686 C.
3007 2634 3054 2682 4.

2029 2707 2048 2745 τ
2078 2707 2312 2755 Eminent
2334 2708 2632 2765 apparenter
2664 2701 2801 2765 Laut.
2844 2698 2970 2765 Boii.
3002 2697 3047 2755 1,
3074 2697 3124 2765 1’1:

2029 2773 2055 2811 ε
2081 2768 2245 2820 Gloria
2267 2755 2543 2816 cicatricum
2586 2762 2870 2813 memoriam
2909 2759 3043 2809 Lam.
3070 2755 3216 2810 Ebor.
3242 2757 3351 2810 NG.
3388 2757 3439 2809 1.

1545 2926 1626 2983 ST
1636 2923 1789 2979 EPII.
1833 2915 2104 2976 BALUZII
2145 2911 2375 2968 NOTAE.

279 3054 508 3110 bertinre
556 3050 634 3104 sic
686 3048 944 3118 scriptum
989 3057 1073 3118 est
1125 3045 1176 3118 in
1212 3042 1363 3118 titulo
1409 3033 1964 3118 istiusEpistolaazc

518 3121 752 3194 Epistola
782 3106 967 3194 sancti
997 3116 1242 3194 Cypriani
1283 3113 1506 3194 episcOpi
1552 3112 1617 3194 de
1645 3106 1892 3194 Celei-ina

267 3175 471 3256 .lé'c't'a'té
506 3175 579 3246 ad
616 3192 832 3262 plebem,
883 3175 1270 3262 cuiusvnatalis
1293 3175 1573 3262 c'elclgr'atur
1600 3181 1748 3262 tertio
1780 3175 1894 3258 No-

287 3249 380 3322 nas
402 3249 696 3320 Februarii.
730 3249 910 3317 Recte.
929 3249 1061 3330 Ejus
1089 3255 1356 3330 enimbac
1388 3254 1708 3330 die_m_cn_tio
1725 3258 1810 3330 est
1837 3249 1890 3330 i_n

285 3319 706 3408 martyrologiis.
740 3332 811 3390 At
842 3333 904 3408 in
934 3319 1164 3408 ecclesia
1205 3327 1336 3408 ejus
1359 3321 1797 3408 nomini-dicata,
1824 3319 1893 3374 de

290 3391 392 3478 qna
413 3391 558 3478 .Inox
589 3391 812 3478 dicam,_
838 3403 1030 3456 festum
1059 3401 1188 3478 ejus
1207 3391 1510 3478 celebratur
1539 3391 1890 3478 diesepti'ma

290 3461 514 3534 SIEIII.I|I
544 3461 910 3532 vetustissimo
937 3461 1319 3542 martvroIOgio
1363 3463 1674 3542 monasterii
1720 3461 1892 3542 Gello:

292 3531 494 3613 densis,
528 3531 647 3601 cum
698 3562 803 3616 quo
833 3531 1123 3598 concordat
1161 3531 1312 3616 vet'us
1367 3538 1538 3616 code}
1577 3531 1892 3616 monasterii

293 3619 463 3675 sancti
482 3605 492 3613 ’
514 3618 648 3674 Galli
692 3605 744 3672 in
771 3616 1032 3680 Helvetia,
1058 3613 1360 3669 nominatur
1385 3625 1451 3665 eo
1477 3609 1566 3663 die
1589 3605 1891 3680 (lelerinus,

293 3691 390 3746 sed
419 3689 826 3760 absqueﬂtitulo,
843 3686 928 3756 qui
960 3677 1134 3740 tamen
1158 3685 1212 3737 in
1233 3681 1594 3760 additionihus
1616 3677 1681 3729 ad
1700 3689 1892 3760 povam

297 3746 1116 3817 editionemUsuardi'vocatur
1168 3755 1451 3822 episcopus
1500 3760 1554 3805 et
1581 3746 1890 3822 confessor.

298 3833 354 3888 In
399 3831 598 3887 diocesi
645 3828 1041 3885 Ceuomanensi
1093 3817 1270 3881 exstat
1321 3817 1894 3893 parochialisccclesia

299 3904 398 3960 sub
427 3903 646 3958 nomine
691 3901 858 3956 sancti
887 3898 1118 3954 Celerini
1159 3895 1226 3950 ad
1260 3890 1470 3949 Sa'rtam
1502 3890 1743 3952 ﬂuvium,
1779 3901 1893 3941 me-

300 3977 409 4042 dia,
433 3984 490 4029 ut
533 3974 702 4038 aiunt,
730 3973 811 4026 via
855 3972 995 4024 inter
1037 3968 1241 4042 Bellum
1268 3972 1549 4042 ‘montem.
1579 3971 1635 4042 et
1661 3961 1893 4042 Alarico.-

303 4027 485 4100 milia.
527 4045 600 4099 ibi
663 4027 747 4100 e'st
796 4043 1060 4112 prioratus
1109 4037 1313 4112 ordinis
1346 4033 1553 4112 _sancti
1596 4027 1894 4112 Benedicti.

302 4099 705 4173 Inichartulario
751 4099 1144 4168 Cenomanensi
1174 4107 1391 4177 Majoris
1441 4101 1755 4159 monasterii
1783 4099 1893 4177 T_u-

305 4170 574 4250 ronensis,
597 4203 628 4240 a
654 4203 758 4256 quo
785 4182 1059 4256 dependet,
1094 4181 1181 4234 hic
1208 4170 1496 4256 prioratus,
1527 4181 1736 4256 exstant
1779 4170 1897 4240 plu-

306 4276 394 4315 res
420 4244 620 4314 chartae
648 4244 869 4311 veteres"
899 4244 1226 4308 mentionem
1258 4249 1515 4304 facientes
1553 4244 1714 4313 hujus
1747 4255 1897 4315 paro-

305 4313 635 4386 chiaesancli
661 4325 928 4391 Celerini,
965 4334 1030 4390 et.
1065 4324 1118 4377 in
1156 4337 1338 4391 earum
1371 4333 1475 4374 una
1497 4313 1897 4391 vocatur‘Sere-

308 4383 483 4466 nidis;
509 4383 604 4471 per
624 4411 886 4471 errorem,
914 4383 1196 4471 utopinor.
1215 4390 1348 4471 Nam
1380 4396 1592 4471 constat
1613 4383 1896 4469 ecclesiam

308 4475 452 4528 illam
470 4458 538 4527 'e't
561 4480 793 4526 castrum
832 4458 883 4521 in
912 4458 1098 4521 eodem
1149 4464 1268 4518 loco
1298 4464 1458 4518 situm
1487 4458 1736 4514 habuisse
1756 4469 1898 4509 sem-

309 4560 407 4611 per
450 4543 744 4612 antiquitus
768 4553 972 4612 nomen
1007 4537 1174 4612 sancti
1201 4534 1430 4589 Celerini
1453 4574 1466 4596 ,
1502 4531 1576 4584 uti
1604 4529 1894 4607 etiamnum

309 4595 632 4671 habentfﬁs
661 4626 768 4682 quo
802 4609 975 4679 colligi
1021 4606 1176 4682 facile
1225 4614 1400 4682 potest
1449 4595 1681 4682 castrum
1726 4595 1898 4680 sancti

309 4668 562 4742 Séiéniéi’
619 4668 1095 4738 commemoratum
1152 4668 1238 4732 in'
1276 4675 1506 4730 Historia
1560 4668 1899 4742 ecclesiastica

312 4737 553 4814 δῖ’ὖῖὲίὲῖ
581 4737 766 4811 Vitalis
815 4766 936 4808 esse
980 4751 1249 4805 diversum
1277 4748 1343 4802 ab
1367 4749 1486 4807 isto,
1520 4743 1759 4814 adeoque
1788 4737 1898 4792 falli

312 4812 407 4885 eos
439 4812 548 4897 qui
588 4835 795 4894 sumpta
846 4823 1161 4897 auctoritate
1193 4833 1259 4876 ex
1289 4817 1546 4897 Qrderieo
1585 4812 1797 4897 erroris.
1823 4825 1899 4897 ar:

2069 3028 2110 3084 Ι.
2143 3056 2213 3068 --
2238 3025 2606 3081 Commeatum.
2640 3021 2699 3078 Id
2719 3029 2802 3078 est
2827 3028 3187 3076 commeatum
3243 3019 3593 3090 permanendi

1996 3100 2177 3156 adhuc
2221 3097 2604 3166 aliquantisper
2634 3095 2684 3148 in
2725 3093 2946 3166 sajculo,
2968 3101 3034 3166 _ut
3057 3092 3308 3166 explicat,
3338 3102 3392 3146 et
3421 3101 3592 3156 recte,

1997 3170 2277 3240 Rigaltius.
2311 3162 2749 3240 Hierorﬁmugin
2775 3163 3015 3240 Epistola
3064 3162 3388 3240 ad_l_’aula_m
3430 3176 3597 3232 super

1995 3234 2147 3298 obitu
2177 3239 2421 3295 Blmsillze
2477 3237 2599 3291 filiae
2630 3253 2644 3289 :
2677 3235 2861 3305 Itaque
2895 3234 3018 3287 dum
3064 3235 3276 3303 spiritus
3317 3236 3408 3288 hos
3453 3243 3597 3288 artus

1994 3313 2149 3384 regit,
2186 3313 2308 3384 dum
2336 3311 2457 3384 uiue
2482 3309 2634 3384 huius
2663 3308 2881 3384 fruimur
2903 3315 3208 3384 commeatu.

2067 3374 2160 3438 Cui
2192 3383 2304 3452 plus
2333 3381 2499 3435 licuit.
2540 3378 2630 3433 Sic
2663 3374 3126 3452 distinguendum.
3175 3374 3246 3432 Ut
3295 3379 3597 3452 autem_ita

1997 3445 2225 3511 facerem
2257 3451 2585 3520 sensusipse
2631 3445 3286 3520 monebat,etauetorem
3342 3445 3506 3520 habui
3536 3456 3596 3501 ut

1997 3527 2068 3581 ita
2122 3516 2507 3594 distinguereni
2546 3519 2794 3594 codicem
2832 3519 2932 3594 801
2987 3517 3328 3594 bibliothecae
3375 3516 3595 3572 Colber-

1997 3603 2121 3653 tinaa
2147 3607 2201 3652 et
2237 3589 2511 3649 Nicolaum
2544 3591 2774 3646 Fabrum
2794 3629 2808 3654 ,
2839 3589 2927 3660 qui
2979 3589 3058 3643 sic
3101 3603 3264 3660 manu
3291 3602 3388 3660 sua
3413 3603 3599 3660 em_en-

1998 3669 2154 3723 davit
2180 3669 2231 3721 in
2256 3666 2394 3719 libro
2423 3679 2520 3718 suo
2567 3657 3014 3730 impressofVidc
3063 3658 3468 3713 observationes
3490 3657 3597 3712 La-

2000 3740 2102 3794 tini
2133 3736 2324 3793 Latinii
2353 3735 2417 3789 ad
2439 3734 2582 3788 hunc
2611 3733 2810 3787 locum.

2052 3807 2439 3864 ll.—Inclusus
2459 3804 2580 3858 incl.
2600 3801 2890 3872 major.Sic
2904 3799 3269 3872 Hieronymus
3285 3799 3336 3853 in
3359 3798 3597 3872 Epistola

1999 3881 2066 3935 ad
2116 3879 2396 3934 Paulinum
2439 3875 2507 3930 de
2555 3870 2752 3927 divina:
2792 3871 3026 3924 historia:
3057 3871 3228 3937 libris,
3259 3871 3484 3939 loquens
3529 3870 3600 3926 de

1997 3951 2225 4006 Platone
2253 3945 2581 4007 venundato,
2608 3943 2679 3996 ait
2713 3959 2728 3996 :
2774 3943 2942 4013 major
2973 3951 3162 4013 entente
3206 3958 3258 3995 se
3288 3942 3404 4013 fuit.
3438 3941 3596 4009 Vide,

1998 4024 2190 4148 Ιᾳὲιῖις,
2237 4018 2481 4074 scholion
2509 4013 2718 4071 Erasmi
2763 4013 2828 4068 ad
2858 4011 3003 4067 hunc
3041 4011 3349 4084 Hieronymi
3376 4011 3594 4070 locum:

2000 4111 2046 4148 ri
2087 4110 2116 4148 e
2157 4106 2224 4146 IS.

2000 4106 2224 4149 I‘IGCDIS.

2073 4162 2332 4219 Calcatus.
2364 4159 2489 4214 llaec
2545 4157 2704 4213 lectio
2725 4165 2871 4212 certa
2901 4164 3003 4212 est.
3033 4155 3100 4212 Et
3151 4163 3330 4213 tamen
3379 4156 3599 4227 quidam

2002 4235 2121 4291 libri
2152 4243 2362 4288 veteres
2391 4231 2591 4284 habent
2627 4229 2878 4300 galeatus.

2077 4305 2187 4360 Nec
2214 4304 2412 4358 oculor.
2444 4301 2662 4356 Plautus
2693 4317 2708 4354 :

2129 4394 2247 4444 Plus
2270 4393 2404 4442 valet
2424 4398 2647 4441 oculatus
2662 4391 2806 4440 testis
2837 4402 2964 4440 unus
2985 4403 3130 4451 quam
3154 4389 3300 4438 auriti
3323 4388 3498 4437 decem
3521 4400 3534 4436 :

1923 4428 1977 4490 D
2129 4458 2221 4517 Qui
2248 4455 2452 4505 audiunt
2472 4453 2634 4504 audita
2658 4428 2819 4503 scith

2000 4542 2211 4614 Moyses
2232 4539 2452 4614 eremita
2482 4537 2620 4607 apud
2663 4537 2914 4614 Rufinum
2947 4533 3040 4588 lib.
3064 4548 3143 4614 lu,
3177 4533 3397 4614 cap._6:
3425 4531 3600 4586 Num-

2001 4603 2124 4684 qui}!
2157 4620 2315 4683 potest
2337 4611 2501 4684 verior
2519 4603 2792 4684 ’βεδε-ραις
2817 4603 3168 4684 (Intuentibus
3196 4609 3418 4684 capitur,
3446 4620 3600 4684 quoin

2001 4674 2114 4756 qua:
2141 4674 2302 4756 oculis
2333 4683 2618 4752 pervidetur
2632 4674 2877 4756 {Contra
2925 4674 3190 4756 Apuleius
3218 4677 3273 4728 in
3300 4676 3448 4729 initio
3477 4675 3599 4730 lihri

2003 4745 2160 4826 primi
2191 4745 2527 4826 Floridorum
2547 4749 2709 4826 tradit
2753 4745 3102 4825 Socratemiu
3133 4746 3231 4826 ista
3259 4762 3316 4800 re
3343 4762 3446 4800 non
3471 4761 3602 4800 con-

2002 4816 2210 4900 gruisse
2233 4841 2353 4900 cum
2381 4824 2570 4900 Plauto
2599 4829 2652 4900 et
2679 4820 2758 4900 ita
2801 4816 3306 4900 convertisse]ch
3333 4832 3552 4900 versum
3580 4833 3596 4870 :

313 4881 487 4970 guunt‘
522 4881 812 4970 scriptores
855 4895 1195 4970 historiarum
1227 4890 1314 4960 qui
1335 4887 1672 4970 intentionem
1702 4881 1901 4970 faciunt

316 4953 646 5040 Belliquod'
668 4968 766 5022 fuit
806 4963 1112 5040 ³111101152
1154 4953 1305 5040 i_nt_ér_
1335 4959 1584 5040 Francos
1617 4965 1672 5037 et
1702 4953 1900 5040 Anglos

319 5027 536 5112 propter
554 5049 785 5096 castrum
811 5036 981 5112 sancti
1006 5032 1341 5112 Celeriui._ln
1367 5027 1705 5112 chartulario
1734 5038 1895 5094 supra

319 5103 616 5178 nominato,
664 5120 721 5164 ut
759 5109 824 5163 ad
853 5107 905 5162 id
936 5105 1152 5162 redeam
1179 5103 1789 5178 undedigressussum,
1819 5109 1903 5178 re-

321 5165 699 5254 periodonjum
740 5179 881 5250 quod
912 5188 1156 5254 tempore
1190 5165 1566 5254 Bartholnoniaei
1603 5167 1809 5223 abbatis
1836 5165 1906 5219 fe-

321 5243 396 5309 cit
448 5255 596 5324 [Iugo
639 5243 886 5307 dom-inus
918 5249 987 5303 de
1024 5243 1346 5324 'Brajetello.
1391 5243 1545 5298 Dedit
1580 5249 1778 5324 autem;
1810 5251 1904 5324 au-

322 5307 717 5381 nuenteuuxore
743 5338 859 5385 sua,
893 5307 1348 5373 consentientibus
1379 5328 1589 5386 quoque
1618 5307 1906 5386 Ganll‘redo

321 5380 523 5467 genero
565 5397 680 5465 ejus
707 5403 759 5449 et
788 5380 889 5467 lilia
919 5391 1036 5467 ejus
1058 5387 1274 5467 Ilel'visa
1293 5430 1306 5453 ,
1337 5380 1608 5467 quamdam
1638 5380 1907 5465 ecclesiam

322 5451 477 5538 quam
501 5451 717 5535 crepet-at
742 5451 998 5538 adiﬁcare
1019 5461 1070 5538 in
1099 5451 1547 5538 honorein'sauctw
1566 5451 1836 5538 Trinitatis
1847 5451 1910 5532 in.

326 5521 750 5610 parco/titi'sancti
776 5521 1013 5610 Celeriui,
1038 5531 1199 5610 ipsam
1225 5525 1675 5610 ecclesiam‘saucti
1693 5521 1914 5580 Celeriui

325 5599 445 5670 cum
472 5607 698 5664 omnibus
727 5599 1002 5661 red'ditibus
1022 5599 1088 5659 ad
1113 5619 1224 5658 eam
1245 5599 1625 5674 pertinentibus.

2001 4887 2105 4954 ged
2137 4899 2233 4952 ista
2263 4897 2528 4952 referebat
2551 4891 2615 4945 ad
2643 4888 2827 4945 oculos
2850 4887 3064 4950 mentis,
3092 4887 3159 4941 ad
3184 4887 3344 4941 animi
3370 4887 3596 4957 judicia.

2003 4969 2138 5025 Vide
2161 4967 2474 5024 Lambinum
2498 4965 2550 5017 in
2569 4960 2702 5016 illud
2739 4958 2942 5015 Horatii
2972 4973 3036 5012 ex
3069 4958 3189 5012 Arte
3217 4959 3409 5030 poetica
3439 4975 3456 5012 .-

2129 5059 2344 5120 Segnius
2365 5056 2559 5105 irritant
2573 5055 2758 5120 animos
2777 5050 2987 5120 demissa
3010 5061 3288 5120 per-aurem

2132 5111 2286 5180 Quam
2306 5131 2419 5182 qum
2442 5126 2558 5167 sunt
2592 5114 2748 5182 oculis
2769 5111 3252 5182 subjectafidelibus.

2082 5173 2169 5238 11Ιῖ
2195 5212 2266 5221 -
2293 5173 2396 5237 Per
2440 5181 2650 5248 vestigia
2688 5193 2836 5248 cogn.
2864 5173 3063 5232 Simile
3113 5175 3240 5244 quid
3279 5173 3418 5244 apud
3462 5173 3598 5231 Cas-

2082 5197 2168 5238 III.
2195 5212 2266 5221 —
2293 5197 2396 5237 rer
2440 5197 2561 5233 vesti
2601 5197 2650 5233 ta
2688 5197 2812 5248 cogn

2011 5256 2286 5312 siodorum
2315 5253 2408 5307 lib.
2439 5266 2517 5318 ιιι,
2544 5197 2718 5320 ἐνίει.
2737 5262 2812 5302 vi.

2081 5325 2332 5381 Celerina.
2363 5315 2522 5378 Istius
2551 5315 2836 5381 Celerinaa.
2857 5325 2914 5372 ut
2955 5315 3167 5386 opinor,
3191 5317 3392 5372 mentio
3429 5322 3604 5372 exstat

2013 5401 2064 5454 in
2123 5398 2257 5452 libro
2317 5396 2490 5457 primo
2554 5391 2783 5447 Victoris
2833 5387 3067 5443 Vitensis
3121 5387 3184 5440 de
3257 5389 3604 5457 persecutione

2013 5469 2277 5541 Africana.
2303 5459 2441 5541 _I_te_m
2483 5464 2702 5541 alterius
2742 5460 2795 5541 in
2837 5459 2974 5541 libro
3005 5459 3410 5541 inscriptionum
3435 5459 3607 5540 sancti

2017 5529 2167 5597 Pauli
2195 5538 2278 5593 de,
2303 5537 2448 5593 Urbe
2483 5550 2603 5606 pag.
2627 5531 2719 5586 26.
2754 5529 2908 5606 Apud
2959 5535 3204 5606 sanetum
3247 5529 3606 5606 Augustinum

2020 5615 2072 5667 in
2105 5624 2238 5664 nova
2265 5598 2500 5664 editione
2530 5598 2816 5660 sermones
2843 5599 2913 5657 48
2939 5607 2995 5656 et
3032 5598 3136 5658 174
3160 5598 3416 5660 notantur
3440 5599 3609 5664 habiti

2027 5684 2078 5740 in
2099 5680 2320 5739 basilica
2343 5677 2628 5737 Celerinte.
