4222 6288
660 230 776 313 ’323

2060 238 2199 305 DIVI
2236 236 2557 308 CYPRIANI

3857 241 3974 322 an

666 383 819 434 truus
844 348 961 450 ejus
982 382 1037 435 et
1055 374 1348 433 avunculus
1366 369 1698 432 Laurentius’
1721 380 1747 411 ει
1800 379 1854 429 et
1902 372 2176 446 Egnatius,
2213 370 2264 426 in
2292 372 2349 430 Α
2372 372 2540 442 gloria
2561 371 2839 444 sublimes;
2868 374 2919 432 in
2945 380 3150 434 tantum
3170 360 3494 435 verecundia
3522 376 3773 448 humiles,
3799 392 3973 453 quan-

670 473 861 529 castris
893 479 949 527 et
986 470 1086 540 ipsi
1111 468 1381 540 quondam
1423 467 1770 525 saecularibus
1812 467 2123 534 militantes,
2168 467 2260 523 sed
2303 527 2318 546 ἢ

667 563 781 622 veri
819 571 874 620 et
916 561 1184 634 spiritales
1224 558 1316 618 vel
1349 561 1565 629 milites,
1597 556 1721 617 dum
1759 559 2027 617 diabolum
2061 559 2260 617 Christi

664 654 1049 714 eonfcssioneb
1075 664 1462 727 prosternunt,
1516 657 1719 728 palmas
1767 671 1797 711 a
1851 654 2077 712 Domino
2133 667 2155 695 ο
2206 668 2261 714 et

656 746 892 804 coronas
917 746 1112 804 illustri
1137 750 1386 820 passione
1415 757 1747 805 meruerunt.
1771 746 2040 804 Sacrilicia
2066 764 2160 819 pro
2181 749 2259 805 eis

664 852 903 911 semper,
944 846 1001 897 ut
1042 842 1377 909 meministis,
1421 841 1696 898 oﬁerimus
1726 842 1935 912 quoties
1965 850 2257 913 martyrum

663 934 945 1005 passiones
988 940 1043 990 et
1091 933 1211 992 dies
1263 933 1628 990 anniversaria
1682 933 1709 971 ά
1749 936 2257 992 commemoratione

664 1026 1022 1084 celebramus.
1079 1026 1191 1084 Nec
1241 1024 1478 1098 degener
1513 1028 1642 1097 ergo
1684 1040 1803 1082 esse
1832 1040 1932 1081 nec
1962 1027 2137 1083 minor
2163 1043 2254 1098 po-

665 1125 803 1175 terat
832 1134 993 1190 quem
1032 1119 1110 1175 sic
1138 1118 1448 1175 domesticis
1486 1118 1747 1189 exemplis
1784 1118 1999 1175 virtutis
2033 1134 2094 1175 ac
2134 1119 2255 1175 tidei

659 1210 988 1280 provocabat
1032 1210 1247 1267 familiae
1287 1210 1520 1282 dignitas
1550 1220 1603 1267 et
1623 1225 1885 1283 generosa
1915 1208 1962 1245 ⁸⁸
1982 1210 2250 1268 nobilitas.

644 1295 813 1372 'Quod
846 1305 893 1360 si
922 1305 975 1360 in
1001 1300 1197 1360 familia
1217 1304 1458 1360 saeculari
1487 1301 1881 1374 praedicationis
1928 1312 1951 1342 ε
1992 1310 2042 1361 et
2083 1305 2254 1362 laudis

646 1394 743 1452 cst
771 1410 893 1453 esse
931 1396 1243 1467 patricium,
1275 1404 1475 1467 quanto
1502 1394 1723 1465 majoris
1751 1394 1921 1451 laudis
1952 1400 2007 1453 et
2035 1397 2253 1455 honoris

659 1502 746 1549 est
775 1491 889 1548 fleri
919 1489 975 1546 in
991 1486 1197 1547 caelesti
1229 1491 1611 1563 praedicatione
1633 1504 1954 1563 generosum
1982 1492 1995 1547 !
2028 1488 2143 1547 Non
2173 1494 2254 1548 in-

658 1586 818 1642 venio
844 1598 1004 1657 quem
1034 1586 1325 1641 beatiorem
1353 1584 1521 1657 magis
1540 1582 1736 1653 dicam,
1769 1594 2019 1641 utrumne
2044 1585 2162 1641 illos
2185 1585 2253 1643 de

646 1670 969 1751 posteritate
996 1688 1105 1732 tam
1130 1679 1296 1746 clara,
1350 1694 1417 1734 an
1469 1676 1614 1734 hunc
1641 1672 1709 1735 de
1748 1679 1955 1751 origine
1997 1680 2248 1752 gloriosa.

2369 473 2479 520 tum
2510 465 2688 523 divina
2718 468 3024 541 dignatione
3056 468 3310 541 promati,
3336 477 3541 527 tantum
3583 486 3679 529 sua
3708 474 3891 545 quiete
3916 483 3972 532 et

2366 558 2747 630 tranquillitate
2794 560 3090 628 summissi,
3134 573 3189 620 et
3231 563 3492 620 virtutum
3535 565 3738 635 pariter
3762 576 3818 623 et
3855 583 3972 623 mo-

2364 666 2482 707 rum
2522 654 2746 725 singulis
2772 657 3021 727 exempla
3053 654 3379 727 praebentes,
3411 662 3469 715 et
3508 661 3874 732 congressioni
3914 669 3971 718 et

2364 748 2478 815 paci
2506 757 2881 818 congruentes,
2913 750 3021 806 illic
3051 748 3267 818 robore,
3294 749 3384 807 hic
3413 751 3618 822 pudore
3647 753 3965 813 laudabiles.

2417 836 2481 893 ν.
2500 838 2555 893 1η
2574 838 2765 894 talibus
2781 840 2950 895 servis
2968 840 3180 896 laetatur
3197 840 3481 911 Dominus;
3504 843 3555 899 in
3573 843 3834 915 ejusmodi
3847 860 3971 901 con-

2362 930 2652 986 fcssoribus
2678 930 2958 1002 gloriatur,
2998 948 3226 1003 quorum
3265 943 3409 991 secta
3441 944 3496 989 et
3520 936 3859 992 conversatio
3887 937 3969 994 sic
4059 950 4069 959 ‘

2360 1020 2571 1093 proficit
2596 1022 2663 1079 ad
2694 1027 3019 1094 przeconium
3037 1027 3244 1098 gloriae,
3274 1034 3333 1083 ut
3362 1029 3727 1101 magisterium
3753 1031 3969 1086 caeteris

2359 1114 2599 1185 praebeat
2626 1116 2946 1187 disciplina}.
2983 1114 3067 1174 Ad
3098 1117 3202 1174 hoc
3231 1122 3328 1176 eos
3350 1117 3599 1178 Christus
3622 1136 3747 1177 esse
3779 1120 3868 1177 hic
3910 1121 3967 1177 in

2364 1205 2606 1264 Ecclesia
2661 1207 2753 1265 diu
2805 1211 2994 1279 voluit,
3049 1212 3117 1267 ad
3164 1210 3268 1269 hec
3304 1206 3371 1270 de
3410 1212 3585 1271 media
3622 1223 3795 1271 morte
3841 1215 3969 1272 sub—

2359 1304 2595 1368 tractos,
2652 1300 2882 1372 quadam
2926 1343 2942 1369 ,
3007 1308 3064 1359 ut
3108 1302 3177 1360 ita
3239 1303 3504 1376 dixerim,
3568 1308 3965 1366 resurrectione

2356 1392 2501 1449 circa
2531 1407 2625 1449 eos
2654 1391 2811 1460 facta,
2830 1395 3125 1453 ineolumes
3148 1398 3471 1464 reservavit,
3505 1407 3582 1467 ut,
3602 1400 3728 1457 dum
3757 1401 3890 1457 nihil
3909 1404 3962 1457 in

2357 1482 2568 1542 honore
2598 1484 2621 1523 ιι
2654 1485 2957 1556 sublimius,
2990 1486 3124 1544 nihil
3171 1488 3225 1544 in
3275 1488 3573 1548 humilitate
3624 1494 3965 1549 summissius

2357 1581 2385 1632 a
2414 1578 2664 1635 fratribus
2687 1580 2947 1648 cernitur,
2971 1579 3069 1637 hos
3096 1581 3315 1638 eosdem
3331 1582 3692 1641 fraternitatis
3743 1595 3890 1642 secta
3936 1584 3957 1625 ι

2357 1672 2661 1728 comitetur.
2709 1669 2821 1729 Hos
2869 1683 3046 1731 tamen
3096 1674 3328 1732 lectores
3373 1675 3588 1732 interim
3634 1679 3960 1735 constitutos

654 1771 730 1828 Ita
759 1771 1040 1843 aequaliter
1059 1769 1199 1842 apud
1225 1782 1322 1827 eos
1350 1772 1578 1827 recurrit
1597 1781 1649 1828 et
1670 1781 1937 1829 commeat
1970 1772 2147 1830 divina
2170 1774 2247 1831 di.
2276 1759 2330 1828 B
2357 1764 2559 1831 Sciatis,
2590 1766 2711 1837 quia
2749 1766 3032 1838 oportebat
3076 1764 3347 1844 lucernam
3388 1784 3550 1840 super
3575 1770 3959 1828 candelabrum

653 1866 856 1935 gnatio,
882 1872 942 1919 ut
966 1872 1021 1920 et
1039 1862 1251 1920 illorum
1279 1878 1534 1921 coronam
1558 1865 1787 1938 dignitas
1818 1866 2020 1924 sobolis
2052 1866 2073 1907 ί
2104 1870 2253 1926 illus-

656 1964 780 2023 tret,
815 1964 870 2013 et
893 1956 1054 2029 hujus
1081 1958 1306 2030 gloriam
1337 1950 1636 2016 sublimitas
1661 1962 1874 2031 generis
1904 1961 2184 2020 illuminet.

723 2048 813 2107 IV.
842 2048 995 2107 Hunc
1034 2049 1100 2107 ad
1147 2060 1268 2117 nos,
1311 2048 1499 2107 fratres
1537 2049 1889 2121 dilectissimi,
1935 2069 2054 2110 cum
2104 2050 2248 2111 tanta

638 2132 868 2201 “Domini
894 2143 1201 2216 dignatione
1221 2143 1549 2212 venientem,
1577 2145 1889 2201 testimOnio
1912 2157 1967 2202 et
1987 2149 2247 2205 miraculo

650 2238 767 2310 ejus
817 2239 987 2309 ipsius
1006 2237 1099 2310 qui
1141 2252 1201 2293 se
1239 2245 1550 2308 persecatus
1590 2226 1763 2294 fuerat
1808 2237 2090 2305 illustrem.
2120 2241 2247 2312 quid

636 2316 800 2390 (aliud
826 2349 985 2405 quam
1013 2347 1176 2404 super
1203 2331 1488 2403 pulpitum,
1532 2331 1585 2387 id
1614 2341 1696 2389 est
1721 2348 1881 2404 super
1908 2333 2135 2391 tribunal
2164 2351 2247 2392 ec-

648 2425 847 2491 clesiae,
877 2423 1158 2495 oportebat
1186 2422 1411 2494 imponi,
1445 2428 1521 2489 ut,
1550 2422 1653 2478 loci
1691 2423 1895 2480 altioris
1946 2424 2191 2483 celsitate
2218 2438 2244 2477 ε

630 2498 934 2585 subnixus,
972 2526 1028 2573 et
1057 2514 1197 2588 plebi
1228 2516 1490 2571 universa:
1527 2530 1623 2587 pro
1646 2515 1867 2574 honoris
1892 2518 1974 2574 sui
2004 2516 2244 2579 claritate

647 2610 997 2681 conspicuus,
1044 2608 1186 2680 legat
1226 2616 1494 2679 praecepta
1536 2608 1963 2680 etEvangelium
2010 2604 2240 2680 Domini,

646 2717 765 2772 quae
785 2700 993 2758 fortiter
1018 2714 1081 2756 ac
1107 2700 1338 2757 fideliter
1356 2699 1635 2771 sequitur?
1654 2700 1773 2758 Vox
1803 2703 2085 2761 Dominum
2113 2721 2244 2763 con-

642 2792 789 2850 fessa
821 2793 877 2848 in
898 2791 979 2848 his
1006 2791 1246 2863 quotidie
1277 2805 1399 2863 qua:
1420 2790 1680 2848 Dominus
1713 2793 1919 2851 locutus
1943 2807 2025 2852 est
2048 2796 2241 2853 audii-

645 2896 753 2943 tur.
785 2885 992 2943 Viderit
1010 2899 1077 2940 an
1105 2884 1177 2940 sit
1202 2884 1424 2940 ulterior
1444 2884 1643 2956 gradus
1678 2884 1746 2941 ad
1788 2902 1947 2958 quem
1980 2890 2164 2960 profici
2212 2887 2242 2928 ιι

645 2982 699 3037 in
726 2979 959 3037 ecclesia
998 2975 1189 3050 possit.
1217 2976 1361 3033 Nihil
1395 2984 1481 3032 est
1508 2976 1561 3031 in
1602 2992 1708 3047 quo
1751 2978 1920 3050 magis
1963 2982 2241 3038 confessor

640 3070 898 3130 fratribus
925 3071 1093 3142 prosit
1134 3064 1152 3106 ἰ
1205 3080 1364 3141 quam
1395 3074 1469 3135 ut,
1506 3066 1632 3125 dum
1659 3071 1963 3144 erangelica
1990 3074 2148 3131 lectio
2173 3076 2241 3133 de

642 3181 738 3223 ore
758 3167 881 3236 ejus
901 3163 1136 3231 auditur,
1166 3162 1384 3219 lectoris
1412 3158 1569 3218 fidem
1597 3164 1837 3236 quisquis
1861 3166 2088 3224 audierit
2114 3171 2234 3226 imi-
2259 3157 2306 3221 C

643 3267 806 3313 tetur.
830 3254 1144 3325 Jungendus
1166 3254 1221 3308 in
1247 3253 1477 3311 lectione
1500 3256 1719 3311 Aurelio
1747 3256 1938 3328 fuerat,
1978 3274 2101 3317 cum
2126 3276 2233 3334 quo

641 3360 696 3405 et
738 3348 903 3404 divini
929 3346 1151 3403 honoris
1191 3347 1448 3403 societate
1467 3348 1788 3420 conjunctus
1829 3363 1931 3420 est,
1964 3368 2085 3410 cum
2125 3371 2232 3428 quo

639 3439 892 3497 omnibus
938 3432 1154 3494 virtutis
1201 3446 1255 3494 et
1325 3432 1501 3495 laudis
1545 3441 1559 3490 ί
1616 3441 1909 3513 insignibus
1955 3448 2235 3518 copulatus

639 3545 743 3593 est.
773 3532 937 3591 Pares
963 3533 1142 3601 ambo,
1173 3540 1226 3588 et
1253 3541 1480 3604 uterque
1506 3534 1838 3606 consimiles,
1882 3539 1934 3594 in
1975 3553 2234 3611 quantum

2355 1860 2502 1931 poni,
2533 1859 2673 1916 unde
2693 1861 2944 1917 omnibus
2970 1862 3169 1930 luceat,
3198 1868 3253 1919 et
3270 1862 3537 1935 gloriosos
3557 1864 3732 1921 vultus
3761 1865 3814 1920 in
3842 1865 3959 1923 loco

2351 1954 2543 2010 altiore
2572 1956 2846 2023 constitui,
2892 1956 3005 2022 ubi,
3053 1957 3122 2012 ab
3164 1958 3311 2013 omni
3354 1956 3686 2015 fraternitate
3726 1959 3961 2015 circum-

2351 2057 2525 2106 stante
2549 2051 2845 2122 conspecti,
2873 2052 3275 2110 incitamentum
3294 2053 3479 2125 glorim‘
3495 2051 3790 2113 videntibus
3818 2069 3958 2127 pra:-

2349 2144 2531 2203 heant.
2556 2132 2820 2204 Caeterum
2860 2148 3176 2221 presbyterii
3223 2148 3482 2205 honorem
3512 2149 3820 2221 designasse
3854 2164 3957 2208 nos

2351 2238 2455 2295 illis
2471 2239 2580 2311 jam
2605 2239 2808 2308 sciatis,
2833 2249 2964 2297 utet
2986 2240 3240 2313 sportulis
3263 2232 3450 2297 iisdem
3476 2250 3597 2298 cum
3625 2243 3955 2316 presbyteris

2350 2328 2701 2398 honorantur,
2748 2334 2803 2386 et
2843 2330 3134 2387 divisiones
3190 2334 3505 2388 inensurn‘as
3554 2341 3596 2369 ω
3652 2334 3875 2404 aequatis
3923 2340 3954 2370 ιι

2348 2423 2735 2494 qnantitatibns
2770 2425 3084 2494 partiantur,
3138 2423 3339 2480 sessuri
3372 2423 3647 2480 nobiscum
3681 2423 3953 2495 provectis

2347 2526 2402 2577 et
2454 2517 2816 2572 corroboratis
2854 2518 3009 2571 annis
3060 2516 3208 2584 suis;
3242 2517 3486 2589 quamvis
3516 2516 3566 2570 in
3596 2515 3744 2572 nullo
3774 2517 3953 2574 minor

2348 2613 2518 2687 possit
2557 2610 2729 2666 videri
2768 2609 2941 2666 aetatis
2986 2609 3165 2665 indole
3192 2610 3282 2679 qui
3313 2610 3705 2665 consummavit
3733 2618 3951 2666 aetatem

2346 2707 2529 2780 gloriae
2550 2704 2822 2775 dignitate.
2847 2701 2985 2774 Opto
2997 2716 3114 2771 vos,
3131 2700 3321 2758 fratres
3342 2701 3640 2759 charissimi
3666 2701 3951 2761 etdesidc-

2346 2797 2661 2865 rantissimi,
2709 2810 2925 2868 semper
2974 2794 3117 2852 bene
3160 2794 3362 2851 valere.

2843 2904 3176 2962 EPISTULA
3226 2900 3446 2964 XXXV.

2381 3004 2613 3066 (Erasm.,
2638 3014 2710 3063 ιι,
2734 3000 2813 3052 10.
2850 2998 3063 3067 Pamel_.,
3104 2998 3307 3067 Rigalt.,
3332 2998 3527 3067 Baluz,,
3551 3013 3706 3055 xxxv.
3730 3000 3952 3067 Paris.,j

2811 3075 2983 3113 xxxrv.
3007 3061 3192 3123 Oxon.,
3210 3061 3365 3127 Lips,
3390 3064 3496 3128 xc.)

2448 3145 2769 3225 an'tzosnmt,
2797 3163 2865 3202 ne
2893 3161 3143 3204 nuntiatae
3171 3160 3434 3205 oantm'ro
3458 3154 3819 3208 passuram.
3928 3147 3948 3195 ὃ

2340 3244 2737 3305 Ancuuenruu.
2763 3269 2834 3282 —-
2865 3237 3092 3293 Nuntiat
3137 3240 3271 3295 clero
3300 3250 3347 3294 et
3375 3240 3514 3311 plebi
3554 3239 3891 3297 Numidicum
3914 3254 3951 3299 α

2413 3356 2466 3395 se
2507 3337 2797 3393 ordinatum
2841 3333 3207 3404 presbyterum,
3248 3334 3425 3404 paucis
3471 3333 3767 3407 dignitatem
3804 3335 3947 3393 illius

2411 3430 2791 3488 commendans.

2411 3543 2710 3617 Cyprianus
2738 3540 3065 3614 presbyteris
3093 3549 3148 3600 et
3172 3541 3487 3603 diaconibus
3525 3553 3583 3603 et
3636 3545 3787 3620 plebi
3817 3547 3938 3604 uni-

1852 3649 2148 3713 LECTION
2154 3658 2240 3717 ES
2300 3654 2718 3717 VARIANTES.

699 3769 725 3798 ει
749 3765 1079 3816 Laurentinus
1097 3761 1341 3817 Egnatius
1362 3764 1521 3817 Om.

627 3835 646 3894 ι’
693 3826 723 3900 13
747 3826 1280 3900 gangressione

698 3895 721 3923 θ
749 3891 944 3941 Palma
982 3891 1165 3941 Domini
1186 3891 1345 3941 Oxon.

696 3952 726 3993 d
744 3952 1116 4003 Anniversarios
1132 3953 1274 4003 Pem.

699 4020 723 4076 εξ
752 4014 947 4076 Majoris
970 4020 1021 4063 et
1044 4014 1201 4076 laudis
1223 4012 1359 4064 Lam.

700 4073 723 4113 f
752 4073 1013 4139 Dignitatis
1050 4075 1247 4139 soboles
1271 4077 1402 4126 Lam.
1430 4074 1705 4139 Ebor.fNC.
1736 4077 1781 4129 1.

696 4141 723 4181 tt
749 4135 1049 4190 Celebritate
1080 4138 1220 4188 Pem.

2397 3768 2428 3809 h
2454 3768 2701 3820 Proﬁcisci
2722 3766 2848 3819 Bod.
2872 3768 2945 3818 3.’

2404 3833 2422 3873 i
2453 3832 2611 3882 Possit
2633 3834 2776 3882 Pent.
2806 3833 2942 3882 Voss.
2966 3829 3019 3882 2.

2400 3898 2416 3947 i
2448 3895 2512 3946 Et
2535 3891 2649 3943 ﬁdei
2674 3893 2808 3943 Lam.
2833 3890 2941 3951 NG.
2968 3892 3019 3945 1.
3050 3892 3198 3947 Ebur.

2395 3955 2425 4023 1f
2450 3958 2509 4023 in
2526 3954 2805 4023 humilitate
2823 3955 3031 4023 B_od._i.
3064 4019 3095 4023 ᾖ
3155 4018 3168 4023 Δ
3209 4018 3240 4023 _
3267 4017 3283 4023 Δ
3422 4018 3427 4023 ¹

2400 4018 2641 4088 {sectam
2666 4020 2823 4088 0xo_n.
2849 4018 3035 4088 Sortita
3056 4018 3182 4070 Bod.
3207 4017 3283 4070 3.’
3422 4018 3437 4082 Ξ
3612 4080 3627 4088 α

2391 4080 2431 4112 ω
2455 4081 2729 4132 Menstruas
2750 4081 2893 4131 Pem.
2918 4081 3054 4131 Lam.
3431 4080 3435 4082 ’
3607 4080 3627 4122 ἓ

2395 4146 2423 4174 ιι
2443 4142 2678 4207 Αζφιειεε
2700 4142 2829 4196 Bod.
2854 4143 2903 4195 1.
2926 4142 3075 4196 Ebor.
3096 4143 3207 4195 Ne.
3239 4141 3316 4200 ω
3384 4140 3408 4205 ἓ

1910 4244 2147 4304 STEPH.
2190 4247 2470 4307 BALUZII
2506 4244 2736 4305 NOTAE.

699 4356 913 4435 Palmas
952 4372 983 4410 a
1014 4353 1250 4435 Domino.
1292 4353 1381 4410 Sic
1402 4362 1613 4435 veteres
1640 4356 1903 4435 editiones
1930 4368 1983 4415 et
2009 4361 2223 4431 quidam
2247 4363 2303 4424 D
2359 4434 2365 4435 ί
2401 4360 2789 4435 lV.—-Proﬁei.
2823 4361 3038 4420 Retinui
3068 4362 3207 4421 hanc
3230 4364 3545 4429 lectionem,
3577 4364 3819 4435 quamvis
3838 4378 3934 4422 an-

627 4431 747 4505 libri
772 4438 1000 4486 veteres.
1049 4428 1224 4496 Atque
1270 4436 1371 4505 cg_o
1411 4426 1695 4505 lectionem
1738 4430 1882 4505 illam
1926 4426 2057 4505 puti)
2101 4448 2225 4490 esse

625 4503 904 4559 meliorem
943 4512 1006 4555 ea
1051 4495 1170 4569 quae
1213 4495 1674 4573 praeiertpalmas
1730 4495 1954 4573 Doiitiui,
1980 4507 2225 4573 quamvis

630 4575 734 4629 ista
779 4573 1006 4642 plurium
1046 4578 1288 4642 veterum
1339 4568 1584 4642 codicum
1636 4570 1954 4642 auctoritate
1999 4568 2221 4632 nitatur.

622 4639 805 4700 Codex
842 4640 1172 4698 Turonensis
1193 4639 1354 4694 habet
1377 4640 1576 4709 palmas
1595 4656 1626 4694 a
1653 4640 1778 4697 Deo.

701 4734 966 4809 Egnatius.
1014 4733 1089 4809 Ita
1136 4730 1306 4809 codex
1337 4728 1593 4809 Ihuamts
1616 4736 1671 4809 et
1701 4735 1901 4809 aliquot
1923 4737 2033 4793 alii.
2071 4739 2139 4793 At
2170 4743 2221 4795 in

623 4802 1002 4863 a‘liis’vocatur
1033 4803 1290 4875 lanatius.
1337 4802 1569 4875 Utraque
1622 4802 1945 4863 lectiu'bona
1997 4819 2099 4864 est.
2132 4809 2224 4865 Pa-

622 4880 816 4935 tnclius
861 4872 1097 4934 scribere
1145 4873 1329 4929 maluit
1376 4872 1632 4945 lgnittius.
1658 4875 1762 4934 Sed
1804 4878 1908 4933 alia
1944 4888 2095 4935 mens
2127 4879 2223 4937 fuit

623 4951 854 5016 Latinio,
881 4950 971 5022 qui
996 4948 1069 5002 ait
1093 4960 1189 5000 eos
1216 4947 1307 5017 qui
1356 4945 1637 5022 meliorum
1664 4948 1907 5022 codicnt'n
1944 4951 2219 5022 ﬁdetnrsc-

621 5024 731 5077 cuti
770 5012 915 5087 sunt,
942 5028 997 5075 et
1040 5012 1332 5088 posuerunt
1358 5012 1632 5088 Egnatius,
1666 5030 1811 5076 recte
1836 5020 2049 5077 fecisse.
2083 5021 2221 5080 Vide

620 5076 945 5149 (Iotclcrium
989 5076 1053 5145 ω’
1092 5088 1384 5158 Epistolam
1408 5076 1597 5160 ignatii
1620 5076 1897 5164 'martyris
1944 5076 2220 5165 adEphie1

620 5180 750 5221 SIOS.

694 5257 761 5313 Et
782 5258 906 5315 dies.
940 5256 1066 5312 Haec
1091 5253 1286 5310 desunt
1308 5255 1359 5310 in
1382 5246 1567 5311 codice
1590 5248 1691 5313 8M
1727 5255 2071 5316 bibliotheca:
2087 5256 2215 5317 Col-

618 5331 863 5403 bertinae.
919 5328 989 5385 Et
1028 5337 1157 5400 puto
1199 5339 1360 5397 posse
1407 5327 1583 5384 omitti
1631 5328 1835 5403 absque
1884 5332 1992 5387 ullo
2020 5332 2218 5389 incom-

617 5401 802 5458 modo.

692 5494 1024 5549 Generosum.
1066 5456 1182 5566 Ego
1222 5491 1567 5566 non_dubito
1612 5493 1741 5566 quin
1791 5494 1907 5549 haec
1946 5495 2107 5551 lectio
2149 5496 2219 5552 sit

617 5565 1065 5649 optima._plonco
1091 5563 1270 5622 tamen
1306 5563 1585 5638 gloriosum
1609 5563 1713 5637 legi
1748 5566 1800 5620 in
1829 5576 2054 5638 quatuor
2079 5567 2219 5623 anti-

617 5637 739 5712 quis
767 5637 1060 5692 codicibus.
1312 5637 1317 5638 “
1851 5637 1854 5638 ⁷

619 5734 667 5787 g,
689 5708 942 5771 Celsitate.
983 5707 1127 5766 Idem
1158 5706 1328 5766 codex
1355 5705 1712 5780 Colbertinus,
1759 5710 2080 5769 celsitudine.

2332 4434 2590 4508 tiquiores
2608 4433 2874 4508 editiones
2884 4444 2939 4491 et
2951 4448 3047 4508 ses
3058 4438 3274 4507 antiqua
3296 4433 3623 4508 exemplaria
3646 4435 3933 4507 praeferant

2329 4505 2606 4579 proﬁcisci,
2638 4505 2759 4576 quia
2809 4504 2911 4560 ista
2954 4506 3146 4579 nititur
3172 4504 3491 4579 auctoritate
3514 4504 3745 4579 plurium
3774 4517 3927 4565 vete-

2328 4576 2447 4631 rum
2493 4576 2752 4633 librorum
2799 4587 2857 4632 et
2905 4576 3223 4633 editionum.
3272 4577 3461 4635 Inveni
3507 4576 3652 4635 enim
3695 4578 3840 4632 illam
3873 4580 3927 4634 in

2328 4656 2533 4719 septem
2575 4644 2855 4719 codicibus
2896 4650 3148 4719 antiquis.
3196 4648 3394 4705 Neutra
3437 4659 3615 4705 autem
3655 4648 3793 4705 bona
3821 4658 3926 4706 est.

2325 4716 2532 4788 Genjici
2579 4727 2759 4789 posset
2806 4716 3088 4791 legendum
3130 4733 3252 4791 esse
3287 4722 3499 4791 praeﬁci.
3528 4719 3635 4777 Sed
3664 4719 3779 4775 haec
3799 4734 3929 4776 con-

2326 4791 2549 4845 structio
2579 4802 2684 4845 non
2711 4797 2855 4845 esset
2911 4790 3096 4846 latina.
3135 4790 3325 4847 Melius
3360 4790 3688 4847 scriberetur
3723 4804 3926 4847 promo-

2325 4862 2452 4914 ueri.
2486 4859 2681 4916 Verum
2721 4874 2911 4917 omnes
2952 4860 3074 4916 libri
3118 4870 3329 4919 veteres
3355 4871 3412 4919 et
3435 4876 3631 4920 omnes
3662 4859 3925 4919 editiones

2327 4939 2646 5000 repugnant.

2324 4947 2733 5087 ἴθιέιαξῖἓὲῗῡθ
2757 5002 2914 5075 cujus
2935 5003 3271 5062 ordinatione
3299 5012 3476 5062 actum
3501 5011 3586 5062 est
3605 5004 3659 5060 in
3683 5003 3925 5074 Epistula

2322 5085 2625 5130 sunertore.

2450 5176 2541 5199 .—
2553 5144 2914 5202 Fraterm'tatis
2937 5152 3093 5204 secta.
3119 5147 3196 5205 Ita
3224 5146 3400 5205 cedex
3429 5146 3765 5203 Pithoeanus.
3787 5145 3921 5202 Edi-

2323 5213 2500 5288 tiones
2550 5219 2797 5288 vulgatae.
2827 5218 3021 5288 quibus
3045 5221 3390 5276 consentiunt
3418 5220 3505 5276 alii
3533 5218 3657 5274 libri
3685 5225 3919 5286 veteres,

2319 5283 2523 5343 habent
2573 5283 2866 5359 fra'wrnitas
2920 5299 3129 5347 sectata.
3191 5291 3393 5347 Verum
3438 5298 3683 5347 nostram
3733 5283 3925 5346 lectio-

2320 5371 2446 5414 nem
2489 5358 2621 5432 esse
2663 5358 2941 5432 meliorem
2983 5363 3114 5418 satis
3156 5372 3405 5428 constat,
3453 5361 3752 5432 praesertim
3797 5372 3921 5416 cum

2321 5439 2533 5505 snme
2580 5431 2652 5487 sit
2704 5445 2777 5486 ex
2810 5431 2997 5505 codice
3037 5436 3205 5489 veteri
3232 5430 3530 5505 antiquitus
3557 5430 3845 5489 emendato
3866 5432 3922 5505 in

2321 5499 2459 5586 urbe
2498 5499 2738 5586 gumiae
2758 5501 2989 5586 quodam
3040 5505 3272 5586 Jgstino,
3309 5499 3378 5561 ut"
3412 5505 3727 5563 adnotatum
3754 5502 3921 5560 estin

2322 5570 2472 5627 calce
2497 5570 2755 5641 Epistolas
2775 5570 2834 5628 in
2865 5576 3051 5631 codice
3071 5570 3378 5632 Pithceano.

2392 5641 2681 5698 Diuisione:
2708 5648 3029 5702 mensufnas.
3055 5645 3283 5703 Multum
3313 5649 3527 5705 variant
3557 5647 3681 5704 libri
3707 5653 3917 5702 veteres

2323 5713 2377 5772 in
2410 5713 2511 5772 hoc
2537 5714 2677 5773 loco.
2708 5713 2935 5787 Quidam
2964 5718 3108 5777 enim
3134 5717 3432 5795 praeferunt
3479 5720 3749 5779 divisiones
3774 5732 3917 5779 mett-
