4222 6288
211 317 309 379 395

1544 310 1874 375 EPISTOLA
1917 312 2158 374 XXXVI.

3392 295 3500 372 39.6

212 448 397 500 versae,
425 430 760 489 charissimis
788 443 851 487 ac
875 428 1682 502 desiderantissimis-fratribus,
1713 447 1796 485 sa-
1830 434 1882 493 Α
1909 430 2051 487 modi
2079 435 2393 487 ornamenta
2423 428 2721 501 complura,
2742 436 2822 499 ut,
2853 429 3216 503 redintegrato
3240 426 3502 487 Ecclesiae

215 527 392 583 lutem.
426 524 790 579 Nuntiandum
822 533 847 561 ιι
882 523 1031 579 vobis
1069 522 1188 591 fuit,
1231 522 1429 579 fratres
1453 523 1757 579 cltarissimi
1785 564 1802 592 ,

215 617 347 689 quod
390 615 661 689 pertineat
706 623 763 671 et
791 615 858 670 ad
888 630 1229 671 communem
1259 614 1498 671 laetitiam
1529 622 1588 671 et
1612 615 1677 670 ad
1711 631 1802 672 ec.

214 710 382 766 clesize
407 718 608 765 nostra:
629 709 915 763 maximam
935 708 1182 779 gloriam.
1212 707 1345 763 Nam
1376 709 1678 763 admonitos
1704 723 1805 766 nos

213 813 264 860 et
286 803 579 859 instructos
604 801 786 858 sciatis
809 801 1117 872 dignatione
1147 802 1322 858 divina
1341 802 1385 835 ‘9
1408 812 1466 857 ut
1493 802 1805 859 Numidicus

213 895 486 968 presbyter
500 894 840 951 adscribatur
855 894 1287 967 presbyterorum
1306 894 1803 966 Cartliaginensium

214 1002 433 1046 numero
459 997 518 1045 et
541 988 824 1044 nobiscum
855 988 1043 1044 sedeat
1074 988 1126 1043 in
1166 988 1336 1052 clero,
1366 988 1485 1043 luce
1510 988 1806 1044 clarissima

214 1081 564 1138 confessionis
600 1080 824 1137 illustris
864 1078 931 1146 ι’,
976 1090 1031 1136 et
1075 1081 1285 1137 virtutis
1319 1094 1381 1135 ac
1427 1079 1549 1135 fidei
1603 1078 1807 1135 honore

212 1175 478 1241 sublimis;
500 1175 594 1247 qui
622 1174 837 1232 hortatu
864 1190 964 1231 suo
985 1176 1263 1247 copiosum
1287 1178 1582 1247 martyrum
1634 1186 1655 1213 ο
1709 1190 1800 1230 nu-

212 1282 433 1335 merum,
457 1267 727 1339 lapidibus
745 1276 800 1323 et
821 1267 1050 1322 flammis
1073 1276 1339 1334 necatum,
1361 1275 1486 1322 ante
1511 1281 1570 1323 se
1593 1266 1737 1322 misit
1754 1263 1804 1334 ἀς

214 1360 402 1432 quique
445 1376 677 1417 uxorem
725 1361 1087 1418 adhaerentem
1135 1362 1289 1417 lateri
1337 1377 1435 1417 suo
1488 1377 1798 1418 concrema-

214 1459 314 1507 tam
364 1462 387 1489 θ
436 1452 600 1509 simul
646 1467 768 1509 cum
800 1453 1030 1521 caeteris,
1062 1461 1431 1508 conservatam
1454 1457 1621 1524 magis
1663 1453 1809 1510 dixe-

214 1545 329 1611 rim,
377 1545 536 1601 laetus
567 1546 797 1616 aspexit.
845 1544 964 1617 Ipse
1012 1546 1415 1601 semiustulatus
1456 1554 1511 1602 et
1546 1546 1806 1617 lapidibus

214 1640 429 1696 obrutus
468 1649 525 1697 et
555 1655 655 1711 pro
698 1647 910 1697 mortuo
942 1638 1234 1695 derelictus
1267 1682 1281 1706 ,
1355 1639 1479 1693 dum
1518 1639 1536 1677 ί
1572 1644 1811 1710 postmo-

213 1730 331 1787 dum
357 1732 465 1787 tilia
495 1732 730 1789 sollicito
758 1731 971 1803 pietatis
993 1731 1250 1803 obsequio
1280 1731 1508 1787 cadaver
1537 1734 1704 1801 patris
1732 1733 1812 1786 in-

1908 539 2022 579 sita:
2052 524 2268 591 robore,
2301 531 2407 579 tam
2438 524 2595 578 mites
2624 532 2679 580 et
2709 523 2938 579 humiles
2967 521 3192 579 faciatin
3216 539 3503 579 consessus

1907 616 2079 673 nostri
2111 616 2312 673 honore
2326 616 2696 688 ﬂorerc.0pto
2712 630 2828 685 vos,
2870 616 3065 673 fratres
3110 616 3411 674 charissimi
3441 633 3504 673 ac

1907 706 2405 777 desiderantissimi,
2436 722 2651 780 semper
2680 706 2819 765 bene
2850 706 3056 765 valere.

2412 840 2746 899 EPISTOLA
2773 840 3017 899 XXXVI.

1974 954 2205 1019 (Erasm.,
2228 970 2295 1018 ιιι,
2327 953 2408 1005 24.
2457 954 2667 1015 Pamel.,
2698 952 2832 1068 Dig.”
2864 953 3052 1018 Baluz.,
3092 968 3259 1009 xxxvr.
3286 955 3445 1010 Paris.

2377 1031 2532 1068 xxxv.
2557 1017 2741 1068 Oxon..
2809 1022 2923 1068 ins..
2950 1019 3060 1068 vn.)

2377 1031 2532 1069 xxxv.
2557 1017 2741 1080 Oxon.,
2766 1017 2923 1084 Lips.,
2950 1019 3060 1083 vn.)

1981 1141 2052 1181 ΑΙ)
2067 1140 2301 1195 οιειιωι,
2336 1141 2403 1182 DE
2428 1141 2572 1183 CURA
2601 1142 2883 1184 PAUPBRUI
2907 1142 2975 1183 ET
3006 1140 3433 1185 PBRBGIIINORUM.

1912 1238 2381 1296 Ascensurvu.—-
2400 1239 2579 1297 Monet
2604 1257 2666 1297 ne
2680 1242 3003 1315 glomeratim
3020 1259 3266 1323 martyres
3285 1246 3509 1315 visitent,

1983 1348 2047 1386 ne
2107 1333 2288 1388 viduas
2312 1375 2327 1399 ,
2377 1335 2645 1405 inﬁrmos,
2699 1352 3007 1410 pauperesve
3066 1353 3155 1399 aut
3219 1342 3510 1415 peregrinos

1984 1427 2265 1500 negligant.

1985 1543 2282 1617 Cyprianus
2304 1547 2633 1620 presbyteris
2660 1557 2715 1606 et
2742 1549 3076 1622 diaconibus,
3110 1552 3363 1611 fratribus
3379 1553 3510 1610 eba-

1914 1636 2164 1704 rissimis,
2192 1638 2442 1696 salutem.
2471 1641 2658 1698 Saluto
2686 1656 2805 1711 vos,
2838 1643 3031 1701 ﬁatres
3061 1644 3384 1712 charissimi,
3418 1663 3516 1718 per

1917 1726 2011 1782 Dei
2047 1728 2276 1798 gratiam
2322 1729 2628 1797 incolumis,
2681 1741 2874 1801 optans
2900 1736 3009 1791 cito
3058 1736 3127 1792 ad
3162 1753 3260 1793 vos
3303 1738 3514 1809 venire,

214 1825 397 1896 quirit,
429 1826 767 1882 semianimis
796 1825 1043 1880 inventus
1088 1833 1141 1879 et
1191 1831 1461 1879 extractus
1500 1832 1554 1879 et
1606 1834 1630 1872 8
1668 1823 1813 1881 refo-
1846 1833 1893 1896 Β
1927 1830 1984 1876 ut
2014 1820 2285 1877 desiderio
2318 1833 2422 1878 tam
2472 1838 2594 1880 meo
2622 1840 2779 1897 quam
2805 1836 2989 1884 vestro
3033 1838 3090 1886 et
3136 1830 3373 1888 omnium
3403 1831 3514 1887 fra-

214 1917 420 1972 cillatus
446 1960 462 1985 ,
527 1932 557 1973 a
602 1917 885 1974 comitibus
938 1928 1074 1988 quos
1115 1916 1230 1987 ipse
1251 1916 1581 1986 prtemiserat
1605 1931 1819 1972 reman-

216 2012 282 2066 sit
309 2010 547 2068 invictus
577 2009 625 2066 h.
658 2010 764 2068 Sed
803 2009 1140 2076 remanendi,
1179 2016 1240 2064 ut
1286 2008 1547 2076 videmus,
1581 2008 1695 2064 haec
1725 2009 1821 2064 fuit

217 2117 368 2160 musa
394 2114 456 2160 ut
479 2119 610 2161 eum
636 2104 782 2160 clero
807 2111 990 2158 nostro
1021 2101 1279 2157 Dominus
1304 2100 1621 2171 adiungeret
1650 2110 1703 2156 et
1729 2100 1821 2157 de-

217 2196 436 2252 solatam
470 2211 574 2269 per
600 2197 808 2267 lapsum
831 2193 1182 2266 quorumdam
1215 2194 1650 2263 presbyterorum
1691 2206 1820 2247 nos-

221 2296 416 2343 trorum
475 2289 691 2359 copiam
727 2286 742 2325 ί
773 2287 1020 2358 gloriosis
1083 2284 1452 2340 sacerdotibus
1511 2284 1819 2339 adornaret.

221 2377 282 2434 Et
326 2379 737 2450 promovebitur
765 2379 1005 2451 quidem,
1044 2391 1166 2433 cum
1212 2377 1352 2433 Deus
1387 2377 1714 2449 permiserit.
1756 2375 1824 2433 ad

221 2472 539 2542 ampliorem
568 2472 744 2528 locum
772 2471 1010 2542 regionis
1031 2469 1385 2540 sutis-meando
1410 2470 1462 2524 in
1485 2470 1825 2541 praesentiam

223 2575 540 2638 protegente
568 2565 794 2622 Domino
820 2565 1154 2621 venerimus.
1196 2561 1417 2618 Interim
1456 2563 1597 2634 quod
1641 2572 1826 2620 osteno

222 2656 359 2714 ditur
385 2659 507 2727 ﬁat,
540 2668 598 2715 ut
626 2674 748 2715 cum
773 2660 1061 2729 gratiarum
1093 2658 1307 2713 actione
1343 2657 1694 2727 suscipiamus
1726 2657 1829 2713 hoc

226 2748 312 2807 Dei
338 2766 563 2819 munus,
596 2758 873 2820 sperantes
896 2748 964 2805 de
1001 2747 1367 2805 misericordia
1416 2748 1626 2803 Domini
1678 2750 1823 2819 ejus-

1921 1923 2061 1970 trum
2090 1916 2315 1971 satisfiat
2334 1917 2346 1968 i
2368 1959 2380 1973 .
2402 1919 2623 1988 Oportet
2651 1935 2748 1977 nos
2770 1931 2944 1979 tamen
2964 1925 3078 1996 paci
3095 1927 3365 1982 communi
3390 1943 3518 1983 con-

1922 2008 2099 2063 sulere
2120 2018 2172 2063 et
2204 2009 2494 2077 interdum,
2526 2015 2776 2081 quamvis
2804 2024 2925 2071 cum
2954 2016 3111 2073 trcdio
3137 2019 3301 2075 animi
3324 2021 3517 2089 uestri,

1923 2101 2117 2159 deesse
2136 2102 2310 2171 vobis,
2345 2120 2413 2161 ne
2442 2108 2725 2177 przesentia
2749 2116 2930 2166 nostra
2959 2110 3211 2168 invidiam
3237 2122 3290 2169 et
3316 2114 3523 2171 violen-

1924 2194 2051 2248 tiam
2079 2194 2355 2265 gentilium
2399 2208 2672 2267 provocet,
2707 2210 2761 2256 et
2788 2202 2955 2257 simus
2985 2211 3235 2259 auctores
3262 2221 3519 2277 rumpen-

1925 2283 2009 2340 dte
2026 2287 2192 2356 pacis,
2215 2291 2304 2359 qui
2318 2288 2485 2360 magis
2501 2290 2666 2361 quieti
2687 2293 2924 2348 omnium
2944 2296 3223 2352 consulere
3237 2295 3521 2353 debemus.

1926 2377 2153 2444 Quando
2187 2394 2317 2451 ergo
2342 2396 2438 2437 vos
2480 2383 2822 2454 scripseritis,
2860 2386 3023 2441 rebus
3068 2388 3410 2460 compositis,
3433 2406 3519 2446 me

1928 2469 2112 2525 venire
2141 2468 2359 2538 debere,
2411 2480 2505 2527 aut
2534 2473 2577 2527 si
2623 2483 2749 2530 ante
2774 2472 3022 2547 dignatus
3068 2476 3230 2533 fuerit
3267 2477 3527 2537 Dominus

1929 2563 2237 2630 ostendere,
2268 2573 2395 2619 tunc
2433 2565 2500 2621 ad
2530 2581 2626 2621 vos
2652 2569 2885 2623 veniam.
2932 2567 3034 2626 Ubi
3079 2571 3223 2626 enim"
3269 2570 3398 2626 mihi
3435 2582 3531 2627 aut

1930 2655 2124 2711 melius
2148 2656 2318 2725 possit
2342 2671 2462 2712 esse
2486 2665 2578 2713 aut
2606 2656 2780 2714 laetius
2812 2674 2973 2731 quam
3002 2658 3113 2718 illic
3144 2662 3234 2719 ubi
3263 2680 3351 2720 me
3386 2664 3529 2721 Deus

1934 2758 1990 2804 et
2036 2748 2261 2804 credere
2289 2750 2458 2806 voluit
2506 2762 2560 2807 et
2607 2753 2889 2811 crescere?
2936 2752 3234 2814 Viduarum
3278 2764 3335 2814 et
3382 2758 3533 2817 inlir-

1448 2858 1829 2917 LECTIONES
1888 2858 2305 2918 VARIANTES.

281 2958 309 2989 ⁸
333 2954 671 3011 Mandandum
696 2954 827 3005 Lam
852 2951 997 3005 Ebor.
1022 2951 1148 3006 Bod.
1174 2954 1225 3004 2.

281 3019 314 3059 ι)
339 3018 682 3074 Oonfessionis
724 3018 918 3067 muneri
965 3018 1072 3068 ΝΠ.
1129 3017 1177 3067 2.
1219 3015 1549 3069 Confessiouis
1590 3024 1645 3069 et.
1687 3018 1842 3068 virtu-

228 3085 288 3134 tis
314 3097 373 3133 ac
397 3082 520 3132 fidei
544 3080 731 3129 honore
756 3077 901 3130 Ebor.
922 3078 1029 3131 Lin.

231 3148 335 3259 Βὲά
358 3142 643 3257 Gilorgosum
684 3149 947 3205 martyrem
1007 3143 1130 3193 Ben.
1206 3144 1325 3194 Ver.
1366 3140 1501 3194 Lam.
1544 3140 1688 3193 Ebur.
1732 3138 1838 3193 Lin.

273 3221 356 3258 oa.
388 3221 439 3265 ‘l,
476 3221 526 3254 Ζ.

290 3269 317 3311 d
335 3271 472 3320 Ante
498 3267 734 3330 praemisit
753 3266 875 3330 Ben.

293 3336 319 3365 θ
343 3332 477 3395 Igne
501 3328 766 3380 crematam
790 3328 899 3383 NG.
924 3329 974 3381 2.

1864 3264 1911 3329 C
2012 3265 2137 3318 iDe

2016 2952 2039 3026 ξ
2062 2954 2228 3026 grape
2252 2954 2453 3026 modum
2469 2958 2690 3026 relictus.
2723 2961 2955 3026 Denique
2977 2965 3094 3016 dum
3114 2964 3241 3019 Ben.

2012 3019 2039 3059 Β
2062 3018 2124 3068 Ει
2146 3025 2388 3068 retractus
2411 3025 2465 3070 et
2485 3022 2568 3069 vix
2594 3025 2713 3074 Ver.
2731 3018 2916 3077 Manut.

2016 3078 2048 3117 h
2070 3079 2389 3131 Refocillatus
2419 3086 2658 3134 remansit
2679 3088 2858 3141 invitus
2880 3088 3007 3140 Bod.
3026 3091 3073 3140 1.

2012 3141 2030 3181 i
2058 3142 2364 3217 Presbyter-ii
2408 3148 2565 3217 nostri
2608 3150 2813 3217 copiam_
2836 3152 2993 3217 Omen.
3015 3152 3415 3217 presbyterorum
3438 3168 3529 3208 no-

1942 3209 2094 3275 stram
2109 3207 2295 3315 co'piam
2314 3207 2449 3256 Lam.
2472 3207 2618 3280 liber.
2772 3213 2902 3284 .Bod.
2925 3215 2975 3265 1.

2012 3279 2027 3315 l
2059 3265 2137 3315 De
2181 3266 2392 3315 ratrtbus
2411 3270 2610 3315 satisﬁat
2633 3275 2689 3315 S-
2720 3275 2861 3315 such

2181 3266 2392 3320 ratribus
2411 3270 2610 3323 satisﬁat
2632 3275 2689 3325 S.
2715 3273 2864 3326 Mica.

1451 3415 1693 3473 STEPH.
1740 3415 2009 3475 BALUZII
2048 3417 2276 3479 NOTAE.

236 3514 436 3581 sumas,
462 3512 553 3568 alii
602 3511 870 3567 divisiones
896 3520 1195 3580 menstruas,
1242 3511 1510 3569 divisiones
1538 3528 1826 3580 mensuras,

238 3584 508 3640 divisiones
550 3584 836 3646 mensuriaz,
887 3584 1156 3638 divisiones
1203 3599 1470 3638 mensum.
1527 3583 1828 3639 Hadrianus

238 3653 455 3711 Saravia
485 3656 670 3710 maluit
696 3662 1001 3710 menstruas.

307 3726 497 3783 Eptsr.
551 3742 722 3781 xxxv.
776 3754 848 3767 -
897 3724 1207 3780 Numidicus
1275 3724 1550 3796 presbyter.
1607 3723 1827 3780 ﬂetinui

245 3795 530 3868 lectionem
578 3798 864 3868 vulgatam.
922 3795 1039 3852 Vox
1092 3795 1348 3868 presbyter
1392 3795 1546 3868 deest
1590 3796 1641 3868 in
1693 3796 1826 3851 duo-

246 3867 341 3922 bus
390 3869 628 3938 antiquis
674 3865 970 3923 codicibus.
1041 3865 1313 3938 Adscribit
1363 3865 1543 3938 gilium
1599 3867 1827 3938 Cypria-

244 3953 341 3993 nus
380 3936 609 4010 numero
634 3942 1076 4010 presbyterorum
1124 3936 1656 4010 Carthaginiensium!
1671 3938 1826 4004 Quod

245 4022 369 4066 sane
413 4008 653 4067 efﬁcere
687 4008 846 4064 nemo
892 4024 1051 4079 posse
1101 4008 1314 4064 videtur
1367 4008 1467 4062 nisi
1523 4010 1824 4078 episcopus.

247 4080 420 4146 Quare
443 4081 638 4137 mirum
664 4080 832 4136 videri
864 4089 1040 4152 potest
1067 4079 1621 4152 quod_ait_Cassianus
1638 4079 1822 4152 collat.

250 4165 318 4218 tv,
344 4168 466 4224 cap.
485 4153 538 4207 1.
567 4150 1175 4224 ωιιὶθιᾳιηζόὶεφηηω
1204 4150 1487 4224 Paphnutii
1510 4151 1828 4224 presbyteri,

251 4221 551 4290 promotum
580 4223 650 4278 ab
671 4239 737 4279 eo
763 4222 929 4279 fuisse
947 4222 1015 4279 ad
1036 4222 1297 4278 honorem
1325 4221 1664 4293 presbyterii,
1689 4222 1833 4293 nulla

251 4295 488 4365 episcopi
518 4295 811 4351 mentione.
859 4294 1057 4350 Verum
1097 4295 1227 4365 satis
1277 4292 1567 4365 commode
1588 4292 1653 4365 ad
1695 4292 1835 4365 hunc

1934 3521 2111 3569 tamus
2134 3515 2200 3570 ad
2225 3514 2417 3570 librum
2434 3514 2500 3569 de
2530 3514 2774 3572 Oratione
2796 3519 3071 3577 dominica.

2010 3584 2295 3664 Eresbyter.
2329 3596 2486 3664 nostr.
2503 3586 2675 3664 ΔΗςιηςξ
2699 3589 2986 3664 lectionem
3014 3594 3190 3664 reperi
3215 3594 3268 3651 in
3297 3606 3420 3655 octo
3445 3600 3537 3655 eo-

1930 3656 2140 3733 dicibus
2159 3656 2394 3733 antiquis
2423 3658 2554 3733 et_i_n
2594 3659 2918 3733 editionibus
2965 3656 3091 3733 qusi
3127 3676 3539 3725 antecesserunt

1930 3724 2588 3812 Damelianam‘famelius
2605 3730 2788 3812 maluit
2811 3724 3107 3812 presbyterii
3118 3724 3541 3812 nost_ri.Presbyé

1932 3799 2391 3881 teriam-lapsum
2459 3815 2562 3881 non
2630 3810 2734 3881 est,
2784 3799 2879 3881 sed
2938 3799 3238 3878 presbyteri
3287 3799 3526 3881 quidam.

1932 3868 2119 3940 Lectio
2150 3870 2328 3940 itaque
2354 3878 2537 3924 nostra
2569 3871 2759 3926 melior
2789 3878 2891 3927 est.

2005 3938 2134 4013 Cum
2158 3938 2298 3995 Deus
2328 3941 2626 4013 permiserit.
2662 3941 2718 3997 ln
2762 3943 3077 4013 quibusdam
3101 3952 3325 4009 vetustis
3351 3969 3534 4010 exem-

2235 4019 2291 4066 et
2329 4010 2662 4069 'editionibus
2726 4010 2921 4086 legitur
2981 4035 3097 4074 cum
3164 4031 3360 4096 tempus
3411 4043 3534 4097 pcr-

2008 4098 2031 4136 s
2133 4122 2147 4135 .

2010 4152 2270 4233 Iiegionis.
2328 4152 2500 4209 Antea
2538 4154 3122 4233 legebatnrgreligionis.
3176 4163 3324 4224 Hanc
3352 4183 3540 4225 emen-

1939 4222 2406 4302 dationem,__qua:
2432 4234 2516 4282 est
2544 4222 2768 4298 optima,
2818 4222 2995 4288 inve'n‘i
3035 4236 3086 4290 in
3140 4222 3539 4296 duobus'lib‘ris

1940 4296 2193 4363 antiquis.
2235 4294 2427 4350 NOtum
2481 4294 2791 4356 est'autem
2841 4305 2999 4359 urbes
3043 4306 3207 4363 fuisse
3258 4294 3457 4365 divisas
3484 4294 3538 4364 in

254 4363 424 4448 locum
436 4361 842 4423 commentatur
871 4364 1374 4448 alamus-Gemens,
1403 4377 1521 4448 _non
1543 4361 1709 4448 fuisse
1738 4364 1838 4446 Da‘
1858 4440 1904 4448 _
1939 4361 2207 4436 regiunes.
2239 4368 2481 4448 Διῃριίος
2502 4372 2857 4448 au_tem_locus
2891 4378 3128 4448 regionis
3152 4361 3534 4446 recte—dicitur,

254 4436 445 4494 nielem
489 4447 795 4518 promotum
821 4453 852 4493 a
875 4437 1196 4518 Paphnutio,
1220 4434 1567 4518 sed_missuin
1612 4434 1679 4489 ad
1718 4437 1835 4505 epi-
1858 4440 1913 4500 D
1939 4434 2047 4518 non
2070 4451 2198 4518 vero
2223 4434 2515 4518 religionis.
2546 4442 2699 4518 Apud
2728 4434 3087 4513 Lactantium,
3110 4449 3203 4505 lib.
3255 4434 3398 4518 rt,c.
3420 4450 3484 4506 is
3518 4434 3532 4503 Ξ

252 4520 467 4579 scopum
491 4504 577 4564 ἰιι
625 4508 693 4564 ab
719 4523 787 4564 eo
830 4504 1254 4579 promoveretur.
1307 4504 1561 4577 Exempla
1604 4504 1839 4578 sequen-

259 4578 382 4652 tium
415 4590 716 4652 temporum
743 4578 900 4652 aliato
931 4580 1183 4652 aGazteo
1208 4580 1442 4652 fuerunt.

323 4648 673 4723 Presbyieror.
731 4651 864 4706 Alia:
916 4651 1177 4717 editiones
1222 4658 1277 4723 et
1341 4650 1448 4723 tria!
1514 4648 1838 4723 exemplaria

258 4732 437 4793 vetera
489 4720 501 4723 ’
536 4722 738 4778 habent
824 4723 1116 4793 presbyterii
1206 4720 1639 4791 Carthagincnsis.
1710 4720 1841 4793 Qua:

260 4790 414 4849 lectio
459 4794 597 4849 bona
650 4790 861 4865 quoque
889 4790 993 4849 est'.
1041 4792 1148 4849 Sed
1201 4808 1262 4848 ea
1314 4790 1475 4865 quam
1528 4806 1628 4861 ego
1650 4791 1838 4865 posui,

259 4879 412 4988 ﬂuam
440 4866 618 4920 inveni
648 4863 702 4920 in
733 4863 973 4936 pluribus
999 4865 1235 4935 antiquis
1263 4863 1560 4930 codicibus,
1590 4863 1723 4917 mihi
1759 4864 1840 4917 vi-

293 4944 411 4988 etur
434 4949 555 4988 esse
580 4936 789 4988 melior.

293 4944 411 4991 etur
434 4949 555 4992 esse
580 4936 789 4992 melior.

330 5007 550 5078 Martyr.
579 5023 865 5062 numerum.
884 5006 942 5061 ln
985 5006 1179 5078 codice
1200 5005 1426 5078 Ttiuano
1451 5012 1507 5061 et
1527 5005 1579 5078 in
1601 5003 1843 5061 Fuxensi

261 5076 515 5149 scriptum
545 5087 628 5134 est
648 5089 923 5149 martyrem
943 5093 1132 5133 verum.
1160 5076 1268 5149 Sed
1294 5076 1412 5133 haec
1429 5076 1593 5132 lectio
1622 5092 1728 5131 non
1761 5084 1845 5131 est

264 5145 420 5205 bona.
449 5145 978 5221 Gratianopoiitanus
998 5148 1196 5203 habet:
1229 5147 1400 5203 Bonos
1429 5158 1677 5221 martyres
1700 5156 1844 5203 etve-

264 5233 367 5292 ros
388 5222 642 5291 lapidibus
668 5232 714 5276 et
744 5221 967 5292 ﬂammis
998 5228 1204 5292 necatos
1223 5228 1340 5292 ante
1363 5233 1417 5273 se
1437 5220 1592 5292 misit.

332 5290 751 5347 Concrematam.
776 5291 961 5347 Codex
1001 5290 1245 5345 Lamonii
1271 5331 1286 5354 ,
1319 5291 1522 5345 omnino
1550 5299 1845 5344 crematam.

333 5362 843 5445 A_eomitibtts..'l_'r_ia
894 5362 1241 5445 exemplaria.
1268 5370 1444 5445 vetera
1472 5360 1765 5445 prmiergnt
1787 5377 1849 5443 ex

266 5436 549 5505 comitibus,
578 5434 719 5504 quod
746 5435 885 5489 idem
915 5441 1015 5488 est.
1046 5431 1133 5486 Ait
1157 5432 1299 5487 enim
1325 5431 1625 5505 Cyprianus
1666 5432 1848 5486 Numi-

267 5504 440 5560 dicum
479 5507 801 5561 remansisse
828 5520 923 5559 seu
964 5505 1305 5573 supchtite-m
1357 5504 1521 5559 fuisse
1567 5505 1849 5558 comitibus

266 5590 362 5632 seu
401 5578 562 5631 sociis
610 5576 850 5646 martyrii
879 5575 981 5637 sui,
1012 5591 1078 5629 eo
1106 5575 1267 5630 modo
1314 5589 1421 5646 quo
1447 5576 1710 5646 Dominus
1738 5576 1851 5642 epi-

267 5661 460 5717 scapus
482 5645 847 5702 Antiocltenus
872 5648 1127 5702 remansit
1145 5648 1214 5702 ab
1231 5645 1658 5717 ortliodoxorum
1684 5645 1850 5715 depoo

268 5716 495 5791 sitione,
530 5717 605 5791 uti
637 5718 866 5791 diximus
902 5718 955 5773 in
1004 5717 1317 5791 prmfatione
1344 5726 1525 5774 nostra
1576 5716 1641 5772 ad
1670 5719 1850 5772 σοιιεὶ-

269 5786 398 5849 lium
437 5786 1124 5865 Cbaleedonensecapfm.
1157 5789 1291 5848 Vide
1337 5803 1547 5847 rursum
1601 5801 1721 5862 quae
1752 5804 1851 5845 no-

1943 4507 2067 4592 Non
2078 4510 2150 4592 in
2195 4526 2295 4563 una
2334 4507 2511 4592 potius
2536 4507 2625 4567 sed
2745 4532 2942 4592 summa
2969 4507 3213 4592 religione
3239 4507 3541 4592 quierendu’s

1943 4536 2067 4563 sum
2096 4536 2150 4562 tu
2195 4536 2295 4563 ums
2345 4536 2511 4580 potius
2536 4536 2623 4567 seu
2652 4536 2706 4567 ιη
2745 4536 2942 4569 summa
2969 4536 3061 4572 νεη
3100 4536 3213 4574 rane
3239 4536 3537 4592 quaerendus

1942 4588 2036 4664 est.
2078 4579 2184 4664 Ιξςρ
2231 4595 2338 4649 quo
2383 4583 2598 4664 quidam
2649 4585 2773 4664 libri
2819 4536 3271 4664 veteresiabent
3313 4592 3537 4664 regione.

1937 4649 2070 4733 Item
2110 4650 2201 4733 lib.
2230 4667 2302 4717 tv,
2334 4649 2576 4733 cap._27,
2606 4672 2695 4733 per
2721 4657 2918 4733 diversa
2932 4660 3207 4733 regionum
3236 4681 3255 4729 ;
3307 4649 3402 4733 pro
3430 4678 3536 4733 quo

1944 4723 2117 4804 codex
2148 4722 2502 4804 Bononiensis
2546 4740 2575 4779 a
2606 4722 2901 4804 'Tltomasio
2925 4722 3174 4804 laudatus
3214 4722 3428 4804 praefert
3447 4722 3543 4788 ’τε-

1945 4794 2214 4877 tigionum.
2253 4794 2437 4850 Lectio
2482 4806 2658 4851 tamen
2690 4812 2809 4867 quae
2852 4800 3013 4858 liabet
3062 4794 3321 4873 religionis
3361 4813 3543 4877 potest

1947 4865 2145 4920 habere
2167 4866 2365 4921 bonum
2407 4881 2643 4922 sensum.

2024 4936 2203 5020 Errsr.
2260 4952 2535 5020 xxxvr._—7
2560 4937 2685 4993 Hmc
2736 4939 2961 5020 cpistola
3017 4955 3101 5002 est
3164 4946 3406 5020 ejusdem
3452 4964 3541 5005 ar-

1946 5009 2187 5079 gumenti
2212 5024 2350 5079 cum
2372 5009 2582 5079 quinta,
2612 5009 2856 5068 consule.

2025 5078 2321 5151 Ostendere.
2376 5079 2477 5133 Per
2508 5080 2802 5151 visionem,
2855 5085 2911 5142 in
2963 5103 3172 5146 somno.
3224 5089 3409 5149 Modus
3460 5090 3539 5148 lo-

1951 5149 2153 5233 quendi
2202 5151 2508 5233 irequenter
2555 5149 2840 5233 usurpatos
2868 5166 2897 5211 a
2924 5157 3213 5233 Cypriane.

2024 5220 2123 5274 Aut
2136 5220 2321 5275 (trtius.
2335 5237 2612 5277 ..crescere.
2637 5220 2758 5281 llmc
2771 5220 3033 5287 desun‘t'in
3047 5248 3110 5288 an
3120 5235 3277 5290 tinuis
3299 5232 3364 5290 ed
3371 5234 3547 5289 itioni-

1952 5291 2071 5373 bus.
2122 5291 2273 5347 Hunc
2302 5307 2428 5373 ergo
2460 5294 2659 5373 hiatum
2690 5300 2957 5373 supplevit
2983 5303 3147 5360 editio
3171 5291 3421 5373 Manutii,
3452 5315 3544 5360 aut

1953 5312 2071 5346 lius.
2122 5312 2273 5347 nunc
2302 5312 2428 5362 ergo
2460 5312 2659 5350 malum
2690 5312 2957 5423 Stthlcvtt
2983 5312 3147 5360 editio
3171 5312 3421 5373 Manutii,
3452 5315 3543 5360 aut

1953 5363 2115 5446 laetius
2164 5378 2314 5446 quam
2342 5365 2447 5446 illic
2494 5366 2698 5446 tib-inme
2793 5373 2992 5446 optimis
3035 5390 3141 5430 esse
3162 5378 3400 5432 decrevit.
3430 5375 3543 5433 Mo-

1950 5434 2136 5489 rellius
2164 5443 2342 5489 autem
2391 5437 2469 5490 sic
2503 5454 2515 5491 :
2549 5435 2645 5491 Ubi
2674 5454 2753 5495 me
2803 5441 2942 5497 Deus
2968 5454 3014 5498 et
3041 5448 3241 5503 credere
3291 5449 3446 5503 voluit
3501 5456 3549 5503 et

1952 5520 2191 5591 crescere.
2224 5505 2457 5589 .Pntayit
2503 5517 2681 5591 autem
2724 5508 2997 5591 Pamelius
3040 5516 3158 5574 illos
3202 5520 3274 5575 ita
3306 5521 3542 5591 supple-

1953 5576 2193 5661 visschex
2224 5578 2454 5661 ingenio.
2507 5576 2879 5661 Frustra.__Et
2910 5588 3054 5661 enim
3103 5606 3222 5661 qum
3272 5576 3547 5647 Moreflius

1955 5649 2370 5729 posuitesstant
2420 5649 2471 5703 in
2521 5653 2865 5729 uno_codice
2910 5649 3169 5715 Vaticano
3198 5670 3249 5716 et
3294 5662 3347 5717 in
3379 5663 3547 5718 trilms

1957 5717 2342 5803 aliisantiquis
2372 5735 2413 5803 τι,
2450 5735 2536 5775 me
2567 5722 2717 5803 visis,
2763 5726 2863 5781 nisi
2915 5729 3055 5800 quod
3090 5734 3140 5803 iu
3191 5749 3299 5789 uno
3325 5717 3512 5790 eorum
3534 5773 3550 5799 ,

1956 5788 2012 5847 in
2026 5788 2258 5849 Fuxensi
2285 5790 2556 5861 nimirum,
2574 5788 2829 5869 scriptum
2842 5788 3189 5873 est’sececle‘re
3214 5788 3315 5882 pro
3330 5788 3555 5865 credere;
