4222 6288
608 283 717 343 527

2011 287 2151 346 DIVI
2186 287 2509 349 CYPRIANI

3806 301 3922 360 528

617 411 827 453 morum
873 405 927 454 et
952 399 1187 453 omnium
1231 410 1521 467 pauperum
1553 410 1738 452 curam
1771 405 1897 470 peto
1927 400 2214 473 diligenter
2240 412 2285 472 Α
2319 410 2561 476 possem!
2625 416 2902 480 promptus
2969 415 3022 462 et
3082 408 3258 464 libens
3319 407 3546 465 solemni
3616 413 3924 471 ministerio

621 489 881 544 habeatis.
915 488 1018 542 Sed
1050 495 1102 540 ct
1126 488 1440 558 peregrinis,
1471 489 1514 542 si
1543 489 1633 559 qui
1666 489 1961 562 indigentes
1995 495 2214 561 fuerint,

619 592 864 650 sumptus
895 579 1192 650 suggeratis
1219 579 1286 634 de
1315 581 1608 650 quantitate
1655 599 1774 639 mea
1811 586 2020 655 propria
2056 602 2214 657 quam

618 673 756 742 apud
801 672 1155 740 Rogatianum
1202 673 1700 746 compresbyterum
1734 685 1974 732 nostrum
2008 679 2210 734 dimisi.

617 763 746 831 Quae
787 763 1058 832 quantitas
1112 779 1179 820 ne
1217 766 1353 820 forte
1400 768 1510 835 jam
1573 769 1823 823 universa
1848 782 2063 840 erogata
2114 772 2214 838 sit,

619 854 740 910 misi
768 853 941 910 eidem
980 871 1076 926 per
1096 855 1344 913 Narieum
1369 858 1676 930 acolythum
1705 861 1864 914 aliam
1892 864 2216 930 portionem,

619 957 676 1000 ut
710 946 908 1016 largius
961 957 1016 1003 et
1048 951 1345 1020 promptius
1391 953 1530 1006 circa
1559 951 1868 1008 laborantes
1909 953 2000 1008 ﬁat
2027 970 2218 1025 opera-

620 1039 713 1093 tio.
749 1040 887 1110 Opto
915 1056 1030 1106 vos,
1055 1041 1245 1097 fratres
1277 1040 1600 1109 charissimi,
1629 1061 1844 1116 semper
1872 1046 2008 1102 bene
2035 1049 2214 1104 valere

619 1139 673 1186 et
697 1132 866 1187 nostri
891 1133 1221 1190 meminisse.
1254 1135 1665 1193 Fraternitatem
1699 1151 1928 1195 vestram
1971 1158 2092 1196 meo
2118 1157 2217 1197 no~

619 1227 765 1282 mine
821 1228 1082 1297 salutate,
1149 1237 1203 1285 et
1267 1241 1324 1286 ut
1401 1232 1571 1286 nostri
1638 1247 1908 1291 memores
1971 1236 2080 1292 sint
2128 1235 2222 1290 ad-

621 1329 858 1378 monete.

1048 1438 1092 1468 ⁵⁰
1147 1436 1481 1494 EPISTOLA
1525 1438 1794 1495 XXXVII.

624 1570 857 1635 (Erasm.,
900 1583 967 1631 ιιι,
993 1571 1039 1620 6.
1082 1570 1289 1640 Fame},
1332 1572 1534 1640 Rigalt.,
1582 1573 1768 1640 Balu_z.,
1820 1589 2006 1626 xxxvii.
2058 1576 2225 1640 Paris.,

1027 1648 1197 1696 mm,
1221 1634 1579 1700 Oxon.,Lips.,
1610 1638 1721 1700 xu.)

624 1775 691 1816 AD
713 1774 944 1828 CLERUM,
984 1775 1055 1815 UT
1082 1775 1499 1817 CONFESSORIBUS
1527 1777 1579 1815 IN
1607 1777 1849 1817 CARCERE
1875 1777 2170 1820 CONSTITUT
2182 1775 2227 1818 IS

987 1867 1143 1908 OHNIS
1167 1867 1473 1910 HUIANITAS
1502 1869 1856 1910 PREBEATUR.

625 2005 1005 2046 ARGUHENTUM.
1029 2019 1101 2029 —
1124 1988 1372 2045 Hortatur
1401 1991 1593 2045 clerum
1619 2008 1765 2046 suum
1786 1999 1840 2045 ut
1856 1993 2021 2047 omnis
2039 1993 2225 2047 huma-

699 2083 830 2136 nitas
847 2092 894 2137 et
914 2098 1036 2136 cura
1050 2082 1346 2136 adhibeatur
1362 2083 1496 2136 circa
1545 2087 1874 2154 confessores,
1929 2094 2034 2138 tum
2071 2085 2227 2150 vivos,

701 2185 806 2228 tum
829 2176 883 2228 in
908 2189 1106 2228 carcere
1120 2173 1407 2246 defunctos;
1422 2187 1474 2228 ut
1502 2176 1606 2230 dies
1618 2179 1792 2231 mortis
1807 2194 1979 2231 eorum
2013 2179 2201 2248 diligen
2218 2206 2232 2216 -

701 2275 776 2320 ter
799 2265 1197 2332 adnotentur,ad
1217 2265 2030 2338 celebrandamquotannis'eorum
2048 2285 2236 2323 memoo

700 2354 856 2420 riam;
885 2354 1099 2425 denique
1149 2365 1204 2408 ut
1235 2372 1516 2426 pauperum
1545 2358 1696 2410 etiam
1727 2375 1828 2412 non
1854 2359 2230 2414 obliviscantur.

699 2445 740 2500 Ι.
767 2445 1066 2518 Cyprianus
1092 2447 1421 2520 presbyteris
1459 2457 1513 2504 et
1531 2447 1843 2504 diaconibus
1870 2451 2119 2505 fratribus
2147 2467 2236 2506 sa-

629 2539 817 2596 lutem.
863 2539 1198 2611 Quamquam
1223 2547 1390 2596 sciam
1417 2557 1533 2610 vos,
1562 2544 1754 2598 fratres
1781 2543 2082 2599 charissimi
2101 2585 2115 2610 ,
2146 2544 2229 2598 lit-

633 2635 761 2690 teris
816 2636 952 2690 meis
1008 2635 1317 2705 frequenter
1369 2637 1674 2692 admonitos
1727 2653 1848 2693 esse
1900 2650 1956 2692 ut
1997 2638 2230 2709 gloriosa

631 2743 764 2784 voce
815 2727 1101 2783 Dominum
1149 2729 1412 2784 confessis
1441 2738 1496 2783 et
1547 2729 1599 2783 in
1656 2743 1873 2784 carcere
1923 2731 2230 2784 constitutis

633 2821 811 2878 omnis
853 2820 1132 2893 diligentia
1171 2821 1492 2891 prteb'eatur,
1535 2830 1712 2877 tamen
1746 2823 2034 2878 identidem
2075 2823 2228 2880 vobis

633 2913 918 2981 incumbo,
970 2929 1038 2970 ne
1087 2913 1215 2984 quid
1266 2914 1334 2968 ad
1377 2929 1563 2969 curam
1609 2913 1752 2969 desit
1801 2915 1866 2969 iis
1916 2916 2109 2986 quibus
2162 2916 2230 2971 ad

634 3009 855 3080 gloriam
905 3009 1036 3064 nihil
1081 3008 1250 3065 deest.
1304 3009 1478 3079 Atque
1526 3008 1726 3062 utinam
1778 3009 1881 3064 loci
1934 3018 1989 3065 et
2033 3008 2233 3079 gradus

2321 513 2515 558 cuncta
2558 502 2697 556 circa
2746 501 3070 556 fortissimos
3113 502 3306 556 fratres
3356 513 3568 558 nostros
3606 505 3918 563 dilectionis

2321 596 2575 666 obsequia
2633 595 2978 665 con‘tplerem.
3033 595 3138 650 Sed
3205 594 3440 650 officium
3500 614 3675 652 meum
3715 609 3917 667 vestra,

2320 703 2523 758 quaeso,
2555 686 2825 758 diligentia
2857 696 3211 758 representet,
3265 697 3318 742 et
3368 687 3527 744 faciat
3573 691 3751 746 omnia
3797 709 3922 764 qua:

2324 781 2438 836 fieri
2481 791 2693 852 Oportet
2720 783 2860 836 circa
2911 798 3004 837 eos
3045 797 3187 853 quos
3239 784 3290 837 in
3322 784 3518 839 talibus
3562 786 3767 842 meritis
3795 787 3922 844 fidei

2322 892 2384 930 ac
2429 876 2640 930 virtutis
2689 890 2800 929 sua:
2847 883 2872 911 τι
2920 875 3202 928 illustravit
3256 874 3432 929 divina
3479 877 3735 946 dignatio.
3781 879 3921 935 Cor-

2325 967 2546 1038 poribus
2600 967 2760 1020 etiam
2801 966 3038 1021 omnium
3085 965 3202 1037 qui,
3241 969 3340 1022 etsi
3385 968 3506 1023 torti
3539 986 3644 1025 non
3693 981 3818 1025 sunt
3867 972 3923 1027 in

2325 1072 2564 1121 carcere,
2620 1067 2798 1111 tamen
2861 1057 3098 1126 glorioso
3156 1057 3302 1112 exitu
3364 1060 3553 1114 mortis
3617 1062 3922 1131 excedunt,

2329 1150 2664 1219 impertiatur
2689 1158 2743 1204 et
2783 1148 3054 1218 vigilantia
3103 1157 3156 1203 et
3195 1165 3322 1204 cura
3355 1153 3691 1221 propensior.
3743 1153 3931 1224 Neque

2328 1243 2469 1296 enim
2505 1243 2674 1295 virtus
2705 1256 2893 1295 eorttm
2945 1249 3036 1294 aut
3095 1242 3263 1296 honor
3292 1242 3468 1298 minor
3496 1255 3577 1299 est
3609 1260 3714 1316 quo
3750 1249 3929 1303 minus

2329 1333 2427 1401 ipsi
2455 1347 2667 1401 quoque
2695 1331 2835 1385 inter
2864 1331 3051 1385 beatos
3079 1341 3342 1402 martyres
3363 1345 3718 1405 aggregentur
3743 1355 3756 1390 :
3785 1336 3929 1407 quod

2331 1425 2383 1478 in
2430 1423 2534 1479 illis
2563 1433 2645 1478 est
2672 1465 2686 1486 ,
2718 1423 3081 1478 toleraverunt
3116 1425 3379 1494 quicquid.
3410 1427 3639 1483 tolerare
3679 1430 3846 1498 parati
3874 1440 3929 1488 et

2335 1518 2565 1588 prompti
2619 1515 2851 1570 fuerunt.
2903 1516 3003 1583 Qui
3055 1531 3114 1571 se
3161 1519 3441 1572 tormentis
3495 1527 3549 1572 et
3612 1520 3768 1574 morti
3825 1521 3925 1578 sub

2329 1609 2500 1665 oculis
2528 1609 2619 1664 Dei
2647 1609 2860 1671 obtulit,
2891 1623 3078 1678 passus
3103 1617 3184 1662 est
3209 1609 3456 1679 quicquid
3487 1611 3592 1679 pati
3643 1613 3810 1667 voluit
3844 1613 3870 1651 ι)
3904 1630 3921 1680 ;

2333 1718 2437 1757 non
2471 1700 2612 1756 enim
2661 1702 2776 1772 ipse
2835 1700 3134 1764 tormentis,
3189 1700 3282 1756 sed
3315 1709 3578 1757 tormenta
3613 1705 3713 1774 ῆι)δί
3743 1705 3932 1761 defue-

2257 1807 2305 1868 Β
2333 1805 2458 1852 runt
2481 1807 2526 1849 ο.
2578 1796 2678 1863 Qui
2716 1796 2769 1850 in
2805 1811 2885 1850 me
2935 1798 3196 1866 confessus
3242 1795 3391 1865 fuerit
3420 1813 3594 1850 coram
3621 1798 3927 1868 hominibus,

2333 1901 2379 1945 et
2409 1907 2499 1961 ego
2541 1890 2593 1942 in
2641 1887 2730 1941 illo
2756 1886 3032 1956 conﬁtebor
3076 1904 3250 1940 coram
3279 1887 3438 1941 Patre
3462 1906 3570 1944 meo
3594 1892 3679 1960 qui
3709 1893 3761 1946 in
3787 1894 3929 1947 corlis

2334 1991 2406 2037 est
2463 1979 2674 2052 (Matth.
2703 1996 2758 2043 ιι,
2812 1979 2927 2048 52),
2967 1978 3093 2034 dicit
3132 1980 3388 2035 Dominus
3427 1977 3475 2033 (ί.
3515 1979 3756 2037 Confessi
3803 1993 3933 2040 sunt

2339 2073 2441 2142 Qui
2454 2073 2735 2127 toleraverit
2749 2072 2978 2140 usquead
2996 2071 3148 2140 ﬁnem
3170 2072 3252 2126 hic
3267 2074 3437 2128 salvus
3457 2075 3546 2128 erit
3565 2085 3586 2110 ο
3609 2074 3795 2146 illud,
3811 2078 3930 2150 22),

2340 2167 2469 2222 dicit
2511 2164 2789 2220 Dominus.
2847 2163 3269 2230 Toleraverunt,
3335 2175 3388 2220 et
3443 2165 3508 2219 ad
3548 2167 3708 2222 tinem
3766 2184 3935 2239 usque

2348 2261 2656 2331 incorrupta
2710 2267 2764 2313 et
2805 2257 3147 2312 immaculata
3183 2258 3438 2313 virtutum
3477 2275 3691 2315 suarum
3743 2263 3936 2321 merita

2341 2354 2695 2425 pertulerunt.
2721 2352 2789 2406 Et
2817 2352 3008 2407 iterum
3039 2351 3294 2422 scriptum
3318 2361 3402 2408 est
3434 2369 3448 2407 :
3473 2352 3598 2408 Esto
3648 2355 3814 2424 ﬁdelis
3844 2375 3934 2412 us-

2340 2464 2437 2517 que
2453 2447 2521 2499 ad
2535 2455 2766 2511 mortem,
2793 2453 2840 2498 et
2857 2445 2988 2498 dabo
3009 2443 3098 2497 tibi
3115 2459 3352 2498 coronam
3374 2445 3519 2515 rita'(
3537 2446 3696 2515 Apoc.
3735 2464 3793 2516 ιι,
3819 2450 3935 2518 10).

2347 2538 2527 2608 Usque
2569 2535 2639 2590 ad
2694 2544 2922 2591 mortem
2951 2533 3139 2591 fideles
3163 2543 3218 2591 et
3260 2535 3479 2592 stabiles
3507 2548 3560 2592 et
3604 2538 3935 2611 inexpugna-

2345 2630 2479 2686 biles
2511 2636 3011 2698 perseveraverant.
3047 2627 3180 2682 Cum
3217 2628 3476 2683 voluntati
3506 2640 3560 2684 et
3605 2633 3934 2690 confessioni

2337 2721 2569 2779 nominis
2614 2723 2668 2776 in
2697 2736 2914 2777 carcere
2940 2721 3075 2777 etin
3121 2721 3349 2778 vinculis
3402 2723 3611 2779 accedit
3654 2725 3671 2762 ί
3723 2736 3778 2782 et
3811 2742 3928 2783 mo-

2338 2820 2508 2876 riendi
2550 2817 2830 2882 terminus,
2868 2825 3234 2872 consummata
3263 2819 3519 2888 martyris
3551 2819 3720 2890 gloria
3757 2831 3862 2877 est.

2412 2911 2478 2965 ll.
2516 2910 2755 2979 Denique
2781 2917 2837 2964 et
2864 2908 2980 2965 dies
2999 2925 3183 2964 eorum
3231 2910 3425 2978 quibus
3451 2911 3716 2968 excedunt
3761 2928 3932 2972 anno-

2342 3015 2470 3072 tate,
2530 3012 2588 3058 ut
2639 3000 3184 3057 commemorationes
3213 3015 3400 3056 eorum
3456 3002 3600 3058 inter
3647 3007 3935 3066 memorias

633 3103 741 3160 mei
771 3101 1006 3159 conditio
1056 3101 1393 3174 permitteret
1425 3109 1482 3157 ut
1523 3100 1638 3172 ipse
1663 3116 1804 3156 nunc
1838 3116 2073 3172 praesens
2105 3117 2228 3158 esse
2258 3087 2302 3152 C
2337 3107 2631 3170 martyrum
2660 3095 2935 3152 celebrare
2961 3095 3231 3166 possimus
3261 3111 3615 3169 :quamquam
3647 3097 3933 3174 Tertullus,

1857 3260 2240 3319 LECTIONES
2315 3256 2730 3316 VABIANTES.

704 3404 730 3432 ἰ
754 3401 866 3451 Sua:
883 3399 1016 3450 deest
1037 3396 1090 3449 in
1115 3400 1270 3450 Oxon.

701 3460 730 3500 ἱ)
757 3463 922 3528 Potuit
943 3461 1071 3528 Bod.
1241 3527 1246 3528 ν
1332 3520 1342 3528 _
1367 3518 1398 3528 ,,

702 3529 726 3557 ο
753 3525 888 3574 Sicut
917 3525 1154 3585 scriptum
1179 3527 1256 3585 est
1275 3519 1417 3585 addit
1441 3521 1622 3584 Grcam,
1644 3533 1708 3574 ea:
1726 3521 1851 3572 Bod.
1879 3522 1926 3572 1.

705 3588 735 3629 d
752 3587 886 3638 Dicit
906 3583 1147 3637 Dominus
1171 3583 1304 3636 deest
1324 3583 1377 3636 in
1397 3585 1556 3636 Oxon.

2413 3398 2436 3426 θ
2477 3393 2749 3442 Salvabitur
2768 3391 2894 3442 Bod.
2919 3390 2965 3440 1.

2415 3453 2435 3492 ί
2477 3455 2595 3506 Cum
2636 3453 2883 3504 voluntate
2909 3460 2961 3504 et
2981 3452 3301 3506 confessionis
3323 3454 3522 3506 nomine
3545 3456 3596 3506 in
3621 3468 3824 3511 carcere
3856 3472 3940 3511 ac-

2343 3518 2459 3568 cidit
2483 3519 2643 3579 Impr.
2663 3515 2792 3568 Bod.
2818 3515 2865 3566 1.

1877 3713 2118 3772 STEPII.
2150 3713 2426 3773 BALUZII
2452 3713 2683 3772 NOTAE.

640 3857 969 3914 -—Crescere.
996 3853 1314 3911 Caelestinus
1355 3867 1492 3925 papa
1527 3851 1594 3907 ad
1627 3851 1910 3923 episc0pos
1939 3867 2036 3922 per
2067 3853 2235 3925 Vien-

641 3945 867 3986 nensem
895 3938 949 3983 et
972 3924 1375 3982 Narbonensem
1403 3925 1706 3995 provincias
1721 3925 2041 3981 constitutos
2068 3942 2081 3978 :
2114 3924 2236 3980 Non

643 4001 831 4054 mirum
873 4001 919 4052 si
953 4008 1128 4051 contra
1155 3997 1547 4052 ecclesiasticum
1600 4012 1794 4050 morem
1830 3996 2026 4065 faciunt
2071 3998 2238 4066 quiin

646 4070 880 4124 Ecclesia
906 4085 1004 4121 non
1032 4079 1313 4122 creverunt.
1360 4067 1640 4122 Assentior
1666 4077 1845 4122 autem
1875 4067 2238 4122 illustrissimo

644 4142 899 4211 episcopo
930 4138 1221 4211 Oxoniensi
1249 4137 1577 4211 existimanti
1615 4136 1993 4211 Carthaginem
2017 4139 2238 4211 intelligi

645 4207 700 4266 in
737 4207 843 4267 hoc
881 4209 1023 4280 loco,
1047 4208 1135 4263 ubi
1182 4207 1657 4280 Cyprianusprimo
1681 4207 1916 4280 credidit
1967 4209 2020 4262 in
2057 4207 2240 4262 Chris-

646 4292 779 4349 tum,
833 4281 923 4336 ubi
967 4277 1275 4351 baptizatus
1299 4289 1403 4346 est,
1431 4279 1519 4335 ubi
1549 4278 1738 4344 crevit,
1771 4277 1945 4334 factus
1991 4280 2101 4334 illic
2127 4281 2241 4349 epi-

646 4367 860 4424 scopus.

718 4419 798 4479 De
820 4424 1101 4497 quantitate
1128 4438 1257 4476 mea.
1304 4419 1635 4497 Vide_l\’_otas
1665 4419 1730 4476 ad
1763 4429 2089 4490 postremam
2117 4438 2262 4497 para

647 4505 756 4552 tem
783 4491 1023 4563 epistola:
1052 4504 1216 4549 sextae
1259 4508 1381 4564 pag.
1431 4491 1554 4547 595.

718 4566 1053 4621 Labor-antes.
1102 4566 1392 4635 Paupcres,
1434 4564 1754 4634 indigentes,
1790 4578 1944 4635 quos
1973 4564 2237 4620 Constan-

650 4640 793 4694 tinus
822 4637 1112 4707 imperator
1141 4634 1278 4690 in’l.
1328 4650 1406 4701 ιιι,
1460 4645 1512 4690 et
1565 4650 1641 4699 vt,
1691 4634 1902 4690 Codicis
1936 4635 2232 4707 gTheodos.

657 4710 727 4764 De
773 4706 1021 4780 episcopis
1064 4717 1111 4762 et
1158 4707 1360 4780 clericis
1393 4707 1466 4760 ait
1507 4707 1852 4780 ecclesiarum
1895 4706 2094 4780 divitiis
2119 4721 2236 4780 sus-

651 4777 840 4835 tentari
883 4779 1100 4834 debere.
1143 4778 1470 4848 Augustinus
1518 4779 1571 4831 in
1613 4779 1872 4848 Sermone
1912 4777 2124 4832 decimo
2175 4778 2239 4832 de

659 4850 834 4906 Verbis
860 4849 1070 4904 Domini
1093 4847 1396 4903 laborantes
1417 4849 1549 4903 dixit
1572 4863 1665 4916 pro
1692 4847 2070 4916 indigentibus,
2088 4849 2239 4903 item-

649 4938 754 4992 qtte
779 4922 999 4978 Graecus
1029 4921 1315 4992 episcopus
1335 4919 1689 4992 Massiliensis
1717 4918 1784 4992 ad
1821 4917 2095 4992 Ruricium
2133 4919 2236 4992 Le-

649 4988 1012 5048 movicensem
1040 4988 1302 5046 scribens.
1327 4989 1708 5061 Symmachus,
1733 4989 1823 5043 lib.
1854 5005 1926 5055 tv,
1970 4988 2119 5059 Epist
2146 4989 2213 5045 l8

655 5063 854 5119 Interea
874 5063 1215 5117 laborantium
1240 5060 1469 5132 murmur
1499 5071 1590 5115 est.
1612 5060 1749 5116 Vide
1770 5075 1953 5129 supra,
1973 5075 2092 5132 pag.
2112 5063 2236 5117 591.

743 5135 924 5190 Ειιιετ.
960 5148 1166 5187 xxxvn.
1203 5162 1272 5171 —
1297 5127 1354 5185 lu
1382 5133 1547 5185 veteri
1563 5131 1750 5186 codice
1774 5127 1940 5186 sancti
1969 5127 2240 5186 Lainberti

654 5207 931 5262 Lzetiensis
949 5205 1017 5259 ita
1040 5204 1297 5272 scriptum
1318 5211 1402 5258 est
1422 5202 1475 5256 in
1491 5204 1642 5256 titulo
1661 5203 1811 5256 istius
1830 5204 2080 5274 Epistolac
2104 5223 2116 5256 :
2144 5203 2241 5274 Cy-

653 5280 862 5348 prianus
884 5277 952 5330 ad
981 5274 1170 5348 clerum
1201 5276 1333 5342 quod
1359 5289 1457 5348 non
1487 5283 1860 5348 poss_et_temere
1883 5272 2244 5345 Carthaginem

651 5343 838 5413 uenire,
889 5358 942 5402 ut
993 5347 1072 5400 his
1126 5343 1498 5416 confessoribus
1532 5345 1618 5413 qui
1657 5345 1709 5397 in
1741 5361 1946 5416 carcere
1981 5343 2095 5416 sunt
2122 5361 2244 5416 conf

653 5420 812 5474 stituti
859 5419 1145 5472 humanitas
1189 5415 1353 5471 omnis
1399 5415 1704 5487 prwbeatur.
1737 5415 1793 5468 ln
1825 5415 2242 5486 Compendiensi

652 5505 819 5547 vero:
852 5488 1043 5560 Incipit
1077 5488 1145 5543 ad
1196 5485 1407 5543 clerum
1439 5503 1496 5542 eo
1531 5485 1667 5555 quod
1711 5502 1810 5540 non
1852 5485 2019 5560 posset
2040 5497 2245 5560 __tem_ere

655 5557 1010 5633 Carthaginem
1061 5561 1230 5633 venir_e
1274 5568 1480 5633 propter
1506 5574 1722 5629 corpora
1767 5574 1879 5628 qua:
1920 5559 1974 5611 in
2026 5557 2246 5633 Cartha-

653 5635 772 5705 gine
809 5629 1156 5705 reddiderunt.
1190 5631 1295 5705 Ista
1324 5629 1662 5700 ponebantur
1701 5643 1796 5699 pro
1821 5639 1980 5699 captu
2011 5637 2066 5686 et
2101 5630 2247 5700 inge-

656 5702 747 5760 iiio
795 5713 1032 5760 veterum
1066 5702 1424 5756 librariorum.

670 5847 674 5850 _
731 5773 853 5832 l.—
867 5773 1340 5833 Perseveraverunt.
1365 5771 1594 5844 Quidam
1614 5771 1738 5829 libri
1759 5778 2061 5843 veteres,et
2079 5771 2248 5844 iiqui-

2341 3852 2463 3908 dem
2492 3851 2701 3923 optimi,
2737 3851 2940 3909 habent
2977 3861 3324 3920 pervenerunt.

2415 3922 2566 3978 ll.—¥-
2586 3923 2710 3979 Dies
2735 3940 2928 3978 eorum.
2959 3924 3320 3981 Tertullianus
3345 3923 3399 3978 in
3424 3922 3562 3979 lihro
3586 3924 3652 3981 de
3681 3924 3890 3984 Corona
3919 3947 3936 3989 :

2345 3994 2638 4071 oblationes
2682 4011 2774 4071 pro
2801 3995 3073 4071 defunctis,
3120 4012 3216 4071 pro
3239 3995 3491 4071 natalitiis
3539 4001 3821 4071 annuardie
3851 4004 3935 4071 fa-

2342 4068 2521 4120 cimus.
2568 4066 2711 4121 idem
2751 4067 2802 4120 in
2852 4067 2989 4122 libro
3013 4067 3080 4122 de
3110 4066 3478 4121 Exhortatione
3508 4070 3756 4123 castitatis
3785 4066 3940 4126 men-

2345 4137 2544 4192 tionem
2588 4137 2715 4192 facit
2758 4137 3086 4193 oblationum
3130 4153 3250 4207 qua:
3286 4136 3486 4192 fiebant
3534 4154 3632 4206 pro
3673 4140 3941 4200 defunctis

2344 4219 2398 4262 et
2451 4224 2638 4264 eorum
2667 4209 2875 4277 spiritu.
2910 4209 3041 4264 Vide
3066 4208 3270 4263 scholia
3299 4208 3394 4261 viri
3420 4208 3722 4264 doctissimi
3750 4211 3937 4269 Jacobi

2343 4279 2484 4334 Billii
2528 4281 2595 4334 ad
2625 4279 2936 4335 Orationem
2967 4279 3211 4350 Gregorii
3252 4279 3573 4334 Nazianzeni
3636 4281 3689 4335 in
3723 4282 3940 4340 laudem

2341 4351 2560 4423 Cte_sarii
2604 4351 2782 4423 fratris
2822 4361 2876 4423 et
2918 4349 3558 4423 EuchelogjumiGoaris,
3595 4367 3721 4423 pag.
3755 4355 3881 4410 H3.

2417 4421 2694 4477 Tertullus.
2743 4421 2878 4490 Quia
2927 4431 3142 4478 sanctus
3170 4421 3472 4491 Cyprianus
3518 4423 3638 4477 istic
3676 4421 3761 4479 ait
3810 4425 3940 4481 Ter-

2341 4493 2532 4548 tullum
2577 4492 2678 4548 sibi
2707 4493 3035 4564 significasse
3061 4493 3177 4547 dies
3217 4492 3410 4561 quibus
3439 4501 3707 4563 martyres
3741 4497 3804 4550 ad
3843 4498 3941 4552 im-

2339 4565 2720 4619 mortalitatem
2787 4566 3034 4634 gloriosa:
3104 4567 3292 4619 mortis
3349 4565 3494 4618 exitu
3563 4568 3937 4634 transierant,

2340 4635 2715 4690 existimarunt
2768 4637 2923 4706 Angli
2967 4635 3266 4690 Tertullum
3316 4644 3485 4688 artem
3533 4638 3800 4692 notoriam
3853 4638 3936 4692 di-

2262 4682 2316 4742 D
2341 4682 2539 4762 dicisse
2561 4682 2661 4762 sub
2689 4682 2957 4778 Cypriano
3007 4707 3254 4770 rhetore,
3293 4720 3452 4778 quem
3505 4682 3940 4765 constareusautis

2344 4785 2530 4847 putant
2578 4794 2695 4834 eam
2740 4777 2911 4833 artem
2956 4779 3143 4842 scisse,
3190 4785 3245 4831 et
3289 4777 3432 4831 notis
3490 4793 3643 4833 usum
3696 4795 3821 4834 esse
3870 4781 3939 4836 ad

2341 4859 2460 4921 acta
2491 4861 2793 4921 martyrum
2835 4849 3168 4918 excipienda.
3222 4847 3438 4921 Verum
3478 4861 3585 4921 non
3639 4852 3816 4920 agitur
3885 4853 3939 4905 in

2345 4919 2447 4975 hoc
2485 4920 2604 4975 loco
2635 4919 2698 4975 de
2746 4921 2880 4974 actis
2923 4932 3219 4992 martyrum
3270 4919 3622 4992 excipiendis,
3652 4919 3744 4992 ubi
3774 4931 3938 4992 quota:

2344 5000 2590 5058 poterant
2607 5005 2727 5046 esse
2741 4989 3180 5056 necessat'izn,sed
3198 4998 3400 5045 tantum
3425 4990 3494 5021 “5
3521 4989 3589 5044 de
3619 4990 3937 5061 significatis

2343 5061 2532 5116 diebus
2574 5063 2766 5132 quibus
2822 5062 3082 5132 Martyres
3122 5071 3485 5117 excesserant.
3514 5061 3664 5132 Quod
3698 5076 3830 5118 sane
3858 5063 3937 5117 fa-

2344 5133 2446 5204 cile
2490 5131 2605 5188 lieri
2661 5143 2837 5202 potest
2882 5131 3084 5204 absque
3139 5148 3240 5186 usu
3288 5142 3556 5204 notarum.
3598 5131 3776 5204 Quare
3827 5148 3936 5190 non

2351 5203 2485 5275 bene
2520 5220 2584 5259 ex
2631 5205 2735 5259 hoc
2777 5207 2894 5258 loco
2927 5203 3259 5275 collegerunt
3283 5203 3460 5275 iAngli
3493 5217 3701 5275 munus
3723 5203 3938 5275 descri-

2347 5273 2507 5346 bendi
2549 5283 2662 5329 acta
2702 5287 3016 5346 martyrum
3063 5272 3456 5346 concreditutni
3486 5272 3652 5328 fuisse
3695 5274 3938 5331 Tertullo

2347 5344 2398 5399 in
2448 5345 2818 5414 persecutione
2861 5344 3110 5401 Deciana.
3154 5348 3234 5400 An
3263 5361 3391 5399 vero
3418 5345 3719 5416 Cyprianus
3755 5347 3942 5402 scierit.

2348 5426 2517 5486 artem
2562 5418 2821 5472 notariam
2842 5459 2857 5483 ,
2890 5418 3010 5471 aliis
3035 5417 3447 5472 examinandum
3481 5417 3742 5486 relinquo.
3787 5419 3939 5474 Alius

2347 5485 2573 5542 Tertulli
2611 5489 2818 5542 diaconi
2859 5488 3117 5544 Ecclesia:
3165 5487 3422 5542 Romanae
3470 5485 3673 5543 mentio
3715 5490 3938 5544 extatin

2351 5574 2484 5612 nova
2513 5568 2694 5630 nostra
2719 5559 3038 5630 collectione
3065 5560 3426 5630 Conciliorum
3456 5576 3573 5630 pag.
3591 5560 3766 5623 1464,
3805 5569 3936 5613 tein-

2353 5644 2482 5702 pore
2529 5629 2837 5702 Symmachi
2885 5646 3055 5702 papze.
3091 5629 3292 5702 Eadem
3320 5646 3482 5700 porro
3509 5639 3828 5700 tempestate
3854 5630 3934 5683 vi-

2353 5699 2509 5772 vebat
2534 5699 2667 5756 alter
2682 5699 3109 5772 Tertullus—civis
3136 5699 3434 5769 Romanus,
3463 5703 3553 5772 qui
3583 5699 3748 5756 filium
3777 5713 3933 5772 suum

2354 5770 2628 5831 Placidum
2667 5771 2886 5831 tradidit
2919 5773 2974 5831 in
3019 5771 3355 5846 disciplinam
3395 5769 3581 5830 sancto
3617 5769 3929 5834 Benedicto.
