4250 6282
363 332 469 390 329

1749 327 2082 390 EPISTOLA
2120 329 2356 389 XXVIII.
3567 336 3671 393 550

377 452 720 508 ﬁdelissimus
745 459 800 508 et
827 449 1209 509 devotissimus
1231 449 1396 505 frater
1423 455 1627 513 noster,
1654 464 1751 520 pro
1779 460 1968 505 caetera
1997 449 2051 508 A
2079 449 2274 505 tionem
2302 449 2474 519 plebis
2499 448 2737 505 dividere
2754 489 2769 514 ,
2795 449 2846 505 id
2869 455 2968 515 est,
3000 461 3028 502 a
3057 455 3274 520 pastore
3297 461 3424 504 oves
3451 455 3506 504 et
3529 448 3668 506 ﬁlios

370 546 729 602 sollicitudine
756 555 781 582 ει
809 555 862 600 et
906 561 1033 601 cura
1067 559 1162 600 sua
1213 559 1368 614 quam
1415 541 1666 598 fratribus
1722 544 1774 599 in
1822 544 1968 598 onmi

371 640 628 711 obsequio
672 640 1001 710 operationis
1061 638 1319 708 impertit,
1371 637 1461 708 qui
1519 652 1618 693 nec
1671 638 1781 693 illic
1829 639 1970 694 circa

371 748 554 789 curant
583 747 874 803 corporum
897 731 1068 795 deest,
1101 730 1377 800 scripserit
1403 738 1457 784 et
1480 729 1681 786 scribat
1707 745 1769 785 ac
1809 731 1972 802 signi-

374 829 499 881 ticet
535 825 668 880 mihi
700 825 816 882 dies
837 823 1102 896 quibusin
1149 839 1367 879 carcere
1393 824 1532 879 beati
1579 823 1770 880 fratres
1803 824 1974 880 nostri

372 921 439 976 ad
473 920 928 975 immortalitatem
971 918 1221 989 gloriosa:
1257 916 1444 971 mortis
1494 917 1640 972 exitu
1671 925 1969 983 transeunt,

372 1023 429 1070 et
454 1011 794 1068 celebrentur
826 1011 913 1066 hic
958 1026 990 1088 a
1014 1009 1168 1065 nobis
1193 1007 1496 1065 oblationes
1533 1017 1588 1063 et
1614 1009 1876 1065 sacriﬁcia
1899 1011 1972 1078 οι)

374 1103 916 1159 commemorationes
941 1117 1148 1166 eorum,
1173 1116 1291 1172 quae
1307 1102 1726 1176 cito‘vobiscum,
1747 1103 1975 1158 Domino

376 1207 716 1270 protegente,
764 1195 1178 1254 celebrabimus.
1236 1195 1567 1266 Pauperibus
1625 1210 1855 1266 quoque,
1919 1205 1975 1251 ttt

377 1306 522 1362 saepe
551 1290 661 1361 jam
689 1289 902 1359 scripsi,
932 1303 1060 1344 cura
1088 1303 1152 1343 ac
1181 1287 1453 1359 diligentia
1485 1297 1658 1343 vestra
1689 1302 1791 1342 non
1815 1288 1973 1355 desit,

383 1386 447 1441 iis
465 1394 640 1440 tamen
664 1384 780 1455 qui,
808 1382 862 1439 in
893 1381 997 1438 fide
1019 1390 1227 1437 stantes
1250 1391 1298 1436 et
1335 1379 1617 1437 nobiseum
1647 1380 1856 1436 fortiter
1879 1381 1980 1434 mi-

380 1479 613 1542 litantes,
636 1475 832 1532 Christi
860 1484 1036 1531 castra
1078 1490 1184 1530 non
1229 1474 1592 1545 reliquerunt;
1635 1474 1827 1546 quibus
1855 1475 1976 1546 qui-

380 1570 500 1626 dem
550 1584 695 1625 nunc
734 1568 908 1638 major
947 1567 981 1622 a
1019 1566 1176 1624 nobis
1202 1577 1258 1624 et
1298 1567 1517 1623 dilectio
1565 1577 1620 1623 et
1657 1583 1787 1624 cura
1842 1583 1979 1640 pra:-

382 1661 568 1717 standa
643 1671 728 1716 est
800 1659 942 1731 quod
1027 1674 1126 1716 nec
1199 1669 1508 1730 paupertate
1581 1660 1806 1729 adacti,
1882 1676 1981 1717 nec

382 1753 772 1825 persecutionis
805 1760 1126 1822 tempestate
1153 1753 1429 1823 prostrati,
1450 1767 1572 1808 cum
1602 1753 1829 1810 Domino
1857 1754 1981 1810 ﬁde-

2073 551 2346 611 aparente
2386 557 2638 612 separare
2686 553 2734 610 ε,
2765 551 2819 598 et
2867 540 3063 596 Christi
3118 541 3353 597 membra
3408 541 3671 611 dissipare

2074 635 2384 691 tentaverit.
2408 634 2650 706 Cumque
2671 650 2769 706 ego
2800 649 2895 690 vos
2926 651 3023 704 pro
3051 651 3136 692 me
3163 636 3390 692 vicarios
3408 636 3668 702 miserim,

2075 736 2134 782 ut
2155 731 2537 800 expungeretis
2560 729 2906 785 necessitates
2935 729 3158 786 fratrum
3190 740 3496 787 nostrorum
3527 745 3696 786 sum--

2075 823 2275 894 ptibus,
2302 822 2348 877 si
2376 823 2466 893 qui
2493 823 2652 878 etiam
2683 822 2882 878 vellent
2903 837 3026 878 suas
3052 833 3197 880 artes
3219 840 3491 891 exercere,
3523 824 3676 880 addi-

2079 925 2324 972 tamento
2349 926 2607 987 quantum
2636 920 2768 973 satis
2798 926 2944 974 esset
2965 918 3226 975 desideria
3251 934 3436 975 eorum
3461 919 3677 990 juvare-

2078 1009 2164 1076 tis,
2191 1011 2350 1065 simul
2379 1011 2540 1066 etiam
2583 1020 2638 1067 et
2687 1021 2874 1069 aetates
2911 1027 3096 1068 eorum
3145 1022 3200 1070 et
3241 1013 3577 1071 conditiones
3623 1026 3681 1071 et

2079 1104 2269 1159 merita
2301 1103 2704 1172 discerneretis,
2747 1115 2803 1160 ut
2831 1106 2992 1160 etiam
3024 1120 3167 1161 nunc
3191 1122 3312 1178 ego,
3336 1107 3418 1161 cui
3441 1122 3568 1162 cura
3597 1107 3677 1162 in-

2079 1196 2282 1252 cumbit
2317 1213 2505 1254 omnes
2558 1199 2759 1268 optime
2793 1214 2984 1267 nosse,
3015 1209 3070 1254 et
3098 1198 3288 1271 dignos
3340 1217 3581 1271 quosque
3626 1211 3683 1258 et

2080 1287 2311 1344 humiles
2354 1299 2409 1345 et
2454 1290 2610 1345 mites
2659 1291 2724 1346 ad
2777 1291 3156 1346 ecclesiastica:
3201 1291 3684 1349 administrationis

2082 1379 2256 1436 officia
2307 1396 2712 1452 promoverem,
2789 1383 2876 1439 ille
2925 1381 2952 1419 (¹
3011 1385 3374 1440 intercesserit
3446 1401 3514 1441 ne
3563 1387 3684 1456 quis

2083 1483 2266 1543 posset
2291 1476 2543 1546 expungi,
2575 1491 2707 1531 neve
2734 1491 2796 1531 ea
2838 1492 2957 1547 quae
2988 1475 3418 1534 desideraveram
3465 1488 3686 1548 possent

2089 1565 2330 1637 diligenti
2367 1578 2389 1603 ε
2438 1567 2832 1623 examinatione
2882 1568 3154 1636 discerni,
3210 1571 3564 1625 comminatus
3615 1571 3689 1626 sit

2091 1661 2252 1716 etiam
2283 1659 2537 1715 fratribus
2568 1661 2766 1715 nostris
2788 1661 2876 1730 qui
2904 1661 3060 1731 primi
3088 1663 3316 1733 expungi
3344 1672 3689 1718 accesserant

2087 1760 2365 1823 potentatu
2413 1751 2658 1822 improbo
2699 1761 2755 1807 et
2807 1762 3015 1807 terrore
3060 1752 3295 1808 violento
3334 1755 3474 1824 quod
3503 1771 3686 1811 secum

382 1847 508 1902 liter
533 1847 789 1911 serviunt,
824 1845 1037 1901 caeteris
1062 1859 1276 1915 quoque
1309 1845 1632 1915 pauperibus
1663 1847 1968 1917 exemplum
2001 1847 2050 1909 B
2082 1844 2132 1900 in
2160 1853 2332 1899 morte
2359 1841 2378 1881 ί
2412 1859 2516 1899 non
2571 1845 3032 1900 communicarent
3070 1846 3160 1916 qui
3209 1846 3363 1903 nobis
3411 1850 3688 1920 obtempe-

383 1939 509 1996 ﬁdei
541 1937 1050 2009 praebuerunt.,0pto
1069 1952 1188 2005 vos,
1213 1938 1404 1992 fratres
1421 1935 1724 1994 charissimi
1751 1954 1816 1996 ac
1836 1940 1870 1994 d
1883 1941 1986 1996 esi-

383 2031 769 2098 derantissitni,
794 2045 1006 2100 semper
1031 2030 1169 2085 bene
1195 2029 1373 2086 valere
1397 2031 1630 2086 etnostri
1658 2032 1985 2091 meminisse.

387 2126 803 2183 Fraternitatem
852 2139 974 2180 meo
1019 2123 1238 2180 nomine
1280 2123 1529 2181 salutate.
1568 2124 1770 2182 Valete.

822 2259 865 2290 ⁸¹
912 2256 1243 2315 EPISTOLA
1270 2257 1559 2316 XXXVIII.

394 2377 626 2442 (Pamcl.,
675 2374 876 2440 Rigalt,
920 2373 1107 2487 Baiuf,
1135 2375 1564 2501 :xxvm.)Paris.,
1591 2388 1781 2428 xxxvn.
1806 2377 1990 2440 Oxon.,

1085 2453 1132 2501 ip
1166 2477 1197 2497 .,
1247 2452 1342 2488 xu.

1085 2452 1197 2501 ips.,
1247 2452 1342 2488 xu.

430 2543 498 2584 AD
525 2539 828 2583 CALDONIUM
847 2564 863 2594 ,
893 2537 1249 2579 HEBCULANUM
1276 2538 1345 2577 ΕΤ
1375 2519 1651 2594 (ἒᾹΞΤΕὶίΟέ,
1684 2540 1956 2582 DE‘ABSTI-

915 2632 1086 2674 NENDO
1125 2632 1472 2673 FELICISSIMO.

400 2738 792 2796 Anoouex'ruat.
817 2766 885 2776 —
909 2733 1279 2800 Felicissimas,
1306 2749 1409 2789 una
1454 2751 1568 2788 cum
1592 2737 1856 2793 seditionis
1890 2753 1997 2794 sua:

627 2831 798 2898 sociis,
821 2846 853 2884 a
872 2829 1225 2885 communione
1250 2828 1476 2884 omnium
1501 2831 1774 2886 arcendas.

410 2964 415 2967 ί
474 2947 514 3002 1.
539 2944 836 3018 Cyprianus
874 2943 1134 3000 Caldouio
1172 2953 1226 2999 et
1270 2943 1572 3001 llerculano
1595 2945 1837 3018 collegis,
1868 2947 1996 3003 item

403 3037 698 3109 Rogatiano
724 3045 778 3092 et
807 3035 1090 3091 Numidico
1115 3035 1572 3107 compresbyteris
1608 3037 1856 3094 salutem.
1894 3039 1998 3096 Ve-

403 3129 683 3186 hementer
701 3129 1046 3184 contristatus
1067 3143 1205 3195 sum,
1219 3128 1411 3183 fratres
1434 3127 2001 3202 charissimi,acceptis

2090 1951 2210 1993 rare
2235 1937 2553 1994 voluissent.
3028 1939 3030 1942 ’
3384 1991 3394 2008 π
3510 1949 3592 2012 .5";

2161 2028 2226 2084 Il.
2261 2028 2503 2100 Cumque
2532 2038 2650 2101 post
2673 2029 2788 2085 haec
2837 2030 3038 2100 omnia,
3075 2045 3178 2087 nec
3204 2032 3306 2088 loci
3351 2034 3455 2089 mei
3488 2033 3694 2092 honoro

2093 2133 2297 2190 motus,
2321 2139 2422 2180 nec
2459 2136 2636 2180 veSIra
2683 2126 3000 2181 auctoritate
3044 2135 3099 2180 et
3141 2127 3425 2196 prmsentia
3467 2128 3692 2196 fractus,

2093 2217 2351 2272 instinctu
2372 2232 2471 2272 suo
2496 2217 2730 2288 quietem
2766 2217 2991 2290 fratrum
3025 2219 3242 2275 turbans
3272 2221 3600 2290 proripuerit
3625 2238 3688 2278 se

2094 2323 2216 2364 cum
2244 2308 2505 2378 plurimis,
2530 2309 2722 2366 ducem
2749 2325 2807 2366 se
2828 2310 3072 2366 factionis
3100 2321 3156 2367 et
3182 2312 3462 2369 seditionis
3487 2315 3696 2386 princi-

2095 2416 2218 2472 pem
2240 2405 2529 2459 temerario
2555 2403 2736 2460 furore
2757 2412 3101 2472 contestans;
3133 2407 3184 2461 in
3205 2422 3312 2477 quo
3339 2408 3551 2478 quidem
3574 2426 3694 2480 gra-

2097 2496 2240 2552 tulor
2274 2496 2535 2567 plurimos
2578 2497 2773 2554 fratres
2816 2499 2883 2554 ab
2914 2498 3015 2554 hac
3047 2499 3268 2556 audacia
3307 2503 3604 2560 recessisse
3644 2513 3700 2560 et

2096 2589 2249 2646 vobis
2299 2592 2643 2664 acquiescere
2681 2592 2958 2660 maluisse,
3014 2604 3070 2649 ιιι
3098 2610 3219 2650 cum
3249 2595 3486 2653 Ecclesia
3529 2609 3702 2654 matre

2098 2693 2442 2740 remanerent
2492 2693 2548 2740 et
2593 2684 2859 2754 stipendia
2904 2686 3024 2758 ejus
3059 2687 3314 2760 episcopo
3353 2689 3703 2762 diSpeusaute

2107 2779 2448 2848 perciperent
2471 2796 2486 2844 ;
2526 2779 2668 2850 quod
2694 2781 2908 2851 quidem
2950 2791 3006 2837 et
3031 2794 3258 2840 caeteros
3283 2801 3381 2854 pro
3417 2795 3564 2842 certo
3588 2787 3705 2842 scio

2101 2885 2223 2924 cum
2252 2885 2382 2941 pace
2409 2869 2646 2926 facturos
2669 2880 2722 2926 et
2750 2873 2858 2927 cito
2879 2873 2946 2928 ab
2976 2889 3162 2930 errore
3189 2879 3477 2931 temerario
3523 2893 3701 2933 reces-

2104 2978 2281 3020 suros.
2309 2962 2554 3029 lnterim,
2590 2977 2712 3018 cum
2738 2961 3106 3020 Felicissintus
3132 2967 3486 3022 comminatus
3511 2968 3711 3025 sitnon

2103 3055 2590 3113 communicaturos
2618 3055 2670 3110 in
2700 3064 2871 3112 morte
2914 3071 3095 3112 secum
3122 3059 3212 3128 qui
3244 3059 3399 3114 nobis
3429 3060 3708 3133 obtempe-

2052 3182 2054 3184 τ
2110 3157 2342 3213 rassent,
2389 3147 2444 3203 id
2498 3156 2583 3202 est
2616 3149 2704 3217 qui
2755 3148 2910 3203 nobis
2951 3151 3430 3219 communicarent,
3483 3155 3711 3224 accipiat

405 3221 596 3277 litteris
643 3220 858 3286 vestris,
890 3227 967 3287 ut,
1012 3235 1132 3274 cum
1163 3218 1297 3274 mihi
1341 3220 1688 3290 propositum‘
1710 3237 1924 3292 semper
1949 3232 1999 3280 et

2108 3239 2428 3297 sententiam
2452 3254 2610 3310 quam
2635 3239 2782 3308 prior
2807 3238 2968 3307 dixit,
3002 3248 3061 3296 ut
3080 3241 3381 3299 abstentum
3408 3218 3468 3301 se
3493 3263 3523 3301 a
3552 3218 3708 3303 nobis

406 3326 588 3371 votum
634 3316 703 3370 sit
731 3314 1036 3369 universam
1084 3311 1470 3368 fraternitatem
1518 3323 1757 3369 nostram
1799 3315 2002 3373 incolu-

409 3424 552 3465 mem
580 3409 876 3474 contiuere,
895 3415 950 3463 et
976 3406 1236 3461 illibatum
1266 3421 1506 3477 gregem,
1540 3408 1839 3464 secundum
1864 3411 2005 3481 quod

414 3502 647 3559 charitas
665 3503 854 3572 exigit,
878 3515 1325 3568 reservare,nunc
1343 3501 1598 3557 nuntietis
1615 3502 2008 3563 Felicissimum

412 3596 580 3652 multa
608 3595 847 3666 improbe
874 3604 928 3650 et
957 3594 1214 3651 insidiose
1250 3610 1372 3651 esse
1401 3595 1685 3665 molitum;
1735 3609 1793 3656 ut
1816 3589 2016 3674 praeter

413 3689 629 3746 fraudes
671 3698 884 3746 veteres
921 3687 950 3726 ι)
979 3697 1033 3744 et
1080 3689 1314 3759 rapinas,
1363 3688 1430 3744 de
1464 3689 1656 3760 quibus
1692 3691 2013 3765 jampridem

416 3783 582 3840 multa
604 3796 981 3854 cognoveram,
1014 3794 1161 3839 nunc
1199 3794 1412 3852 quoque
1443 3797 1565 3837 cum
1604 3783 1859 3856 episcopo
1894 3804 2017 3858 por-

2110 3333 2264 3399 sciat,
2297 3329 2512 3402 quando
2532 3329 2599 3385 ad
2624 3328 2840 3386 fraudes
2868 3331 2987 3402 ejus
3011 3342 3069 3388 et
3096 3334 3327 3404 rapinas,
3360 3353 3493 3407 quas
3519 3337 3711 3394 diluci-

2115 3423 2183 3478 da
2209 3422 2434 3486 veritate
2462 3422 2833 3493 cognovimus,
2862 3423 3109 3479 adulterii
3140 3427 3302 3482 etiam
3329 3429 3533 3486 crimen
3561 3447 3714 3488 accc-

2115 3515 2213 3582 dit,
2238 3514 2381 3586 quod
2412 3514 2610 3570 fratres
2638 3516 2806 3570 nostri
2842 3530 3036 3585 graves
3070 3516 3170 3572 viri
3209 3518 3626 3590 deprehendisse
3655 3540 3718 3581 se

2117 3613 2521 3671 nuntiaverunt,
2566 3615 2622 3662 et
2670 3607 2989 3676 probaturos
3029 3623 3089 3664 se
3145 3623 3538 3668 asseverarunt.
3585 3617 3716 3683 Qum

2119 3701 2298 3755 omnia
2328 3708 2453 3754 tunc
2479 3711 2862 3768 cognoscemus
2896 3699 3114 3771 quando
3157 3701 3209 3754 iu
3244 3718 3404 3757 unum
3448 3719 3570 3760 cum
3599 3709 3713 3762 col-

2118 3794 2256 3866 legis
2284 3791 2524 3864 pluribus
2551 3790 2894 3860 permittente
2909 3791 3137 3850 Domino
3152 3797 3582 3857 converterimus.
3609 3802 3718 3861 Sed

1640 3898 2027 3970 LECTIONES
2063 3905 2476 3968 VABIANTES.

485 4015 510 4042 ⁸
534 4013 630 4062 Pro
651 4015 790 4063 certa
813 4008 1144 4061 sollicitudine
1173 4019 1284 4061 Ver.

482 4072 512 4111 1)
535 4075 756 4125 Fraudes
776 4086 891 4123 suas
913 4071 1040 4123 Bod.
1067 4074 1114 4123 1.

485 4142 508 4170 ο
534 4139 820 4252 ΑΒιέἓε-»ιῗινθ
851 4148 973 4186 oves
1006 4147 1241 4199 separare
1283 4142 1337 4187 et
1378 4133 1502 4187 filios
1539 4151 1566 4188 a
1604 4146 1812 4203 parente
1850 4158 2021 4198 secer-

485 4214 548 4251 :re
697 4239 708 4250 .
770 4238 780 4248 .

423 4214 548 4255 nere
580 4214 708 4252 HOC.
733 4214 780 4250 1.

2134 4071 2137 4073 _
2190 4020 2219 4060 σι
2256 4019 2332 4084 nti
2352 4019 2460 4084 Rig.

2195 4088 2219 4115 θ
2254 4081 2535 4146 Diligentia:
2561 4087 2738 4132 vestrae
2755 4083 2884 4146 Bod.
2905 4085 2949 4134 1.

2193 4145 2213 4184 ί
2245 4143 2341 4216 Sic_
2357 4143 2493 4216 :edd.
2536 4150 2582 4196 et
2624 4145 2737 4196 Vat.
2777 4145 2834 4196 In
2868 4153 3037 4200 monte
3075 4149 3262 4204 Manut.
3287 4151 3480 4216 fuerat.
3527 4156 3718 4216 Pamel.

2127 4211 2287 4262 Oxon.
2314 4209 2446 4271 Lips.
3289 4215 3297 4219 ·

1510 4358 1513 4361 ,
1665 4287 1909 4348 STEPH.
1933 4293 2204 4352 BALUZII
2229 4290 2464 4351 noris.
2690 4359 2692 4363 _

504 4377 966 4465 Immortalitatem.
1001 4376 1181 4465 Codex
1212 4377 1497 4465 Fttxensis,
1529 4380 2022 4465 ad‘imlnortatitatis
2127 4387 2482 4465 beneficentia
2534 4387 2755 4465 fratrum
2806 4391 3203 4465 sublevabatur,
3259 4395 3375 4465 ejus
3415 4411 3469 4455 et
3525 4419 3722 4463 nomen

462 4453 662 4507 loriam:
694 4445 921 4522 patinam
966 4451 1140 4505 mortis
1185 4449 1324 4522 exitu
1354 4461 1636 4508 transeunt.
1679 4454 1945 4514 Salustius
1969 4461 2023 4515 in

462 4471 662 4507 torwttB
694 4471 921 4522 ptumam
966 4471 1140 4505 morus
1185 4471 1324 4505 exitu
1354 4471 1636 4508 transeunt.
1679 4471 1980 4514 mmsuusr

426 4471 687 4602 Iugurtha
717 4520 1176 4602 :_Eten‘im.nem_on
1202 4521 1404 4602 ignavia
1451 4523 1753 4602 immortalis
1798 4532 1982 4602 factas.

500 4591 702 4648 Hdacti.
744 4592 818 4646 lta
855 4591 1095 4662 plerique
1124 4591 1242 4647 libri
1279 4602 1484 4650 veteres
1516 4604 1570 4651 et
1599 4591 1881 4655 editiones.
1915 4600 2025 4657 Mo-

428 4665 615 4739 rellius
671 4663 850 4739 posuit
899 4663 1108 4739 adjecti,
1162 4678 1319 4739 quam
1364 4665 1646 4739 lectionem
1693 4684 1794 4739 ego
1840 4672 2023 4728 inveni

430 4737 484 4793 in
517 4733 1212 4806 libro’Gratianopolitano.
1245 4735 1398 4806 Auin
1428 4733 1762 4805 scripserunt
1796 4743 1914 4797 victi
1952 4759 2024 4800 ex

430 4807 537 4864 ﬁde
565 4806 766 4879 codicis
816 4804 1135 4879 Bodleia_ui.__
1164 4804 1422 4861 Eamdem
1459 4804 1570 4879 ego
1613 4809 1900 4871 lectionem
1935 4831 2032 4873 res

431 4879 547 4956 peri
585 4878 639 4933 in
695 4886 901 4946 septem
949 4875 1223 4932 codicibus
1267 4875 1528 4948 antiquis:
1570 4879 1639 4935 Et
1665 4892 1846 4942 tamen
1889 4901 2032 4956 ira:-

432 4951 550 5008 fero
591 4956 851 5005 veterem.
1482 4963 1497 4975 ·

422 5059 426 5061 »
489 5020 854 5148 ἴσηρενίὁαε.
907 5017 1068 5075 Vetus
1111 5017 1281 5076 codex
1327 5019 1674 5093 Remigianus
1727 5027 1884 5086 habet
1928 5033 2036 5101 fra-

437 5102 499 5148 tri
537 5110 616 5148 us.

437 5095 616 5149 tribus.

510 5165 693 5241 Erisv.
732 5162 972 5241 _X_XXVII_I.
1008 5191 1081 5202 -—
1107 5161 1236 5241 [late
1261 5163 1488 5232 epistola
1515 5166 1742 5234 primum
1765 5170 1962 5241 prodiit
1983 5171 2039 5227 in

437 5237 678 5293 editione
732 5234 1059 5289 Manutiana.
1107 5233 1221 5288 Duo
1254 5250 1412 5304 porro
1453 5233 1634 5294 vetera
1663 5233 1804 5296 illius
1854 5258 2043 5298 exem.

436 5308 612 5382 plaria
635 5306 940 5382 hah_uer_ut_tt
961 5305 1139 5382 Angli,
1161 5321 1323 5382 unum
1346 5321 1412 5362 ex
1430 5306 1750 5367 bibliOtheca
1769 5313 2040 5380 Vaticana,

443 5375 588 5455 aliud
625 5393 691 5455 ex
723 5375 1033 5431 Bodleiana.
1074 5377 1184 5447 Ego
1236 5377 1381 5432 illam
1418 5382 1781 5455 contulicum
1820 5375 2046 5455 quatuor

449 5451 722 5517 antiquis;
756 5462 1004 5518 iquorum
1046 5463 1208 5502 unum
1232 5457 1403 5518 extat
1430 5450 1480 5503 in
1516 5450 1851 5510 bibliotheca
1873 5455 2046 5511 sancti

455 5519 696 5597 Qionysii
749 5517 1054 5578 Remensis.
1100 5517 1457 5597 aliud,__quod
1511 5523 1611 5578 fuit
1653 5525 1785 5580 olim
1831 5527 2044 5597 collegii

455 5589 750 5650 Fuxensis,
781 5598 926 5660 extat
952 5605 1092 5645 nunc
1112 5590 1163 5643 iu
1190 5589 1525 5660 Colbertiua,
1553 5597 1768 5652 tertium
1798 5598 1853 5653 in
1880 5589 2000 5654 mea
2028 5620 2042 5656 :

455 5669 704 5735 quartum
746 5659 904 5714 habui
949 5676 1017 5735 est
1063 5663 1212 5735 urbe
1248 5659 1758 5735 Gratianopolitana.

531 5728 1047 5802 l.—Expungeretis.
1063 5729 1333 5787 Matricula
1353 5728 1730 5794 necessitatum
1742 5741 2050 5797 continebat

460 5803 679 5864 nomina
708 5818 1057 5876 personarum
1089 5804 1383 5875 egentium.
1413 5803 1576 5877 Cujus
1602 5825 1730 5882 ergo
1758 5811 2050 5873 necessitas

910 5901 1187 5965 PATROL.
1233 5901 1342 5965 IV.
1390 5901 1452 5966 S.
1484 5903 1787 5973 Cyrnus.

2126 4459 2552 4535 expungebatur.
2602 4462 2692 4516 Sic
2721 4460 3075 4518 beneficentia
3103 4459 3474 4525 necessitatem
3504 4485 3559 4528 et
3599 4459 3724 4535 cum

2137 4532 2457 4588 necessitate
2486 4547 2684 4587 nomen
2713 4535 2917 4602 egentis
2961 4536 3320 4606 expungebat.
3384 4541 3609 4602 RIGAL’I‘.
3643 4532 3648 4533 ί

2202 4625 2583 4678 Additamento.
2616 4623 2796 4680 Codex
2827 4624 3122 4691 Fuxensis,
3153 4645 3384 4687 exercere
3407 4638 3610 4695 addidit
3638 4654 3724 4697 ta-

2049 4701 2102 4762 D
2128 4712 2243 4752 men
2289 4706 2544 4776 (antatium
2590 4712 2684 4751 sua
2733 4697 2854 4748 satis
2899 4713 3007 4750 esse
3049 4697 3321 4776 desideria.
3365 4705 3533 4776 Mens,
3580 4730 3725 4769 excr-

2132 4777 2282 4833 ceret,
2341 4766 2520 4821 addidi
2556 4777 2723 4820 tamen
2773 4776 3031 4834 tamquam
3077 4785 3171 4824 sua
3198 4775 3323 4828 satis
3363 4766 3544 4836 esseni.

2152 4933 2154 4935 b
2207 4866 2555 4919 Accesserant.
2600 4859 2780 4917 Codex
2815 4863 2986 4918 sancti
3030 4863 3291 4943 Dionysii,
3324 4880 3721 4940 arcessebantur.

2213 4957 2280 5042 In
2329 4966 2508 5042 morte.
2556 4952 2643 5042 Ita,
2669 4956 3058 5042 veteresdibri.
3090 4957 3374 5042 Manutius,
3403 4968 3728 5042 _Morellius,

2140 5038 2197 5116 et
2237 5026 2503 5116 Pamelius
2536 5024 2846 5116 maluerunt
2883 5027 2936 5082 in
2981 5032 3295 5116 moritez'lta
3345 5024 3728 5116 etiamIKngﬁl'i:

2143 5097 2425 5181 tamenetsi
2461 5097 2837 5185 moneantuin
2903 5099 3089 5185 codice
3161 5103 3416 5185 Vaticano
3471 5097 3734 5185 scriptis;

2143 5186 2281 5244 esse
2317 5170 2372 5244 in
2424 5166 2841 5244 morte.~Nescio
2887 5182 3065 5244 autem
3113 5190 3269 5244 quem
3317 5178 3438 5236 istic
3493 5166 3732 5244 ἠίόῆὶᾷξῆ

2143 5239 2285 5312 apttd
2320 5239 2713 5314 Carthaginem
2749 5239 3184 5300 comminiscetur
3224 5247 3508 5310 Pamelius.
3555 5239 3736 5314 Eii—ta:

2147 5310 2270 5394 [nep
2319 5310 2576 5394 Rigaltius
2610 5312 2844 5394 multum
2887 5315 3200 5394 approbavit
3233 5320 3360 5394 ‘ejus
3403 5310 3732 5394 ορῑηῑῖἶιίρὶῆ,

2148 5381 2286 5456 γίἀο
2308 5381 2624 5456 anteidem
2654 5381 3006 5456 Rigaltius’de
3046 5397 3229 5444 monte
3266 5381 3501 5452 Bellonae
3537 5381 3741 5456 scribit

2149 5455 2202 5510 in
2257 5452 2529 5527 addendis
2546 5451 2612 5506 ad
2661 5451 3063 5527 observationes
3111 5474 3234 5514 suas
3263 5461 3314 5517 in
3349 5451 3736 5527 Tertttlli:inuni

2151 5541 2273 5652 pag.
2320 5525 2447 5580 127.
2495 5522 2756 5606 Baronius
2800 5540 2941 5580 anno
2998 5527 3104 5583 254
3172 5531 3298 5603 legit
3346 5535 3400 5589 in
3442 5522 3743 5606 monte—:3}

2193 5600 2281 5651 inc
2326 5595 2524 5652 repetit
2569 5596 2832 5652 ortginem
2866 5596 3218 5652 Montensium
3269 5605 3383 5652 sive
3433 5609 3742 5652 nmmum-

2193 5594 2281 5651 inc
2326 5595 2524 5666 repetit
2569 5594 2832 5666 originem
2866 5594 3250 5656 Montensium'
3269 5605 3383 5661 sive
3429 5594 3742 5666 Donatista:

2153 5667 2487 5744 r_um.__Vide
2541 5676 2695 5744 no_tas
2742 5677 2954 5723 nostras
2997 5671 3063 5724 ad
3117 5685 3276 5744 caput
3349 5679 3407 5734 ii
3477 5679 3744 5740 Lactantii

2153 5740 2217 5870 ille
2279 5736 2973 5866 {fortibasgvPersecutoram
3022 5750 3075 5798 et
3113 5736 3195 5800 ad'
3233 5757 3353 5804 acta
3415 5736 3745 5824 purgationis

2199 5826 2292 5869 teet
2317 5825 2442 5868 tant.

2199 5825 2442 5869 secutam.

3165 5915 3237 5979 11
