4250 6282
541 338 649 400 5'57

1967 343 2301 406 EPISTOLA
2340 318 2454 409 XL.

3745 355 3851 414 358

543 459 747 516 crimen
776 455 1014 513 abluitis.
1044 455 1386 513 lntercedunt
1410 456 1527 528 paci
1551 471 1710 529 quam
1732 473 1860 517 vere
1885 467 1940 516 et
1968 460 2143 518 ﬁdeli-
2171 444 2224 526 Α
2250 456 2403 523 vobis
2452 466 2689 539 quotidie
2725 470 3003 526 continuas
3051 470 3277 528 Domino
3314 486 3506 543 preces
3549 472 3843 542 fundimus,

544 562 627 610 ter
667 553 739 617 de
778 551 988 606 Domini
1041 550 1412 608 misericordia
1464 552 1768 622 postulatis,
1820 544 2145 612 necsciunt

541 646 801 716 scriptum
828 658 977 700 esse:
998 641 1066 696 Et
1090 643 1338 714 propheta
1361 642 1450 698 ille
1471 654 1559 711 aut
1587 644 1840 699 sonmium
1885 647 2143 702 somnians

542 739 631 794 ille
654 737 740 807 qui
770 737 968 792 locutus
994 746 1067 791 est
1109 744 1164 789 ut
1193 752 1364 791 errare
1393 744 1440 790 te
1475 736 1660 805 faceret
1690 753 1722 790 a
1775 737 1991 793 Domino
2033 736 2144 793 Deo

543 842 651 898 tuo,
684 831 1014 899 interficietur
1062 828 1242 900 (Deut.
1277 845 1392 896 xm,
1442 828 1521 901 6).
1564 829 1735 885 Nemo
1784 845 1898 897 vos,
1952 830 2145 888 fratres

546 925 872 991 cbarissimi,
904 938 1088 980 errare
1115 938 1144 976 a
1200 923 1411 978 Domini
1440 932 1465 960 α
1497 923 1597 978 viis
1640 923 1796 979 faciat
1825 943 1837 979 :
1862 939 2021 980 nemo
2047 940 2143 982 vos

543 1019 882 1078 Christianos
912 1017 979 1073 ab
1004 1017 1298 1089 Evangelio
1325 1016 1521 1072 Christi
1565 1017 1737 1087 rapiat
1766 1036 1779 1072 :
1824 1032 1980 1072 nemo
2008 1016 2144 1074 ﬁlios

544 1113 803 1171 Ecclesia:
832 1112 900 1168 de
922 1111 1163 1168 Ecclesia
1194 1111 1361 1167 tollat.
1387 1110 1616 1166 Pereant
1636 1110 1737 1166 sibi
1762 1110 1862 1166 soli
1895 1111 1981 1181 qui
2016 1126 2143 1184 per-

541 1206 622 1263 ire
668 1204 952 1261 voluerunt
997 1212 1190 1259 :extra
1237 1202 1536 1259 Ecclesiam
1581 1201 1682 1258 soli
1710 1212 2025 1258 remaneant
2054 1203 2144 1273 qui

545 1297 614 1355 de
639 1297 880 1354 Ecclesia
909 1288 1267 1361 reces_serunt.
1298 1293 1412 1351 Soli
1456 1311 1577 1375 cum
1605 1294 1883 1375 episcOpisl
1910 1311 2017 1352 non
2038 1295 2147 1352 sint

550 1393 640 1464 qui
670 1399 858 1447 contra
901 1383 1182 1459 episcopos
1210 1374 1577 1447 rebellarunt]
1602 1374 2004 1459 Conjurationis
2033 1405 2145 1445 suae

545 1497 734 1554 ptenas
784 1481 883 1536 soli
933 1480 1162 1536 subeant
1213 1480 1302 1551 qui
1361 1480 1849 1548 olim,secundum
1914 1482 2142 1538 vestrab

543 1575 823 1647 suffragia,
885 1589 1027 1630 nunc
1078 1574 1376 1631 secundum
1421 1574 1513 1630 Dei
1562 1575 2143 1647 judicia,sententiam

549 1666 934 1738 conjurationis
964 1675 1021 1722 et
1060 1661 1408 1737 malignitatis
1447 1681 1560 1722 sum
1590 1667 1768 1724 subire
1808 1680 2139 1727 meruerunt.

566 1790 569 1791 ν
624 1759 712 1814 Ἦ.
742 1758 917 1815 Monet
948 1773 1049 1814 nos
1084 1759 1342 1814 Dominus
1371 1759 1422 1813 in
1457 1759 1747 1831 Evangelio
1775 1775 1873 1816 suo
1895 1760 2079 1817 dicens
2113 1768 2152 1817 ιΔ

2246 559 2341 630 qui
2370 574 2466 614 vos
2499 559 2566 615 ad
2589 560 2884 617 Ecclesiam
2914 563 3157 619 revocari
3196 562 3216 602 ί
3254 579 3351 635 per
3374 564 3584 620 Domini
3610 566 3849 622 clemen-

2248 650 2375 705 tiam
2404 652 2668 722 cupimus,
2700 654 2789 725 qui
2822 653 2891 711 de
2916 655 3026 712 Deo
3054 670 3243 727 pacem
3282 658 3647 728 plenissimam
3697 661 3846 731 prius

2247 746 2425 811 matri,
2457 754 2568 799 tum
2594 756 2647 801 et
2676 746 2803 802 ﬁliis
2835 747 2953 818 ejus
2984 763 3219 806 oramus.
3248 750 3382 807 Cum
3410 753 3660 822 precibus
3685 763 3847 825 atque

2248 838 2581 895 orationibus
2609 840 2811 896 nostris
2827 848 3032 897 vestras
3052 857 3268 914 quoque
3293 845 3567 900 orationes
3586 853 3643 901 et
3658 861 3847 917 preces

2242 930 2470 1001 jungite,
2502 946 2622 985 cum
2650 930 2865 987 fletibus
2892 934 3088 989 nostris
3113 945 3319 992 vestras
3340 937 3605 1010 lacrymas
3625 940 3846 1009 copula.

2250 1023 2503 1079 te.Vitate
2534 1023 2709 1094 lupos,
2738 1026 2850 1096 qui,
2884 1040 3015 1082 oves
3038 1041 3067 1082 a
3096 1037 3312 1099 pastore
3330 1040 3639 1087 secernunt.
3661 1032 3847 1090 Vitate

2246 1114 2480 1187 linguam
2515 1114 2713 1171 diaboli
2742 1127 3084 1186 venenatam,
3112 1121 3225 1192 qui,
3252 1122 3320 1177 ab
3349 1122 3501 1178 initio
3524 1125 3711 1181 mundi
3743 1125 3848 1181 fal-

2247 1207 2333 1262 lax
2362 1221 2576 1277 semper
2601 1216 2656 1263 et
2682 1209 2932 1276 mendax,
2976 1215 3232 1268 mentitur
3264 1222 3322 1268 ut
3350 1213 3531 1281 fallat,
3576 1216 3848 1275 blanditur

2249 1306 2307 1353 ut
2334 1306 2546 1364 noceat,
2587 1298 2725 1354 bona
2775 1302 3039 1370 promittit
3073 1312 3129 1359 ut
3174 1304 3375 1360 malum
3422 1307 3639 1375 tribuat,
3681 1311 3845 1367 vitam

2249 1390 2530 1462 pollicetur
2568 1399 2626 1445 ut
2681 1393 2932 1462 perimat.
2989 1395 3195 1453 Lucent
3246 1414 3390 1455 nunc
3428 1415 3642 1473 quoque
3677 1405 3842 1461 verba

2248 1482 2385 1554 ejus,
2418 1492 2474 1538 et
2492 1498 2694 1539 venena
2722 1485 2998 1543 manifesta
3028 1496 3154 1545 sunt
3183 1508 3198 1545 :
3228 1505 3413 1562 pacem
3445 1494 3747 1564 pollicetur,
3777 1512 3847 1553 ne

2247 1575 2517 1648 perveniri
2543 1577 2713 1647 possit
2735 1577 2803 1633 ad
2830 1594 3049 1650 pacem;
3076 1582 3302 1640 salutem
3332 1586 3612 1654 promittit,
3648 1604 3716 1645 ne
3755 1593 3846 1660 qui

2247 1669 2472 1740 deliquit
2495 1672 2669 1743 veniat
2693 1671 2757 1727 ad
2785 1672 3048 1740 salutem;
3076 1675 3376 1733 Ecclesiam
3397 1681 3647 1751 spondet,
3676 1700 3847 1754 quan-

2246 1760 2317 1816 do
2345 1761 2395 1816 id
2435 1771 2555 1833 agat
2587 1772 2646 1818 ut
2685 1765 2775 1835 qui
2805 1764 2880 1820 illi
2929 1766 3102 1823 credit
3152 1769 3205 1824 in
3262 1778 3430 1827 totum
3483 1774 3551 1830 ab
3606 1775 3844 1834 Ecclesia

554 1856 787 1929 Rejicitis
806 1856 1102 1911 mandatum
1129 1852 1223 1910 Dei
1243 1863 1297 1909 ut
1323 1856 1646 1911 traditionem
1676 1866 1893 1913 vestram
1914 1859 2147 1914 statuatis
2174 1861 2223 1921 B
2252 1864 2456 1927 pereat.
2770 1910 2775 1914 ,
3110 1906 3113 1911 .

550 1949 744 2023 (Marc.
795 1966 888 2016 vu,
945 1948 1024 2021 9).
1053 1949 1155 2019 Qui
1183 1949 1488 2006 mandatum
1518 1951 1617 2006 Dei
1642 1951 1889 2023 rejiciunt
1919 1963 1971 2009 et
1985 1954 2146 2009 tradi-
2264 1980 2289 2009 ,η
2322 1947 2434 2004 Vll.
2463 1948 2615 2006 Nunc
2640 1958 2741 2017 est,
2771 1950 2965 2008 fratres
2990 1952 3325 2012 dilectissimi
3350 1998 3366 2025 ,
3399 1967 3457 2014 ut
3486 1969 3542 2014 et
3571 1962 3661 2032 qui
3689 1963 3845 2019 statis

546 2044 742 2099 tionem
770 2058 923 2099 suam
950 2050 1184 2098 statuere
1213 2052 1495 2111 conantur,
1526 2043 1781 2099 fortitera
1798 2045 1951 2101 vobis
1971 2056 2023 2102 et
2050 2047 2145 2101 lir-

544 2137 704 2194 miter
731 2145 1054 2209 respuantur
1083 2156 1095 2191 :
1127 2136 1359 2193 sufﬁciat
1407 2139 1568 2208 lapsis
1605 2139 1759 2193 ruina
1807 2154 1933 2196 una.
1974 2139 2145 2198 Nemo

548 2229 787 2286 volentes
808 2243 1026 2300 surgere
1042 2224 1136 2285 Sua
1152 2230 1609 2287 circumventionc
1631 2231 1957 2303 prmcipitet;
1982 2248 2144 2290 nemo

549 2322 813 2393 jacentes,
871 2337 968 2393 pro
1018 2322 1215 2393 quibus
1246 2336 1346 2378 nos
1388 2312 1640 2394 rogamus
1685 2334 1741 2379 ut
1784 2324 1879 2380 Dei
1906 2339 2067 2379 manu
2091 2334 2146 2381 et

545 2414 767 2470 brachio
795 2408 1160 2480 subleventur,
1191 2424 1491 2486 prosternat
1515 2418 1731 2488 gravius
1759 2426 1811 2473 et
1836 2416 2098 2488 deprimat
2123 2435 2138 2474 :

547 2523 706 2565 nemo
734 2509 1097 2565 semianimes
1118 2519 1175 2565 et
1203 2519 1261 2566 ut
1299 2511 1529 2567 salutem
1565 2527 1717 2567 suam
1749 2512 2027 2583 pristinam
2056 2529 2141 2569 re-

547 2601 744 2671 cipiant
771 2601 1144 2672 deprecantes,
1166 2602 1234 2657 ab
1256 2604 1401 2657 omni
1418 2618 1514 2674 spe
1534 2604 1721 2659 salutis
1742 2615 1968 2674 avertat;
1983 2619 2143 2661 nemo

550 2695 861 2749 nutantibus
891 2694 1076 2765 lapsus
1132 2696 1212 2750 sui
1265 2697 1494 2767 caligine
1518 2690 1682 2753 omne
1714 2698 1919 2755 itineris
1950 2710 1971 2737 ο
2003 2699 2144 2754 Salu-

545 2785 676 2841 taris
700 2786 879 2842 lumen
908 2779 1204 2859 extinguat.
1239 2789 1767 2863 lnstruitApostolus
1805 2793 1991 2850 dicens
2031 2812 2044 2848 :
2080 2792 2144 2848 Si

547 2882 659 2949 quis
684 2882 839 2935 aliter
853 2883 1016 2948 docet,
1039 2892 1086 2936 et
1110 2890 1218 2938 non
1260 2886 1531 2956 acquiescit
1560 2887 1699 2942 sanis
1741 2887 1903 2943 verbis
1933 2886 2143 2944 Domini

549 2973 709 3027 nostri
745 2972 871 3028 Jesu
896 2974 1081 3030 Christi
1108 2985 1155 3030 et
1209 2976 1455 3032 doctrina:
1505 2979 1633 3051 ejus,
1668 2987 1873 3050 stupore
1901 2976 1929 3018 ἀ
1954 2981 2137 3048 elatus,

548 3064 751 3121 discede
783 3066 846 3121 ab
872 3068 1163 3139 hujusmodi
1206 3069 1226 3141 (
1245 3070 1266 3125 1
1305 3070 1437 3125 Tim.
1491 3088 1564 3138 vt,
1618 3072 1782 3146 5-5).
1835 3074 1902 3129 Ει
1945 3059 2148 3131 iterum

549 3156 679 3213 dicit
706 3159 821 3229 ipse
854 3177 868 3214 :
896 3158 1062 3215 Nemo
1099 3177 1187 3216 vos
1226 3162 1445 3234 decipiat
1489 3164 1727 3221 inanibus
1764 3166 1946 3225 verbis.
1998 3166 2135 3223 Pro-

2249 2040 2459 2097 fortiter
2484 2044 2859 2112 perseveretis,
2886 2054 2943 2101 et
2968 2046 3315 2125 stabilitatem
3361 2061 3595 2107 vestram
3637 2053 3840 2125 glorio-

2249 2148 2387 2201 sam,
2420 2149 2576 2204 quam
2600 2135 2651 2189 in
2676 2137 3049 2206 persecutione
3078 2141 3348 2211 tenuistis,
3388 2155 3646 2215 perpetua
3676 2143 3847 2202 ﬁrmi-

2249 2234 2357 2282 tate
2400 2227 2646 2295 servetis,
2676 2236 2729 2282 ct
2754 2231 2799 2283 si
2826 2237 2852 2276 8
2874 2230 2986 2301 qui,
3019 2231 3471 2290 circumveniente
3495 2236 3802 2296 adversario
3824 2284 3841 2309 ,

2248 2318 2384 2388 lapsi
2436 2320 2588 2387 estis,
2634 2322 2686 2374 in
2730 2322 2965 2378 secunda
3004 2323 3104 2378 hac
3141 2326 3436 2405 tentatione
3468 2330 3582 2399 spei
3630 2340 3684 2387 et
3726 2335 3848 2404 paci

2249 2422 2440 2468 vestra:
2467 2412 2693 2470 fideliter
2713 2413 3030 2480 consulatis;
3057 2425 3111 2471 et
3140 2424 3197 2471 ut
3223 2416 3372 2473 vobis
3403 2418 3657 2477 Dominus
3688 2408 3859 2494 igno;

2246 2514 2380 2574 seat,
2408 2520 2439 2560 a
2468 2506 2839 2562 sacerdotibus
2868 2506 3077 2563 Domini
3106 2522 3215 2564 non
3246 2510 3532 2579 recedatis,
3560 2528 3681 2569 cum
3712 2516 3844 2571 scri-

2244 2605 2395 2668 ptum
2418 2598 2489 2652 sit
2512 2615 2525 2652 ε
2544 2598 2613 2652 Et
2633 2599 2782 2654 homo
2798 2600 3099 2670 quicumque
3118 2601 3291 2671 fecerit
3308 2603 3359 2657 in
3380 2605 3636 2675 superbia,
3662 2616 3714 2660 ut
3740 2625 3843 2663 non

2243 2690 2482 2745 exaudiat
2510 2692 2820 2745 sacerdotem
2842 2701 2930 2747 aut
2941 2693 3172 2764 judicent
3189 2694 3488 2766 quicumque
3501 2698 3651 2768 fuerit
3666 2699 3719 2753 in
3739 2700 3845 2754 die-

2244 2784 2781 2850 busillis,morietur"
2795 2786 2945 2843 homo
2972 2789 3063 2845 ille
3098 2788 3277 2860 (Deut.
3317 2792 3842 2864 xvtt,12).Persecu-

2246 2878 2406 2935 tionis
2427 2878 2577 2933 istius
2592 2879 2880 2934 novissima
2897 2879 3011 2936 haec
3030 2890 3112 2937 est
3127 2890 3180 2936 et
3204 2890 3443 2969 extrema
3462 2874 3713 2951 tentatio,
3725 2902 3845 2955 qua:

2241 2980 2297 3028 et
2312 2971 2424 3041 ipsa
2437 2972 2797 3037 cito,Domino
2813 2975 3479 3045 protegente,transibit,ut
3492 2988 3847 3047 reprtesenter

2241 3067 2393 3124 vobis
2442 3074 2565 3139 post
2607 3065 2826 3122 Pascha:
2846 3066 2987 3121 diem
3019 3081 3141 3121 cum
3189 3057 3408 3139 cellegis
3433 3069 3598 3135 meis;
3654 3071 3846 3140 quibus

2243 3159 2616 3231 pra:sentibus,
2642 3155 2938 3213 secundum
2963 3144 3243 3213 arbitrium
3283 3173 3497 3231 quoque
3528 3170 3766 3219 vestrum
3790 3175 3847 3221 et

548 3258 722 3319 ptereu
771 3251 905 3305 enim
937 3254 1068 3307 venit
1114 3254 1194 3308 ira
1251 3254 1345 3309 Dei
1392 3272 1544 3327 super
1592 3258 1729 3328 ﬁlios
1783 3262 2134 3317 contumaciae.
2164 3246 2210 3313 C
2242 3256 2482 3311 omnium
2529 3261 2770 3310 nostrum
2825 3266 3114 3307 commune
3157 3251 3462 3319 consilium,
3496 3254 3635 3311 sicut
3672 3258 3845 3312 semel

547 3338 725 3396 Nolite
766 3359 885 3415 ergo
925 3360 1034 3399 esse
1080 3346 1349 3418 participes
1373 3363 1545 3403 eorum
1579 3348 1798 3424 (Ephes.
1853 3366 1909 3418 v,
1956 3352 2009 3418 6,
2062 3353 2138 3427 7).

546 3432 667 3490 Non
714 3444 799 3491 est
839 3436 1004 3508 quod,
1047 3438 1256 3511 decepti
1307 3440 1560 3517 inanibus
1605 3442 1806 3511 verbis,
1864 3445 2143 3515 pravitatis

548 3540 732 3581 eorum
754 3527 1022 3599 incipiatis
1042 3545 1163 3587 esse
1191 3532 1478 3604 participes
1507 3543 1552 3589 θ.
1571 3534 1839 3594 Discedite
1864 3553 1896 3593 a
1924 3538 2140 3610 talibus,

549 3634 735 3691 quaeso
760 3635 879 3693 vos,
911 3632 965 3679 et
995 3624 1320 3696 acquiescite
1365 3627 1607 3685 consiliis
1653 3632 1884 3699 nostris,
1916 3634 2006 3705 qui
2046 3650 2145 3707 pro

2250 3348 2470 3420 placuit,
2499 3362 2563 3404 ea
2589 3362 2709 3419 qua:
2731 3346 2938 3418 agenda
2973 3354 3099 3402 sunt
3131 3344 3418 3417 disponere
3457 3348 3661 3417 pariter
3687 3357 3744 3404 et
3780 3350 3847 3404 li-

2248 3457 2399 3498 mare
2427 3441 2742 3513 poterimus.
2768 3439 2823 3496 Si
2845 3439 2966 3511 quis
2992 3446 3193 3503 autem,
3219 3438 3585 3509 paenitentiam
3606 3454 3766 3513 agere
3794 3449 3849 3496 et

2247 3539 2360 3596 Deo
2389 3534 2700 3594 satisfacere
2718 3533 3047 3598 detrectans,
3067 3531 3133 3588 ad
3148 3530 3473 3589 Felicissimi
3486 3542 3536 3589 et
3554 3532 3847 3589 satellitum

2248 3634 2364 3706 ejus
2393 3639 2577 3704 partes
2599 3626 2952 3696 concesserit,
2980 3635 3035 3684 et
3063 3640 3123 3683 se
3164 3625 3435 3683 haeretica:
3454 3625 3674 3683 factioni
3717 3642 3850 3685 con-

1827 3746 2208 3808 LECTIONES
2242 3743 2662 3805 VABIANTES.

608 3849 637 3879 ³
660 3849 926 3906 Dominicis
955 3855 1097 3904 Pem.
1120 3855 1248 3906 Bod.
1270 3856 1316 3906 1.

611 3908 835 3964 1>Nostra
868 3912 984 3967 Nic.
1014 3915 1128 3967 Fab.

613 3976 636 4004 ο
654 3974 874 4027 Muneris
890 3979 993 4030 Litt.

612 4036 640 4077 εἰ
663 4037 875 4092 Tumore
912 4043 1107 4095 Erasm.

2318 3863 2342 3891 θ
2362 3857 2479 3924 Non
2507 3857 2572 3924 sit
2591 3834 2743 3924 quod
2783 3855 2911 3924 dec._
2943 3864 3048 3924 vos.
3085 3855 3148 3924 ιε
3177 3853 3320 3924 νεεδ..
3362 3864 3461 3904 ιιοιι
3481 3854 3735 3918 pravitatis
3758 3865 3848 3906 eo.

2252 3914 2768 3983 rumjncipiatis'esse
2791 3916 3053 3983 participes
3078 3914 3194 3968 Nic.
3221 3914 3344 3967 Fab.

2316 3981 2338 4021 ἲ
2366 3978 2620 4033 Revocare
2650 3978 2779 4030 Vict.
2795 3978 2958 4029 ’Foss.

2156 4048 2164 4057 '
2254 4058 2255 4061 ‘
2314 4049 2341 4087 8
2362 4044 2428 4096 Et
2449 4044 2535 4109 qui
2557 4044 2697 4093 Pem.
2727 4044 2868 4093 Voss.
2891 4040 2941 4091 2.
2961 4038 3088 4092 Bod.
3125 4040 3171 4102 1,
3194 4040 3245 4093 2.
3279 4041 3411 4092 Lam.

1846 4153 2091 4211 STEPH.
2120 4152 2391 4212 BALUZII
2416 4151 2649 4209 NOTAE.
2812 4159 2817 4164 ’
3136 4152 3145 4157 ’
3467 4210 3472 4215 .

630 4245 989 4320 Interﬁcietur.
1024 4246 1150 4303 llaec
1177 4264 1277 4304 vox
1307 4248 1461 4304 deest
1485 4248 1539 4304 in
1565 4248 1801 4320 antiquis
1820 4248 2148 4320 editionibus
2196 4280 2201 4283 -
2249 4248 2496 4320 nutiana.
2523 4246 2744 4320 Veteres
2767 4244 3034 4302 editiones
3068 4252 3124 4303 et
3168 4246 3265 4302 tria
3295 4244 3624 4317 exemplaria
3664 4253 3847 4301 vetera

551 4329 607 4376 et
647 4322 699 4375 in
743 4318 993 4372 omnibus
1027 4320 1263 4389 antiquis
1300 4320 1575 4376 codicibus
1619 4318 1968 4388 quibus'usus
2004 4335 2142 4375 sum.

551 4392 672 4447 Scio
693 4398 877 4461 tamen
908 4388 1048 4444 illam
1076 4388 1239 4447 fuisse
1280 4392 1333 4446 in
1364 4390 1665 4446 Veronensi
1706 4400 1760 4447 et
1797 4392 1851 4446 in
1894 4390 2147 4461 Neapoli-

555 4472 679 4517 tano
707 4474 831 4513 uno.
858 4459 915 4515 In
946 4461 1132 4532 codice
1164 4462 1405 4518 Lamonii
1435 4464 1692 4532 scriptum
1741 4471 1823 4518 est
1861 4459 2109 4518 morietur
2129 4505 2145 4529 ,

552 4535 741 4590 eodem
771 4546 953 4605 sensu:
990 4531 1049 4587 In
1091 4549 1197 4589 uno
1224 4549 1345 4589 meo
1367 4531 1557 4590 vetere
1600 4535 1826 4605 legitur,
1872 4544 1929 4587 ut
1976 4550 2150 4589 errare

554 4616 601 4660 te
630 4608 816 4678 faceret
853 4620 894 4678 αΔ
916 4602 1137 4678 Domino
1166 4615 1250 4678 tuo
1272 4648 1287 4672 ,
1319 4616 1367 4659 et
1392 4614 1594 4661 caetera.
1630 4602 1709 4678 Ex
1735 4620 1839 4678 quo
1871 4605 2026 4678 facile
2062 4615 2149 4661 est

553 4674 806 4746 colligere
832 4674 1072 4747 addenda
1105 4677 1268 4747 fuisse
1292 4677 1545 4731 nonnulla
1568 4678 1620 4731 in
1648 4674 1763 4732 hoc
1791 4677 1928 4732 loco.
1957 4675 2148 4747 Itaque

553 4745 862 4815 cum'plura
893 4745 1136 4801 addenda
1163 4746 1394 4812 fuerint,
1446 4762 1550 4809 non
1598 4746 1903 4803 sufﬁciebat
1945 4745 2147 4802 addere

554 4833 743 4900 vocem
791 4817 1125 4900 interficiatur
1172 4819 1574 4900 au_t_i_nori_etur.
1639 4819 1896 4875 Erasmus
1938 4819 2147 4900 primus

555 4889 771 4959 scripsit
814 4888 1165 4953 interﬁcietur.
1219 4890 1513 4945 Addendus
1557 4898 1736 4946 autem
1775 4902 1892 4944 erat
1939 4888 2148 4960 integer

559 4962 710 5017 locus
760 4974 822 5016 ex
878 4960 1053 5028 capite
1093 4977 1189 5015 xttt
1244 4962 1682 5025 Deuteronomii,
1742 4971 1835 5014 aut
1902 4960 2146 5016 edendus

565 5042 621 5087 ut
647 5039 825 5086 exstat
845 5031 895 5083 in
918 5031 1191 5086 veteribus
1217 5032 1370 5087 libris
1390 5072 1404 5096 ,
1437 5033 1637 5087 omissa
1663 5046 1794 5087 voce
1823 5032 1931 5086 illa.

628 5102 674 5155 Α
716 5101 926 5155 Domini
964 5103 1077 5157 riis.
1111 5102 1236 5158 Hinc
1259 5112 1340 5158 est
1386 5104 1869 5160 lectiomultorum
1906 5109 2148 5157 veterum

561 5172 946 5245 exemplarium
974 5183 1028 5227 et
1047 5174 1298 5245 editionis
1323 5174 1664 5229 Manutianae.

632 5243 853 5300 Pereunt
877 5243 973 5299 sibi
1005 5244 1123 5300 soli.
1169 5245 1361 5300 Nescio
1400 5260 1465 5300 an
1509 5246 1579 5300 sit
1618 5244 1946 5314 praeferenda
1991 5244 2151 5299 lectio

562 5317 717 5371 unius
746 5332 810 5373 ex
831 5316 1055 5370 vetustis
1079 5316 1354 5371 codicibus
1382 5316 1720 5372 bibliotheca:
1749 5317 1931 5386 regite,
1961 5316 2014 5370 in
2044 5328 2153 5385 quo

561 5387 755 5459 legitur
784 5387 1099 5459 pereantgilli
1122 5389 1239 5443 soli.

639 5458 792 5513 Nunc
819 5457 1117 5529 secundum.
1154 5458 1228 5514 lta
1258 5459 1424 5515 editio
1453 5458 1673 5514 Manutii
1704 5467 1758 5514 et
1792 5469 2001 5529 septem
2036 5457 2161 5513 libri

563 5537 794 5591 veteres.
826 5528 881 5583 lu
906 5530 1207 5587 recentiore
1252 5531 1593 5600 Hemigiauo,
1618 5540 1663 5585 et
1687 5528 1985 5585 secundum.
2029 5529 2165 5585 Malo

567 5599 620 5654 in
652 5600 948 5672 sorbonico
970 5617 1091 5667 nec,
1122 5603 1173 5657 in
1213 5599 1463 5671 Eligiano
1505 5618 1625 5656 non.
1679 5602 1734 5657 lu
1780 5602 2013 5672 antiquis
2051 5600 2166 5656 edi-

571 5671 806 5745 tionibus
848 5682 910 5745 et
949 5673 1002 5726 in
1034 5686 1126 5745 sex
1177 5674 1412 5740 antiquis
1455 5673 1731 5728 codicibus
1775 5671 2034 5745 scriptum
2084 5678 2168 5728 est

570 5744 705 5814 olim,
720 5742 1002 5814 secundum
1028 5742 1128 5798 Dei
1147 5745 1368 5814 judicia.

643 5811 730 5869 Vl.
755 5845 824 5854 —
849 5812 1023 5869 Ruina
1050 5811 1169 5870 una.
1204 5814 1278 5872 ita
1306 5830 1393 5870 xvi
1420 5813 1542 5871 libri
1566 5823 1775 5875 veteres
1805 5825 1859 5874 et
1882 5814 2042 5873 editio
2062 5812 2171 5870 Ma-

2253 4319 2448 4374 habent
2474 4319 2625 4373 ruina
2649 4334 2764 4373 sua.

2324 4388 2449 4446 Non
2473 4390 2747 4461 acquiescit
2774 4389 2913 4444 sanis
2933 4390 3114 4461 verbis.
3155 4388 3267 4445 Sex
3304 4386 3427 4461 libri
3464 4395 3849 4461 veteresgtnon

2202 4472 2210 4481 '
2251 4478 2310 4516 ac
2347 4462 2521 4517 uiescit
2548 4457 2715 4515 'sanis
2771 4460 3107 4515 sermonibus.
3168 4461 3256 4515 Sic
3298 4458 3460 4512 etiam
3506 4458 3561 4512 in
3610 4457 3851 4514 editione

2202 4560 2227 4588 ι
2251 4479 2461 4588 vuiaata
2480 4531 2739 4588 Epistolas
2769 4532 2939 4587 sancti
2972 4530 3125 4585 Pauli
3150 4530 3217 4586 ad
3244 4527 3525 4588 Ephesios.

2251 4549 2320 4589 γιι

2171 4559 2227 4620 1)

2343 4543 2461 4601 gata
2480 4531 2739 4603 Epistolas
2769 4532 2939 4587 sancti
2972 4530 3125 4603 Pauli
3150 4530 3217 4586 ad
3244 4527 3525 4603 Ephesios.

2252 4657 2256 4661 .
2326 4598 2545 4659 Discede
2588 4603 2652 4656 ab
2688 4602 3005 4672 huiusmodi.
3046 4600 3128 4672 Ita
3172 4600 3428 4672 scriptum
3484 4598 3592 4672 vidi
3648 4599 3705 4654 in
3758 4614 3850 4655 xw

2250 4673 2647 4743 exemplaribus
2676 4668 2927 4744 antiquis.
2964 4671 3185 4744 Reliqua
3216 4670 3442 4726 multum
3471 4668 3700 4744 variant.

2246 4776 2251 4797 ;
2321 4740 2686 4802 Contumacite.
2725 4740 2991 4798 Ita'etiam
3033 4740 3205 4810 Epist.
3248 4756 3392 4805 thv,
3431 4756 3552 4810 pag.
3608 4740 3749 4805 Μὴ
3795 4750 3852 4796 et

2251 4818 2305 4872 in
2343 4819 2481 4872 libro
2512 4816 2576 4869 de
2609 4813 2817 4869 Unitate
2838 4814 3105 4881 Ecclesiae,
3133 4828 3253 4884 pag.
3283 4811 3412 4869 202.
3432 4811 3570 4868 Vide
3618 4812 3851 4867 Annota-

2261 4891 2421 4944 tiones
2449 4886 2660 4942 Erasmi
2689 4884 2757 4939 ad
2782 4885 2926 4940 hunc
2947 4886 3126 4940 locum
3155 4884 3323 4939 Pauli.

2246 4997 2256 5003 υ
2322 4959 2438 5015 Vll.
2464 4986 2536 4999 —-
2578 4955 2734 5011 Nunc
2761 4965 2835 5010 est
2860 4956 3063 5027 fratres.
3086 4954 3310 5027 Veteres
3333 4954 3599 5011 editiones
3629 4952 3848 5027 habent.

2257 5032 2413 5087 Nunc
2437 5027 2720 5083 curandum
2740 5036 2812 5082 est
2835 5028 3039 5096 fratres.
3058 5027 3234 5087 Editio
3261 5026 3567 5082 Mauutiana
3587 5026 3854 5095 expunxit

2255 5117 2442 5159 vocem
2473 5097 2777 5154 curandum.
2812 5098 2887 5152 Ea
2915 5113 3043 5154 vero
3072 5099 3225 5154 deest
3255 5099 3310 5153 in
3350 5099 3585 5169 quinque
3613 5096 3852 5166 antiquis

2255 5171 2671 5241 exemplaribus,
2702 5168 2997 5241 etAvidetur
3024 5184 3145 5226 esse
3164 5185 3229 5224 ex
3259 5168 3611 5241 glossemate.

2329 5238 2700 5313 Reprtesenter.
2742 5238 2983 5307 Quatuor
3011 5241 3132 5297 libri
3161 5238 3371 5296 veteres
3415 5239 3617 5295 habent
3653 5253 3852 5309 reprtu-

2256 5326 2445 5371 δεηιεηι
2469 5328 2567 5366 me.

2258 5424 2265 5429 -
2335 5386 2575 5442 Omnium
2605 5392 2854 5439 nostrum.
2884 5384 2942 5438 In
2992 5382 3259 5453 plerisque
3304 5382 3529 5438 vetustis
3575 5381 3853 5452 exempla-

2263 5459 2412 5516 ribus
2435 5456 2693 5525 scriptum
2725 5462 2809 5510 est
2834 5456 2993 5525 animi
3018 5458 3197 5525 nostri.
3252 5489 3258 5495 -
3492 5523 3507 5525 Α
3524 5523 3540 5525 ῃ
3674 5462 3677 5467 '

2338 5529 2418 5582 Ad
2447 5523 2773 5581 Felicissimi.
2797 5524 3020 5581 Veteres
3048 5523 3313 5580 editiones
3352 5533 3477 5579 ante
3491 5523 3850 5580 Manutianam

2257 5607 2321 5658 'et
2346 5607 2551 5669 septem
2584 5606 2764 5669 vetera
2802 5594 3128 5669 exemplaria
3171 5592 3465 5669 prteferunt
3500 5596 3569 5649 ad
3607 5596 3852 5669 infelicis-

2270 5666 2702 5728 simi.'Manutius
2725 5674 2782 5722 et
2804 5666 3075 5739 Morellius
3111 5674 3168 5722 et
3202 5675 3324 5721 octo
3358 5666 3483 5739 item
3524 5666 3856 5739 exemplaria

2274 5754 2457 5800 vetera
2484 5741 2540 5793 in
2567 5739 2867 5809 felicissimi.
2897 5739 3014 5809 Alia
3038 5737 3144 5809 duo
3170 5745 3373 5803 vetera,
3400 5736 3469 5791 ad
3496 5736 3793 5809 felicissimi.

2347 5807 2678 5871 Concesserit.
2708 5809 2895 5869 Codex
2914 5807 3176 5869 Fuxensis
3196 5850 3211 5876 ,
3237 5807 3566 5867 consenserit.
3638 5880 3641 5883 Α
