4250 6282
473 300 584 356 545

1888 289 2024 348 om
2059 264 2379 346 omum

3672 285 3776 343 5“

476 417 556 473 ris
567 416 782 484 vestris,
800 415 993 472 fratres
1019 412 1483 484 charissimi,quas
1502 412 1571 469 ad
1591 425 1677 470 me
1696 411 1766 469 de
1784 420 1964 469 vestra
1989 426 2078 469 rc-
2103 417 2158 481 Α
2181 410 2403 481 pissem.
2458 407 2816 479 Posteaquam
2862 419 2958 461 vos
2994 402 3013 443 τ
3038 402 3107 459 de
3179 411 3404 461 carcere
3452 402 3779 475 prodeuntes

475 511 754 582 gressione
781 517 837 566 et
854 509 923 564 de
940 507 1305 564 ecclesiastica
1327 520 1458 578 pace
1478 520 1541 562 ac
1562 504 1794 562 fraterna
1837 505 2073 561 redinte-

475 606 719 678 gratione
744 603 968 668 fecistis,
998 601 1051 656 in
1078 609 1281 657 tantum
1307 616 1396 657 me
1416 600 1650 657 laetatum
1669 615 1790 657 esse
1814 598 2075 655 conﬁteor

480 696 537 751 in
565 702 823 767 quantum
848 692 1053 748 fueram
1079 701 1134 749 et
1155 702 1281 748 ante
1307 692 1516 757 laetatus
1541 691 1756 764 quando
1780 689 2075 747 confessio-

478 790 565 846 nis
595 797 785 844 vestrae
809 788 1034 860 gloriam
1061 787 1300 858 comperi
1325 795 1381 843 et
1426 785 1629 842 militiae
1657 794 1850 842 vestra:
1884 784 2079 841 coales-

480 893 593 939 tem
642 897 705 938 ae
755 880 1053 952 spiritalem
1095 879 1307 937 laudem
1336 888 1362 917 ι
1401 877 1820 952 gratulabundus
1868 876 2076 947 excepi.

478 977 615 1035 Nam
664 986 720 1033 et
767 977 883 1032 haec
937 974 1061 1032 ﬁdei
1088 975 1117 1014 ι’
1165 983 1220 1031 et
1256 972 1428 1030 laudis
1464 982 1656 1030 vestra:
1681 970 1783 1027 alia
1814 968 2081 1026 confessio

482 1079 568 1126 est
598 1084 756 1124 unam
787 1083 907 1125 esse
938 1062 1235 1125 Eeelesiam
1264 1065 1532 1129 conﬁteri,
1564 1079 1664 1120 nec
1691 1063 1850 1120 alieni
1881 1064 2081 1119 erroris

482 1161 571 1218 vel
598 1161 776 1232 potius
801 1161 1078 1232 pravitatis
1105 1159 1416 1231 participem
1448 1157 1586 1224 ﬁeri,
1621 1164 1866 1227 repetere
1887 1152 2081 1211 eadem

484 1265 659 1312 castra
692 1254 833 1311 unde
878 1254 1150 1325 prodistis,
1181 1251 1322 1308 unde
1348 1250 1415 1307 ad
1435 1249 1728 1322 gerendqu
1758 1246 1999 1318 prmlium
2029 1252 2087 1301 et

486 1347 850 1415 adversarium
877 1345 1231 1417 subigendum
1259 1343 1563 1400 fortissimis
1597 1338 1803 1396 viribus
1841 1337 2083 1410 prosilis-

486 1443 577 1498 tis.
604 1440 734 1496 Illuc
758 1439 902 1494 enim
929 1446 1083 1492 erant
1104 1434 1174 1491 de
1203 1435 1316 1490 acie
1345 1432 1584 1504 tr0phaea
1614 1428 1895 1486 referenda
1946 1426 2089 1484 unde

487 1531 556 1585 ad
587 1532 754 1586 aciem
778 1531 989 1585 fuerant
1013 1542 1162 1583 arma
1193 1533 1440 1597 suscepta
1464 1567 1478 1591 ,
1506 1539 1574 1580 ne
1599 1537 1736 1594 quos
1767 1522 1834 1577 ad
1863 1520 2087 1592 gloriam

488 1625 736 1680 Christus
763 1633 1028 1697 parasset,
1060 1620 1279 1678 eosdem
1321 1620 1587 1691 gloriosos
1616 1617 1816 1674 Christi
1849 1616 2087 1673 Ecclesia

491 1731 599 1772 non
627 1715 866 1772 haberet.
895 1714 1050 1769 Nunc
1066 1728 1193 1768 vero
1223 1721 1279 1767 et
1300 1725 1396 1766 vos
1415 1717 1802 1781 congruentem
1829 1707 1951 1763 ﬁdei
1972 1722 2092 1763 ves-

2178 503 2553 560 sehismaticus
2580 512 2636 559 et
2680 502 2964 559 haereticus
2986 515 3139 557 error
3165 498 3398 570 excepit,
3425 499 3505 555 sic
3548 514 3636 555 res
3665 507 3782 555 erat

2179 597 2335 669 quasi
2386 606 2567 653 vestra
2643 596 2812 667 gloria
2857 595 2910 650 in
2957 608 3179 650 carcere
3242 591 3616 648 remansisset.
3669 589 3781 648 Illic

2180 690 2323 748 enim
2378 689 2646 747 resedisse
2692 699 2718 737 ε
2749 690 2908 746 vestri
2950 687 3183 744 nominis
3229 685 3463 756 dignitas
3504 683 3784 742 videbatur

2181 782 2398 855 quando
2426 783 2625 839 milites
2646 783 2843 839 Christi
2873 798 2979 838 non
3007 781 3074 836 ad
3104 780 3408 837 Ecclesium
3453 778 3523 836 de
3568 794 3785 837 carcere

2183 876 2444 940 redirent,‘
2474 875 2527 929 in
2554 863 2721 945 quem
2742 874 2889 945 prius
2918 876 3040 930 cum
3057 872 3316 930 Ecclesia:
3338 874 3499 931 laude
3526 883 3581 931 et
3603 884 3787 947 gratu-

2187 967 2388 1024 latione
2405 966 2701 1022 venissent.
3584 980 3593 987 τ

2260 1058 2348 1115 lll.
2375 1056 2532 1122 Nam,
2578 1056 2680 1113 etsi
2710 1055 2981 1117 videntur
3016 1056 3070 1112 in
3123 1057 3364 1115 Ecclesia
3397 1073 3520 1115 esse
3559 1059 3786 1126 zizania,

2188 1167 2296 1207 non
2328 1160 2505 1207 tamen
2535 1148 2783 1221 impediri
2808 1148 2970 1206 debet
2996 1158 3089 1206 aut
3109 1150 3244 1207 ﬁdes
3270 1163 3361 1207 aut
3397 1153 3633 1210 eharitas
3661 1169 3792 1210 nos-

2192 1254 2293 1311 tra,
2326 1252 2385 1299 ut
2415 1240 2668 1314 quoniam
2697 1242 2898 1299 zizania
2928 1257 3050 1298 esse
3100 1244 3151 1299 in
3202 1244 3441 1302 Ecclesia
3495 1246 3788 1315 cernimus,

2190 1337 2292 1408 ipsi
2312 1336 2382 1392 de
2410 1334 2652 1391 Ecclesia
2679 1322 3016 1392 recedamus.
3047 1335 3214 1394 Nobis
3242 1348 3448 1395 tantum
3466 1398 3479 1415 δ
3500 1340 3661 1398 modo
3717 1341 3797 1396 la-

2190 1429 2489 1486 borandum
2514 1427 2543 1468 ¹ι
2569 1436 2655 1485 est
2682 1438 2741 1484 ut
2766 1429 3091 1485 frumentqu
3118 1445 3239 1488 esse
3259 1432 3551 1503 possimus,
3574 1444 3652 1501 ut,
3672 1449 3793 1491 cum

2193 1524 2423 1596 coeperit
2447 1525 2777 1579 frumentum
2801 1524 3099 1581 Dominicis
3116 1525 3332 1596 horreis
3349 1527 3530 1593 condi,
3562 1528 3794 1585 fructum

2198 1633 2295 1690 pro
2322 1632 2486 1689 opere
2509 1627 2693 1674 nostro
2722 1626 2778 1674 et
2824 1617 3013 1674 labore
3054 1620 3351 1690 capiamus.
3402 1624 3695 1693 Apostolus
3742 1624 3796 1679 iu

2195 1710 2426 1782 epistola
2453 1724 2551 1765 sua
2579 1709 2708 1765 dicit
2735 1726 2749 1764 :
2779 1709 2851 1765 In
2871 1710 3024 1766 domo
3045 1721 3216 1766 autem
3256 1725 3467 1785 magna
3488 1731 3594 1770 non
3632 1716 3797 1771 solum

492 1816 591 1863 trre
619 1817 862 1863 tenorem
891 1815 1051 1876 atque
1081 1803 1369 1859 individua:
1398 1801 1674 1859 charitatis
1701 1809 1757 1857 et
1784 1799 2088 1857 concordia:
2117 1818 2168 1879 Β
2195 1812 2443 1860 vasasunt
2466 1818 2625 1858 aurea
2650 1811 2697 1859 et
2718 1812 2976 1876 argentea,
3008 1805 3099 1859 sed
3125 1814 3170 1859 et
3198 1805 3368 1877 lignea
3419 1816 3465 1862 et
3514 1808 3715 1877 ﬁctilia,
3752 1817 3799 1864 et

491 1899 667 1972 legem
699 1897 974 1954 Dominica
1006 1911 1134 1967 pace
1164 1907 1185 1934 ε
1229 1894 1495 1961 tenuistis,
1542 1902 1596 1948 et
1645 1892 1951 1963 exemplum
1982 1907 2091 1947 ca:-

492 1994 625 2049 teris
650 1992 955 2048 dilectionis
980 1999 1035 2047 et
1060 1990 1208 2062 pacis
1231 1999 1413 2046 vestro
1439 1988 1630 2044 itinere
1657 1986 1953 2054 fecistis,ut
1979 1986 2085 2042 Ec-

493 2082 672 2139 clesia:
697 2082 892 2138 veritas
913 2092 967 2138 et
995 2081 1285 2153 evangelici
1332 2079 1651 2151 sacramenti
1673 2075 1701 2153 ξι
1720 2079 1914 2146 unitas,
1969 2092 2091 2150 qua:

495 2190 527 2229 a
558 2175 712 2231 nobis
742 2175 1042 2241 tenebatur,
1078 2182 1257 2230 vestro
1283 2173 1445 2229 etiam
1472 2186 1742 2229 consensu
1785 2186 1850 2227 ac
1876 2170 2094 2226 vinculo

495 2276 822 2334 necteretur,
841 2282 939 2324 nec
959 2266 1298 2323 confessores
1310 2264 1511 2320 Christi
1526 2263 1727 2320 erroris
1738 2261 1901 2318 duces
1919 2260 2097 2318 ﬁerint

497 2361 586 2430 qui
612 2360 827 2416 virtutis
854 2368 909 2416 et
934 2359 1153 2415 honoris
1177 2365 1426 2413 auctores
1450 2354 1746 2412 laudabiles
1766 2354 2091 2410 extitissent.

574 2452 639 2508 ll.
672 2452 911 2509 Viderint
952 2459 1208 2524 quantum
1235 2449 1386 2505 vobis
1409 2449 1593 2505 caeteri
1617 2449 1976 2519 gratulentur,
2011 2445 2095 2502 vel

498 2553 759 2616 quantum
780 2542 920 2616 apud
952 2559 1012 2599 se
1038 2544 1184 2614 ipsos
1210 2542 1405 2612 singuli
1423 2541 1743 2612 glorientur.
1776 2538 1891 2610 Ego
1929 2553 2015 2595 me
2036 2546 2093 2594 et

502 2639 756 2707 gratulari
781 2639 952 2708 magis
983 2637 1135 2693 vobis
1161 2646 1215 2692 et
1268 2635 1389 2707 plus
1414 2634 1626 2691 caeteris
1650 2633 1871 2706 gloriari
1902 2634 1955 2689 in
1998 2633 2099 2690 hac

503 2740 677 2785 vestra
716 2729 930 2801 pacifica
979 2729 1317 2800 regressione
1348 2737 1372 2764 θ
1400 2734 1454 2795 et
1506 2725 1770 2782 eharitate
1813 2725 2096 2783 conﬁteor.

501 2822 837 2892 Simpliciter
875 2823 1018 2877 enim
1073 2820 1201 2893 quid
1242 2821 1297 2876 in
1327 2834 1450 2876 meo
1478 2819 1643 2876 corde
1686 2818 1851 2875 fuerit
1891 2818 2102 2878 debetis

504 2914 714 2969 audire.
737 2915 991 2970 Dolebam
1010 2915 1358 2972 vehementer
1382 2922 1437 2969 et
1450 2912 1685 2985 graviter
1701 2912 1936 2988 angebar
1951 2913 2097 2985 quod

501 3007 582 3064 eis
607 3006 949 3063 comunicare
974 3020 1082 3063 non
1114 3020 1327 3078 possem
1357 3018 1494 3079 quos
1541 3004 1708 3062 semel
1733 3002 1956 3075 diligere
1980 3018 2096 3061 ca:-

2197 1894 2436 1968 qmedam
2481 1894 2684 1966 quidem
2735 1896 3008 1963 honorata,
3047 1896 3285 1968 quadam
3332 1914 3451 1953 vero
3496 1899 3800 1955 inhonorata

2204 1989 2273 2063 (ll
2292 1988 2437 2044 Tim.‘
2454 2004 2513 2057 ιι,
2535 1985 2651 2059 20).
2667 1988 2776 2044 Nos
2795 2005 3015 2061 operam
3028 1989 3246 2057 demus,
3261 1990 3452 2048 fratres
3470 1990 3796 2058 charissimi,

2199 2091 2256 2138 et
2282 2089 2537 2153 quantum
2568 2094 2856 2152 possumus
2885 2080 3193 2139 laboremus
3222 2093 3282 2139 ut
3325 2094 3452 2138 vasa
3482 2084 3663 2140 aurea
3706 2085 3796 2141 vel

2199 2184 2451 2247 argentea
2472 2172 2698 2231 .simusi.
2727 2173 3020 2245 Caeterum,
3053 2175 3232 2234 ﬁctilia
3283 2191 3412 2233 vasa
3454 2177 3800 2251 confringere

2199 2266 2429 2322 Domino
2454 2265 2555 2322 soli
2582 2281 2903 2338 concessum
2933 2276 3038 2335 est,
3056 2268 3143 2325 cui
3168 2276 3225 2325 et
3244 2269 3399 2341 virga
3452 2267 3626 2326 ferrea
3676 2269 3799 2327 data

2198 2369 2301 2416 est.
2324 2359 2456 2416 Esse
2485 2374 2591 2415 non
2624 2368 2804 2432 potest
2832 2360 3005 2432 major
3035 2360 3256 2418 domino
3270 2376 3372 2419 suo
3413 2377 3645 2430 servus;
3698 2378 3799 2421 nec

2203 2452 2486 2524 quisquam
2507 2452 2609 2507 sibi
2637 2451 2782 2524 quod
2809 2444 2913 2508 soli
2943 2452 3054 2511 ﬁlio
3082 2463 3235 2525 pater
3288 2453 3473 2510 tribuit
3525 2455 3799 2513 vindicare

2201 2553 2402 2617 potest,
2424 2554 2482 2599 ut
2510 2553 2665 2616 putet
2697 2553 2812 2611 aut,
2840 2545 2908 2601 ad
2935 2560 3119 2602 aream
3151 2540 3523 2604 ventilandam’
3559 2556 3617 2605 et
3669 2564 3799 2619 pur-

2203 2637 2451 2708 gandam,
2497 2637 2670 2707 palam
2716 2636 2905 2694 ferrei
2943 2653 3126 2709 posse,
3152 2626 3250 2695 aut
3282 2653 3314 2694 a
3363 2624 3632 2697 frumento
3682 2641 3802 2697 uui-

2204 2744 2359 2786 versa
2381 2730 2583 2786 zizania
2625 2732 2857 2787 humano
2876 2731 3081 2802 judicio
3111 2730 3425 2803 separare“.
3453 2731 3693 2804 Superba
3722 2741 3806 2789 est

2209 2821 2309 2877 ista
2337 2819 2628 2878 obstinatio
2659 2832 2712 2881 et
2737 2824 2997 2897 sacrilega
3028 2823 3379 2896 priesumptio
3413 2839 3570 2894 quam
3601 2824 3701 2881 sibi
3725 2823 3807 2879 fu-

2209 2929 2302 2971 ror
2335 2930 2535 2986 pravus
2554 2915 2599 2947 ⁶⁶
2622 2917 2867 2983 assumit;
2901 2926 2974 2985 et,
2998 2916 3125 2973 dum
3156 2916 3453 2973 dominium
3480 2918 3581 2973 sibi
3616 2915 3633 2955 ι
3664 2932 3808 2974 sem-

2205 3020 2304 3077 per
2334 3005 2551 3077 quidam
2596 3007 2880 3079 plusquam
2923 3008 3071 3065 mitis
3110 3006 3313 3083 iustitia
3359 3007 3604 3080 deposcit
3655 3022 3808 3064 assu-

1737 3137 2116 3200 LECTIONES
2152 3143 2568 3203 VARIANTES.
2612 3227 2615 3231 _

569 3286 596 3315 ⁸
621 3283 836 3335 (Σαξιρειθ
854 3288 907 3334 et
927 3281 1147 3344 spiritale
1168 3279 1398 3344 gaudium
1416 3274 1522 3344 bin.

569 3344 599 3384 1)
624 3346 781 3409 Huius
794 3344 909 3395 ﬁdei
931 3338 1023 3396 A'r.
1049 3338 1316 3409 ιωηῖ-Νσ.
1334 3338 1556 3409 1._Ebor.

559 3412 596 3519 r°
623 3400 926 3521 Doﬁilni‘picam
969 3418 1141 3470 pacem
1186 3405 1322 3454 Lam.
1365 3401 1492 3454 Bod.
1546 3400 1597 3450 2.
1634 3401 1866 3452 MILAr.
1907 3400 2018 3454 NG.
2053 3403 2105 3452 2.

572 3484 658 3521 ον.
742 3484 807 3520 ι.

509 3473 658 3524 Etor.
688 3470 807 3521 Μία.

571 3533 600 3573 d
622 3530 880 3593 Evangelii
920 3543 985 3593 ac,
1020 3530 1144 3593 Ben.
1171 3526 1298 3580 Bod.
1326 3528 1372 3580 1.
1399 3529 1520 3579 Ver.
1554 3523 1853 3588 Evangeliea
1873 3527 2104 3579 Anum.

506 3595 653 3648 Ebor.
691 3592 1077 3645 NC.l.B0d.2.
1184 3630 1187 3634 .

575 3666 601 3691 ε
623 3657 937 3719 Ingressione
961 3657 1053 3708 Ar.
1085 3718 1091 3719 γ
1174 3718 1181 3719 ί
1208 3718 1213 3719 ί
1292 3690 1295 3693 -

571 3719 593 3759 ί
623 3718 887 3785 I’oStquam
907 3732 992 3770 vos
1014 3718 1147 3769 enim
1171 3718 1295 3767 Ver.

2134 3277 2182 3340 C
2281 3278 2619 3340 SRecessisse
2639 3283 2731 3333 Ar.
2757 3282 2892 3334 Lam.
2928 3281 3076 3334 Ebor.
3100 3282 3212 3335 ΝΟ.
3245 3282 3294 3332 1.

2277 3339 2307 3380 ¹ι
2332 3343 2535 3394 Fratres
2556 3346 2790 3395 carissimi
2812 3344 3150 3396 Laborandum
3177 3353 3290 3394 Ver.

2281 3405 2426 3480 iAut
2459 3414 2702 3480 argentea
2748 3420 2862 3458 esse
2906 3410 3145 3471 possimus
3189 3408 3309 3458 Ver.
3333 3404 3432 3458 Vas
3474 3416 3679 3456 aureum
3721 3404 3804 3456 vel

2208 3477 2504 3530 argenteum
2526 3477 2698 3520 simus.

2274 3508 2504 3581 ῗῖἓὲῖηῑὲῖ
2522 3508 2944 3583 ἔρξ”εῖὲέηίιειπέιω
2969 3530 3089 3584 Cod.
3116 3531 3337 3584 Goulart.

2274 3592 2302 3630 ι
2326 3593 2616 3645 Searetzare
2642 3595 2805 3645 Oxon.
2831 3594 2966 3645 Lins.

2230 3684 2233 3687 ‹
2278 3605 3181 3721 ἶὲῗῗιῗιξῗῗυῗῖῗιῗριέῖἷξ³ἑιιιίωαω
3219 3655 3327 3710 Lin.
3367 3657 3476 3709 NC.
3505 3656 3557 3709 a.
3597 3655 3808 3720 Semper

2096 3702 2115 3716 ³
2213 3702 2442 3781 (ιιιίῶἁῶ
2450 3702 2901 3787 "feriam—Hi}:

1577 3792 1583 3807 ¹
1652 3890 1655 3891 ί
1732 3817 1990 3905 δτΕΡΗ.
2022 3816 2295 3881 BALUZII
2322 3822 2550 3881 noras.
2628 3880 2632 3885 .

580 3975 651 4008 διο
691 3973 868 4029 Ertsr.
894 3970 1094 4028 LI.—-—l.
1123 3970 1355 4027 Christus
1377 3973 1621 4038 parasset.
1638 3965 1713 4038 lta
1740 3962 1953 4035 plurimi
1980 3965 2101 4022 libri

512 4047 683 4102 nostri
712 4046 921 4114 optimi.
952 4042 1366 4114 Aliiquidamget
1386 4050 1595 4114 veteres
1615 4037 1883 4114 editiones
1911 4039 2101 4093 l’ame-

511 4120 649 4173 liatia
667 4109 992 4184 antiquiores
1015 4109 1214 4168 habent
1240 4112 1430 4184 Christi
1455 4109 1685 4184 Ecclesia
1708 4119 1957 4184 parasset.

586 4188 672 4243 lll.
727 4181 959 4240 Ziamin.
1007 4184 1232 4250 Quidam
1280 4181 1494 4236 codices
1546 4181 1753 4252 heieet
1791 4183 1951 4252 paulo
1988 4188 2110 4251 post

509 4258 705 4313 habent
729 4259 1001 4311 zizaniam.
1048 4252 1576 4321 Gratianopuiitanus
1606 4271 1619 4305 :
1675 4250 1815 4306 Nam
1848 4253 1938 4305 etsi
1963 4250 2107 4305 vide-

511 4343 595 4386 tur
619 4333 669 4383 in
718 4329 945 4382 Ecclesia
975 4343 1079 4381 esse
1105 4324 1324 4379 zizania.
1354 4326 1565 4377 Aveuas
1596 4338 1688 4390 pro
1719 4323 1937 4378 zizaniis
1959 4322 2112 4376 dixe-

513 4411 639 4456 runt
683 4401 1042 4455 'l‘ertnlliauus
1089 4406 1143 4452 et
1173 4394 1547 4466 Symmachus.
1597 4393 1674 4447 Ita
1704 4394 1870 4466 etiam
1896 4404 2113 4466 putasse

510 4474 722 4527 videtur
746 4470 1097 4540 llyeroniuius
1120 4469 1170 4540 in
1203 4464 1420 4540 Dialngo
1436 4464 1695 4540 adversus
1712 4464 2112 4540 Luciferiauos.

512 4543 637 4599 Non
678 4534 843 4596 solum
871 4542 923 4594 in
968 4539 1226 4603 Ecclesia,
1261 4534 1463 4607 inquit,
1507 4534 1772 4589 morantur
1827 4553 1972 4601 aves,
1998 4538 2114 4590 “nec

514 4597 719 4669 munda:
744 4622 937 4667 tantum
955 4626 1069 4664 aves
1095 4597 1771 4677 volitantfsedfrumentum
1802 4608 1854 4661 in
1878 4597 2001 4678 agro
2038 4621 2116 4661 se-
2139 4597 2194 4657 D

511 4688 646 4740 ritur
671 4695 717 4740 ct
752 4685 882 4739 inter
926 4683 1139 4736 nitentia
1168 4681 1307 4735 cultu
1348 4678 1611 4750 lappaeque
1657 4688 1702 4733 et
1734 4679 1910 4733 tribuli
1938 4688 1984 4732 et
2006 4687 2109 4733 ste-

509 4758 632 4813 riles
644 4757 969 4810 dominantur
995 4767 1183 4806 avenw.

583 4825 1088 4882 [IL—Frumentum
1110 4839 1217 4879 esse
1232 4821 1507 4892 possimus.
1523 4820 1870 4891 Augustinus,
1899 4819 2033 4874 libro
2053 4818 2111 4875 tu

511 4910 687 4954 contra
716 4898 1059 4959 Cresconium,
1082 4910 1133 4950 c.
1167 4893 1202 4950 5
1224 4889 1242 4950 ε’
1262 4892 1398 4946 Audi
1426 4889 1760 4963 Cyprianum,
1787 4892 1961 4963 tolera
1975 4892 2112 4943 ziza-

512 4972 647 5035 nias,
678 4979 782 5025 esto
803 4969 1132 5037 frumentum.
1151 4964 1287 5019 Vide
1305 4961 1787 5037 etiam’Epistplam
1807 4962 1880 5037 ad
1909 4961 2113 5037 Macro-

512 5032 672 5106 binm,
705 5032 984 5094 nhi'verba
1012 5036 1267 5108 Cypriani
1290 5032 2019 5108 releguntur.Tertullianus,
2056 5034 2107 5087 in

512 5113 650 5169 libro
659 5101 731 5166 de
746 5110 887 5182 Fuga
902 5110 954 5164 iu
976 5101 1343 5182 persecutione
1360 5101 1520 5182 εῌωδ
1541 5106 1769 5182 ναιᾳᾲξιια
1782 5120 1897 5176 qua:
1910 5114 2111 5182 et_nnnc

511 5174 1017 5237 dominicam'aream
1041 5188 1242 5250 purgat,
1282 5175 1558 5250 Ecclesium
1584 5174 1802 5243 scilicet,
1814 5248 1824 5250 ᾼ
1840 5174 2112 5245 confusum

510 5271 747 5309 acervum
774 5252 1005 5322 ﬁdelium
1042 5247 1348 5314 'eventilans,
1398 5258 1443 5301 et
1473 5247 1768 5322 discernens
1798 5248 2110 5322 frumentum

511 5317 795 5397 martyrum
842 5334 889 5379 et
933 5322 1498 5397 paleas__negatorum_.__
1528 5317 1764 5389 lgnatius
1824 5319 2111 5397 episcopus

510 5387 879 5453 Antiochenus
928 5387 1068 5465 apud
1098 5387 1410 5465 Eusebium,
1433 5387 1648 5465 _lib._'m,
1680 5404 1797 5459 cap.
1824 5389 1930 5465 illi:
1965 5387 2110 5465 [fru—

510 5479 735 5523 mentum
773 5458 1121 5532 Cltristi'sum,
1166 5462 1398 5518 dentibus
1426 5460 1698 5516 bestiarunt
1738 5461 1919 5532 iitolar.
1977 5458 2109 5532 Vide
2156 5496 2175 5515 .

512 5530 1113 5629 Samuelenil’etitum
1152 5534 1207 5590 iu
1245 5533 1646 5590 commentario
1688 5532 1754 5588 ad
1797 5531 1946 5603 leges
1972 5530 2109 5585 Atti-

510 5609 930 5737 minitanti:
959 5678 1034 5734 lta
1066 5691 1165 5733 nos
1196 5676 1471 5747 posuimus
1520 5674 1693 5732 secuti
1727 5672 2106 5747 auctoritgem

511 5762 753 5810 veterum
778 5743 1292 5820 exemplariumﬁlta
1314 5748 1472 5807 etiam
1498 5747 1757 5819 scriptum
1788 5753 1874 5803 est
1902 5744 1954 5801 in
1972 5743 2106 5816 Epi-

2209 3968 2356 4040 stola
2378 3985 2470 4033 LII,
2513 3969 2581 4040 ad
2604 3949 2977 4033 Antonianum,
3005 3984 3131 4040 pag.
3148 3966 3251 4040 A78.
3276 3942 3366 4024 Sic
3391 3967 3554 4023 etiam
3593 3976 3810 4040 sanctus

2209 4038 2321 4097 Leo
2348 4039 2401 4095 in
2425 4039 2669 4111 Epistola
2697 4041 2766 4094 ad
2792 4038 3436 4113 Episcopos'Mauritania:
3464 4039 3805 4096 (stariensis.

2287 4132 2357 4190 Ut
2386 4150 2439 4188 se
2470 4143 2624 4202 putet.
2680 4131 2832 4190 Unus
2858 4133 3029 4189 codex
3072 4148 3225 4188 meus
3256 4142 3411 4187 vetus
3453 4130 3635 4197 habet,
3668 4140 3808 4202 putet

2214 4204 2282 4258 ad
2308 4201 2480 4258 aream
2523 4204 2869 4259 ventilandam
2895 4215 2941 4258 et
2970 4204 3291 4274 purgandum
3321 4203 3520 4274 paleam
3539 4204 3651 4274 jam
3679 4201 3813 4274 ferre

2216 4292 2269 4329 sc
2297 4275 2649 4330 vcntilabrmn.
2697 4275 2882 4329 Lectio
2914 4273 3044 4330 vero
3069 4273 3171 4330 ista
3205 4276 3323 4328 libri
3353 4275 3456 4328 mei
3490 4273 3637 4328 eXtat
3671 4273 3808 4344 apud

2217 4358 2460 4417 sanetum
2487 4348 2845 4417 Augustinum
2876 4347 2926 4400 in
2956 4346 3196 4415 Epistola
3222 4345 3291 4417 ad
3320 4344 3660 4398 Macrobium.
3677 4344 3808 4417 Eam

2216 4416 2431 4487 quoque
2447 4416 2757 4473 Goul’artius
2780 4417 3047 4471 invenisse
3072 4432 3131 4471 se
3159 4416 3343 4471 scribit
3368 4417 3429 4477 in
3449 4416 3584 4487 libro
3606 4416 3814 4484 episco-

2219 4486 2271 4559 pi
2311 4488 2664 4545 Acconensis.
2727 4488 2787 4543 In
2838 4488 2973 4559 libro
3027 4489 3198 4541 sancti
3240 4486 3507 4556 Arnulphi
3540 4487 3808 4559 scriptum

2220 4556 2303 4614 est
2343 4560 2598 4614 vindicare
2632 4576 2685 4614 se
2714 4558 3289 4632 putet.AVeutilalnjuu
3336 4573 3431 4627 pro
3468 4556 3612 4632 pala__
3636 4556 3812 4632 posuit

2219 4633 2381 4686 etiam
2402 4640 2552 4686 vetus
2580 4628 2848 4701 interpres
2878 4629 3134 4701 Matthaei.
3171 4628 3240 4701 Et
3261 4628 3808 4701 tatnenyeutilabruiu

2217 4703 2633 4758 instrumentum
2676 4697 2761 4758 est
2780 4700 3137 4772 agricolarum
3170 4699 3443 4755 diversum
3472 4716 3501 4752 a
3539 4698 3677 4772 pala.
3711 4697 3814 4752 Co-

2215 4774 2452 4839 lumelia,
2485 4775 2575 4828 lib.
2601 4789 2660 4837 ιι,
2691 4769 2930 4844 (κῳῖΐυ.
2959 4769 3098 4844 Nam
3130 4787 3245 4825 cum
3272 4786 3479 4826 acervus
3504 4769 3666 4844 paleis
3692 4785 3813 4840 gra-

2215 4844 2391 4914 nisque
2416 4846 2604 4899 mixtus
2632 4845 2687 4898 in
2718 4842 2875 4898 unum
2897 4843 3050 4914 fuerit
3075 4842 3642 4914 congestustpaulatim
3666 4857 3731 4914 ea:
3754 4855 3812 4893 eo

2214 4911 2506 4987 ventilabris
2528 4932 2615 4984 per
2637 4916 2840 4987 longius
2855 4911 3338 4987 spatiumjactatur.
3370 4913 3590 4987 Plautus
3611 4912 3662 4965 in
3689 4911 3810 4987 Ρω-

2216 4986 2378 5041 nulo:
2412 4981 2573 5041 Palas
2596 4981 2893 5041 vendundas
2917 4985 3013 5040 sibi
3038 4981 3109 5038 ait
3137 4994 3183 5038 et
3209 5001 3414 5056 margas
3432 4984 3578 5037 datas
3608 4989 3662 5035 ut
3686 4981 3810 5035 lior-

2218 5068 2326 5111 tum
2356 5057 2519 5125 fodiat
2541 5067 2690 5127 atque
2730 5067 2783 5111 ut
2804 5057 3119 5126 frumentum
3149 5055 3338 5110 metat.’
3369 5055 3600 5125 blargam
3627 5067 3811 5127 gram-

2218 5128 2397 5183 matici
2444 5125 2756 5185 aiunt'esse
2806 5125 3012 5182 furcam
3042 5142 3147 5197 qua
3191 5127 3372 5197 acervi
3417 5125 3808 5197 frngnmﬁunt.

2216 5198 2353 5255 Vide
2382 5209 2535 5254 notas
2564 5200 2664 5255 viri
2689 5198 2989 5255 doctissimi
3017 5190 3307 5253 Frontoﬁs
3333 5190 3596 5254 Ducaai'iu
3627 5195 3814 5252 [lumi-

2216 5268 2317 5326 lias
2335 5273 2501 5327 sancti
2532 5271 2711 5327 Basilii
2742 5272 2794 5325 in
2827 5268 3204 5324 Hexaemeron.
3239 5284 3360 5340 pag.
3392 5270 3447 5324 4.

2291 5362 2545 5428 Humano,
2576 5364 2777 5436 judicio
2802 5379 3064 5436 separare.
3110 5363 3259 5436 Hane
3289 5362 3614 5436 legionem,
3647 5368 3811 5436 quam

2217 5444 2346 5507 puto
2363 5451 2483 5492 esse
2509 5430 3020 5507 nieliorem,iuveni
3055 5434 3108 5489 in
3136 5433 3492 5507 codiceFlori
3520 5443 3575 5507 et
3603 5430 3832 5502 in’plu-r

2216 5504 2364 5562 ribus
2390 5507 2528 5581 aliis.
2563 5506 2702 5561 lul‘ra
2733 5508 2785 5561 in
2813 5506 3051 5576 Epistola
3075 5521 3165 5572 ιιι,
3192 5520 3313 5577 pag.
3337 5505 3403 5561 74
3421 5525 3437 5563 :
3457 5504 3637 5576 paleas
3662 5516 3815 5558 cone-

2212 5589 2344 5633 tura
2364 5578 2527 5632 tritico
2553 5594 2809 5649 separare.

2286 5668 2456 5723 Furor
2482 5668 2714 5724 assumit.
2747 5667 2804 5722 In
2854 5667 3039 5725 codice
3078 5668 3372 5728 Veronensi
3410 5672 3468 5725 ιι
3505 5666 3559 5723 in
3593 5665 3809 5724 Fuxen—

2211 5741 2255 5799 si
2277 5739 2468 5813 legitur
2490 5756 2679 5810 pravus
2706 5740 3005 5811 insipienter
3030 5740 3269 5799 assumit.
3494 5732 3501 5741 ’
