4250 6282
417 193 532 255 345

418 344 596 404 munt,
631 336 699 393 de
726 336 969 395 Ecclesia
1009 349 1267 410 pereunt;
1298 349 1354 400 et
1381 342 1508 399 dum
1536 357 1595 401 se
1622 345 1916 404 insolenter
1930 363 2026 405 ex-
2050 332 2106 394 Α

417 429 639 499 tollunt,
664 430 783 502 ipso
805 444 904 487 suo
924 440 1135 489 tumore
1156 434 1359 502 cmeati,
1386 436 1627 492 veritatis
1660 438 1839 496 lumen
1868 441 2026 495 amit-

417 532 557 583 tunt.
591 523 816 597 Pr0pter
837 523 981 596 quod
1021 532 1077 582 et
1103 541 1202 583 nos
1256 536 1737 598 temperamentum
1779 541 2024 589 tenentes

418 629 476 677 et
506 620 698 676 librum
727 620 939 676 Domini
969 624 1401 694 contemplantes
1422 666 1439 692 ,
1469 633 1524 680 et
1568 624 1664 681 Dei
1693 626 1869 683 Patris
1912 628 2024 698 pic-

368 696 375 703 .
415 722 584 770 tatem
612 728 677 769 ac
706 714 1128 771 misericordiam
1158 714 1460 788 cegitantes
1484 761 1500 785 ,
1542 718 1631 775 diu
1682 696 2021 794 multumque

420 817 651 865 tractatu
678 809 816 865 inter
845 825 943 864 nos
970 810 1151 868 habito
1172 812 1315 883 justa
1358 814 1731 873 moderatione
1753 833 1873 889 quae
1897 828 2024 877 sunt

419 903 624 975 agenda
655 902 994 961 libravimus.

491 995 580 1051 IV.
606 995 737 1064 Qtne
759 998 938 1052 omnia
968 1000 1180 1069 penitus
1205 1003 1433 1071 potestis
1456 1003 1744 1076 inspicere,
1773 1010 1928 1065 lectis
1954 1010 2021 1066 li-‘

420 1086 577 1143 bellis
623 1102 758 1159 quos
810 1088 899 1145 hic
928 1105 1100 1162 nuper
1126 1093 1359 1165 legeram
1385 1105 1441 1153 et
1461 1097 1528 1153 ad
1549 1113 1643 1155 vos
1678 1116 1893 1173 quoque
1940 1104 2018 1161 le-

418 1178 625 1251 gendos
655 1195 754 1251 pro
796 1185 1069 1241 communi
1098 1186 1384 1247 dilectione
1433 1194 1833 1252 transmiseram
1865 1178 2021 1264 ("ubi

422 1272 584 1345 lapsis
614 1289 713 1332 nec
739 1290 969 1335 censura
990 1279 1143 1338 deest
1170 1298 1293 1355 quae
1322 1285 1583 1358 increpet,
1622 1305 1724 1349 nec
1752 1293 2019 1351 medicina

418 1381 539 1436 quae
585 1374 759 1424 sanet.
813 1369 919 1426 Sed
962 1381 1018 1426 et
1060 1375 1341 1432 catholicae
1381 1386 1408 1415 ⁸
1450 1379 1707 1439 Ecclesiae
1755 1384 2019 1443 unitatem

418 1468 675 1528 quantum
731 1463 902 1531 potuit
941 1468 1207 1536 expressit
1237 1479 1419 1527 nostra
1449 1474 1807 1534 mediocritas.
1843 1478 2018 1548 Quem

419 1548 659 1606 libellum
690 1554 858 1625 magis
884 1569 948 1610 ac
991 1558 1159 1629 magis
1190 1577 1331 1618 nunc
1365 1565 1519 1621 vobis
1544 1566 1755 1637 placere
1777 1571 2012 1642 confido,

420 1642 647 1712 quando
673 1644 793 1700 eum
819 1646 930 1717 jam
951 1649 1030 1705 sic
1083 1652 1258 1723 legitis
1283 1664 1420 1713 utet
1446 1658 1685 1728 probetis
1706 1670 1762 1717 et
1799 1666 2013 1733 ametis;

425 1739 693 1809 siquidem
738 1742 879 1812 quod
912 1760 1014 1802 nos
1060 1749 1239 1806 verbis
1283 1755 1704 1826 conscripsimus
1740 1774 1839 1816 vos
1865 1759 2018 1818 factis
2045 1737 2095 1798 Β

420 1828 657 1899 impletis
679 1835 891 1903 quando
918 1837 984 1892 ad
1008 1838 1302 1898 Ecclesiam
1333 1843 1610 1904 cbaritatis
1638 1865 1703 1905 ac
1722 1852 1871 1922 pacis
1896 1854 2016 1909 uni-

416 1930 529 1978 tate
576 1929 849 1985 remeatis.
900 1929 1040 2002 Opto
1085 1949 1199 2000 vos,
1235 1935 1426 1996 fratres
1463 1940 1767 2003 charissimi
1807 1961 1871 2002 ac
1923 1947 2016 2005 de-

417 2015 844 2091 siderantissimi,
869 2039 1084 2097 semper
1108 2026 1247 2085 bene
1270 2030 1471 2089 valere.

975 2186 1309 2248 EPISTOLA
1346 2191 1456 2248 LII.
1542 2232 1545 2235 -

416 2312 753 2398 (Eluasm‘.,_'iv,
792 2319 1107 2398 gafan‘t‘elq
1150 2323 1354 2398 ﬁigalL.
1397 2326 1893 2398 Balua:,Ltt.__Paris.,
1945 2352 2010 2389 ra.

476 2376 746 2444 Constant.,
786 2381 943 2447 Epist.
989 2376 1369 2451 Roui.Po‘bt.,i,
1400 2376 1587 2455 biiab?
1608 2376 2010 2461 Ῑὲἐίιιέὦὶιῗξὶιίῦἰξ

476 2447 599 2493 vett.
621 2442 720 2495 PP.
743 2460 810 2505 tu,
837 2461 887 2510 p.
910 2445 1046 2511 547.)

546 2581 615 2619 ΔΙ)
652 2582 994 2628 Ακτοιιιλιιωι
1018 2612 1032 2640 ,
1075 2589 1144 2630 DE
1170 2589 1432 2635 CORNELIO
1472 2596 1539 2636 ΕΤ
1578 2597 1899 2642 NOI’A'I'IANO.
1939 2602 1943 2608 ’

408 2690 802 2757 Anconsuwu.
852 2732 924 2743 -—
973 2703 1101 2760 Cum
1153 2707 1472 2767 Antonianas
1495 2754 1512 2782 ,
1557 2717 1777 2785 acceptis
1827 2720 2010 2777 litteris

483 2804 515 2841 a
539 2787 844 2860 Novatiano,
862 2795 917 2849 in
943 2806 1113 2867 partes
1139 2800 1279 2856 illius
1295 2803 1464 2859 animo
1487 2807 1803 2878 propendere
1821 2813 2007 2882 capis-

483 2889 578 2948 set,
605 2883 872 2953 conﬁrmat
897 2888 1042 2944 illum
1069 2889 1367 2966 Cyprianus
1390 2896 1443 2950 in
1467 2898 1629 2967 priori
1655 2903 1927 2969 sententia,
1951 2911 2007 2958 ut

481 2990 662 3045 nempe
687 2992 802 3033 cum
830 2975 1079 3050 Cornelio,
1108 2986 1203 3040 hoc
1240 2996 1312 3042 est
1341 3004 1456 3043 cum
1499 2988 1731 3048 Ecclesia
1752 2981 2007 3052 catholica

479 3071 849 3128 communicare
871 3086 1064 3149 pergat.
1100 3078 1251 3145 Quod
1284 3091 1340 3136 ut
1366 3085 1688 3155 persuadeat,
1718 3089 1871 3145 totius
1894 3099 2004 3146 tra-

477 3162 637 3232 gedia:
654 3164 785 3220 inter
810 3164 1104 3226 Cornelium
1124 3182 1172 3228 et
1194 3172 1543 3233 Novatianum
1566 3178 1832 3238 historiam
1858 3172 2015 3251 texit,

1819 212 2155 271 EPISTOLA
2193 214 2324 274 LIII.

3620 236 3733 295 5&6

2199 342 2248 388 et
2277 333 2566 390 Cornelium
2590 334 2753 391 virum
2776 338 3022 409 optimum
3041 349 3087 396 et
3107 342 3326 415 legitime
3343 345 3579 414 electum,
3602 349 3723 405 No-

2201 427 2461 482 vatianum
2486 445 2602 484 vero
2629 430 2800 486 multis
2829 433 3098 489 sceleribus
3113 435 3386 493 obnoxium
3403 439 3724 511 illegitimam

2132 550 2135 555 ι
2200 519 2490 575 electionem
2508 536 2777 594 usurpasse
2798 523 2943 579 docet
2974 541 2989 579 :
3021 525 3180 582 obiter
3219 529 3369 583 etiam
3399 531 3491 585 sub
3519 532 3722 589 initium

2199 613 2427 683 epistola:
2472 631 2526 669 se
2563 630 2807 672 excusans
2837 616 2900 672 de
2950 629 3146 674 mutata
3178 622 3316 693 quod
3341 623 3410 677 ad
3460 624 3724 696 lapsorum

2199 706 2446 760 rationem
2474 708 2652 763 attinet
2678 711 2941 777 sententia,
2976 722 3023 767 et
3043 713 3133 770 sub
3160 715 3313 784 linem
3338 717 3393 772 in
3414 734 3514 789 quo
3543 717 3726 776 Nova-

2199 798 2339 855 tiana
2366 800 2571 857 haeresis
2585 802 2827 857 consistat
2852 805 3132 875 explicans.

2191 916 2337 981 (Huic
2355 916 2577 980 epistolae
2599 921 2999 1030 nﬁportuniorem
3021 921 3181 974 locum
3209 924 3313 976 dari
3357 926 3512 977 visum
3560 934 3637 979 est
3673 930 3723 981 in

2191 992 2244 1028 in.
2269 994 2340 1030 ιιι.
2390 980 2475 1030 ubi
2497 988 2596 1030 tota
2668 983 2877 1030 ovatiaui
2901 984 3177 1030 schismatis
3202 987 3407 1030 historia
3430 1003 3541 1030 nllm
3566 994 3723 1030 nmni-

2126 980 2251 1045 tom.
2269 994 2340 1040 ιιι,
2390 980 2475 1030 ubi
2497 988 2596 1031 tota
2620 980 2877 1045 Neratiaai
2901 984 3177 1039 schismatis
3202 987 3410 1040 historia
3430 1003 3543 1042 cum
3566 980 3726 1045 omni-9

2126 1042 2219 1092 bus
2242 1043 2581 1094 instrumentis
2602 1043 2940 1113 describitur.)

2542 1180 2543 1183 ‘
2628 1170 2674 1202 ⁷⁸
2714 1169 3043 1229 EPISTOLA
3080 1172 3213 1229 LIII.

2126 1286 2359 1351 (Erasm..
2398 1299 2471 1348 ιιι,
2495 1286 2576 1338 23.
2613 1286 2825 1356 Pamel.,
2851 1287 3055 1356 Rigalt”
3079 1289 3268 1356 Baluz.,
3293 1304 3393 1344 LIII.
3430 1290 3610 1356 Paris.,
3638 1308 3719 1346 ur.

2653 1348 2837 1412 Oxon.,
2875 1348 3029 1417 Lips,
3042 1348 3171 1418 tu.)

2125 1470 2192 1509 AD
2218 1469 2579 1511 FORTUNATUM
2605 1472 2675 1511 ET
2700 1471 2853 1513 ALIOS
2872 1471 3235 1527 COLLEGASJE
3259 1475 3328 1517 IIS
3346 1475 3435 1526 QUI
3461 1476 3563 1517 PER
3585 1476 3722 1519 Τοῆ·

2629 1565 2812 1606 ΙΕΝΤΔ
2853 1565 3215 1608 ευρειιλιιτυιι.

2122 1665 2516 1722 Aacuuemuu.
2543 1664 2911 1721 —-Consultus
2956 1666 3245 1739 Cyprianus
3275 1688 3307 1724 a
3343 1671 3552 1744 collegis
3595 1690 3720 1729 num

2193 1758 2495 1813 admittendi
2547 1767 2710 1813 essent
2753 1758 2823 1812 ad
2866 1761 3273 1816 communionem
3326 1763 3459 1832 lapsi
3511 1765 3720 1835 quidam

2195 1868 2286 1922 per
2306 1860 2554 1905 tormenta
2590 1851 2849 1921 superati,
2876 1851 3171 1921 respondet,
3221 1854 3343 1924 quia
3371 1854 3588 1909 triennio
3603 1858 3719 1927 jam

2132 1956 2137 1959 ‘
2193 1943 2541 2016 paenitentiam
2568 1944 2806 2015 egissent,
2837 1943 2934 1998 sibi
2952 1944 3157 2015 quidem
3184 1946 3347 2001 videri
3374 1946 3718 2003 admittendos

2128 2039 2133 2045 ’
2191 2054 2317 2104 esse,
2347 2039 2436 2093 sed
2469 2054 2584 2092 cum
2611 2047 2724 2109 post
2758 2036 2979 2092 Pasclice
3030 2038 3275 2093 solemnia
3306 2040 3577 2095 concilium
3610 2041 3719 2112 epi-

2128 2130 2133 2139 ’
2189 2150 2458 2204 scaporum
2501 2132 2643 2204 apud
2688 2149 2741 2188 se
2784 2136 3016 2204 futurum
3042 2139 3192 2202 esset,
3236 2149 3291 2188 se
3319 2149 3433 2189 cum
3477 2132 3582 2189 illis
3608 2150 3713 2189 rem

2189 2236 2540 2283 tractaturum.

2130 2326 2137 2329 ’
2187 2344 2228 2400 l.
2270 2344 2573 2418 Cyprianus
2603 2344 2920 2409 Fortunato,
2954 2343 3242 2411 Ahymmo,
3273 2342 3489 2413 Optato,
3523 2343 3711 2400 Priva-

2116 2438 2283 2503 tiano,
2316 2437 2580 2492 Donatulo
2610 2446 2665 2491 et
2707 2435 2872 2491 Felici
2922 2435 3172 2491 fratribus
3196 2435 3446 2492 salutem.
3477 2435 3713 2507 Scripsi-

2114 2534 2212 2588 stis
2249 2530 2402 2599 mihi,
2441 2528 2633 2586 fratres
2654 2528 2976 2595 charissimi,
3005 2528 3173 2600 quod,
3201 2543 3321 2584 cum
3355 2529 3406 2583 in
3452 2527 3711 2599 Capsensi

2112 2625 2330 2682 civitate
2359 2632 2577 2695 propter
2602 2621 2994 2678 ordinationem
3027 2622 3265 2694 episcopi
3293 2622 3507 2688 essetis,
3536 2630 3711 2694 pertu-

2114 2716 2238 2772 lerit
2262 2715 2329 2771 ad
2359 2730 2456 2770 vos
2481 2714 2740 2786 Superius
2769 2713 2935 2769 frater
2955 2724 3009 2769 et
3035 2713 3241 2784 collega
3272 2722 3455 2769 noster
3488 2712 3708 2780 Ninum,

2111 2805 2562 2871 Clementianum,
2604 2805 2823 2861 Florum
2864 2804 3058 2860 fratres
3089 2816 3325 2871 nosnos,
3354 2806 3443 2874 qui
3482 2805 3535 2860 in
3583 2820 3710 2876 per—

2111 2899 2389 2956 secutione
2429 2896 2752 2968 apprehensi
2793 2896 2942 2966 prius
2982 2894 3217 2960 fuerant,
3258 2904 3315 2950 et
3358 2908 3553 2952 nomen
3604 2896 3709 2950 Do-

2112 2992 2244 3049 mini
2271 2988 2505 3047 confessi
2550 2987 2861 3044 violentiam
2906 2987 3254 3058 magistratus
3282 2994 3340 3042 et
3367 2986 3553 3060 populi
3598 2988 3707 3042 fre-

2110 3083 2358 3143 mentisb
2386 3085 2643 3154 impetum
2685 3082 2945 3148 vicerant,
3000 3079 3339 3152 postmodum
3390 3094 3510 3136 cum
3566 3080 3708 3151 apud

2110 3177 2491 3253 proconsulem
2532 3175 2706 3248 poenis
2732 3173 2982 3247 gravibus
3012 3173 3469 3244 excruciarentur,
3500 3174 3553 3230 vi
3600 3182 3709 3230 tor-

1638 3317 2022 3381 LECTIONES
2055 3315 2479 3378 VARIANTES.

469 3442 493 3473 δ
517 3443 758 3498 Ecclesia:
782 3447 1031 3504 cbaritatis
1056 3465 1114 3504 ac
1135 3454 1271 3518 pacis
1292 3457 1532 3510 unitatem
1551 3460 1642 3510 Ar.
1665 3461 1808 3511 Ebor.

2216 3454 2248 3495 1'
2273 3453 2573 3519 Frequentis
2590 3450 2716 3505 Bod.
2746 3452 2793 3503 1.

1650 3592 1893 3653 STEPH.
1926 3594 2197 3655 BALUZII
2220 3592 2452 3652 NOTAE.

402 3695 416 3782 ἦ
452 3695 2021 3782 ‘IIY.—Catholicte1§gcl_esitemutatam.RespicitCyprianus-

401 3767 467 3822 ad
488 3767 677 3850 librum
694 3786 847 3828 suum
864 3776 926 3830 de
947 3773 993 3829 U
997 3776 1153 3831 nitate
1178 3776 1441 3850 Ecclesia},
1464 3767 1623 3850 quem
1651 3767 1775 3836 hinc
1786 3767 2004 3838 constat

402 3840 657 3919 scriptum
674 3858 795 3919 esse
807 3860 872 3919 eo
891 3855 1132 3919 tempore
1146 3865 1249 3919 quo
1261 3840 1589 3906 Novat'ia'nus
1608 3851 1841 3907 schisma
1856 3853 1999 3908 fecit.

442 3910 567 3994 “Sic
591 3913 778 3994 legitis.
823 3910 1092 3994 Imitatum
1120 3910 1183 3994 ei:
1226 3922 1464 3977 carmine
1497 3921 1564 3977 de
1586 3923 1839 3994 operibus
1864 3924 1990 3980 Vir-

405 3982 515 4052 gilii
548 3982 691 4055 quod
733 3989 971 4058 Augusto
1000 3990 1287 4047 tribuitur:

496 4071 766 4135 Laudetur,
791 4079 974 4142 vigeat,
1005 4078 1211 4143 placeat,
1235 4083 1510 4147 relegatur,
1535 4090 1747 4134 ametur.
1785 4136 1788 4141 ,

404 4153 534 4237 Item
581 4158 631 4211 in
667 4162 905 4237 carmine
941 4152 1214 4237 sacrorum
1282 4166 1573 4222 Bibliorum
1628 4183 1750 4237 quae
1802 4168 1999 4225 Karnlo

407 4227 562 4300 calvo
587 4231 698 4300 regi
720 4233 897 4287 oblata
919 4244 1046 4289 sunt
1069 4252 1097 4290 a
1128 4236 1350 4291 Viviano
1377 4238 1567 4292 abbate
1591 4227 1758 4295 8θῖιοιὶ
1786 4240 1997 4296 Martini

406 4295 735 4357 Turonensis
764 4303 913 4359 edito
952 4306 1003 4360 in
1039 4315 1181 4361 tumo
1218 4324 1253 4363 ιι
1280 4308 1686 4377 Capitularium,
1729 4327 1780 4379 ιι.
1814 4312 1953 4367 1572
1982 4295 1996 4368 ἐ

416 4452 425 4460 _
496 4391 641 4456 Cujus
666 4394 853 4446 honore
869 4404 1046 4459 rogant
1067 4399 1275 4462 placeat,
1302 4399 1548 4463 laudetur,
1572 4408 1779 4452 ametur.

473 4482 543 4515 “’°
574 4486 754 4564 lipts'r.
784 4491 1040 4564 Lut_.—l.
1067 4492 1335 4561 Superius.
1366 4493 1440 4548 Ita
1463 4494 1716 4564 scriptum
1747 4493 1910 4550 fuisse
1936 4494 1990 4551 in

400 4558 763 4631 vetustissimo
783 4561 968 4616 codice
1002 4558 1293 4619 Veronensi
1319 4558 1695 4631 mihiconstat,
1729 4575 1781 4619 et
1808 4576 1992 4622 monet

400 4627 557 4681 etiam
590 4628 872 4701 Bigaltius.
917 4632 1006 4689 Sic
1033 4634 1192 4688 etiam
1222 4635 1389 4689 edidit
1410 4627 1693 4690 Manutius.
1740 4635 1991 4693 Testatur

397 4708 572 4777 autem
588 4700 855 4777 Pamelius
871 4704 1113 4777 codicem
1137 4708 1484 4777 Anglicanam
1503 4721 1610 4777 quo
1629 4706 1718 4761 ille
1737 4707 1988 4763 utebatur

398 4766 595 4847 habere
621 4773 754 4827 sicut
777 4773 1047 4847 Manutius
1074 4766 1254 4832 habet".
1296 4777 1361 4832 Et
1392 4766 1568 4832 tamen
1597 4793 1795 4847 nupera
1818 4779 1985 4834 editio

394 4842 612 4920 Anglic}!
621 4858 684 4897 na
701 4845 904 4899 nullum
920 4846 1062 4920 illius
1081 4847 1325 4920 lcetinnis
1338 4857 1488 4903 vetus
1500 4842 1775 4920 exemplar
1789 4851 1984 4919 allegat
2008 4888 2013 4895 ι

392 4926 549 4985 quam
572 4913 905 4974 Verooense.
938 4917 1567 4985 Adjuvantnihilominus
1594 4913 1734 4974 illam
1765 4913 1979 4977 codices

393 4982 748 5064 l:ligiauus_el
776 4982 1082 5064 Beccen‘sis,
1117 4991 1171 5043 iu
1201 4991 1405 5064 quibus
1426 4991 1684 5064 scriptum
1711 5001 1795 5046 est
1821 5008 1975 5064 supe-

390 5069 510 5118 rus,
560 5067 613 5133 et
657 5056 845 5133 decem
899 5059 1011 5133 alii;
1033 5056 1275 5133 veteres,
1321 5061 1409 5132 qui
1452 5056 1647 5133 habent
1693 5056 1975 5133 superfln

389 5127 953 5203 exemplarieditionis
981 5129 1308 5187 Basileensis
1333 5127 1458 5186 anni
1489 5132 1652 5197 1540,
1692 5127 1832 5203 quod
1879 5134 1978 5188 fuit
2009 5146 2013 5151 '

387 5192 572 5252 Jacobi
598 5196 819 5273 anacii,
847 5210 902 5257 et
923 5217 1062 5256 nunc
1087 5217 1251 5273 penes
1273 5219 1359 5258 me
1378 5212 1481 5264 est.
1510 5204 1593 5258 vir
1616 5192 1977 5259 ille'doctissi-

387 5282 505 5322 mus
534 5271 751 5346 scripsit
780 5274 845 5346 in,
865 5271 1111 5346 margine
1130 5289 1201 5346 ex
1215 5274 1445 5346 quodam
1460 5273 1529 5307 ‘5‘
1546 5275 1710 5329 veteri
1738 5274 1872 5329 libro
1886 5292 1975 5330 stt-
2001 5292 2007 5301 ν

385 5351 620 5414 ρεναδιιι
647 5342 699 5396 in
730 5343 915 5399 codice
944 5342 1117 5399 sancti
1148 5342 1305 5414 Eligii
1334 5355 1388 5401 et
1414 5347 1466 5401 in
1490 5346 1765 5402 Beccensi.
1814 5346 1946 5402 Vete
1965 5377 1977 5389 -
2006 5360 2011 5365 '

386 5424 473 5463 res
501 5412 788 5479 editiones,
821 5416 981 5469 etiam
1010 5412 1319 5472 Morellia’na
1357 5426 1413 5471 et.
1443 5419 1542 5471 tria
1588 5427 1767 5472 vetera
1793 5432 1980 5472 exem—

386 5480 550 5561 plaria
589 5483 1106 5561 prmfcruntmuper.
1156 5490 1307 5542 Alius
1347 5488 1593 5561 Superius
1621 5490 1980 5561 presbyterii:

383 5548 522 5628 librg
559 5548 794 5628 secundo
834 5548 1301 5613 miscellaneorum
1333 5548 1665 5622 nostrorum,
1703 5548 1819 5628 ιιςιιξ.
1855 5559 1981 5625 101,

382 5629 438 5702 et
480 5619 1109 5702 superiusstationarius
1155 5629 1292 5699 apud
1336 5631 1588 5701 Optatum
1621 5619 1982 5687 Milevitancni

380 5692 437 5747 in
466 5692 614 5751 calce
638 5693 756 5751 libri
785 5698 964 5768 primi.

2182 3710 2399 3765 Ninum.
2453 3707 2512 3763 In
2569 3706 2779 3763 duobus
2830 3704 3066 3776 antiquis
3118 3702 3394 3761 codicibus
3439 3705 3702 3776 scriptum

2106 3792 2190 3839 est
2246 3779 2603 3836 Saturninum.
2663 3777 2935 3833 Saturnini
2966 3775 3187 3830 ’meutio
3239 3783 3388 3831 extat
3434 3775 3488 3830 in
3540 3776 3703 3831 variis

2105 3852 2342 3922 epistolis
2403 3850 2541 3920 apud
2581 3849 2928 3922 Cyprianum.
2969 3846 3305 3922 Nini_‘nu|la_
3338 3845 3500 3914 alibi,
3550 3847 3695 3922 quod

2104 3916 2294 3988 sciam,
2350 3916 2553 3976 mentio
2580 3916 2825 3975 habetur.
2882 3917 3035 3986 Quod
3091 3916 3336 3973 fortassis
3400 3921 3699 3988 approbare

2043 3998 2049 4006 '
2106 4003 2289 4063 posset
2324 3993 2608 4049 lcetionem
2656 3991 2848 4045 horum
2880 3992 3109 4063 duorum
3127 3999 3387 4063 veterum
3405 3989 3695 4063 librorum.

2106 4060 2305 4121 Verum
2347 4063 2493 4120 nulla
2545 4063 2751 4130 uspiam
2802 4062 3059 4117 memoria
3108 4061 3176 4116 de
3220 4062 3369 4132 lapsu
3398 4060 3691 4117 Saturnini.

2099 4138 2282 4206 Itaque
2297 4147 2389 4191 aut
2417 4135 2553 4190 alius
2581 4135 2677 4189 fttit
2701 4134 3042 4201 Saturninus,
3073 4135 3115 4187 si
3146 4133 3573 4206 veraestlectio,
3606 4142 3699 4187 aut

2102 4204 2253 4264 certe
2300 4206 2639 4262 retinendum
2670 4214 2752 4261 cst
2797 4207 2915 4259 istic
2943 4220 3138 4260 nomen
3169 4204 3310 4259 Nini.
3368 4204 3692 4271 Episcopum

2101 4278 2267 4335 fuisse
2314 4279 2438 4334 hinc
2466 4277 2646 4348 colligi
2687 4287 2868 4347 posset
2891 4276 3031 4345 quod
3061 4277 3360 4348 Cyprianus
3386 4290 3508 4348 eum
3538 4285 3696 4328 vocat

2033 4396 2037 4400 .
2103 4350 2344 4415 fratrem,
2376 4350 2477 4406 nisi
2504 4346 2773 4403 constaret
2805 4346 3150 4418 persbyteros
3176 4360 3391 4417 quoque
3406 4346 3483 4418 ab,
3502 4359 3567 4418 eo
3585 4361 3692 4418 _vo-

2026 4436 2078 4498 D
2103 4432 2256 4498 catos
2295 4419 2462 4476 fuisse
2486 4419 2696 4498 fratres.
2744 4414 3067 4498 Poenitui'sse
3105 4414 3298 4471 Ninum
3332 4416 3486 4498 _qnod
3531 4414 3689 4498 fidem

2102 4493 2350 4564 fregisset
2387 4490 2853 4564 testaturabnnde
2899 4487 3240 4560 Cyprianus;
3281 4485 3521 4564 adeoque
3561 4494 3692 4554 puto

2066 4555 2243 4623 .illuTn
2288 4572 2471 4632 postea
2508 4562 2733 4632 gloriam
2772 4574 2925 4632 suam
2946 4555 3290 4632 'r'eparasse.‘
3314 4555 3468 4632 Nam
3498 4557 3548 4632 in
3592 4571 3689 4612 ve-

2094 4627 2396 4710 tustissimo
2431 4627 2824 4710 martyrologio
2862 4629 2929 4710 ad
2981 4645 3069 4684 xvr
3116 4629 3228 4710 Ital.
3261 4627 3566 4710 decembris
3593 4643 3691 4710 nu-

2092 4715 2266 4761 tatur:
2308 4704 2373 4759 In
2405 4697 2899 4764 .ilauri'taniu'Nini,
2946 4710 2990 4755 et
3019 4716 3150 4756 xvnt
3193 4699 3301 4754 kal.
3332 4698 3591 4768 ianuarii:
3620 4697 3688 4752 In

2090 4779 2268 4852 Africa
2293 4775 2445 4831 Nini.
2470 4775 2583 4829 Non
2605 4774 2800 4828 dicitur
2836 4773 3000 4852 fuisse
3043 4780 3264 4843 martyr.
3295 4770 3477 4852 l‘lftqtte
3499 4770 3687 4852 existi-

2088 4840 2223 4904 m'ari
2270 4856 2454 4917 posset
2498 4861 2619 4917 eum
2651 4859 2754 4917 non
2784 4858 2906 4898 esse
2929 4840 3204 4917 diversum
3250 4857 3279 4896 a
3304 4840 3445 4917 Nino
3479 4841 3683 4917 confvs-

2085 4934 2226 4985 sore,
2263 4911 2645 4995 cujusmcutiu
2671 4914 2897 4995 habetur
2927 4914 3313 4995 iu_narratiot_ie
3353 4911 3682 4995 denquo't‘lam

2082 4992 2173 5061 qui
2205 4982 2531 5064 vidit_lilitim
2558 4988 2668 5064 Dei.
2697 4987 2769 5064 Ea
2799 4986 3231 5064 iiarrlatio‘exstat
3254 4986 3304 5064 in
3333 4983 3518 5064 codice
3547 4982 3682 5064 Fos-

2082 5054 2308 5116 satensi.
2340 5060 2430 5114 Sic
2453 5067 2629 5113 autem
2653 5057 2878 5127 incipit:
2909 5055 3130 5121 Quidam
3155 5058 3413 5127 presbyter
3436 5056 3534 5121 [uit
3556 5054 3682 5107 reli-

2084 5133 2256 5203 giosus
2278 5132 2424 5203 valde
2457 5129 2646 5203 Airgils
2683 5126 2906 5192 nomine,
2957 5132 3241 5203 frequenter
3270 5126 3553 5203 issarum
3591 5141 3682 5179 so-

2082 5198 2270 5257 lemnia
2298 5198 2563 5257 celebrans
2579 5202 2647 5255 ad
2672 5216 2856 5271 corpus
2878 5198 3053 5253 sancti
3075 5198 3204 5253 Nini
3229 5198 3454 5268 episcopi
3485 5205 3531 5250 et
3555 5212 3684 5250 con-

2110 5290 2291 5329 8880l‘18
2299 5312 2312 5327 ο
2530 5318 2533 5319 ν
2592 5316 2595 5319 λ
3508 5320 3511 5325 -
3698 5294 3703 5299 ’

2085 5277 2547 5410 iambi-burman,
2592 5345 2787 5399 Africae
2826 5343 3101 5399 nimirum.
3155 5339 3357 5411 Magum
3417 5337 3565 5395 illum
3597 5339 3681 5394 di-

2085 5417 2360 5487 gnationis
2399 5424 2453 5470 et
2484 5415 2822 5471 auctoritatis
2853 5415 3016 5469 fuisse
3057 5411 3229 5487 liquet
3265 5425 3328 5466 es
3377 5413 3685 5487 testimonio

2089 5481 2347 5554 Salviani,
2390 5488 2502 5556 qui,
2534 5487 2723 5551 tib.vu,
2752 5500 2871 5555 cap.
2902 5487 2993 5551 to,
3023 5483 3095 5556 ait
3121 5481 3296 5544 illum,
3324 5490 3578 5556 quantum
3616 5481 3684 5537 ad

2093 5573 2285 5635 n‘otnen
2318 5553 2534 5635 quidem
2566 5553 2965 5635 proconsulem,
2997 5555 3090 5610 sed
3113 5566 3368 5635 quantum
3384 5553 3462 5635 .ad
3494 5563 3681 5635 poten-

2089 5632 2217 5684 tiam
2265 5624 2780 5685 coiisulem'fuisse.
2848 5624 3235 5683 Proconsulum
3286 5624 3479 5678 Africa:
3518 5624 3684 5680 multa

2091 5700 2292 5757 mentio
2317 5709 2400 5757 est
2425 5699 2566 5770 apud
2594 5708 2804 5757 veteres
2828 5699 3174 5755 historiarum
3203 5696 3514 5767 scriptores.
3547 5694 3683 5750 Mul-
