4250 6282
30 1108 67 1126 τ

0 1136 69 1145 ,μ-

396 294 505 358 353
1466 301 1471 307 ’
1830 291 2025 353 EPIST

2126 291 2163 349 Α
2201 292 2333 351 LVI.
3590 297 3701 358 554

394 413 522 469 sitis
552 416 642 467 aut
666 409 836 483 frigus
864 409 1137 476 amiserit,
1171 410 1256 466 vel
1289 423 1383 482 per
1412 412 1579 469 maria
1610 413 1875 485 prmeipiti
1904 429 1997 469 na-
2022 413 2075 471 A
2103 411 2244 466 Dixit
2262 410 2393 483 quid
2417 410 2563 482 loqui
2586 420 2640 467 et
2670 411 2998 484 respondere
3022 409 3290 484 possimus
3312 410 3430 469 dari
3459 410 3615 469 nobis
3642 413 3697 468 in

396 508 672 579 vigatione
716 512 1094 578 properantem
1143 514 1432 577 tempestas
1480 522 1544 562 ac
1591 508 1823 577 procella
1873 509 2000 562 sub-

398 601 672 664 merserit,
703 607 914 669 Spectat
958 597 1182 652 militem
1214 613 1371 653 suum
1397 596 1648 655 Christus
1677 600 2000 670 ubicumque

401 699 753 763 pugnantem,
801 697 857 744 et
882 690 1276 760 persecutionis
1315 704 1475 746 causa
1506 706 1605 762 pro
1635 691 1869 746 nominis
1917 691 2000 746 sui

401 786 611 841 honore
657 783 906 839 morienti
936 785 1218 854 prazmium
1259 784 1435 840 reddit
1462 784 1604 857 quod
1649 785 1895 841 daturum
1941 800 2002 841 se

398 879 457 935 in
485 876 884 935 resurrectione
921 876 1191 947 promisit.
1244 876 1355 933 Nec
1406 878 1584 933 minor
1626 889 1708 934 est
1758 876 2002 950 martyrii

400 970 575 1042 gloria
608 984 712 1024 non
754 968 965 1041 publice
991 977 1046 1044 et
1072 967 1216 1024 inter
1251 969 1450 1025 multos
1476 968 1704 1041 perisse,
1732 985 1855 1025 cum
1880 984 2003 1041 pcr-

400 1064 567 1121 eundi
608 1077 769 1120 causa
795 1062 866 1117 sit
892 1070 1112 1134 propter
1140 1061 1413 1119 Christum
1457 1064 1654 1135 perire.
1699 1062 1906 1119 Sufficit
1935 1061 2003 1118 ad

403 1154 772 1213 testimonium
823 1154 1067 1226 martyrii
1113 1163 1139 1191 α
1182 1154 1265 1211 sui
1324 1154 1634 1227 testis_ille
1673 1154 1763 1226 qui
1816 1153 2006 1224 probat

406 1259 673 1320 martyres
698 1254 754 1302 et
776 1254 1024 1302 coronat.
2000 1296 2001 1303 η

480 1342 547 1397 V.
589 1340 887 1406 Imitemur,
932 1337 1128 1396 fratres
1185 1338 1538 1407 dilectissimi,
1600 1337 1733 1397 Abel
1775 1340 2003 1412 justum,

409 1435 500 1507 qui
543 1431 775 1488 initiavit
811 1431 1066 1503 martyria
1096 1431 1224 1487 dum
1252 1440 1473 1503 propter
1494 1430 1757 1502 justitiam
1802 1432 2008 1503 primus

412 1525 693 1583 occiditur.
727 1522 1007 1579 Imitemur
1044 1522 1317 1579 Abraham
1346 1523 1442 1579 Dei
1479 1524 1732 1591 amicum,
1764 1522 1857 1595 qui
1900 1539 2007 1579 non

413 1630 499 1675 est
528 1626 805 1674 cunctatus
831 1626 889 1671 ut
916 1615 1082 1672 lilium
1112 1616 1383 1672 victimam
1413 1618 1523 1673 suis
1568 1617 1815 1674 manibus
1843 1616 2010 1673 offer-

418 1724 527 1783 ret,
587 1714 713 1770 dum
744 1714 853 1769 Deo
894 1712 997 1768 fide
1054 1712 1407 1770 devotionisb
1451 1715 1781 1785 obsequitur.
1826 1713 2011 1769 Imite-

2102 502 2190 557 illa
2229 503 2359 559 hora
2406 502 2659 560 divinitus
2709 513 2765 560 et
2805 503 3079 572 offerris,
3124 518 3225 559 nec
3275 519 3372 561 nos
3411 512 3538 560 tunc
3581 518 3702 560 esse

2102 595 2190 664 qui
2220 595 2509 666 loquimur,
2565 595 2659 651 sed
2701 594 2956 666 Spiritum
3006 595 3102 652 Dei
3133 595 3327 662 Patris,
3368 596 3481 668 qui,
3510 611 3631 650 cum
3670 610 3704 650 a

2103 689 2484 745 conﬁtentibus
2528 704 2636 745 non
2673 689 2901 745 discedit
2946 704 3120 760 neque
3160 689 3439 757 dividitur,
3484 690 3599 760 ipse
3647 689 3703 744 in

2104 780 2258 835 nobis
2299 788 2355 835 et
2381 779 2618 851 loquitur
2661 791 2715 837 et
2747 792 3058 837 coronatur.
3115 781 3205 837 Sic
3248 789 3305 836 et
3348 780 3535 837 Daniel
3578 796 3703 836 cum

2105 871 2516 942 compelleretur
2558 872 2789 929 adorare
2833 872 3034 928 idolum
3082 872 3201 939 Bel,
3233 887 3392 943 quem
3436 881 3562 928 tunc
3612 887 3710 943 po-

2105 962 2263 1033 pulus
2290 972 2343 1019 et
2366 980 2464 1020 rex
2500 964 2730 1032 colebat,
2774 965 2827 1020 in
2879 962 3229 1020 asserendum
3264 961 3293 1000 δ
3337 964 3430 1021 Dei
3486 964 3569 1019 sui
3613 963 3711 1021 ho-

2106 1072 2293 1114 norem
2354 1059 2510 1129 pleua
2550 1059 2656 1115 ﬁde
2711 1067 2768 1115 et
2809 1058 3055 1115 libertate
3116 1055 3133 1094 ί
3186 1058 3429 1129 prorupit
3483 1056 3707 1114 dicens:

2109 1147 2261 1205 Nihil
2323 1150 2434 1205 colo
2488 1166 2579 1223 ego
2634 1150 2778 1207 nisi!"
2832 1148 3115 1204 Dominum
3164 1147 3332 1205 Deum
3379 1165 3582 1218 meum,
3624 1148 3713 1221 qui

2106 1246 2334 1301 condidit
2362 1247 2545 1302 cretum
2570 1257 2616 1301 et
2647 1258 2833 1302 terram
2858 1246 3024 1317 (Dan.
3046 1262 3174 1315 .xtv,
3208 1246 3288 1320 4).

2184 1338 2270 1395 Vl.
2286 1340 2423 1407 Quid
2446 1339 2500 1395 in
2528 1340 2870 1409 Machabrcis,
2900 1340 3179 1397 beatorum
3203 1352 3497 1414 martyrum
3523 1341 3706 1413 gravia

2113 1443 2399 1502 tormenta,
2430 1443 2486 1490 et
2530 1434 2886 1490 multiformes
2932 1443 3138 1506 septem
3176 1434 3398 1491 fratrum
3439 1450 3633 1506 pusum,
3659 1443 3715 1492 et

2112 1525 2423 1582 confortans
2469 1526 2671 1583 liberos
2700 1542 2828 1584 suos
2874 1536 3047 1584 mater
3096 1528 3148 1584 in
3178 1528 3350 1598 poenis
3377 1538 3434 1584 et
3476 1528 3716 1585 moriens

2113 1619 2230 1690 ipsa
2256 1634 2471 1690 quoque
2492 1634 2614 1675 cum
2637 1619 2846 1686 liberis,
2891 1635 3070 1675 nonne
3114 1634 3321 1691 magnae
3349 1619 3376 1657 ¹ί
3404 1620 3612 1676 virtutis
3663 1631 3718 1677 ct

2118 1710 2244 1767 lidei
2273 1710 2592 1768 documenta
2623 1719 2908 1777 testantur,
2937 1722 2991 1767 et
3020 1726 3120 1767 nos
3145 1711 3214 1768 ad
3250 1712 3489 1784 martyrii
3522 1713 3715 1768 trium-

410 1780 545 1865 'mur
571 1818 679 1865 tres
709 1823 920 1879 pueros,
964 1806 1249 1873 Ananiam,
1278 1806 1524 1862 Azariam
1572 1780 1627 1864 et
1680 1780 2017 1874 Misabelem,‘
2041 1807 2090 1868 B
2121 1805 2285 1875 phum
2310 1804 2424 1860 suis
2450 1805 2787 1875 passionibus
2826 1804 3227 1861 adhortantur?
3256 1780 3405 1873 Quid
3418 1806 3712 1877 prophetaz,

415 1895 532 1966 qui,
562 1910 662 1950 nec
703 1901 860 1950 actate
899 1893 1095 1961 territi,
1128 1907 1227 1948 nec
1262 1892 1568 1964 captivitate
1611 1890 1789 1958 fracti,
1830 1891 2015 1947 Judtea

418 1988 628 2045 devicta
653 1997 707 2044 et
735 1987 1123 2060 Hierosolymis
1136 1987 1327 2059 captis,
1345 1988 1398 2043 in
1413 1988 1528 2059 ipso
1542 2003 1709 2060 regno
1721 2002 1818 2043 suo
1833 2003 2016 2060 regem

422 2082 547 2139 fidei
594 2082 797 2137 virtute
838 2080 1123 2147 vicerunt;
1164 2080 1277 2152 qui,
1308 2079 1536 2137 adorare
1580 2091 1810 2138 statuam
1855 2097 2016 2154 quam

423 2174 921 2231 Nabuchodonosor
950 2189 1047 2230 rex
1076 2173 1274 2229 fecerat
1293 2172 1462 2244 jussi,
1490 2182 1547 2230 et
1590 2175 1755 2230 minis
1781 2176 1923 2247 regis
1965 2183 2022 2232 et

425 2267 657 2337 ﬂammis
695 2266 948 2323 fortiores
989 2266 1302 2333 extiterunt,
1345 2267 1745 2337 proclamantes
1777 2278 1831 2324 et
1858 2267 2019 2324 ﬁdem

427 2377 576 2418 suam
604 2376 702 2431 per
734 2360 850 2416 haec
873 2359 1037 2416 verba
1088 2362 1133 2394 θ’
1186 2368 1443 2416 testantes
1490 2379 1504 2416 :
1550 2360 2024 2418 Nabuchodonosor

429 2470 540 2521 rex,
566 2469 667 2507 non
693 2469 820 2525 apus
839 2462 912 2508 est
927 2452 1073 2507 nobis
1102 2452 1165 2507 de
1183 2453 1277 2507 hoc
1296 2453 1448 2509 verbo
1469 2455 1774 2525 respondere
1791 2455 1898 2509 tibi.
1934 2454 2026 2511 Est

428 2546 562 2599 enim
591 2543 751 2612 Deus,
782 2545 863 2599 cui
891 2561 982 2598 nos
1009 2544 1273 2609 servimus,
1299 2557 1475 2616 potens
1504 2546 1696 2616 eripere
1724 2564 1816 2602 nos
1842 2547 1904 2601 de
1932 2563 2023 2601 ca-

429 2637 566 2692 mino
604 2638 737 2709 ignis
771 2636 1018 2702 ardentis,
1060 2646 1106 2692 et
1140 2637 1204 2691 de
1236 2636 1470 2692 manibus
1499 2639 1620 2704 luis,
1657 2626 1767 2702 rex,
1798 2638 2027 2694 liberabit

430 2749 521 2787 nos
549 2742 595 2786 ο.
628 2729 696 2785 Ει
726 2731 770 2785 si
810 2747 934 2799 non,
967 2739 1144 2784 notum
1179 2730 1244 2784 sit
1271 2730 1360 2784 tibi
1393 2730 1511 2802 quia
1537 2732 1635 2784 diis
1666 2731 1765 2785 tuis
1794 2748 1893 2786 non
1916 2748 2027 2787 ser-

428 2826 615 2890 vimus,
642 2834 687 2878 et
707 2825 977 2894 imaginem
1017 2840 1226 2879 auream
1248 2841 1400 2896 quant
1432 2826 1656 2879 statuisti
1693 2842 1795 2881 non
1839 2826 2029 2880 adora-

430 2932 549 2970 mus
579 2913 740 2987 (Dan.
784 2931 863 2981 ιιι,
915 2913 1129 2988 16-18).
1173 2914 1477 2973 Credebant
1522 2932 1579 2973 se
1613 2917 1687 2972 illi
1737 2918 2029 2974 secundum

2122 1910 2256 1967 quos
2299 1895 2367 1951 ad
2417 1896 2812 1967 praescientiam
2859 1897 3159 1965 futurorum
3212 1896 3445 1968 Spiritus
3499 1907 3718 1954 sanctus

2121 1987 2413 2042 animavit?
2439 1987 2568 2060 quid
2588 1988 2857 2059 Apostoli,
2880 2003 3015 2060 quos
3032 1990 3292 2045 Dominus
3306 1989 3507 2061 elegit?
3527 1988 3717 2047 Nonne

2123 2095 2243 2138 cum
2277 2078 2297 2118 1
2324 2080 2458 2150 justi
2500 2082 2819 2137 occiduntur
2865 2092 3086 2154 propter
3125 2082 3387 2153 justitiam
3439 2086 3578 2140 mori
3621 2099 3722 2142 nos

2124 2188 2339 2243 quoque
2381 2174 2724 2231 docuerunt?
2754 2173 2955 2232 Christi
2983 2177 3233 2232 nativitas
3273 2191 3303 2233 a
3333 2179 3605 2251 martyriis
3633 2179 3720 2233 in-

2126 2262 2351 2320 fantium
2391 2266 2569 2321 statim
2596 2267 2784 2338 etrapit,
2816 2276 2873 2322 ut
2915 2267 2984 2324 ob
3012 2282 3207 2324 nomen
3239 2270 3358 2339 ejus
3379 2284 3410 2325 a
3438 2269 3641 2325 bimatu
3667 2278 3723 2326 ct

2128 2357 2263 2413 infra
2284 2359 2375 2429 qui
2401 2358 2609 2415 fuerant
2638 2370 2957 2417 necarentur
2982 2380 2997 2418 :
3028 2370 3160 2419 tetas
3190 2362 3418 2419 necdum
3446 2362 3640 2420 habilis
3655 2363 3724 2419 ad

2129 2464 2360 2520 pugnam
2392 2450 2585 2508 idonea
2630 2452 2807 2508 extitit
2831 2453 2899 2525 ad
2925 2468 3181 2509 coronam
3214 2470 3226 2507 :
3256 2464 3314 2509 ut
3338 2463 3619 2526 appareret
3646 2455 3727 2510 in-

2129 2552 2387 2600 nocentes
2415 2559 2536 2600 esse
2573 2546 2662 2616 qui
2693 2554 2913 2618 propter
2939 2544 3213 2603 Christum
3242 2555 3523 2615 necantur,
3548 2546 3726 2602 infan-

2131 2633 2202 2688 tia
2229 2635 2488 2692 innocens
2511 2636 2581 2692 ob
2610 2652 2806 2693 nomen
2832 2638 2951 2707 ejus
2982 2639 3158 2694 occisa
3187 2648 3290 2695 est.
3320 2639 3611 2696 Ostensum
3640 2649 3725 2696 est

2131 2726 2403 2782 neminem
2454 2742 2577 2784 esse
2628 2744 2660 2783 a
2706 2729 2942 2799 periculo
2986 2731 3376 2803 persecutionis
3411 2732 3726 2802 immunem,

2132 2820 2347 2891 quando
2394 2830 2448 2877 et
2505 2822 2639 2878 tales
2694 2824 2949 2895 martyria
2996 2823 3259 2881 fecerunt.
3305 2825 3475 2893 Quam
3533 2842 3660 2882 vero
3688 2834 3732 2865 ιιι

2130 2913 2308 2984 gravis
2327 2928 2491 2969 causa
2521 2914 2592 2969 sit
2616 2914 2851 2970 hominis
2878 2916 3157 2972 christiani
3187 2932 3400 2972 servum
3429 2919 3534 2987 pati
3558 2918 3726 2986 nolle,

433 3004 642 3063 ﬁdemd
665 3021 823 3078 posse
863 3007 1126 3073 evadere;
1167 3007 1264 3064 sed
1304 3008 1645 3077 addiderunt,
1678 3018 1723 3064 et
1745 3011 1788 3064 si
1821 3026 1945 3077 non,
1973 3018 2032 3066 ut
2133 3019 2252 3060 cum
2274 3006 2422 3077 prior
2448 3019 2642 3076 passus
2669 3006 2739 3061 sit
2764 3006 3047 3078 Dominus,
3070 3018 3123 3063 et
3149 3023 3244 3079 pro
3270 3009 3504 3079 peccatis
3532 3009 3732 3067 nostris

432 3102 600 3159 sciret
622 3117 715 3158 rex
744 3100 865 3157 illos
894 3111 1114 3173 prepter
1138 3101 1306 3158 Deum
1346 3118 1506 3174 quem
1536 3103 1787 3159 colebant
1809 3112 1866 3160 et
1892 3104 2032 3159 mori
2134 3112 2234 3153 nos
2261 3098 2368 3168 pali
2398 3097 2562 3164 nolle,
2616 3113 2738 3154 cum
2783 3107 3061 3170 peccatum
3104 3114 3259 3157 suum
3300 3103 3574 3173 proprium
3622 3118 3733 3161 non

433 3211 614 3269 posse.
652 3195 765 3252 Hoc
792 3204 894 3252 -θει
939 3196 1084 3252 enim
1114 3196 1281 3252 robur
1311 3196 1524 3252 virtutis
1569 3204 1625 3252 ei
1653 3196 1775 3253 ﬁdei
1807 3199 2031 3254 credere
2057 3202 2103 3266 ο
2139 3189 2346 3245 habens
2366 3203 2555 3261 passus
2582 3190 2652 3246 sit
2676 3190 2763 3246 ille
2783 3206 2882 3262 pro
2904 3191 3098 3248 nobis?
3120 3193 3289 3250 Filius
3310 3194 3405 3250 Dei
3432 3210 3623 3267 passus
3646 3204 3732 3253 est

433 3280 488 3346 et
514 3291 655 3345 scire
682 3289 826 3361 quod
858 3289 1002 3345 Deus
1028 3303 1058 3344 a
1089 3298 1262 3345 morte
1289 3299 1555 3361 praesente
1580 3290 1811 3346 liberare
1839 3290 2027 3362 possit,

434 3379 491 3438 et
517 3392 694 3437 tamen
720 3392 952 3437 mortem
980 3396 1086 3436 non
1129 3381 1321 3437 timere
1363 3396 1462 3438 nec
1486 3381 1704 3451 cedere,
1731 3396 1789 3438 ut
1816 3382 2033 3453 probari

433 3474 623 3531 fortius
664 3474 798 3531 fides
839 3474 1029 3546 possit.
1074 3473 1264 3545 Erupit
1308 3489 1406 3545 per
1455 3489 1516 3530 os
1560 3489 1746 3531 eorum
1800 3474 2033 3545 Spiritus

436 3569 605 3624 sancti
650 3569 992 3638 incorruptus
1042 3575 1096 3623 et
1139 3566 1368 3622 invictus
1408 3567 1592 3638 vigor,
1636 3576 1695 3623 ut
1741 3577 2037 3639 appareant

438 3679 563 3719 vera
605 3679 725 3720 esse
761 3680 880 3735 quae
931 3663 982 3717 in
1027 3661 1318 3733 Evangelio
1361 3677 1459 3718 suo
1501 3662 1755 3718 Dominus
1799 3663 1934 3719 dixit
1961 3672 1985 3701 θ
2019 3648 2033 3720 ἑ

441 3755 566 3811 Cum
579 3766 750 3810 autem
776 3771 863 3811 vos
889 3748 1319 3826 apprehenderint
1350 3751 1395 3820 ί,
1427 3753 1584 3808 nolite
1638 3755 1863 3826 cogitare
1911 3754 2037 3826 quid

441 3847 760 3916 loquamini;
791 3846 996 3901 dabitur
1024 3847 1158 3903 enim
1183 3846 1321 3901 vobis
1354 3845 1407 3900 in
1437 3845 1528 3900 illa
1557 3846 1683 3901 hora
1701 3848 1826 3918 quid
1852 3848 2034 3920 loqua—

439 3940 563 3993 mini
594 3956 612 3994 :
640 3956 742 3994 non
779 3940 911 4013 enim
966 3955 1052 3994 vos
1081 3938 1341 4008 estisg‘qui‘
1364 3938 1647 4010 loquimini,
1698 3940 1786 3994 sed
1810 3940 2037 4012 Spiritus

445 4028 621 4086 Patris
644 4032 794 4086 vestri
824 4030 912 4102 qui
948 4030 1171 4100 loquitur
1196 4029 1249 4084 in
1274 4028 1412 4084 vobis
1444 4027 1657 4101 (Matth.
1691 4046 1721 4085 ι
1753 4073 1770 4100 ,
1797 4030 1886 4099 l9,
1916 4031 2034 4104 20).

2138 3290 2195 3337 ut
2221 3296 2319 3337 nos
2349 3281 2491 3337 ﬁlios
2533 3282 2634 3338 Dei
2672 3281 2891 3349 faceret,
2934 3293 2990 3340 et
3030 3284 3173 3341 filius
3213 3284 3444 3343 hominis
3468 3288 3576 3360 pati
3619 3303 3737 3347 non

2134 3375 2250 3431 vult
2280 3385 2336 3431 ut
2362 3390 2482 3432 esse
2508 3375 2603 3432 Dei
2629 3376 2771 3432 filius
2809 3379 3155 3448 perseveret!
3187 3378 3245 3436 Si
3271 3380 3396 3436 odio
3436 3382 3619 3437 saeculi
3651 3382 3734 3437 la-

2136 3469 2415 3537 boramus,
2448 3468 2630 3525 odium
2678 3470 2864 3526 saeculi
2909 3471 3163 3528 sustinuit
3191 3475 3335 3543 prior
3360 3473 3629 3532 Christus.
3674 3476 3714 3534 S

2137 3562 2491 3619 contumelias
2534 3563 2589 3618 in
2630 3561 2734 3619 hoc
2786 3564 3008 3631 mundo,
3051 3565 3095 3621 si
3124 3564 3325 3637 fugam,
3372 3568 3418 3622 si
3469 3577 3736 3625 tormenta

2143 3656 2457 3724 toleramus,
2489 3656 2737 3727 graviora
2766 3663 3020 3727 expertus
3047 3668 3127 3713 est
3159 3657 3342 3712 mundi
3374 3658 3546 3715 factor
3565 3671 3618 3715 ct
3639 3659 3741 3715 do-

2141 3748 2342 3813 minus,
2371 3749 2462 3820 qui
2491 3756 2544 3803 et
2574 3747 2831 3803 admonet
2874 3747 3060 3803 dicens
3090 3765 3103 3801 :
3135 3747 3195 3803 Si
3231 3749 3498 3816 swculum,
3541 3749 3736 3821 inquit,

2139 3859 2226 3897 vos
2253 3842 2378 3905 odit,
2410 3850 2707 3895 mementote
2729 3840 2848 3909 quia
2886 3856 2964 3895 me
2993 3840 3213 3912 priorem
3248 3841 3384 3897 vobis
3409 3842 3557 3898 adiit.
3585 3842 3647 3899 Si
3675 3843 3740 3900 de

2144 3935 2332 3991 saeculo
2362 3934 2554 3999 essetis,
2583 3934 2827 3987 saeculum
2848 3932 2984 4004 quod
3031 3949 3179 3988 suum
3208 3932 3555 3990 esset'amaret
3579 3952 3598 3992 :
3626 3936 3737 4006 sed,

2147 4030 2267 4103 quia
2295 4028 2359 4084 de
2399 4027 2590 4084 swculo
2624 4042 2727 4083 non
2775 4027 2892 4084 estis
2922 4037 2969 4084 et
3017 4043 3108 4101 ego
3133 4028 3261 4103 elegi
3306 4044 3394 4087 vos
3419 4029 3483 4087 de
3525 4032 3738 4109 saeculo,

1668 4172 2056 4233 LECTIONES
2093 4134 2512 4230 mutamus.

504 4294 530 4355 Ρ
554 4293 904 4355 Testimonium
925 4294 1149 4355 martyris
1184 4287 1332 4342 Ebor.’
1360 4288 1489 4341 Bod.
1511 4290 1558 4353 1,
1581 4290 1629 4338 2.
1652 4291 1761 4342 NC.
1790 4291 1835 4354 1,
1862 4291 1909 4342 2,

501 4352 530 4392 l‘
556 4355 677 4406 Fide
704 4364 758 4405 et
778 4352 1163 4406 devotione'NC.
1189 4354 1236 4402 2.

505 4422 528 4449 °
558 4418 777 4468 Manibus
810 4420 908 4468 tuis
929 4415 1165 4467 liberabit
1184 4429 1273 4465 nos
1297 4417 1430 4465 Lam.
1449 4413 1574 4466 Bod.
1606 4416 1653 4477 l,
1678 4415 1726 4467 2.

460 4534 463 4535 ν
505 4479 533 4519 (ι
554 4479 725 4531 Fidem
746 4492 884 4528 suam
904 4477 1051 4530 Ebor.
1072 4478 1179 4529 NG.
1201 4480 1250 4527 2.
1273 4479 1407 4528 Lam.
1433 4477 1555 4529 Bod.
1578 4477 1630 4528 2.

463 4559 466 4562 ’
509 4548 533 4575 ε
558 4542 725 4592 Edixit
746 4539 871 4593 Bod.
896 4540 1008 4600 1,2.
1027 4539 1367 4604 Dixitgdiccns
1391 4540 1525 4591 Lam.
1551 4540 1678 4591 Bod.
1705 4543 1754 4604 5,
1777 4542 1825 4592 4.

511 4605 531 4643 τ
557 4604 897 4656 'l‘radiderunt’
908 4605 1043 4653 Lam.
1082 4602 1205 4653 Bod.
1230 4602 1276 4651 2.
1739 4602 1746 4604 “
1891 4608 1894 4612 ‘

508 4671 534 4711 8
556 4668 709 4722 Nobis
732 4669 850 4717 etin
871 4665 955 4716 illa
979 4665 1097 4717 hora
1112 4665 1346 4717 divinitus
1365 4663 1531 4716 offerri
1548 4665 1675 4718 Bod.
1697 4667 1745 4715 5.

2207 4286 2240 4326 h
2262 4284 2604 4338 Asserendo...
2638 4284 2828 4336 honore
2854 4286 2975 4338 Bod.
2998 4287 3045 4338 3.

2214 4350 2231 4390 i
2272 4349 2412 4400 Fidei
2435 4349 2665 4398 libertate
2690 4350 2848 4399 Oxon.

2216 4416 2229 4464 i
2265 4412 2369 4463 Nisi
2391 4424 2541 4462 unum
2569 4409 2732 4459 Deum
2755 4410 2883 4465 Bod.
2904 4411 2954 4461 2.

2209 4476 2436 4548 illam?
2473 4483 2600 4548 eius
2630 4470 2742 4548 ’ξοάο
2766 4472 2816 4522 2-

2215 4536 2233 4575 1
2265 4536 2363 4600 Qui
2396 4537 2515 4600 justi
2546 4537 2707 4587 Oxon.

2068 4604 2124 4665 D
2204 4599 2395 4680 PErgo
2419 4601 2578 4653 Oxon.

1666 4754 1932 4828 'er911.
1959 4770 2234 4869 BALUZ‘II
2259 4770 2488 4830 ΝΟΤΑΞ.

517 4917 922 4975 Resurrectione.
970 4914 1193 4972 Veteres
1234 4915 1500 4972 editiones
1546 4921 1596 4969 et
1641 4910 1812 4968 codex
1856 4911 2034 4968 Turo-

446 4992 629 5048 nensis
671 4990 870 5045 habent
916 4988 1245 5044 surrectione.
1281 4988 1355 5043 Ita
1403 4986 1563 5042 etiam
1610 4989 1826 5049 Arator,
1872 4983 1964 5039 lib.
2016 4999 2035 5038 1

447 5060 664 5137 Acutum
709 5061 1145 5137 apostolicorunt.-
1183 5061 1253 5113 At
1300 5072 1490 5113 omnes
1535 5055 1622 5137 alii
1664 5054 1799 5137 libri
1827 5066 2061 5137 veteres.

448 5126 837 5205 prteferunt'f“
864 5131 1264 5205 resurrectione;
1303 5142 1529 5205 eamque
1571 5126 1857 5205 lectionem
1885 5126 2041 5205 A_ngli

448 5197 753 5276 posuerunt
781 5203 835 5258 in
891 5217 987 5257 sua
1034 5200 1289 5276 editione.
1336 5199 1469 5276 Alig
1518 5198 1798 5276 editiones“
1843 5197 2043 5276 habent

448 5268 793 5349 persecutione
814 5317 830 5343 ,
863 5276 1022 5349 etiam
1062 5271 1496 5349 Iligaltiana_._Et
1525 5279 1701 5325 tamen
1746 5268 1837 5325 ille
1864 5269 2069 5349 i_n_ob-.

448 5339 847 5405 iervationibus
886 5346 998 5401 suis
1046 5339 1270 5399 ait'non
1326 5342 1507 5399 videre
1551 5356 1611 5397 se
1650 5355 1747 5396 cur
1781 5339 2071 5411 scriptura.

448 5436 568 5492 qum
594 5419 759 5474 habet
776 5416 1138 5492 resurrectione
1160 5414 1324 5470 deleri
1345 5413 1612 5492 debuerit.

481 5557 486 5561 _
523 5489 743 5559 Propter
781 5488 1056 5561 Christum.
1097 5485 1243 5542 Unus
1284 5487 1454 5542 codex
1497 5484 1841 5556 Remigianus
1884 5482 2049 5539 habet

452 5559 1240 5634 proﬁliristo,eodemsensu.
1376 5629 1386 5634 _
1462 5581 1520 5634 -_
1821 5627 1832 5634 _
1912 5626 1947 5634 _
2069 5564 2073 5573 '

488 5674 492 5683 λ
526 5631 592 5686 ν.
630 5654 732 5698 ,ο-τ
765 5630 889 5684 Abel
925 5631 1162 5685 initiavit.
1202 5628 1278 5684 Ita
1317 5629 1477 5683 etiam
1509 5628 1561 5682 in
1607 5626 1745 5684 libro
1797 5627 1861 5683 de
1902 5626 2077 5682 Bono.

452 5702 745 5767 Palientite,
773 5716 892 5772 pag.
923 5701 1337 5772 230.,l’rospé‘r,
1362 5699 1456 5772 lib.
1488 5713 1506 5754 t
1532 5698 1595 5754 de
1616 5698 2048 5772 Bromissionibus

454 5785 500 5835 et
529 5768 954 5832 Prwdictionibus
993 5768 1091 5830 Dei
1119 5768 1239 5846 cap}
1270 5768 1333 5841 6,
1377 5769 1602 5843 loquens
1629 5769 1699 5829 de
1721 5768 1870 5827 caede
1907 5770 2047 5828 Abe-

2139 4912 2250 4986 lis:
2283 4911 2551 4986 Praeclara
2580 4910 2698 4986 hinc
2740 4909 3232 4986 [uiseregmartyrim
3279 4912 3401 4968 dum
3434 4916 3568 4986 justi
3608 4916 3748 4971 occi-

2141 4983 2331 5057 duntur
2385 4984 2449 5057 ab
2506 4983 2698 5054 impiis.
2740 4980 2885 5057 '_Vide
2942 4980 3227 5057 liomiljam
3279 4980 3519 5043 octavam
3575 4988 3747 5044 sancti

2141 5054 2366 5138 Joannis
2389 5052 2764 5182 Chgyésfpstomi
2807 5052 3069 5111 adversus
3097 5054 3314 5114 Judacos
3359 5058 3410 5113 in
3458 5074 3592 5114 nova
3633 5061 3747 5116 edi-

2145 5136 2311 5182 tione.
2330 5141 2450 5182 pag.
2590 5164 2605 5180 .

2145 5128 2311 5197 tione,
2330 5141 2450 5197 pag.
2479 5128 2605 5182 686.

2180 5224 2181 5227 η
2218 5196 2350 5251 Fide
2385 5196 2432 5251 et
2468 5197 2715 5253 libertate.
2756 5197 3147 5255 Revocavimus
3184 5201 3469 5257 lectionem
3502 5212 3749 5259 veterum

2148 5268 2475 5334 editionum,
2504 5284 2663 5339 quam
2693 5270 2853 5325 etiam
2893 5286 3083 5326 omnes
3124 5269 3239 5327 fere
3273 5272 3392 5327 libri
3427 5283 3634 5329 veteres
3657 5290 3752 5330 ex-

2151 5339 2359 5415 hibent.
2390 5339 2848 5415 Emendationem
2861 5344 3003 5415 enim
3026 5343 3233 5397 Erasmi
3254 5384 3267 5407 ,
3305 5343 3394 5415 qui
3423 5346 3602 5415 p0suit
3631 5345 3753 5415 ﬁdei

2152 5410 2378 5484 libertate
2394 5411 2487 5484 ,in
2510 5411 2657 5467 nullo
2684 5413 2790 5467 alio
2815 5412 2954 5468 libro
2981 5415 3155 5484 reperi
3189 5410 3350 5483 quam
3380 5410 3440 5470 iii
3472 5410 3753 5471 Turonen-

2150 5482 2218 5608 ἓξ.
2268 5482 2594 5608 {iteinhartus
2649 5493 2827 5539 tamen
2876 5482 3332 5555 illam‘retin’uit,
3380 5486 3540 5543 aliam
3594 5502 3755 5560 repu-

2191 5570 2294 5608 laVl
2323 5594 2338 5607 .
2697 5588 2710 5597 -

2191 5563 2338 5609 tavit.
2697 5588 2710 5597 -

2226 5624 2567 5702 VL—AEtos
2591 5625 2806 5681 necdum
2817 5625 3172 5702 _habilis.Vide
3200 5643 3320 5697 quin
3345 5642 3526 5701 supra,
3551 5646 3604 5701 p.
3623 5628 3750 5702 595,

2153 5695 2318 5782 relata
2349 5706 2474 5780 sunt
2499 5697 2568 5753 de
2590 5696 3007 5782 sanctauAgnete
3032 5714 3097 5753 ex
3126 5695 3431 5782 ambrosio:

2226 5766 2314 5825 ille
2337 5768 2577 5844 priorem.
2608 5769 2726 5827 Duo
2754 5766 2879 5828 libri
2908 5780 3117 5829 veteres
3136 5769 3337 5833 habent
3372 5789 3453 5831 me
3478 5774 3663 5848 primo.
