4250 6282
516 323 625 391 ses
1933 318 2069 387 om
2106 314 2423 389 creatast
3711 291 3822 391 Sac

515 460 785 525 propterea
836 451 943 507 odit
991 467 1078 507 vos
1130 449 1373 507 siccatam
1399 460 1447 507 ο.
1496 449 1805 507 Mementote
1868 448 2413 519 sermonisAgnatus
2457 454 2542 504 est
2594 444 2780 503 oculos
2826 457 2955 504 suos
2997 444 3261 517 pandens,
3309 446 3623 506 certaminis
3652 449 3825 505 nostri

514 558 661 615 quem
683 544 793 598 dixi
815 544 950 598 vobis
980 558 999 597 :
1026 541 1149 599 Non
1174 552 1246 598 est
1282 559 1454 599 servus
1488 545 1656 616 major
1679 542 1885 597 domino
1924 558 2040 606 suo;
2066 539 2110 595 si

514 653 594 692 me
608 636 852 707 persecuti
869 642 1002 703 sunt,
1019 646 1064 691 et
1078 651 1166 691 vos
1179 644 1540 708 persequentur
1578 632 1756 707 (Joan.
1791 649 1881 703 xv,
1902 630 2106 703 18-20).

517 728 776 785 Dominus
790 736 847 785 et
865 729 1006 786 Deus
1022 741 1206 786 noster
1222 729 1473 802 quicquid
1487 729 1749 794 docnit,et
1768 726 1914 795 fecit,
1930 736 1986 782 ut
2009 725 2111 782 dis-

517 820 726 893 cipulus
742 832 1029 877 excusatus
1048 837 1169 879 esse
1181 837 1288 877 non
1306 822 1475 893 possit
1489 824 1575 892 qui
1591 820 1750 875 discit
1766 830 1819 876 et
1839 832 1946 874 non
1961 818 2106 873 facit.

586 912 697 969 Vll.
731 914 915 985 Neque
930 914 1121 983 aliquis
1136 930 1207 971 ex
1230 916 1404 981 vobis,
1432 914 1625 970 fratres
1640 911 1995 977 dilectissimi,
2023 911 2108 965 fu-

514 1017 651 1067 tura:
688 1008 1079 1083 persecutionis
1112 1016 1259 1063 metu
1300 1014 1390 1061 aut
1429 1004 1728 1061 antichristi
1775 1003 2110 1059 imminentis

513 1103 747 1161 adventu
774 1102 852 1160 sic
890 1109 1179 1169 terreatur,
1208 1107 1267 1155 ut
1292 1108 1398 1155 non
1427 1097 1751 1168 evangelicis
1779 1095 2110 1152 exhortatio-

514 1196 673 1253 nibus
700 1203 755 1253 et
792 1194 1076 1268 praeceptis
1118 1206 1182 1248 ac
1212 1190 1430 1247 monitis
1473 1188 1788 1247 cmlestibus
1833 1186 1900 1242 ad
1930 1187 2107 1243 omnia

516 1289 819 1346 inveniatur
859 1296 1117 1345 armatus.
1154 1285 1317 1342 Venit
1360 1283 1732 1351 antichristus,
1782 1281 1878 1339 sed
1922 1292 1975 1337 et
2019 1296 2110 1337 su-

516 1382 763 1454 pervenit
787 1381 1065 1437 Christus:
1093 1385 1369 1450 grassatur
1389 1387 1443 1431 et
1467 1376 1620 1432 stet-it
1648 1374 1917 1442 inimicus,
1941 1373 2036 1429 sed
2057 1382 2112 1429 et

515 1477 699 1531 statim
729 1475 776 1509 °'
801 1475 1043 1545 sequitur
1071 1470 1332 1528 Dominus
1360 1470 1641 1541 passiones
1670 1478 1888 1524 nostras
1910 1476 1966 1523 et
1990 1467 2109 1522 vul-

515 1576 647 1622 itera
674 1565 1041 1622 vindicaturus
1067 1581 1081 1618 :
1111 1563 1359 1619 irascitur
1394 1560 1732 1616 adversarius
1776 1569 1829 1615 et
1855 1559 2104 1622 minatur,

515 1659 611 1715 sed
638 1666 721 1714 est
745 1658 835 1729 qui
863 1657 1035 1728 possit
1059 1656 1127 1711 de
1156 1654 1275 1725 ejus
1304 1654 1551 1709 manibus
1578 1653 1832 1708 liberare.
1867 1652 1960 1708 ille
1992 1666 2109 1707 me-

519 1750 750 1807 tuendus
777 1759 860 1805 est
889 1749 1045 1820 cujus
1086 1747 1220 1802 iram
1263 1760 1423 1801 nemo
1454 1745 1648 1816 poterit
1689 1744 1947 1812 evadere,
1994 1743 2111 1815 ipso

2212 538 2522 610 Spectaculo
2570 537 2896 610 perfruatur.
2941 535 3259 597 Prteliantes
3305 554 3405 595 nos
3430 549 3485 596 et
3526 538 3651 596 ﬁdei
3688 554 3822 595 con-

2212 633 2488 703 gressione
2524 642 2822 705 pugnantes
2860 640 3069 704 spectat
3111 631 3286 702 Deus,
3333 641 3583 704 Spectant
3633 632 3824 704 Angeli

2214 726 2368 797 ejus,
2409 736 2613 798 spectat
2639 737 2692 783 et
2749 725 2995 783 Christus
3023 725 3075 780 ι).
3123 726 3335 795 Quanta
3387 736 3471 784 est
3521 727 3706 799 gloria:
3743 725 3825 782 di-

2213 820 2388 890 gnitas
2444 830 2497 876 et
2538 829 2735 893 quanta
2777 820 3003 878 felicitas
3043 831 3315 892 prmsettte
3349 832 3371 861 ε
3406 822 3517 878 1)εο
3570 820 3825 893 congredi

2214 918 2267 965 et
2297 908 2512 967 Christo
2532 912 2712 982 judice
2738 914 3021 969 coronari!
3052 916 3340 970 Armemur
3361 957 3374 981 ,
3403 913 3600 970 fratres
3648 915 3818 971 dilec-

2215 1002 2406 1058 tiSsimi
2432 1045 2447 1069 ,
2489 1005 2698 1060 viribus
2737 1005 2861 1062 totis
2901 1013 2954 1060 et
2986 1018 3239 1077 paremur
3276 1005 3344 1061 ad
3373 1022 3604 1078 agonem
3640 1015 3822 1065 mente

2214 1094 2556 1168 incorrupta,
2583 1093 2689 1153 ﬁde
2724 1098 2931 1169 integra
2954 1141 2968 1167 ,
3018 1099 3216 1156 virtute
3266 1098 3483 1156 devota.
3530 1099 3612 1157 Ad
3647 1099 3821 1158 aciem

2212 1202 2333 1258 quae
2363 1189 2519 1245 nobis
2552 1189 2806 1245 indicitur
2836 1190 2931 1246 Dei
2958 1200 3136 1247 caetra
3164 1194 3463 1263 procedant
3492 1212 3506 1249 :
3545 1203 3824 1251 armentur

2221 1279 2432 1352 integri,
2459 1297 2527 1338 ne
2545 1282 2736 1353 perdat
2753 1283 2957 1354 integer
2975 1283 3119 1355 quod
3140 1300 3313 1357 nuper
3333 1286 3482 1342 stetit
3513 1304 3526 1341 :
3549 1296 3826 1344 armentur

2223 1383 2276 1429 ct
2307 1374 2473 1446 lapsi,
2502 1383 2560 1430 ut
2583 1386 2635 1431 et
2658 1376 2838 1447 lapsus
2873 1376 3101 1447 recipiat
3144 1377 3290 1448 quod
3327 1378 3525 1434 amisit.
3578 1378 3822 1452 Integros

2216 1462 2422 1530 honor,
2472 1467 2653 1538 lapsos
2696 1467 2851 1524 dolor
2896 1467 2963 1524 ad
3006 1469 3249 1540 praelium
3293 1480 3569 1543 provocet.
3604 1473 3820 1529 Artnari

2213 1568 2266 1616 et
2312 1562 2604 1633 praeparari
2668 1576 2768 1618 nos
2818 1562 3009 1618 beatus
3064 1562 3266 1620 Paulus
3327 1564 3606 1635 apostolus
3661 1563 3824 1622 docet

2214 1653 2442 1710 dicens:
2492 1652 2615 1710 Non
2639 1665 2715 1709 est
2740 1654 2884 1710 nobis
2924 1656 3220 1712 colluctatio
3245 1656 3491 1713 adversus
3533 1674 3736 1713 carnem
3771 1669 3821 1714 et

2214 1750 2544 1821 sanguinem,
2572 1750 2662 1804 sed
2691 1748 2935 1806 adversus
2977 1759 3249 1820 potestates
3277 1758 3323 1805 et
3371 1751 3629 1823 principes
3670 1753 3826 1820 huius

517 1852 885 1918 praemonente
914 1853 969 1900 et
1010 1841 1221 1899 dicente
1253 1858 1265 1897 :
1299 1840 1383 1897 Ne
1422 1842 1691 1898 timueritis
1730 1857 1814 1898 eos
1844 1842 1930 1914 qui
1969 1847 2104 1897 occt-
2141 1844 2188 1905 Β
2217 1842 2395 1896 mundi
2424 1850 2470 1896 et
2498 1841 2679 1896 harunt
2710 1843 3031 1897 tenebrarum
3052 1885 3065 1910 ,
3110 1841 3352 1899 adversus
3396 1843 3607 1915 spiritus
3646 1845 3824 1915 nequi-

517 1941 644 1995 dunt
695 1955 901 2009 corpus,
955 1938 1182 1993 uitiarant
1224 1943 1395 1991 autem
1446 1952 1548 1991 non
1597 1944 1811 2008 possunt
1860 1934 2109 1990 occidere.

524 2032 695 2104 Magis
722 2041 893 2086 autem
916 2030 1121 2085 metuite
1149 2044 1265 2085 eum
1293 2030 1379 2099 qui
1405 2036 1567 2099 potest
1609 2038 1655 2083 et
1698 2044 1886 2099 corpus
1913 2037 1959 2083 et
1995 2028 2113 2083 ani-

520 2143 654 2182 mam
692 2126 919 2181 occidere
965 2125 1021 2180 in
1048 2124 1330 2196 gehennam
1365 2121 1581 2195 (Matth.
1636 2139 1667 2177 ι
1699 2164 1714 2189 ,
1758 2122 1876 2193 28).
1912 2122 1980 2177 Et.
2008 2123 2112 2178 ite-

516 2233 679 2273 rum:
716 2217 819 2284 Qui
859 2224 998 2271 amat
1038 2216 1264 2271 animam
1307 2230 1475 2281 suam,
1520 2213 1696 2286 perdet
1742 2212 1909 2282 illam,
1952 2224 2000 2270 et
2027 2214 2114 2286 qui

517 2310 623 2365 odit
649 2309 876 2364 animam
917 2324 1063 2363 suam
1101 2309 1156 2363 in
1201 2308 1301 2363 isto
1344 2305 1553 2375 swculo,
1582 2306 1637 2360 in
1678 2307 1837 2362 vitam
1874 2314 2116 2362 «sternam

516 2403 827 2457 conservabit
866 2401 1012 2456 illam
1065 2398 1246 2473 (Joan.
1293 2414 1396 2467 xu,
1433 2398 1553 2469 25).
1596 2399 1663 2455 Et
1710 2398 1762 2454 in
1793 2398 2114 2471 Apocalypsi

516 2493 734 2550 instruit
769 2502 826 2550 et
862 2502 1162 2564 praemonet
1186 2493 1374 2549 dicens
1402 2511 1416 2547 :
1447 2491 1511 2549 Si
1536 2493 1649 2564 quis
1693 2492 1873 2547 adorat
1903 2492 2115 2548 bestiam

516 2595 564 2639 et
590 2586 867 2657 imaginem
904 2586 1038 2657 ejus,
1074 2594 1120 2640 et
1149 2584 1335 2657 accipit
1374 2594 1551 2641 notam
1587 2585 1642 2640 in
1667 2588 1835 2657 fronte
1870 2601 1963 2640 sua
1990 2595 2035 2641 et
2061 2586 2115 2641 in

516 2694 692 2744 manu,
725 2676 853 2733 bibet
896 2686 944 2733 et
985 2678 1099 2749 ipse
1141 2678 1206 2733 de
1232 2678 1348 2751 vino
1384 2678 1479 2733 ira:
1513 2674 1612 2733 Dei
1645 2678 1804 2733 mixto
1850 2677 1903 2732 in
1931 2680 2115 2749 poculo

516 2772 608 2829 ira:
627 2774 757 2845 ejus,
786 2782 835 2828 et
866 2774 1102 2844 punietur
1120 2774 1236 2845 igne
1263 2781 1311 2828 et
1337 2771 1583 2846 sulphure
1606 2772 1700 2827 sub
1727 2772 1887 2828 oculis
1912 2781 2115 2828 sancto-

516 2878 631 2922 rum
658 2867 966 2940 Angelorunt
992 2874 1038 2922 et
1060 2866 1151 2923 sub
1177 2865 1339 2921 oculis
1370 2865 1576 2938 Agni,et
1601 2866 1775 2936 fumus
1807 2865 1868 2918 de
1897 2873 2116 2919 tormen-

516 2962 580 3016 tis
607 2976 784 3016 eorum
809 2960 1050 3017 ascendet
1075 2962 1129 3016 in
1165 2960 1355 3017 stecula
1390 2959 1715 3026 sazrnlorum,
1744 2970 1835 3014 nec
1865 2958 2117 3014 habebunt

515 3055 737 3126 requiem
764 3054 848 3110 die
877 3070 935 3110 ac
954 3063 1100 3110 nocte
1126 3055 1426 3125 quicumque
1440 3053 1660 3108 adorant
1683 3052 1891 3108 bestiam
1917 3063 1962 3108 et
1987 3053 2116 3107 ima-

517 3147 685 3218 ginem
706 3148 814 3217 ejus
838 3146 1022 3217 (Apoc.
1051 3161 1159 3213 xw,
1187 3143 1363 3216 9-H).

2220 1935 2306 1989 tia:
2332 1930 2360 1969 ἀ
2390 1935 2440 1988 in
2468 1935 2769 1989 coelestibus.
2801 1932 3020 2006 Pr0pter
3043 1934 3180 2008 quod
3210 1935 3406 1990 induite
3443 1945 3549 1991 tota
3576 1952 3742 2005 arnta,
3769 1945 3823 1992 ut

2218 2027 2421 2099 possitis
2438 2027 2667 2082 resistere
2683 2028 2736 2082 in
2762 2027 2845 2081 die
2865 2028 3209 2098 nequissimo;
3253 2038 3305 2083 ut
3335 2045 3451 2083 cum
3491 2029 3663 2084 omnia
3706 2045 3823 2101 per-

2218 2119 2469 2189 feceritis,
2500 2120 2643 2174 stetis
2692 2119 2906 2173 accincti
2934 2119 3131 2176 lumbos
3156 2131 3349 2176 vestros
3378 2121 3431 2175 in
3462 2122 3701 2188 veritate,
3740 2120 3823 2176 in-

2219 2214 2329 2269 duti
2358 2212 2830 2284 loricamjustitite,
2855 2221 2901 2268 et
2922 2212 3132 2268 calciati
3155 2214 3306 2281 pedes
3346 2214 3397 2269 in
3437 2213 3812 2285 praeparatione

2219 2306 2464 2378 evangelii
2485 2307 2647 2377 pacis,
2676 2316 2991 2362 assumentes
3017 2318 3216 2363 scutum
3238 2308 3380 2379 ﬁdei,
3414 2309 3465 2364 in
3484 2326 3585 2383 quo
3612 2310 3819 2382 possitis

2218 2400 2390 2454 omnia
2423 2398 2581 2469 ignita
2595 2399 2780 2469 jacula
2814 2398 3108 2469 nequissimi
3148 2401 3477 2471 extinguere,
3528 2410 3579 2456 et
3622 2402 3822 2474 galeam

2221 2491 2421 2558 salutis,
2453 2502 2499 2545 et
2528 2490 2757 2563 gladium
2783 2492 3024 2562 spiritus,
3057 2492 3145 2566 qui
3203 2504 3276 2547 est
3324 2509 3489 2549 sermo
3526 2492 3623 2548 Dei
3651 2493 3819 2567 (Eph.

2220 2601 2296 2651 vx,
2329 2583 2537 2658 12-17).

2291 2677 2382 2733 1X.
2418 2679 2541 2734 llmc
2565 2693 2712 2734 arma
2735 2693 3030 2745 sumamus,
3053 2677 3135 2736 his
3159 2693 3257 2735 nos
3278 2681 3587 2736 tutamentis
3610 2681 3818 2752 spirita-

2218 2770 2358 2826 libus
2385 2778 2439 2826 et
2462 2769 2772 2827 cmlestibus
2799 2770 3135 2838 muniamus,
3168 2771 3296 2827 utin
3323 2770 3412 2829 die
3452 2772 3781 2845 nequissimo
3801 2816 3819 2843 ,

2219 2865 2476 2921 resistere
2524 2864 2723 2920 diaboli
2770 2865 2930 2919 minis
2978 2876 3033 2921 et
3060 2881 3359 2937 repugnare
3409 2870 3698 2938 possimus.
3736 2869 3825 2927 ln-

2218 2956 2448 3013 duamus
2480 2956 2699 3012 loricam
2738 2957 2997 3026 justitiac,
3043 2966 3101 3013 ut
3148 2969 3342 3014 contra
3384 2958 3590 3017 inimici
3635 2960 3820 3033 jacula

2219 3051 2484 3109 munitum
2511 3053 2579 3106 sit
2604 3058 2791 3122 pectus
2815 3059 2870 3108 et
2898 3060 3089 3105 tutum.
3119 3050 3341 3108 Calciati
3383 3053 3492 3110 sint
3510 3055 3821 3127 evangelica

2219 3143 2531 3217 magisterio
2560 3152 2614 3199 et
2639 3142 2832 3198 armati
2862 3141 3027 3214 pedes
3047 3186 3063 3211 ,
3099 3153 3175 3209 ut,
3208 3160 3329 3200 cum
3357 3159 3579 3228 serpens
3623 3144 3823 3206 calcari

588 3240 723 3296 VIII.
761 3241 841 3295 Ad
878 3255 1104 3311 agonem
1150 3240 1464 3296 smcniarem
1509 3247 1830 3296 exercentur
1868 3238 2115 3296 homines
2141 3235 2186 3298 C
2221 3254 2252 3295 a
2282 3238 2440 3295 nobis
2482 3247 2534 3294 et
2560 3236 2732 3292 obteri
2777 3238 3042 3308 coeperit,
3085 3237 3333 3294 mordere
3371 3248 3428 3295 et
3474 3239 3820 3310 supplantare

520 3341 575 3388 et
602 3340 886 3402 parantur;
919 3341 974 3387 et
995 3345 1242 3402 magnam
1270 3331 1493 3403 gloriam
1538 3339 1854 3397 computant
1894 3330 2115 3388 honoris

513 3426 595 3482 sui
632 3426 677 3481 si
703 3425 831 3494 illis,
860 3433 1138 3497 spectante
1166 3424 1364 3496 populo
1405 3433 1459 3480 et
1487 3424 1808 3494 imperatore
1828 3436 2112 3497 praesente,

516 3517 808 3590 contigerit
836 3519 1110 3574 ceronari.
1143 3517 1280 3573 Ecce
1305 3531 1441 3588 agon
1468 3517 1711 3573 sublintis
1731 3525 1787 3573 et
1807 3530 2032 3589 magnus
2060 3530 2114 3575 et

513 3624 729 3665 corona:
773 3609 1014 3667 caelestis
1054 3608 1280 3682 praemio
1315 3606 1618 3685 gloriosus,
1663 3616 1723 3665 ut
1765 3619 1972 3681 spectet
2014 3627 2112 3668 nos

512 3710 783 3761 certantes
818 3702 993 3771 Dens,
1024 3710 1082 3758 et
1114 3714 1278 3773 super
1299 3713 1395 3758 eos
1439 3713 1575 3772 quos
1619 3700 1756 3758 ﬁlios
1804 3701 1985 3759 facere
2027 3704 2109 3760 di-

2223 3346 2331 3389 non
2362 3331 2546 3403 possit.
2584 3328 2872 3386 Portetnus
2898 3330 3110 3387 fortiter
3138 3341 3346 3388 scutum
3375 3328 3498 3393 ﬁdei
3518 3374 3534 3402 ,
3563 3349 3670 3405 quo
3698 3348 3822 3406 pro.

2224 3434 2440 3499 tegente
2468 3423 2720 3496 quiequid
2750 3422 3017 3496 iaculatur
3058 3420 3306 3481 inimicus
3339 3424 3512 3501 possit
3556 3424 3819 3499 extingui.

2219 3518 2559 3589 Accipiamus
2606 3532 2820 3590 quoque
2856 3514 2924 3573 ad
2968 3520 3336 3588 tegumentum
3378 3518 3573 3590 capitis
3609 3517 3819 3591 galeam

2218 3611 2542 3675 salutarent,
2594 3619 2653 3664 ut
2695 3606 3001 3666 muniantur
3020 3624 3220 3677 aures,
3269 3625 3339 3667 ne
3379 3608 3602 3667 audiant
3644 3611 3820 3668 edicta

2217 3696 2444 3773 feralia;
2497 3703 2806 3760 muniantur
2837 3702 2977 3761 oculi
2996 3744 3013 3774 ,
3059 3718 3130 3761 ne
3155 3703 3378 3761 videant
3402 3702 3715 3763 detestanda
3741 3702 3818 3762 si-

1752 3837 2133 3901 LECTIONES
2172 3842 2585 3900 VARJANTES.

578 3956 604 3986 ίι
652 3956 731 4006 De
770 3954 1010 4008 mundo...
1057 3955 1266 4006 mundus
1285 3954 1480 4006 Bod.3.

577 4016 605 4058 1³
647 4019 870 4071 Christus
912 4020 1022 4082 ejus
1054 4027 1184 4070 Lam.
1212 4017 1357 4071 Ebor.
1381 4015 1511 4070 Bod.
1532 4018 1579 4068 2.
1599 4016 1647 4071 Ν
1653 4017 1706 4070 C.
1731 4018 1777 4070 1.

2281 3960 2306 4023 °_
2340 3954 2560 4023 Praeside
2584 3956 2711 4009 Bod.
2736 3958 2781 4016 1,
2801 3955 2860 4023 2.
2876 3954 2978 4023 Litt.
3009 3957 3119 4012 NO.
3135 3957 3185 4023 i,
3208 3956 3256 4010 2.
3272 3958 3418 4012 Ebor.

2283 4020 2312 4060 ιι
2352 4022 2578 4087 Nequam
2599 4023 2745 4074 Ebur.
2769 4021 2880 4074 NG.
2906 4022 2955 4074 1.

1780 4142 2020 4201 STEPH.
2055 4144 2328 4205 BALUZII
2354 4145 2587 4204 ΝΟΤίΕ.

585 4279 771 4340 νιιρ-
786 4276 1000 4337 Futura:
1018 4280 1376 4354 persecutionis
1398 4286 1549 4334 metu.
1574 4275 1720 4337 Unus
1739 4279 1909 4337 codex
1933 4284 2111 4354 regius

511 4353 672 4411 liabet
701 4359 926 4426 futuram
952 4352 1577 4426 persecutionem_nt_etuat.

587 4422 829 4481 Occidere
876 4422 1292 4498 in'gehennam.
1352 4422 1515 4479 iidem
1565 4423 1670 4479 duo
1725 4422 1846 4479 libri
1910 4424 2109 4481 habent

511 4500 870 4641 pe’l‘tltibginem
910 4568 1043 4641 ejus.
1085 4566 1276 4641 Postea
1305 4566 1545 4641 sequitur
1589 4567 1642 4622 in
1672 4565 1857 4623 Codice
1896 4566 2107 4624 Gratia-

510 4638 848 4712 nttpolitnno,
902 4640 1064 4710 magis
1110 4639 1341 4712 insistere
1374 4638 1604 4712 precibus
1631 4654 1678 4692 et
1704 4654 1851 4693 orare
1867 4649 1912 4692 et
1944 4642 2106 4712 primo

2216 4299 2314 4354 pro
2343 4280 2697 4340 instrumenta.
2751 4281 2885 4340 Vide
2922 4283 3247 4356 ObsOpaeutn
3287 4281 3357 4340 ad
3398 4281 3694 4355 Epistolam
3743 4300 3812 4345 ιχ

2214 4357 2493 4483 δθῗὶῗξτῗιῖἱ
2517 4435 2565 4483 et
2594 4427 2898 4499 preparari.
2938 4424 3261 4493 ltafveteres
3298 4426 3597 4499 editiones,
3635 4431 3805 4487 unde-

2213 4500 2318 4570 cim
2363 4500 2485 4557 libri
2526 4498 2696 4555 tto'stri
2739 4507 2986 4570 veteres,
3027 4513 3132 4570 sex
3176 4498 3496 4570 Anglicani,
3543 4504 3598 4556 et
3646 4502 3815 4559 codex

2212 4568 2381 4625 Flori.
2412 4571 2487 4625 lta
2517 4571 2678 4625 etiam
2714 4569 2982 4626 editiones
3022 4569 3242 4625 Manutii
3269 4568 3342 4626 'et
3374 4570 3636 4627 .Morellii.
3687 4574 3808 4629 Atia

2215 4642 2559 4716 editio,qute
2583 4641 2745 4716 habet
2768 4641 2949 4716 Armat
2977 4650 3428 4716 etprazparatnos
3463 4641 3637 4698 beatus
3674 4644 3817 4716 Apo-

508 4700 675 4783 ipsum
698 4700 880 4786 rogare
906 4753 920 4775 ,
946 4700 1066 4764 tuvnc
1093 4709 1277 4786 deinde
1300 4700 1406 4763 Deo
1450 4710 1583 4779 patri
1626 4712 1920 4786 satisfacere
1944 4700 2103 4765 Idebc-
2129 4700 2183 4759 D
2210 4714 2372 4786 stogts
2398 4700 2573 4768 dicens
2592 4755 2608 4780 ,
2636 4712 2831 4786 placuit
2853 4700 3102 4786 Pamelio
3128 4754 3142 4778 ,
3162 4700 3411 4786 'liigaltio
3430 4753 3447 4780 ,
3479 4721 3535 4769 et
3562 4700 3774 4786 Angli's.

508 4780 642 4839 ntus.
689 4780 947 4837 Habemus
987 4792 1155 4835 autem
1192 4780 1513 4851 advocatum,
1537 4791 1581 4833 et
1610 4780 1986 4849 deprecatorem
2016 4798 2108 4851 pro

511 4858 730 4925 peccatis
760 4854 947 4925 nostris
975 4852 1154 4908 Iesum
1194 4850 1450 4925 Christum
1492 4850 1765 4905 Dominum
1796 4850 2022 4907 nostrum
2061 4865 2107 4909 et

507 4923 677 4983 Deum
697 4969 712 4993 ,
735 4927 779 4979 si
816 4924 968 4978 modo
999 4941 1090 4979 nos
1111 4925 1163 4977 in
1199 4923 1771 4993 prmteritumpeeeasse
1800 4926 2034 4991 paeniteat
2060 4933 2107 4980 et

506 4992 806 5067 conﬁtentes
860 5005 1011 5067 atque
1063 4993 1396 5067 intelligentes
1437 4992 1614 5067 debita
1668 5006 1874 5058 nostra,
1926 4995 2106 5067 quibus

507 5062 640 5129 nunc
674 5066 897 5123 Domino
928 5062 1267 5134 o/fendimus,
1300 5062 1378 5117 uel
1411 5066 1475 5119 de
1508 5075 1804 5122 ueteranos
1843 5062 2106 5122 ambulare

504 5143 555 5196 in
580 5140 671 5196 viis
696 5142 805 5211 ejus
834 5148 880 5192 et
910 5150 1165 5211 praecepta
1208 5144 1425 5190 metuere
1459 5136 1819 5211 spondeamus.
1857 5137 1977 5211 Non
2006 5154 2101 5194 au-

505 5228 598 5268 StlS
627 5208 744 5268 sum
776 5212 876 5266 ista
902 5223 1104 5281 ponere
1134 5208 1187 5263 in
1218 5215 1494 5271 contextu,
1526 5208 1660 5281 quia
1691 5223 1810 5281 non
1851 5210 2100 5266 videntur

504 5284 634 5341 tnihi
663 5278 939 5339 conterere
964 5295 1086 5337 cum
1108 5286 1423 5349 argumento
1449 5278 1577 5348 quid
1616 5279 1736 5335 istic
1767 5290 2044 5337 tractatur.

580 5354 713 5412 Vlll.
745 5384 818 5395 —
848 5352 1110 5408 Pandens.
1154 5349 1336 5422 Codex
1392 5349 1584 5407 Pithon
1632 5353 1905 5419 spondens.
1937 5351 2099 5410 Forte

504 5425 876 5498 reponendum
892 5434 976 5480 est
994 5423 1306 5497 eupandens,
1324 5422 1463 5478 sicut
1482 5436 1625 5492 saepe
1639 5422 1743 5478 vidi
1774 5423 2096 5498 inpluribus

502 5494 655 5577 libris
685 5509 920 5577 spectans
958 5494 1067 5577 ρξε’
1093 5504 1363 5577 expectans
1405 5503 1463 5577 et
1502 5509 1533 5550 ε
1558 5505 1765 5577 (εοῐῃνιιἔ
1793 5494 1931 5577 Vide
1951 5495 2096 5577 glos-

501 5564 981 5627 s:n'ium'l.atinum
1008 5564 1197 5637 Cangii
1224 5566 1279 5637 in
1308 5565 1472 5621 verbo
1499 5566 1716 5637 spando.
1742 5564 1822 5620 Ita
1851 5564 2094 5637 splendor

503 5660 600 5713 pro
625 5642 904 5712 expleudor
933 5641 987 5713 in
1028 5635 1166 5713 libro
1215 5635 1534 5713 Tertulliani
1563 5636 1848 5713 deﬁniam
1866 5635 1887 5705 ,7
1916 5646 1978 5713 ut
1999 5654 2093 5693 uo-

501 5708 577 5769 iat
602 5708 885 5792 Rigaltius.
914 5712 1004 5768 Sic
1040 5711 1092 5792 in
1121 5719 1265 5792 toruo
1299 5724 1335 5763 tt
1369 5708 1921 5792 Capitularittmtpog.
1953 5711 2092 5792 98b,

501 5780 715 5842 straneis
739 5800 833 5852 pro
863 5782 1134 5838 extraneis.
1165 5780 1255 5835 Sic
1283 5794 1427 5852 same
1457 5781 1582 5852 alibi
1607 5780 1924 5852 iugantiquis
1949 5782 2095 5837 codi-

503 5857 657 5924 cibus
683 5848 834 5915 MSS.
866 5865 920 5913 ct
947 5854 1002 5911 itt
1031 5851 1399 5910 instrumentis
1427 5848 1659 5922 publicis
1674 5850 1776 5925 tegi
1813 5848 2092 5911 stramenta

2285 4782 2416 4839 Tota
2438 4800 2605 4839 arata.
2638 4782 2705 4837 in
2736 4783 2973 4845 editione
3004 4784 3212 4838 Erasmi
3239 4782 3263 4851 ,
3295 4799 3453 4854 quam
3485 4782 3810 4842 secuti'sunt

2210 4854 2515 4921 Pamelius,
2564 4855 2860 4926 Rigaltius,
2924 4863 2980 4909 et
3022 4854 3215 4924 Angli,
3276 4854 3493 4909 additur
3539 4870 3642 4910 vox
3691 4856 3810 4912 Dei.

2211 4926 2409 4982 Verum
2441 4927 2542 4983 hoc
2569 4926 2990 4998 additamentum
3017 4928 3264 4998 nuspiam
3290 4927 3476 4998 reperi
3502 4926 3554 4979 itt
3576 4928 3812 4998 antiquis

2210 4997 2628 5083 exemplaribus.
2662 4996 2718 5053 In
2745 4997 3045 5081 Sorbonico
3073 4996 3275 5081 tegitur
3299 4996 3501 5051 induite
3537 5010 3622 5052 ros
3665 4996 3813 5055 arma

2209 5067 2356 5124 lucis.
2386 5068 2725 5125 Ptthteanum
2754 5070 2913 5125 habet
2938 5068 3136 5124 induite
3165 5078 3272 5124 tota
3295 5084 3463 5123 arma.

2313 5086 2356 5124 ε.
2386 5084 2725 5126 νιιηωειηιιηι
2754 5084 2913 5125 ιιευει
2938 5084 3136 5124 ιηααιιε
3165 5084 3272 5124 ιοια
3295 5084 3463 5123 arma.

2285 5141 2388 5209 Qui
2431 5151 2507 5196 est
2538 5156 2703 5196 sermo
2752 5140 2865 5197 Dei.
2919 5139 2978 5196 lu
3026 5140 3196 5211 tribus
3243 5140 3477 5211 antiquis
3534 5139 3811 5200 codicibus

2203 5212 2463 5282 scriptum
2507 5221 2622 5278 est,
2666 5213 2803 5282 quod
2820 5223 2894 5266 est
2938 5210 3146 5267 uerbum
3192 5211 3318 5277 Dei‘,
3372 5210 3568 5268 eodem
3622 5227 3808 5270 sensu.

2203 5282 2309 5339 Sed
2338 5297 2514 5366 tamen
2542 5283 2693 5366 istud
2711 5283 2989 5340 admoneri
3030 5282 3231 5340 debere
3266 5282 3443 5340 visum
3472 5291 3562 5340 est
3590 5284 3662 5341 ob
3699 5286 3811 5343 disc

2200 5363 2530 5421 crepantiant
2558 5363 2885 5411 versionum.

2272 5424 2658 5481 lX.—-—Gateam
2679 5426 2974 5481 salutarem.
2995 5424 3143 5481 Hanc
3164 5426 3455 5483 lectionem
3480 5426 3659 5483 intulit
3677 5428 3808 5485 Era-

2197 5511 2387 5565 smus,
2444 5510 2671 5567 eamque
2717 5497 2984 5553 Manutius
3020 5508 3076 5555 et
3112 5496 3387 5555 Morellius
3439 5498 3804 5556 retinuerunt.

2196 5568 2408 5624 Habent
2430 5578 2607 5625 autem
2630 5568 2776 5624 illam
2806 5578 2916 5625 tres
2944 5570 3065 5625 libri
3092 5578 3325 5626 veteres.
3354 5572 3423 5626 At
3447 5570 3537 5625 alii
3570 5570 3804 5626 uuinaue

2198 5583 2408 5624 uacent
2430 5583 2607 5625 autem
2630 5583 2776 5624 utam
2806 5583 2916 5625 tres
2944 5583 3065 5625 ltDt‘t
3092 5583 3325 5626 veteres.
3354 5583 3423 5626 At
3447 5583 3537 5625 aut
3570 5587 3808 5644 qumque

2198 5648 2267 5724 et.
2300 5641 2629 5722 antiquiores
2679 5640 2956 5724 editiones
3000 5642 3297 5724 praeferunt
3345 5642 3661 5724 spiritalem.
3727 5640 3806 5699 Ita

2198 5713 2358 5767 etiam
2409 5713 2463 5766 in
2504 5713 2771 5782 excerptis
2815 5712 3221 5783 Flori.’3upra,
3250 5714 3304 5768 in
3354 5713 3597 5782 Epistola
3638 5728 3799 5780 xxvr,

2266 5798 2321 5854 g.
2357 5783 2426 5839 56
2450 5822 2465 5848 ,
2505 5783 2701 5855 legitur
2749 5784 2949 5855 galeam
2991 5784 3192 5855 salutis.
3241 5783 3375 5855 Vide
3418 5785 3803 5844 annotationcs

2251 5853 2412 5913 rasnti
2436 5856 2487 5915 iu
2513 5853 2671 5933 caput
2698 5853 3025 5931 vtEpistolac
3055 5854 3123 5915 ad
3154 5853 3440 5931 Ephesios.
