4332 6292
661 365 769 426 359

2071 373 2211 434 DIVI
2248 377 2573 441 CYPRIANI

3855 401 3971 462 ⁸560

735 482 858 554 legis
925 481 989 536 de
1049 480 1215 535 reditu
1261 479 1321 533 ab
1350 481 1525 549 exilio,
1557 481 1744 540 docens
1773 486 1991 542 dilatam
2019 496 2262 564 martyria
2290 499 2338 557 Α
2367 501 2614 556 salutem.
2661 500 2793 556 Cum
2848 503 3082 559 maximo
3127 507 3289 562 animi
3319 509 3484 565 nostri
3539 514 3738 580 gemitu
3769 524 3824 572 et
3859 534 3968 574 non

736 575 952 646 gloriam
1009 589 1111 626 non
1166 571 1410 627 minuere.
1454 573 1672 643 Deinde,
1741 578 1973 634 indicans
2023 582 2263 642 divinitus

735 667 1003 738 contigisse
1043 665 1265 720 Cornelii
1319 669 1620 740 martyrium
1647 679 1691 724 et
1720 669 1868 726 Lucii
1903 674 2146 745 exilium,
2195 679 2264 732 ad

731 758 1118 829 confundendos
1146 757 1485 826 Novatianos,
1532 763 1765 833 prcedicit
1791 765 1870 818 illi
1901 767 2096 824 instans
2122 787 2264 824 utar-

734 854 958 924 tyrium;
985 853 1056 906 ita
1085 851 1193 907 Deo
1225 855 1494 911 ordinante
1522 899 1533 921 ,
1568 867 1624 910 ut
1666 874 1768 911 non
1798 858 1959 929 foris,
2006 863 2096 916 sed
2121 865 2263 934 apud

728 963 844 1001 suos
869 959 1306 1004 consummaretur
1339 950 1453 1020 ejus
1485 953 1808 1022 martyrium.

1231 1061 1359 1126 (Vid.
1379 1039 1481 1113 ιιοί.
1506 1063 1564 1112 ad
1584 1063 1742 1127 Epist.
1770 1067 2008 1133 prteced.)

1157 1166 1201 1198 ⁹⁷
1231 1165 1563 1223 EPISTOLA
1615 1167 1752 1223 LIX.

659 1273 894 1348 (Er_asm.,
918 1277 1058 1348 itt._8.
1086 1276 1296 1340 Pamel.,
1321 1279 1551 1348 jligaltq
1583 1280 1768 1348 Ba_l_uz.,
1794 1298 1892 1334 1.1x.
1919 1284 2098 1348 Paris,
2134 1300 2259 1338 Lvm.

953 1339 1104 1402 Lips.,
1148 1339 1290 1392 wa.
1321 1339 1546 1403 Routh,
1583 1345 1696 1394 rell.
1755 1339 1853 1396 scr.
1897 1363 1965 1409 ιιι,
2006 1363 2054 1412 ρ.
2083 1339 2166 1398 ’74
2209 1357 2262 1400 et

944 1505 1011 1543 AD
1038 1505 1199 1544 “DUM
1219 1535 1232 1556 ,
1256 1504 1324 1545 DE
1348 1507 1655 1548 INFANTIBUS
1681 1509 2045 1552 BAPTIZANDIS.

656 1601 1115 1658 AncuunN'ruu—
1143 1601 1299 1670 huius
1337 1604 1565 1674 epistola:
1621 1607 1937 1678 periputtm
1977 1609 2154 1680 paucis
2186 1610 2262 1665 in-

730 1693 865 1746 dicat
907 1691 978 1746 D.
1010 1693 1320 1764 Augustinus
1345 1736 1359 1760 ,
1412 1694 1648 1764 Epistola
1692 1714 1856 1753 xxvm
1895 1700 1964 1753 ad
1997 1698 2259 1772 Hierony-

726 1801 898 1839 mum:
945 1803 963 1836 ‹
1002 1785 1189 1841 Beatus
1238 1785 1527 1858 Cyprianus
1555 1828 1573 1854 ,
1628 1791 1821 1860 inquit,
1893 1808 1994 1846 non
2051 1792 2262 1863 aliquod

727 1877 983 1932 decretunt
1036 1879 1260 1933 condens
1314 1895 1536 1947 novum,
1576 1881 1665 1935 sed
1697 1881 1944 1938 Ecclesiw
1973 1884 2126 1953 ﬁdem
2163 1885 2259 1954 ﬁr-
2289 1900 2337 1961 B

727 1975 1010 2030 missimam
1045 1992 1272 2042 servans,
1297 1977 1364 2031 ad
1395 1977 1752 2049 corrigendum
1786 1995 1870 2034 eos
1909 1983 1995 2050 qui
2014 1981 2258 2051 putabant

723 2076 840 2123 ante
878 2078 1108 2122 octavum
1152 2069 1282 2124 diem
1307 2070 1585 2125 nativitatis
1610 2088 1709 2126 non
1735 2088 1839 2127 esse
1855 2072 2256 2144 parvulumbap-

727 2162 992 2216 tizandum
1025 2203 1040 2230 ,
1086 2179 1206 2218 mox
1261 2174 1437 2219 natum
1487 2167 1583 2219 rite
1643 2165 1892 2236 baptizari
1937 2184 2102 2235 posse,
2145 2185 2258 2222 cum

724 2254 834 2308 suis
867 2254 1168 2324 quibusdam
1220 2257 1552 2327 coepiscopis,
1608 2258 1821 2312 censuit.
1864 2256 2038 2312 Obiter
2091 2269 2258 2314 tamen

723 2345 815 2400 sub
886 2347 1196 2417 principium
1257 2365 1433 2419 pacem
1515 2347 1706 2403 Victori
1761 2349 1986 2416 cuidam,
2029 2353 2258 2421 quamvis

727 2451 904 2497 contra
951 2444 1156 2498 decreta
1233 2445 1546 2516 synodorum
1612 2445 1675 2499 de
1714 2447 1872 2516 lapsis
1915 2446 2109 2512 datam,
2156 2465 2258 2502 non

720 2547 940 2604 revocat,
1011 2537 1102 2592 sed
1180 2536 1439 2610 Tlterapio
1492 2539 1731 2609 episwpo
1775 2556 1838 2594 ne
1898 2539 2136 2610 deinceps
2202 2539 2258 2594 id

728 2629 885 2700 faciat
937 2630 1214 2684 interdicit.
1274 2648 1293 2682 ι
1349 2629 1397 2684 Ε
1439 2645 1538 2702 quo
1569 2631 1680 2685 loco
1708 2631 1831 2685 satis
1860 2640 2055 2686 constat
2096 2631 2258 2703 scrip-

737 2728 841 2774 tam
867 2721 998 2774 ltanc
1013 2721 1282 2791 epistolam
1297 2733 1407 2792 post
1431 2731 1695 2792 utramque
1735 2721 1987 2792 synodum
2011 2722 2076 2776 de
2097 2723 2254 2794 lapsis

721 2827 938 2882 quarunt
1001 2829 1158 2884 supra
1220 2814 1406 2868 mentio
1484 2813 1718 2886 Epistola
1782 2829 1894 2868 Ltv.
1966 2813 2152 2868 Verum
2190 2831 2257 2868 an

724 2905 882 2975 paulo
909 2915 1044 2978 post,
1075 2923 1140 2961 an
1167 2907 1320 2978 longo
1344 2916 1456 2978 post
1491 2916 1740 2978 tempore,
1771 2909 2022 2962 incertum
2059 2918 2165 2974 est;
2202 2909 2256 2963 in

722 3016 847 3069 pace
870 3008 1038 3054 tamen
1067 3001 1310 3072 scriptam
1331 3011 1602 3056 contextus
1623 3001 1840 3055 indicat.

715 3111 1089 3178 (Hzecqepistola
1107 3126 1253 3178 supra
1289 3119 1585 3178 recensetur
1621 3115 1760 3178 inter
1796 3121 1904 3165 acta
1941 3117 2256 3168 conciliorum

651 3171 1131 3238 Carthaginiensium
1169 3171 1281 3240 quin
1303 3179 1396 3227 sub
1418 3176 1472 3226 S.
1493 3176 1728 3241 Cypriano
1750 3177 1914 3228 habita
1939 3178 2126 3238 fuere.)

1145 3325 1188 3357 ⁹⁹
1218 3322 1552 3380 EPISTOLA
1579 3323 1693 3379 LX.

651 3455 1103 3523 (Pamel.,Rigalt.,
1125 3457 1317 3520 Baluz.,
1339 3459 1603 3525 Lx.Paris.,
1620 3475 1718 3511 LIX.
1740 3459 1922 3522 Oxon.,
1945 3461 2100 3526 Lips.,
2117 3463 2256 3528 Lxu.)

656 3696 726 3738 ΔΙ)
777 3693 1052 3738 EPISCOPOS
1095 3694 1343 3746 NUMIDAS,
1372 3696 1442 3736 DE
1480 3694 1849 3738 REDEIPTIONE
1900 3697 2148 3738 FRATRI!!!
2188 3698 2258 3738 EX

1077 3791 1429 3832 CAPTIVITATE
1460 3790 1831 3832 BARBARORUM.
1896 3819 1898 3823 -

651 3889 1040 3947 ΑῐιϐῐῐΜΕΝΤυΜ.
1072 3920 1138 3932 -—
1160 3891 1441 3963 Deplorata
1466 3891 1558 3947 sub
1589 3891 1794 3946 initium
1823 3891 2116 3963 captivitate
2143 3892 2255 3963 [ra-

724 3992 881 4048 trum,
907 3982 1196 4052 Cyprianus
1215 3984 1310 4039 sibi
1331 4002 1421 4054 per
1442 3985 1706 4056 episcopos
1730 3983 1987 4040 Numidas
2004 3984 2255 4053 nuntiata,

721 4072 918 4126 mittere
934 4089 987 4126 se
1029 4073 1152 4126 dicit
1191 4077 1533 4129 sestertiorum
1576 4085 1774 4130 centum
1816 4076 2000 4144 millia,
2030 4077 2259 4148 adscrip-

725 4167 789 4220 tis
837 4167 1124 4221 nominibus
1153 4168 1475 4239 singulorum
1497 4178 1604 4222 tum
1649 4169 1875 4238 fratrum
1905 4180 1950 4223 et
2004 4187 2253 4238 sororum,

723 4270 832 4314 tum
875 4258 1208 4332 collegarum,
1260 4262 1348 4330 qui
1395 4261 1592 4332 aliquid
1628 4261 2022 4317 contribuerunt.
2066 4262 2257 4318 Verisi-

721 4354 842 4409 mile
865 4363 939 4417 est
967 4364 1138 4409 autem
1157 4359 1349 4426 factam
1371 4357 1503 4410 hanc
1528 4356 1872 4425 captivitatem
1894 4357 1957 4411 ab
1996 4357 2100 4411 illis
2126 4357 2256 4412 Bar-

719 4447 874 4515 baris,
907 4457 1088 4503 contra
1113 4464 1238 4518 quos
1259 4447 1445 4503 Decius
1469 4449 1521 4502 in
1557 4447 1744 4503 bellum
1788 4453 2064 4521 profectus,
2097 4449 2257 4504 inter-

731 4543 892 4611 fectus
912 4548 1005 4596 est.
1035 4539 1204 4595 Primi
1231 4550 1398 4595 autem
1425 4556 1599 4596 recens
1627 4540 1892 4596 ediderunt
1915 4541 2046 4595 hanc
2071 4542 2256 4613 episto-

721 4635 823 4690 lam
864 4632 1132 4689 Manutius
1153 4643 1199 4689 et
1223 4632 1488 4689 lllorelius.

724 4769 767 4826 Ι.
798 4769 1100 4842 Cyprianus
1125 4768 1403 4837 Januario,
1441 4767 1693 4834 Maximo,
1737 4769 1986 4837 Proculo,
2028 4771 2250 4842 Victori,

647 4863 922 4933 Modiano,
945 4862 1290 4929 Nemesiano,
1323 4861 1607 4934 Nampulo,
1631 4872 1683 4919 et
1705 4861 1981 4920 Iionorato
2003 4863 2253 4924 fratribus

2369 595 2484 650 sine
2515 595 2766 667 lacrymis
2790 596 3022 667 legimus
3053 598 3259 656 litteras
3290 613 3514 668 vestras,
3536 604 3728 663 fratres
3757 607 3969 665 charis-

2369 684 2512 752 simi,
2542 703 2677 757 quas
2699 687 2765 743 ad
2795 703 2914 755 nos,
2938 705 3034 760 pro
3048 690 3351 749 dilectionis
3375 706 3567 752 vestrm
3585 699 3966 772 sollicitudine,

2365 775 2432 830 de
2458 776 2683 834 fratrum
2714 792 3022 839 nostrorum
3051 793 3105 840 et
3134 800 3378 842 sororum
3405 791 3713 860 captivitate
3742 793 3966 854 fecistis.

2367 869 2498 937 Quis
2530 875 2672 927 enim
2707 890 2812 930 non
2841 876 3019 933 doleat
3045 879 3096 933 in
3129 879 3393 950 ejusmodi
3423 886 3656 954 casibus,
3712 900 3803 944 aut
3848 891 3970 961 quis

2367 975 2474 1016 non
2499 961 2740 1020 dolorem
2767 967 2948 1024 fratris
2974 973 3055 1026 sui
3076 987 3228 1028 suum
3251 977 3523 1046 proprium
3544 994 3647 1034 non
3673 993 3965 1053 computet,

2364 1069 2484 1109 eum
2510 1056 2757 1128 loquatur
2803 1063 3076 1131 apostolus
3126 1065 3321 1123 Paulus
3352 1072 3406 1124 et
3449 1070 3628 1126 dicat:
3669 1073 3734 1128 Si
3776 1076 3970 1146 patitur

2366 1162 2526 1201 unum
2565 1155 2862 1220 membrum,
2909 1157 3285 1225 compatiuntur
3319 1169 3366 1214 et
3395 1171 3575 1216 ccetera
3626 1165 3883 1232 membra;
3925 1170 3968 1223 si

2367 1240 2573 1294 laztatur
2595 1244 2873 1298 membrum
2903 1263 3079 1313 unum,
3112 1250 3433 1306 col/celantur
3455 1263 3501 1307 et
3518 1265 3700 1309 caetera
3722 1259 3964 1314 membra.

2367 1332 2421 1405 (Ι
2447 1333 2563 1389 Cor.
2592 1353 2690 1406 xu,
2719 1335 2832 1409 9.6).
2855 1339 2921 1393 Et
2965 1341 3068 1395 alio
3094 1341 3211 1398 loco
3237 1362 3249 1396 :
3282 1343 3408 1411 Quis
3431 1346 3740 1415 inﬁrmatur,
3773 1351 3961 1422 inquit,

2365 1437 2410 1479 et
2439 1443 2539 1481 non
2570 1430 3002 1502 egoinﬁrmorﬂl
3053 1433 3171 1488 Cor.
3231 1451 3288 1502 tt,
3331 1435 3466 1507 29)?
3516 1439 3692 1505 Quare
3721 1457 3860 1497 nunc
3912 1452 3966 1500 et

2364 1519 2519 1573 nobis
2551 1521 2830 1590 captivitas
2855 1521 3077 1577 fratrum
3104 1537 3286 1579 tiostra
3309 1528 3591 1597 captivitas
3609 1533 3964 1602 computanda

2364 1618 2466 1675 est,
2496 1621 2549 1664 et
2588 1612 3003 1682 periclitantium
3029 1615 3184 1671 dolor
3221 1633 3316 1687 pro
3347 1628 3532 1675 nostro
3562 1622 3748 1680 dolore
3774 1642 3962 1683 nume-

2366 1702 2564 1758 randus
2590 1715 2694 1771 est,
2725 1721 2844 1762 cum
2875 1706 2946 1762 sit
2998 1708 3205 1765 scilicet
3261 1711 3600 1768 adunationis
3621 1727 3816 1773 nostra:
3841 1734 3962 1774 cor-

2366 1810 2462 1864 pus
2485 1807 2742 1862 unum,et
2766 1812 2873 1853 non
2903 1808 3105 1855 tantum
3134 1801 3372 1869 dilectio,
3405 1804 3499 1860 sed
3531 1807 3787 1879 etreligio
3813 1810 3965 1866 iusti-

2366 1904 2492 1960 gare
2529 1905 2627 1945 nos
2655 1891 2847 1948 debeat
2897 1903 2951 1948 et
2997 1893 3302 1952 confortare
3329 1897 3393 1952 ad
3443 1897 3962 1974 fratrumzanembra

2364 1981 2691 2038 redimenda.

2439 2074 2501 2130 ll.
2527 2075 2682 2138 Nam.
2706 2091 2826 2132 cum
2850 2077 3028 2135 denuo
3054 2081 3328 2150 apostolus
3351 2082 3548 2140 Paulus
3567 2085 3962 2155 dicat,Nescitis

2363 2168 2481 2237 quia
2508 2168 2751 2239 templum
2777 2169 2872 2224 Dei
2890 2173 3029 2239 estis,
3062 2183 3108 2227 et
3135 2157 3361 2246 Spiritus
3391 2176 3488 2232 Dei
3518 2179 3706 2234 habitat
3733 2183 3785 2236 in
3827 2183 3964 2239 vobis

2365 2260 2418 2331 (Ι
2442 2262 2558 2316 Cor.
2584 2278 2664 2329 ιιι,
2701 2263 2838 2336 i6)?
2881 2265 3090 2320 etiamsi
3123 2267 3355 2322 eharitas
3383 2285 3484 2326 nos
3513 2273 3688 2327 minus
3727 2273 3964 2345 adigeret

2361 2352 2428 2407 ad
2451 2368 2608 2424 opem
2643 2354 2896 2412 fratribus
2943 2355 3242 2426 ferendam,
3279 2361 3728 2420 considerandum
3786 2376 3962 2425 tamen

2362 2441 2465 2498 hoc
2496 2445 2546 2498 in
2573 2444 2692 2500 loco
2720 2444 2819 2501 fuit
2852 2448 2944 2503 Dei
2979 2449 3174 2520 templa
3205 2466 3326 2508 esse
3352 2468 3470 2524 qum
3498 2465 3647 2526 capta
3676 2467 3840 2525 sunt,
3865 2475 3965 2516 nec

2365 2537 2470 2606 pati
2502 2552 2601 2592 nos
2629 2538 2784 2608 longa
2813 2541 3117 2597 cessatione
3163 2551 3219 2599 et
3249 2545 3496 2616 neglecto
3538 2547 3721 2604 dolore
3766 2549 3963 2609 debere

2361 2640 2418 2684 ut
2448 2630 2538 2686 diu
2577 2632 2669 2686 Dei
2697 2633 2892 2704 templa
2923 2636 3136 2705 captiva
3162 2637 3291 2703 sint,
3330 2639 3425 2695 sed
3452 2641 3646 2712 quibus
3678 2659 3962 2712 possumus

2363 2723 2562 2778 viribus
2582 2724 2860 2780 elaborare
2885 2735 2940 2782 et
2959 2727 3215 2783 velociter
3234 2745 3422 2808 gerere
3439 2741 3496 2786 ut
3525 2730 3790 2789 Christum
3814 2735 3963 2806 judi-

2359 2830 2476 2871 cem
2503 2827 2557 2871 et
2579 2817 2864 2874 Dominum
2891 2829 2946 2875 et
2995 2820 3164 2877 Deum
3190 2823 3255 2852 ¹⁰⁰
3289 2834 3528 2880 nostrum
3561 2842 3964 2896 promereamur

2360 2908 2633 2980 obsequiis
2658 2913 2878 2968 nostris.
2905 2913 3062 2982 Nam,
3094 2929 3215 2970 eum
3258 2916 3402 2972 dicat
3441 2918 3639 2975 Paulus
3666 2923 3961 2993 apostolus,

2364 3003 2622 3068 Quotquot
2646 3005 2697 3058 in
2721 3004 2923 3060 Christo
2952 3007 3195 3077 baptizati
3234 3010 3354 3064 estis
3375 3051 3389 3076 ,
3417 3010 3678 3066 Christum
3731 3015 3965 3073 induistis

2361 3093 2507 3163 (Gal.
2539 3111 2618 3161 ιιι,
2650 3096 2767 3168 27),
2814 3098 2866 3152 in
2906 3100 3131 3170 captivis
3191 3101 3444 3158 fratribus
3477 3106 3676 3162 nostris
3719 3118 3963 3166 contem-

2360 3187 2974 3259 plandusestCltristus,
2999 3202 3053 3248 et
3079 3193 3422 3252 redimendus
3439 3198 3506 3252 de
3536 3200 3769 3268 periculo
3797 3204 3966 3275 capti-

2285 3297 2328 3360 C
2364 3283 2541 3338 vitatis
2588 3285 2803 3354 quinos
2849 3286 3078 3342 redemit
3131 3288 3198 3343 de
3229 3289 3468 3358 periculo
3512 3294 3732 3360 mortis;
3763 3305 3819 3350 ut
3871 3297 3961 3368 qui

2362 3391 2462 3433 nos
2492 3377 2558 3433 de
2601 3377 2800 3433 diaboli
2826 3378 3068 3437 faucibus
3108 3383 3275 3451 exuit,
3305 3399 3446 3440 nunc
3476 3384 3591 3456 ipse
3632 3389 3722 3459 qui
3780 3401 3963 3448 manet

2361 3469 2640 3526 ethabitat
2664 3471 2714 3525 in
2743 3472 3015 3552 nobis,_de
3045 3473 3396 3531 barbarorum
3429 3479 3678 3536 manibus
3714 3494 3958 3552 exuatur,

2360 3570 2416 3616 et
2442 3561 2732 3618 redimatur
2764 3550 3064 3621 nummaria
3111 3568 3409 3638 quantitate
3444 3574 3534 3642 qui
3566 3587 3665 3629 nos
3693 3589 3853 3632 cruce
3878 3550 3964 3632 re-

2361 3654 2528 3710 demit
2572 3665 2624 3712 et
2676 3658 2969 3728 sanguine;
3028 3660 3116 3731 qui
3168 3661 3370 3717 idcirco
3412 3663 3528 3720 lucc
3582 3667 3694 3721 fieri
3751 3669 3962 3725 interim

2362 3750 2561 3820 patitur
2583 3760 2643 3804 ut
2683 3749 2814 3806 fides
2837 3760 3022 3807 nostra
3052 3761 3286 3810 tentetur
3312 3770 3380 3810 an
3412 3755 3571 3813 faciat
3593 3759 3963 3832 unusquisque

2362 3853 2459 3912 pro
2488 3842 2658 3898 altero
2692 3843 2834 3914 quod
2864 3859 2960 3914 pro
2991 3859 3051 3900 se
3072 3845 3186 3901 fieri
3217 3846 3398 3917 vellet,
3440 3849 3483 3904 si
3512 3851 3652 3921 apud
3707 3853 3962 3911 barbaros

2362 3941 2638 3992 teneretur
2661 3937 2774 4008 ipse
2803 3937 3065 4008 captivus.
3096 3939 3226 4008 Quis
3270 3941 3439 4009 enim,
3487 3959 3594 3999 non
3614 3943 3962 4006 humanitatis

2361 4041 2570 4083 memor
2598 4036 2653 4083 et
2674 4037 2873 4084 mutum
2895 4028 3198 4086 dilectionis
3223 4030 3551 4102 admonitus,
3600 4035 3646 4090 si
3678 4044 3828 4106 pater
3854 4047 3958 4108 est,

2361 4122 2468 4178 illic
2487 4137 2608 4178 esse
2634 4137 2778 4179 nunc
2823 4123 2964 4181 ﬁlios
2995 4139 3121 4180 suos
3149 4135 3440 4196 computet,
3488 4129 3533 4182 si
3573 4130 3798 4186 maritus
3854 4145 3959 4201 est,

2362 4233 2582 4277 uxorem
2608 4233 2760 4274 suam
2791 4219 2899 4276 illic
2915 4222 3178 4293 captivam
3211 4220 3381 4278 teneri
3408 4237 3532 4279 cum
3554 4223 3740 4281 dolore
3763 4229 3963 4297 pariter

2359 4329 2424 4370 ae
2452 4315 2655 4386 pudore
2693 4317 2884 4373 vinculi
2911 4320 3168 4376 maritalis
3205 4320 3510 4377 existimet?
3538 4320 3780 4390 Quantus
3830 4338 3960 4379 vero

2360 4410 2660 4464 communis
2691 4411 2942 4466 omnibus
2973 4412 3126 4469 nobis
3155 4427 3359 4470 maeror
3384 4424 3545 4485 atque
3575 4416 3842 4471 cruciatus
3879 4423 3963 4471 est

2360 4499 2428 4556 de
2449 4502 2691 4572 periculo
2717 4502 2981 4575 virginum
3009 4521 3129 4576 quas
3163 4506 3272 4563 illic
3315 4515 3570 4563 tenentur
3599 4508 3611 4561 !
3645 4523 3743 4578 pro
3769 4507 3962 4579 quibus

2360 4605 2466 4646 non
2497 4601 2702 4648 tantum
2761 4593 3046 4664 libertatis,
3079 4597 3173 4652 sed
3201 4608 3254 4653 et
3295 4598 3517 4668 pudoris
3550 4599 3755 4670 jactura
3805 4600 3962 4671 plan-

2277 4702 2332 4762 D
2359 4684 2530 4756 genda
2557 4697 2661 4755 est,
2691 4697 2919 4745 nectam
2942 4689 3152 4746 vincula
3198 4690 3548 4748 barbarorum
3599 4708 3759 4764 quam
3807 4694 3959 4748 leuo-

2359 4793 2488 4832 num
2508 4786 2564 4833 et
2586 4778 2921 4850 lupanarium
2944 4790 3128 4851 stupra
3160 4781 3405 4839 deﬂenda
3436 4792 3580 4854 sunt,
3613 4801 3682 4840 ne
3723 4786 3960 4842 membra

2357 4868 2575 4927 Christo
2620 4872 2797 4929 dicata
2850 4883 2904 4931 et
2960 4873 3012 4929 in
3058 4883 3319 4931 aeternum
3372 4877 3717 4934 continentiae
3758 4877 3963 4937 honoro

1887 4995 2128 5054 STEPH.
2173 4999 2445 5060 BALUZII
2480 5005 2709 5063 ΝΟΤΔΕ.

710 5140 780 5174 ⁸⁷⁰
821 5140 1002 5196 Ειηετ.
1026 5153 1114 5192 Lx.
1145 5132 1391 5205 ——Angli
1414 5134 1562 5189 aiunt
1605 5134 1740 5189 hanc
1785 5133 2065 5204 epistolam
2087 5137 2252 5192 raris-

646 5214 784 5269 sime
812 5226 1096 5266 oceurrere
1119 5210 1168 5262 in
1198 5206 1434 5276 antiquis
1457 5205 1860 5275 exemplaribus
1886 5214 1939 5260 et
1963 5220 2022 5276 se
2047 5208 2246 5276 nullum

648 5283 849 5339 vidisse
889 5285 940 5337 in
973 5297 1078 5352 quo
1131 5295 1202 5352 ea,
1237 5275 1597 5352 reperiretur;
1635 5278 1745 5347 Ego
1783 5275 2154 5352 unumubabui
2183 5295 2250 5334 ex

644 5347 1005 5410 monasterio'
1037 5351 1208 5407 sancti
1264 5349 1502 5420 Dionysii
1564 5347 1869 5420 Bonnensis.
1939 5348 2247 5416 Caeterum,

645 5440 965 5496 quamquam
995 5423 1139 5478 nulla
1163 5418 1542 5496 episcopdrutn
1565 5418 2036 5496 Numidia-ineque
2065 5435 2245 5475 rerum

643 5491 1043 5553 Numidicarum
1090 5493 1294 5548 mentio
1318 5491 1496 5549 ekstet
1521 5491 1572 5545 in
1621 5491 1717 5546 hac
1765 5491 1990 5561 cpistola
2018 5529 2033 5552 .
2067 5501 2244 5547 tamen

643 5570 899 5638 scriptam
923 5582 1042 5645 esse
1067 5566 1134 5620 ad
1158 5564 1441 5645 episcppos
1467 5561 1834 5645 Numidasnut
1859 5565 2242 5645 recte‘ccnsuit

641 5636 829 5696 auctor
857 5637 1124 5694 annalium
1159 5636 1603 5708 Cyprianicorum
1625 5675 1638 5700 ,
1661 5636 1797 5708 satis
1825 5640 2131 5708 constatex
2160 5636 2242 5708 in-

643 5711 1075 5787 scriptionequae
1103 5702 1279 5787 essiat
1299 5707 1350 5787 in
1396 5706 1632 5787 editione
1661 5703 1984 5787 Manutiana,
2013 5702 2103 5758 ubi
2132 5707 2241 5773 pri-

643 5777 792 5856 mum
823 5777 1038 5856 prodiit,
1069 5786 1123 5856 e_t
1147 5780 1200 5833 in
1227 5777 1412 5834 codice
1430 5777 1725 5856 Remepsi,
1753 5784 1862 5856 tum
1888 5777 2152 5856 etiamoea
2174 5791 2240 5856 eo

644 5852 789 5926 quod
825 5845 887 5909 in
912 5850 1151 5923 Epistola
1185 5864 1351 5922 uxu,
1391 5863 1514 5921 pag.
1559 5845 1686 5919 128,
1713 5847 1867 5904 istius
1895 5846 2100 5906 mentio
2119 5847 2240 5906 fieri

2353 5141 2567 5222 videtur
2597 5144 2682 5200 his
2711 5147 2934 5222 verbis;
2962 5145 3094 5222 Item
3123 5149 3176 5203 in
3205 5149 3389 5203 litteris
3413 5165 3543 5220 quas
3567 5147 3777 5222 collega:
3799 5149 3961 5207 nostri

2353 5213 2421 5295 ad
2466 5217 2734 5295 episcopos
2779 5219 2854 5295 in_
2881 5217 3132 5295 Numidia
3182 5213 3511 5295 prgsidetites
3551 5234 3669 5276 ante
3696 5213 3968 5295 Tecerunt.’

2355 5284 2574 5364 Eisdem
2595 5284 2814 5364 quoque
2844 5291 3099 5364 inscripta
3125 5284 3208 5347 est
3232 5291 3472 5360 Epistola
3506 5309 3670 5349 Lxxu.
3691 5284 3959 5364 Scriptam

2352 5371 2473 5434 esse
2496 5357 2931 5434 nihijominusad
2961 5357 3243 5433 episcopos
3268 5357 3598 5420 Mauritania:
3625 5357 3828 5434 putavii
3855 5367 3960 5420 lla-

2351 5425 2569 5508 drianus
2596 5429 2814 5508 Saravia
2843 5433 2895 5486 in
2913 5425 3094 5508 capite
3120 5425 3177 5490 ﬂ
3208 5444 3463 5491 tractatus
3487 5437 3552 5491 de
3580 5425 3790 5492 Honore
3819 5453 3958 5508 pra:-

2350 5499 2545 5573 sulibus
2568 5512 2613 5555 et
2643 5503 2948 5573 presbyteris
2973 5499 3161 5562 debito.

2346 5571 2738 5696 asgaptivitate.
2771 5571 2814 5630 l'.
2834 5604 2906 5614 —
2931 5575 3061 5633 Vide
3079 5577 3304 5634 Annales
3331 5578 3631 5652 Cyrianicos
3655 5581 3722 5636 ad
3753 5597 3952 5638 annum

2422 5659 2472 5696 ο.

2346 5659 2472 5696 200.

2420 5712 2483 5769 ll.
2511 5716 2823 5778 -—-Pudore.
2845 5717 3034 5778 Codex
3066 5720 3377 5795 Remensis,
3395 5740 3456 5781 ac
3482 5724 3671 5782 vinculi
3703 5723 3955 5780 maritalis

2345 5799 2536 5841 amore.

2464 5803 2517 5843 re
2522 5829 2536 5845 ο
