4332 6292
421 319 527 375 561

1829 308 2161 371 EPISTULA
2201 310 2335 370 LXI.

3618 315 3730 376 362

427 432 619 504 pudica
650 428 852 485 virtute
904 426 1097 485 devota
1143 424 1515 483 insultantium
1571 421 1792 481 libidine
1816 435 1872 482 et
1897 441 2026 481 con-
2051 429 2104 488 Α
2132 424 2348 492 fuerint,
2405 425 2634 483 libenter
2683 434 2738 483 et
2774 427 2994 500 largiter
3045 427 3282 487 subsidia
3325 436 3602 501 pratstare.
3652 433 3727 490 Ut

425 526 640 598 tagione
666 522 951 580 foedentur.

501 617 588 674 Ill.
618 617 750 686 Qua:
777 616 956 670 omnia
989 615 1128 680 istic,
1150 613 1664 675 secundumlitteras
1679 612 2028 680 vestras,fra-

425 698 651 768 ternitas
707 720 890 764 nostra
963 710 1208 780 cogitans
1275 717 1330 764 ct
1403 708 1648 764 dolenter
1691 708 2024 776 examinans,

427 814 674 877 prompte
696 818 888 858 omnes
914 810 970 858 et
998 801 1226 859 libenter
1249 817 1315 858 ac
1343 801 1563 873 largiter
1589 802 1825 858 subsidia
1868 817 2025 856 num-

426 899 595 954 maria
622 896 876 952 fratribus
900 894 1264 962 coutulerunt,
1321 909 1537 966 semper
1574 894 1790 966 quidem
1831 909 2027 951 secun-

424 991 555 1048 dum
585 989 707 1044 ﬁdei
733 1003 846 1044 sua:
878 988 1184 1043 ﬁrmitatem
1237 987 1305 1042 ad
1332 1002 1469 1058 opus
1523 987 1616 1043 Dei
1648 987 1826 1058 proni,
1885 1003 2027 1043 nunc

423 1094 604 1141 tamen
633 1083 802 1154 magis
826 1081 893 1137 ad
922 1096 1085 1151 opera
1112 1081 1368 1136 salutaria
1407 1081 1864 1150 contemplatione
1895 1080 2028 1136 tanti

425 1175 629 1234 doloris
653 1173 888 1228 accensi.
917 1171 1073 1239 Nam,
1097 1186 1220 1227 cum
1246 1171 1504 1226 Dominus
1536 1172 1588 1226 in
1619 1169 1910 1241 Evangelio
1930 1185 2028 1226 suo

425 1270 591 1336 dicat,
625 1267 877 1337 Inﬁrmus
901 1266 1000 1338 fui.
1040 1272 1085 1320 et
1109 1264 1352 1320 visitastis
1374 1279 1474 1330 me,
1497 1273 1696 1334 quanto
1722 1276 1867 1317 nunc
1891 1274 2027 1332 quo-

425 1379 528 1436 que
555 1378 676 1418 cum
711 1361 916 1432 majore
944 1359 1124 1430 operis
1153 1358 1322 1414 nostri
1367 1355 1617 1413 mercede
1641 1356 1880 1412 dicturus
1905 1365 1986 1412 est
2009 1375 2023 1409 :

429 1446 672 1528 Captivus
724 1455 821 1526 fui,
853 1463 898 1509 et
924 1453 1205 1508 redemistis
1230 1468 1310 1507 me
1339 1449 1566 1524 (Matth.
1600 1465 1739 1517 xxv,
1797 1448 1913 1520 56).
1961 1449 2030 1504 Et

427 1567 550 1608 cum
578 1551 758 1607 denuo
791 1548 955 1615 dicat,
1009 1545 1078 1602 In
1124 1561 1325 1601 carcere
1353 1545 1452 1616 fui,
1505 1555 1553 1599 et
1581 1533 1787 1599 uenistis
1830 1542 1898 1596 ad
1926 1558 2022 1610 me,

430 1656 632 1718 quanto
649 1645 769 1715 plus
784 1651 868 1699 est
881 1657 1003 1698 cum
1017 1639 1243 1712 ctepcrit
1255 1639 1466 1696 dicere:
1489 1656 1509 1690 ι
1535 1637 1594 1693 ιιι
1615 1651 1831 1693 carcere
1853 1637 2026 1708 capti-

433 1740 616 1795 vitatis
644 1738 736 1805 fui,
761 1747 812 1794 et
843 1737 1058 1793 clausus
1087 1743 1143 1791 et
1170 1735 1379 1790 vinctus
1403 1732 1544 1804 apud
1575 1733 1834 1790 barbaros
1857 1732 2023 1803 jacui,

435 1844 492 1892 et
515 1834 582 1889 de
597 1847 812 1889 carcere
829 1830 922 1886 illo
943 1829 1216 1886 servitutis
1233 1827 1502 1883 liberastis
1519 1841 1628 1893 me,
1645 1847 1664 1880 ι
1689 1843 1810 1883 cum
1833 1825 2018 1898 judicii
2051 1825 2102 1887 B

432 1927 552 1984 dies
569 1925 773 1982 venerit
799 1922 1078 1996 praemium
1105 1921 1173 1978 de
1197 1921 1428 1976 Domino
1453 1919 1764 1991 recepturi?
1787 1919 2028 1990 Denique

429 2023 689 2078 maximas
719 2018 870 2074 vobis
899 2017 1096 2090 gratias
1133 2015 1341 2086 agimus
1369 2012 1513 2085 quod
1552 2028 1653 2069 nos
1696 2020 1890 2068 vestrae
1913 2012 2023 2068 sol-

430 2113 723 2172 licitudinis
765 2119 821 2166 et
859 2119 966 2165 tam
1012 2108 1167 2164 bona:
1213 2121 1277 2162 ac
1329 2106 1652 2162 necessaria:
1701 2105 2029 2177 operationis

431 2209 719 2280 participes
762 2220 883 2262 esse
913 2203 1181 2266 voluistis,
1231 2211 1290 2257 ut
1337 2199 1608 2258 ofl‘erretis
1666 2200 1820 2256 nobis
1871 2214 2030 2272 agros

429 2303 645 2370 uberes,
693 2301 746 2356 in
795 2299 988 2372 quibus
1035 2299 1150 2370 spei
1189 2303 1388 2352 nostra
1430 2295 1637 2351 semina
1669 2295 2028 2362 mitteremus,

429 2396 762 2466 expectaturi
786 2408 1018 2450 messem
1043 2393 1112 2450 de
1142 2390 1488 2462 amplissimis
1523 2389 1784 2445 fructibus
1821 2390 1910 2460 qui
1962 2389 2032 2445 de

430 2489 533 2545 hac
560 2488 766 2547 caelesti
817 2497 871 2543 et
917 2485 1138 2542 salutari
1195 2482 1506 2554 Operatione
1544 2482 1881 2553 proveniunt.
1930 2479 2032 2536 Mi-

428 2583 600 2643 simus
645 2591 824 2639 autem
890 2579 1139 2637 sestertia
1189 2585 1404 2632 centum
1455 2576 1620 2632 millia
1662 2590 2030 2644 nummorum,

430 2693 550 2749 qua:
580 2678 702 2734 istic
731 2677 784 2732 in
814 2675 1042 2732 ecclesia
1079 2674 1166 2729 cui
1199 2671 1268 2727 de
1297 2671 1507 2728 Domini
1545 2671 1873 2742 indulgentia
1896 2685 2035 2742 pra:-

424 2770 783 2836 sumus,cleri
809 2777 863 2824 et
881 2766 1054 2838 plebis
1077 2765 1218 2835 apud
1244 2778 1345 2820 nos
1370 2763 1718 2820 consistentis
1743 2762 2034 2819 collatione

426 2861 662 2920 collecta
713 2867 857 2926 sunt,
903 2872 1025 2929 quae
1063 2870 1162 2912 vos
1201 2854 1310 2910 illic
1357 2869 1457 2925 pro
1509 2864 1690 2911 vestra
1756 2853 2034 2926 diligentia

426 2952 839 3026 dispensabitis.

2129 529 2305 574 autem
2337 519 2530 576 fratres
2569 529 2782 577 nostros
2821 536 2885 577 ac
2927 536 3163 590 sorores,
3196 523 3285 593 qui
3323 522 3390 577 ad
3441 523 3544 578 hoc
3588 539 3728 595 opus

2135 622 2241 667 tam
2266 613 2626 670 necessarium
2651 627 2896 685 prompte
2923 631 2986 672 ac
3031 615 3259 672 libenter
3307 617 3514 688 operati
3565 627 3723 686 sunt,

2131 714 2188 758 ut
2227 719 2442 776 semper
2463 716 2775 777 operentur,
2809 708 2861 762 in
2885 717 3066 764 mente
3091 707 3334 764 habeatis
3378 707 3430 763 in
3461 709 3725 765 orationi-

2131 801 2230 858 bus
2251 804 2466 872 vestris,
2497 813 2551 859 et
2575 807 2655 860 eis
2679 805 2847 860 vicem
2877 804 3004 860 boni
3060 805 3237 876 operis
3278 804 3330 860 in
3373 805 3649 862 sacriﬁciis
3672 815 3730 863 et

2132 895 2384 966 precibus
2427 881 2845 966 reprtnsentetis,
2884 896 3093 952 subdidi
3126 896 3341 952 nomina
3371 896 3726 969 singulorum,

2130 987 2226 1043 sed
2259 998 2310 1043 et
2337 987 2660 1060 collegarum
2693 1005 2904 1061 quoque
2934 999 2988 1045 et
3025 990 3466 1047 consacerdotum
3516 1002 3730 1048 nostro-

2132 1094 2274 1147 rum,
2299 1081 2387 1151 qui
2409 1091 2463 1136 et
2483 1082 2603 1152 ipsi,
2629 1097 2749 1137 cum
2768 1094 3061 1154 praesentes
3081 1093 3282 1148 essent,
3305 1092 3358 1139 et
3372 1099 3472 1138 suo
3487 1095 3540 1139 ct
3562 1087 3734 1155 plebis

2137 1185 2250 1226 sua:
2277 1171 2495 1228 nomine
2517 1173 2762 1243 qumdam
2788 1189 2885 1244 pro
2905 1175 3110 1230 viribus
3129 1174 3492 1241 contulerunt,
3517 1178 3736 1234 nomina

2133 1261 2346 1328 addidi;
2406 1271 2463 1318 et
2511 1274 2708 1335 praeter
2752 1265 3100 1337 quantitatem
3149 1267 3418 1340 propriam
3469 1277 3733 1338 nostram,

2132 1374 2319 1415 eorum
2348 1373 2560 1430 quoque
2599 1363 2896 1418 summulas
2927 1363 3221 1434 signiﬁcavi
3242 1372 3298 1418 et
3328 1363 3470 1429 misi,
3503 1379 3733 1434 quorum

2130 1454 2370 1509 omnium
2398 1454 2690 1510 secundum
2709 1455 2852 1527 quod
2884 1456 3018 1513 ﬁdes
3043 1467 3095 1512 et
3125 1457 3358 1512 charitas
3383 1457 3447 1488 ¹⁰¹
3472 1458 3654 1528 exigit,
3679 1459 3733 1514 in

2131 1547 2464 1604 orationibus
2519 1558 2573 1604 et
2623 1549 2872 1619 precibus
2909 1551 3104 1606 vestris
3148 1550 3456 1605 meminisse
3501 1550 3733 1607 debetis.

2131 1639 2392 1712 Optamus
2415 1655 2533 1708 vos,
2570 1639 2760 1698 fratres
2787 1641 3110 1712 cbarissimi,
3141 1657 3354 1713 semper
3387 1641 3526 1700 bene
3555 1642 3737 1700 valere

2131 1742 2189 1790 et
2216 1735 2388 1791 nostri
2415 1734 2750 1792 meminisse.
3176 1739 3178 1741 ’

2666 1845 2999 1903 EPISTOLA
3038 1845 3176 1904 LXI.

2133 1957 2364 2022 (Erasm.,
2391 1973 2427 2021 t,
2467 1961 2544 2012 to.
2601 1959 2810 2024 Pamel.,
2849 1959 3050 2024 Rigalt.,
3082 1957 3269 2023 Baluz.,
3310 1974 3408 2011 axx.
3451 1959 3626 2024 Paris,
3656 1973 3716 2012 xx

2602 2028 2604 2030 '
2692 2021 2874 2084 Oxum,
2910 2021 3062 2086 Lips.,
3082 2025 3160 2085 tt.)

2492 2123 2560 2162 AD
2581 2121 2948 2171 EUCHRATIUII,
2982 2120 3049 2161 DE
3077 2120 3377 2164 HISTRIONE.

2136 2199 2531 2256 Anconexruu.
2550 2229 2619 2239 ——
2640 2198 2977 2267 Histrionem,
3000 2200 3044 2252 si
3066 2200 3119 2253 in
3146 2201 3283 2270 turpi
3303 2201 3522 2266 arti/icio
3549 2203 3742 2272 persis-

2212 2300 2306 2358 tat,
2348 2292 2725 2347 communicare
2754 2293 2982 2364 prohibet
3027 2295 3082 2347 in
3119 2294 3348 2349 ecclesia.
3403 2293 3584 2367 Neque
3625 2311 3743 2350 vero

2213 2386 2446 2440 excusari
2473 2386 2654 2440 debere
2704 2387 2841 2456 quod
2866 2387 2975 2457 ipse
3000 2387 3346 2442 histrionicum
3365 2404 3466 2442 non
3489 2399 3738 2456 exerceat,

2214 2471 2459 2542 quamdiu
2484 2471 2630 2527 illam
2655 2473 2786 2526 alios
2816 2471 2984 2538 docet;
3030 2481 3117 2527 aut
3145 2474 3205 2527 ob
3231 2474 3305 2526 rei
3335 2474 3605 2545 familiaris
3635 2475 3741 2529 inoo

2204 2565 2364 2635 piam,
2393 2580 2508 2618 cunt
2549 2564 2772 2620 ecclesia:
2818 2564 3100 2635 sumptibus
3130 2563 3211 2618 illi
3236 2564 3477 2619 alimenta
3507 2565 3740 2636 prtestari

2210 2659 2441 2728 possint;
2466 2668 2615 2728 atque
2638 2659 2788 2722 adeo,
2818 2658 2864 2712 si
2891 2657 3137 2713 Ecclesia:
3164 2656 3430 2712 Euchratii
3467 2658 3596 2713 bona
3637 2674 3740 2714 non

2211 2750 2494 2818 sufficiant,
2523 2749 2882 2822 Carthaginem
2904 2759 3072 2805 monet
3099 2759 3154 2804 ut
3178 2751 3364 2805 veniat.

2210 2863 2254 2918 Ι.
2283 2861 2586 2934 Cyprianus
2622 2863 2914 2921 Euchratio
2944 2864 3096 2921 fratri
3149 2865 3398 2922 salutem.
3434 2868 3538 2923 Pro
3569 2867 3737 2925 dilec-

2141 2955 2288 3011 tione
2340 2963 2525 3010 mutua
2577 2963 2634 3012 et
2675 2956 2998 3013 verecundia
3047 2966 3160 3025 tua,
3199 2958 3589 3014 consulendum
3651 2974 3740 3015 me

500 3047 589 3104 IV.
617 3047 684 3102 Et
701 3055 949 3117 optamus
975 3044 1191 3116 quidem
1216 3044 1349 3100 nihil
1373 3044 1479 3100 tale
1495 3043 1563 3100 de
1588 3052 1787 3100 caetero
1823 3042 1942 3100 ﬁeri
1981 3051 2038 3099 et
2139 3047 2480 3116 existimasti,
2511 3046 2680 3104 frater
2710 3049 3048 3117 charissima,
3091 3049 3216 3121 quid
3244 3048 3374 3104 mihi
3405 3049 3646 3105 videatur
3670 3051 3742 3106 de

429 3137 626 3196 fratres
652 3147 888 3204 nostros,
918 3137 1126 3193 Domini
1159 3136 1440 3207 majestate
1472 3144 1765 3208 protectos,
1787 3134 1858 3190 ab
1885 3133 2034 3204 ejus-
2140 3127 2934 3215 histrionequodam,qui,apud
2951 3141 3403 3210 vosconstitutus,
3424 3144 3475 3198 in
3495 3143 3739 3214 ejusdem

432 3231 579 3289 modi
608 3229 858 3302 periculis
882 3229 1180 3285 incolumes
1203 3228 1490 3285 reservari.
1525 3226 1581 3284 Si
1607 3237 1806 3295 tamen,
1840 3225 1909 3282 ad
1939 3241 2036 3282 ex-
2063 3223 2109 3288 C
2141 3279 2143 3289 λ

2027 3254 2036 3266 ·
2063 3223 2109 3288 C
2141 3237 2317 3296 adhuc
2340 3239 2471 3295 artis
2497 3254 2610 3296 sua:
2632 3239 2900 3298 dedecore
2937 3249 3266 3312 perseverat,
3293 3249 3347 3297 et
3386 3239 3640 3310 magister
3682 3246 3738 3295 et

435 3321 748 3396 plorandam
781 3322 950 3377 nostri
977 3320 1142 3376 animi
1171 3320 1490 3377 charitatem
1530 3331 1585 3376 et
1618 3318 2030 3376 examinandam
2135 3350 2146 3387 ε

2024 3339 2030 3374 ι
2135 3332 2324 3390 doctor
2358 3349 2464 3391 non
2511 3335 2926 3391 erudiendorum
2953 3337 3050 3392 sed
3100 3333 3496 3406 perdendorum
3535 3348 3735 3403 puero-

437 3417 604 3474 nostri
657 3415 890 3486 pectoris
943 3413 1126 3482 ﬁdem,
1163 3414 1268 3470 tale
1293 3413 1492 3485 aliquid
1530 3413 1806 3480 acciderit,
1864 3413 2033 3470 nolite
2135 3441 2277 3492 mm,
2311 3425 2362 3482 id
2393 3426 2536 3498 quod
2564 3426 2705 3483 male
2729 3426 2918 3483 didicit
2959 3426 3173 3484 exteris
3217 3441 3432 3498 quoque
3461 3426 3732 3493 insinuat,

434 3508 673 3567 cunctari
695 3508 940 3564 nuntiare
970 3508 1085 3564 hare
1117 3507 1270 3563 nobis
1292 3507 1486 3564 litteris
1510 3508 1729 3576 vestris,
1758 3523 1858 3580 pro
1879 3518 2031 3565 certo
2131 3531 2200 3573 an
2234 3518 2353 3574 talis
2381 3518 2578 3576 debeat
2614 3519 3014 3576 communicare
3063 3517 3363 3575 nobiscum,
3406 3517 3560 3588 Quod
3607 3527 3737 3588 pulo

433 3603 695 3660 habentes
741 3601 1021 3660 ecclesiam
1071 3612 1311 3660 nostram
1359 3615 1414 3661 et
1469 3603 1856 3661 fraternitatem
1909 3605 2030 3662 istic
2131 3624 2232 3682 ego
2258 3625 2360 3668 nec
2386 3612 2649 3682 majestati
2678 3612 2876 3668 divinae
2923 3626 3024 3668 nec
3079 3611 3400 3682 evangelicae
3438 3611 3738 3681 disciplina:

434 3700 736 3756 universam
765 3713 833 3754 ne
859 3697 975 3754 haec
1005 3697 1142 3754 ultra
1173 3699 1303 3756 ﬁant
1322 3699 1573 3772 precibus
1594 3715 1773 3768 orare;
1802 3701 1847 3756 si
1889 3700 2028 3757 facta
2129 3717 2448 3776 congruere,
2479 3712 2540 3760 ut
2565 3703 2736 3776 pudor
2774 3712 2832 3760 et
2858 3704 3033 3760 honor
3062 3703 3316 3760 Ecclesiae
3363 3712 3469 3758 tam
3503 3703 3640 3772 turpi
3679 3713 3740 3762 et

1661 3817 1901 3876 STEPH.
1947 3817 2220 3878 BALUZII
2256 3816 2485 3882 ΝΟΤῶ.

508 3934 943 3995 lli.——Sestertia.
971 3934 1148 3991 Secuti
1177 3949 1363 3991 sumus
1391 3933 1509 3991 heic
1529 3933 1816 3990 editionem
1845 3933 2031 3989 Manu-

435 4009 495 4066 tii
515 4052 531 4076 ,
563 4008 782 4064 Pamelii
805 4047 818 4068 .
850 4016 904 4062 et
933 4007 1167 4077 Rigaltii.
1199 4007 1364 4078 Angli
1392 4014 1688 4078 posuerunt
1713 4005 2027 4076 sestertium,

434 4081 529 4138 sed
559 4080 760 4148 absque
801 4078 966 4133 ullius
999 4078 1191 4134 vetusti
1231 4077 1433 4134 codicis
1484 4080 1788 4144 mentione,
1823 4087 2028 4134 tantum

433 4151 558 4223 quia
594 4149 854 4223 Rigaltius
877 4160 1159 4223 monuerat
1190 4149 1260 4204 ita
1288 4148 1628 4223 scribendum
1655 4163 1798 4216 esse,
1825 4158 1881 4205 et
1905 4164 2030 4220 pro-

433 4220 880 4293 pterganalogiam
925 4221 1208 4293 sermonis,
1239 4235 1361 4276 cum
1387 4220 1585 4293 scirent
1607 4228 1821 4275 veteres
1845 4229 2030 4293 aucto-

433 4291 525 4348 res
565 4291 760 4362 linguae
790 4291 968 4345 latinae
991 4291 1232 4348 scribere
1266 4291 1546 4346 sestertium
1571 4291 1624 4346 in
1655 4306 1880 4346 numero
1910 4291 2025 4360 plu-

433 4363 559 4419 rali.
591 4361 746 4428 Quod
786 4371 963 4432 tamen
1011 4379 1117 4417 non
1161 4378 1282 4418 esse
1323 4375 1537 4432 semper
1571 4377 1754 4417 verum
1799 4362 2027 4432 probant

434 4433 558 4488 base
599 4432 761 4487 verba
810 4431 1100 4502 Sosipatris
1145 4432 1377 4489 Charisii
1422 4430 1456 4488 ς’
1478 4430 1588 4488 Nec
1618 4430 1816 4487 statinf
1841 4433 2026 4488 centies

435 4519 702 4560 nummum
738 4502 901 4556 dicere
926 4520 1193 4574 possumus
1211 4546 1226 4570 ,
1253 4505 1344 4560 sed
1369 4505 1553 4558 centies
1589 4503 1873 4559 sestertium
1898 4519 2028 4560 :nec

437 4587 604 4648 tamen
629 4575 993 4648 quinquaginta
1012 4577 1316 4648 sestertium,
1346 4576 1435 4648 sed
1459 4575 1822 4648 quinquaginta
1847 4585 2030 4632 sester-

437 4649 508 4702 tia
536 4644 767 4701 dicimus.
798 4644 1073 4702 Juvenalis
1103 4646 1276 4703 Satira
1308 4644 1479 4716 prima
1501 4665 1514 4699 :

562 4735 853 4800 Simplexoe
879 4735 1020 4788 furor
1041 4739 1276 4789 sestertia
1297 4743 1496 4789 centum

567 4799 809 4849 Perdere.

440 4861 512 4918 Et
541 4861 712 4918 Satira
741 4872 930 4931 quarta
957 4877 972 4915 :

689 4959 752 4969 -—
776 4931 982 4982 Mullum
1007 4946 1096 4984 sex
1121 4933 1335 4984 millibus
1357 4933 1479 4984 emit

652 4993 952 5057 Equantem
967 5009 1089 5046 sane
1112 4997 1312 5060 paribus
1333 4997 1564 5047 sestertia
1588 4994 1752 5047 libris.

436 5076 506 5110 ⁸⁸η
537 5077 673 5134 Vide
699 5077 944 5134 Lambini
975 5080 1338 5136 Annotationes
1359 5081 1410 5135 in
1437 5079 1741 5136 Orationem
1759 5078 2033 5138 Ciceronis

439 5164 542 5220 pro
590 5150 719 5205 Sex.
766 5150 962 5207 Roscio
983 5152 1260 5218 Amerino,
1284 5160 1338 5207 et
1385 5151 1644 5208 Joannem
1667 5151 1972 5208 Tristanum
2001 5167 2032 5207 a

439 5229 627 5294 sancto
656 5222 906 5294 Amantio
923 5231 962 5276 t.
976 5237 1027 5294 tt
1048 5223 1553 5294 commentariorum
1571 5238 1814 5291 suorum,
1833 5239 1882 5294 p.
1901 5222 2031 5280 576.

440 5289 577 5347 Vide
604 5293 764 5347 etiam
792 5292 1104 5359 Baronium,
1133 5309 1274 5349 anno
1301 5293 1429 5355 254.
1461 5295 1561 5349 sub
1591 5295 1772 5349 tinem.

496 5363 602 5445 ,Νι
629 5394 700 5404 -—
716 5363 824 5420 Pro
849 5373 985 5420 certo
1014 5364 1272 5422 habentes.
1304 5365 1484 5422 Codex
1511 5365 1794 5423 Remensis
1814 5365 1964 5422 addit
1989 5373 2035 5419 et

434 5444 668 5490 scientes.

512 5503 698 5560 EPtS‘l‘.
755 5522 860 5562 ιιι.
913 5536 986 5548 -
1031 5506 1181 5564 Hanc
1229 5507 1510 5578 epistolam
1568 5508 1743 5564 inveni
1797 5509 1848 5565 in
1904 5521 2035 5564 χχιιι

438 5578 841 5650 exemplaribus
862 5580 1115 5648 antiquis.
1143 5581 1279 5650 Sunt
1299 5595 1428 5635 vero
1455 5581 1705 5636 nonnulla
1729 5595 1792 5636 ex
1827 5580 1891 5635 iis
1917 5595 2036 5650 quae

439 5660 644 5702 nomen
681 5648 953 5704 Euchratii
989 5652 1133 5706 varie
1177 5649 1435 5706 referunt.
1485 5651 1684 5707 Verum
1712 5651 1825 5708 fere
1859 5648 2038 5707 omnia

2135 3933 2336 4009 Iheuis
2357 3943 2534 4009 autem
2561 3935 2646 4009 vel
2669 3934 2976 4009 Titenarutn
3003 3933 3349 4009 coloniaerat
3376 3936 3429 3992 in
3458 3939 3732 4009 provincia

2135 4004 2411 4133 aByzaEesua
2439 4006 2577 4062 haud
2608 4007 2794 4078 procul
2824 4007 2892 4062 ab
2922 4005 3083 4064 Usula
3105 4048 3121 4074 ,
3151 4007 3228 4062 uti
3257 4004 3472 4064 dictum'
3490 4022 3573 4067 est
3597 4012 3732 4070 alias

2197 4093 2265 4133 no
2310 4097 2321 4132 ι
2361 4118 2373 4130 .

2133 4091 2165 4131 a
2197 4091 2373 4134 DODIS.

2206 4147 2433 4223 l._—Pro
2446 4149 2729 4223 dilectione.
2745 4145 2928 4223 Codex
2958 4147 3306 4223 C_arnoten_sis
3337 4150 3572 4223 itemque
3597 4153 3729 4210 Bec-

2133 4219 2312 4276 censis
2340 4229 2396 4276 et
2421 4219 2584 4275 editio
2613 4219 2839 4276 Morellii
2870 4220 3318 4292 praeferuntsz
3341 4219 3610 4280 dilectione
3639 4238 3728 4281 tua

2133 4301 2181 4346 et
2207 4291 2509 4346 verecundia
2537 4301 2732 4346 mutua.

2201 4361 2482 4418 Histrione.
2508 4362 2713 4431 Quaerit
2744 4362 3057 4420 Plutarchus
3095 4365 3145 4418 in
3173 4363 3309 4420 libro
3331 4365 3394 4419 de
3423 4364 3730 4430 Quazstioni-

2130 4433 2221 4488 bus
2243 4434 2489 4560 {immanis
2503 4450 2600 4491 cur
2615 4433 2816 4491 scenici
2844 4435 3079 4492 artiﬁces
3112 4434 3320 4491 Baccho
3343 4436 3480 4491 sacri
3512 4437 3732 4493 histrio-

2130 4520 2226 4560 nes
2290 4515 2514 4560 tcantur.

2129 4520 2226 4561 nes
2251 4515 2514 4561 dicantur.

2207 4574 2455 4648 Magister
2477 4586 2525 4632 et
2553 4575 2759 4631 doctor:
2777 4575 2830 4632 id
2848 4585 2930 4632 est
2944 4575 3133 4648 doctor
3151 4577 3344 4632 artium
3377 4577 3724 4648 ludicrarum,

2138 4655 2200 4703 ut
2226 4648 2280 4702 in
2306 4647 2447 4703 libro
2477 4665 2568 4703 xtv
2599 4649 2829 4718 loquitur
2859 4647 3174 4718 Ammianus
3201 4647 3558 4705 Marcellinus.
3592 4647 3726 4707 Lac-

2143 4720 2343 4790 tantius
2369 4721 2420 4774 in
2446 4717 2682 4790 Epitome
2705 4718 3006 4790 Divinarum
3027 4717 3424 4774 lnstitutiouum
3445 4762 3460 4783 .
3493 4736 3541 4776 c.
3565 4738 3723 4778 Lxut:

2146 4788 2446 4846 Histrionici
2475 4788 2626 4863 etiam
2644 4789 2896 4863 impudici
2924 4799 3113 4863 gestus,
3140 4791 3317 4863 quibus
3343 4793 3557 4862 infantes
3580 4795 3729 4863 femi-

2142 4878 2237 4934 nas
2255 4863 2545 4934 imitantur,
2564 4860 2796 4916 libidines
2813 4877 2938 4934 quas
2949 4861 3194 4934 saltando
3213 4860 3501 4934 exprimunt
3526 4860 3727 4920 docent.

2141 4931 2278 4990 Vide
2306 4934 2466 4990 etiam
2494 4932 2586 4987 lib.
2625 4947 2712 4995 vt,
2745 4930 2878 5001 cap.
2904 4930 2995 4986 20.
3022 4931 3257 4997 Tacitus,
3277 4930 3344 4988 'in
3377 4935 3466 4990 lib.
3498 4950 3515 4990 ι
3547 4937 3728 4992 Anna-

2140 5003 2271 5060 lium
2306 5021 2320 5058 :
2358 5001 2485 5057 Erat
2528 5003 2585 5056 in
2619 5000 3157 5075 castris’_Percennius
3196 5004 3434 5075 quidam,
3474 5005 3581 5061 dua:
3605 5007 3728 5062 olim

2139 5075 2464 5130 theatralium
2488 5089 2789 5146 onerarum,
2809 5073 2927 5146 dein
2945 5073 3388 5146 gregarius'miles,
3418 5093 3609 5146 procax
3627 5079 3731 5133 lin-

2135 5163 2259 5218 gua,
2287 5157 2333 5200 et
2347 5146 2564 5218 miscere
2589 5155 2745 5199 caelus
2769 5144 3052 5218 histrionali
3078 5145 3245 5218 studio
3269 5144 3464 5202 doctus.
3497 5147 3642 5202 Idem
3673 5150 3726 5204 in

2136 5215 2274 5274 libro
2293 5215 2696 5288 "Historiarum
2723 5216 2911 5272 scribit
2932 5216 3182 5288 habuisse
3209 5217 3473 5274 Vitellium
3503 5221 3640 5288 apud
3667 5237 3728 5276 se

2137 5303 2373 5349 scurras.
2397 5286 2706 5349 histriones,
2733 5297 2785 5342 et
2814 5289 3046 5359 aurigas,
3072 5287 3254 5359 quibus
3279 5290 3366 5344 ille
3386 5286 3729 5346 amicitiarum

2137 5359 2590 5430 dehonestamentis
2615 5360 2741 5430 mire
2763 5359 3033 5430 gaudebat.

2213 5429 2393 5507 Gestus
2436 5439 2624 5507 turpes.
2661 5429 2791 5485 Vide
2828 5429 3255 5501 Theodoretum,
3282 5431 3377 5489 lib.
3405 5449 3478 5504 tv,
3508 5451 3626 5507 cap.
3659 5436 3732 5492 22

2140 5501 2386 5557 Historia:
2412 5501 2681 5568 religione.

2214 5572 2506 5650 Magisterio
2523 5571 2791 5650 impudica:
2807 5572 2952 5650 artis.
2978 5571 3311 5650 Apuleiusﬁn
3329 5576 3578 5650 Apologia
3598 5593 3692 5635 sua
3711 5594 3731 5638 :

2144 5645 2199 5701 Ν
2203 5654 2383 5719 egetur
2406 5642 2538 5697 enim
2561 5643 2829 5714 quicquam
2859 5644 3118 5700 histrionis
3145 5642 3384 5702 habuisse
3416 5642 3602 5719 priter
3626 5653 3726 5705 int-

438 5714 554 5794 hab
570 5727 663 5794 ent
682 5719 762 5794 uti
780 5735 876 5794 nos
896 5721 1182 5794 edidimus.
1207 5721 1529 5794 Eucltratius
1549 5724 1830 5794 episcopus
1849 5738 1880 5778 a
1902 5721 2046 5778 The—
2146 5714 2464 5794 pudicitiam.

444 5790 546 5854 nis
597 5791 838 5849 interfuit
877 5792 1106 5848 concilio
1147 5792 1555 5866 Cartltaginensi
1583 5790 2042 5867 ‘sub'Cypriano.

838 5883 1118 5950 PATBOL.
1164 5883 1265 5952 Ν.
1313 5883 1375 5946 S.
1430 5884 1736 5950 Cvrman.

2224 5785 2375 5857 Quod
2393 5795 2517 5860 puto
2542 5800 2654 5859 ego.
2686 5783 2876 5846 Nescio
2899 5799 3004 5863 qua
3031 5785 3240 5845 ratione
3265 5801 3440 5850 motus
3466 5791 3735 5856 Pameiius

3224 5881 3304 5948 12
