4250 6282
500 280 612 341 563
1908 280 2046 343 om
2082 282 2404 347 curatam
3663 300 3814 367 ,θοι

462 472 467 475 _
501 396 686 455 infami
713 395 1028 491 contagione
1045 394 1297 491 tondetur.
1334 392 1492 491 Nam,
1518 410 1641 454 cum
1668 398 1723 456 in
1752 397 1896 471 Lege
1926 409 1951 438 τι
1980 416 2104 473 pro-
2129 405 2183 466 Α
2212 413 2323 459 tum
2349 410 2508 476 atque
2537 402 2606 461 ad
2635 405 2890 463 vestitum
2921 407 3292 467 necessarium
3324 400 3480 472 fuerit
3521 416 3766 491 accipere
3791 461 3808 487 ,

505 492 793 549 iubeantur
836 486 937 544 viri
964 486 1235 545 binduere
1286 489 1601 548 muliebrem
1648 501 1850 551 vestem
1882 502 1936 550 et
1981 511 2100 553 ma-

505 584 687 642 ledicti
722 583 984 656 ejusmodi
1025 582 1351 655 iudicentur,
1392 592 1594 656 quanto
1616 586 1836 658 majoris
1882 597 1965 644 est
1989 590 2099 645 cri-

502 676 693 745 minis,
722 690 831 731 non
880 684 1089 731 tantum
1130 674 1414 733 muliebria
1469 677 1779 735 indumenta
1832 679 2096 751 accipere,

502 767 600 825 sed
618 776 677 825 et
703 776 889 842 gestus
914 782 1127 842 quoque
1164 776 1347 842 turpes
1399 780 1456 827 et
1487 771 1697 845 molles
1725 780 1781 827 et
1809 773 2100 830 muliebres

503 862 817 934 magisterio
846 862 1133 934 impudicas
1153 862 1288 919 artis
1307 863 1647 935 exprimere?

574 956 642 1013 ll.
662 954 774 1014 Nec
790 967 1012 1014 excuset
1029 971 1091 1015 se
1117 957 1396 1029 quisquam
1416 958 1464 1014 si
1493 973 1523 1013 a
1545 958 1757 1016 theatro
1787 958 1901 1031 ipse
1919 973 2100 1017 cessa-

500 1050 658 1119 verit,
685 1066 807 1107 eum
855 1060 1036 1109 tamen
1065 1051 1169 1108 hoc
1216 1061 1444 1109 caeteros
1494 1052 1706 1111 doceat.
1757 1053 1875 1110 Non
1923 1064 2099 1126 potest

497 1145 643 1203 enim
662 1145 831 1203 videri
858 1159 1105 1204 cessasse
1130 1148 1220 1219 qui
1249 1148 1477 1204 vicarius
1504 1148 1782 1204 substituit
1805 1156 1860 1205 et
1881 1150 1970 1220 qui
1999 1163 2098 1220 pro

497 1255 559 1297 se
585 1254 693 1296 uno
723 1240 903 1310 plures
926 1239 1291 1298 succedaneos
1317 1240 1573 1312 suggerit,
1588 1248 1774 1295 contra
1800 1240 2095 1297 institutio-

497 1348 623 1391 nem
653 1334 765 1402 Dei,
810 1334 1064 1391 erudiens
1092 1341 1149 1389 et
1169 1332 1374 1390 docens
1401 1332 1851 1404 quemadmodum
1884 1347 2097 1389 mascu-

496 1428 582 1484 lus
626 1428 907 1499 frangatur
930 1437 954 1468 ε
976 1428 1031 1483 in
1062 1426 1315 1483 feminam
1340 1435 1395 1484 et
1420 1442 1580 1484 sexus
1606 1436 1724 1484 arte
1758 1423 2098 1496 mutctttr,'et

498 1519 719 1578 diabolo
751 1519 990 1577 divinum
1021 1520 1225 1592 plasma
1251 1521 1536 1579 maculauti
1555 1537 1649 1594 per
1672 1526 1910 1595 corrupti
1933 1532 2094 1596 atque

492 1617 743 1674 enervati
765 1615 1007 1688 corporis
1021 1614 1219 1672 delicta
1248 1616 1539 1687 placeatur.
1565 1617 1718 1686 Quod
1741 1619 1788 1674 si
1815 1618 2092 1690 penuriam

505 1710 629 1765 talis
683 1718 739 1765 et
787 1706 1165 1764 necessitatem
1195 1710 1527 1780 paupertatis
1574 1711 1837 1778 obtendit,
1891 1720 2088 1782 potest,

492 1799 636 1858 inter
693 1810 920 1857 caeteros
971 1800 1063 1870 qui
1116 1799 1385 1859 alimentis
1423 1801 1683 1859 Ecclesiae
1735 1781 2086 1873 sustinentur,
2120 1781 2168 1844 Β

491 1894 653 1966 hujus
677 1908 892 1967 quoque
922 1892 1218 1951 necessitas
1262 1893 1526 1965 adjuvari,
1565 1896 1611 1953 si
1648 1905 1825 1957 tamen
1865 1906 2089 1959 conten-

493 1998 579 2046 tus
605 1990 676 2044 sit
728 1987 1103 2060 frugalioribus
1147 1986 1245 2043 sed
1299 1988 1673 2045 innocentibus
1711 1987 1738 2026 ἀ
1775 1989 1930 2045 cibis.
1977 1989 2089 2047 Nec

485 2088 639 2149 putet
662 2080 860 2136 salario
878 2092 939 2136 se
959 2092 1079 2135 esse
1102 2077 1476 2136 redimendum
1500 2091 1556 2135 ut
1577 2095 1607 2135 a
1634 2082 1868 2151 peccatis
1888 2092 2083 2151 cesset,

484 2172 702 2245 quando
729 2171 833 2229 hoc
876 2185 985 2228 non
1025 2171 1182 2228 nobis
1223 2171 1319 2228 sed
1370 2172 1470 2229 sibi
1502 2181 1739 2243 praestet.
1789 2171 2080 2245 Caeterum,

487 2276 752 2340 quantum
799 2266 931 2324 velit
982 2275 1008 2307 ⁸
1060 2266 1188 2324 inde
1232 2270 1441 2340 quierat
1495 2270 1672 2342 qualis
1720 2280 1957 2343 quaestus
2001 2284 2086 2331 est

482 2361 580 2433 qui
609 2360 678 2417 de
706 2361 959 2417 convivio
988 2360 1259 2417 Abraham
1297 2370 1352 2417 et
1374 2360 1524 2419 lsaac
1551 2369 1606 2418 et
1633 2361 1800 2419 Jacob
1836 2363 2084 2423 homines

482 2454 648 2526 rapit,
675 2462 748 2521 et,
777 2453 918 2510 male
963 2469 1027 2511 ac
1048 2455 1348 2527 perniciose
1383 2456 1437 2511 in
1465 2455 1664 2513 szeculo
1690 2459 1985 2530 saginatus,
2015 2459 2084 2515 ad

483 2557 702 2607 aeternae
750 2550 904 2606 famis
966 2565 1031 2607 ac
1080 2550 1197 2606 sitis
1244 2550 1504 2623 supplicia
1538 2550 1777 2609 deducit.
1819 2551 1888 2608 Et
1937 2552 2079 2622 ideo,

482 2653 743 2715 quantum
770 2652 947 2715 potes,
988 2641 1058 2698 ab
1096 2641 1198 2699 hac
1241 2657 1362 2700 eum
1405 2643 1674 2714 pravitate
1722 2652 1777 2701 et
1817 2644 2083 2703 dedecore

484 2734 554 2791 ad
580 2735 723 2791 viam
755 2734 1077 2792 innocentiae
1127 2742 1287 2808 atque
1336 2734 1403 2791 ad
1427 2750 1577 2808 spem
1598 2736 1722 2792 vitae
1755 2746 1971 2795 aeterna:
1996 2754 2084 2795 re-

483 2841 616 2884 voca
639 2870 655 2895 ,
682 2836 743 2884 ut
768 2829 840 2886 sit
860 2839 1149 2886 contentus
1190 2828 1445 2886 Ecclesia
1491 2829 1814 2902 sumptibus,
1872 2832 2083 2901 parcio-

480 2921 635 2979 ribus
675 2922 918 2994 quidem,
966 2924 1064 2980 sed
1111 2923 1458 2981 salutaribus.
1497 2923 1655 2992 Quod
1680 2924 1727 2979 si
1753 2923 1864 2981 illic
1908 2924 2081 2982 eccle-

2205 514 2305 556 nec
2329 499 2465 557 alios
2493 510 2643 558 extra
2684 503 2968 561 ecclesiam
2997 506 3242 563 mortalia
3285 505 3479 567 docere
3500 553 3515 578 ,
3543 512 3641 570 sed
3694 513 3809 586 ipse

2204 592 2454 649 salutaria
2476 594 2529 650 in
2546 596 2774 653 ecclesia
2789 597 3021 658 discere.
3044 600 3187 673 Opto
3205 600 3449 671 te,l'ratcr
3460 605 3802 680 cbarissime,

2200 697 2420 757 semper
2438 687 2577 745 bene
2595 689 2795 746 valere.
3772 690 3779 699 ’

2694 828 2761 860 ¹⁰²
2799 828 3137 901 EPISTOLA
3167 831 3328 891 LXII.

2199 938 2434 1007 (Emam,
2457 957 2495 1005 ι,
2513 940 2829 1019 Hieme},
2849 945 3058 1019 Rigalt,
3110 946 3299 1019 Batus,
3347 950 3803 1018 Lm.Paris.,sxu.

2760 1006 2945 1073 Oxonf,
2960 1006 3079 1075 Lips
3090 1048 3116 1074 .,
3146 1012 3237 1075 tv.)

2567 1129 2638 1169 an
2665 1127 2994 1183 rounomuu,
3024 1131 3094 1172 ne
3125 1131 3439 1183 vtnotntnus.

2200 1225 2597 1287 Anconam“.
2615 1229 2994 1304 ~Cyprianus
3019 1250 3135 1290 cum
3164 1235 3374 1309 collegis
3415 1237 3611 1310 aliquot
3640 1238 3802 1295 Pom-

2273 1324 2428 1394 ponio
2451 1325 2661 1397 coltegw
2684 1327 2976 1397 respondet,
3033 1329 3251 1400 uirgines
3277 1345 3392 1401 qua
3440 1339 3629 1386 statum
3677 1347 3803 1389 con-

2273 1416 2489 1472 tinenter
2509 1426 2558 1472 et
2585 1418 2801 1488 ﬁrmiter
2821 1429 2994 1475 tenere
3005 1420 3350 1492 dseruerunt,
3380 1433 3608 1495 repertas
3634 1433 3802 1481 tamen

2271 1519 2445 1578 postea
2472 1510 2526 1565 in
2553 1511 2728 1566 eodem
2759 1512 2889 1568 tecto
2915 1527 3035 1567 cum
3072 1514 3333 1582 masculis,
3357 1515 3403 1569 si
3451 1515 3672 1587 uirgines
3706 1517 3801 1571 ad-

2272 1601 2370 1655 Imc
2394 1612 2610 1675 reperta:
2636 1602 2846 1675 fuerint,
2879 1608 3236 1663 communione
3258 1615 3485 1680 recepta,
3526 1609 3800 1665 admitten-

2268 1696 2364 1753 dus
2404 1697 2475 1751 ad
2526 1696 2842 1767 Ecclesium;
2885 1700 2968 1756 sin
3009 1716 3171 1769 secus,
3200 1718 3317 1757 cum
3340 1719 3445 1759 non
3492 1704 3665 1759 nutriti
3709 1704 3799 1759 sed

2270 1787 2462 1843 Christi
2484 1789 2586 1844 sint
2610 1790 2876 1859 adstiterat,
2903 1792 2974 1847 ad
3000 1793 3205 1865 plenam
3228 1793 3578 1865 paenitentiam
3612 1811 3800 1868 cogen-

2266 1880 2401 1946 das;
2455 1897 2570 1952 quas
2617 1898 2736 1938 vero
2784 1884 3050 1940 obstinatae
3097 1895 3418 1956 paswerant
3470 1886 3536 1942 de
3565 1884 3799 1943 Ecclesia

2264 1975 2540 2047 ejiciendus
2566 1991 2587 2031 :
2622 1975 2782 2031 obiter
2822 1977 3134 2048 interficiens
3160 1978 3447 2050 disciplina
3488 1994 3650 2050 genus
3695 1994 3795 2049 quo

2263 2068 2508 2123 contineri
2564 2069 2759 2140 possint
2808 2071 2865 2124 in
2890 2070 3065 2142 ofﬁcio
3107 2071 3357 2143 uirgines,
3388 2079 3437 2126 et
3470 2071 3705 2142 quadam
3732 2071 3797 2127 de

2259 2164 2741 2219 excommunieandi
2769 2173 3015 2235 potestate
3044 2166 3099 2220 in
3123 2165 3377 2223 Ecclesia.

2260 2274 2305 2329 1.
2337 2274 2659 2347 Cyprianus,
2680 2275 2952 2346 Caecilius,
2973 2276 3184 2348 Victor,
3207 2275 3464 2348 Sedatus,
3490 2276 3788 2346 Tertullus,

2187 2379 2309 2423 cum
2343 2369 2675 2441 presbyteris
2705 2369 2796 2441 qui
2843 2377 3143 2441 praesentes
3192 2371 3438 2438 aderant,
3492 2369 3794 2442 Pomponio

2185 2461 2337 2516 fratri
2364 2462 2609 2518 salutem.
2644 2462 2898 2534 Legimus
2950 2464 3156 2522 litteras
3207 2473 3347 2533 tuas,
3378 2463 3544 2519 l'rater
3586 2462 3795 2519 charis—

2184 2552 2345 2619 sime,
2379 2568 2514 2625 quas
2548 2570 2644 2625 per
2682 2555 2972 2612 Paconium
3026 2558 3244 2613 fratrem
3291 2562 3533 2612 nostrum
3575 2555 3791 2623 misisti,

2184 2646 2468 2715 postulans
2493 2658 2549 2703 et
2573 2647 2892 2705 desiderans
2941 2657 3001 2706 ut
3057 2651 3151 2707 tibi
3196 2648 3617 2707 rescriberemus
3665 2645 3794 2719 quid

2188 2739 2344 2796 nobis
2370 2739 2441 2797 de
2465 2742 2531 2797 iis
2557 2742 2856 2813 virginibus
2887 2742 3131 2800 videatur
3151 2758 3271 2814 qum
3296 2757 3420 2799 cum
3460 2741 3629 2798 sentel
3676 2749 3791 2796 sta-

2186 2840 2305 2887 tum
2337 2848 2494 2889 suuut
2525 2833 2864 2891 continenter
2892 2845 2946 2891 et
2968 2835 3197 2892 ﬁrmiter
3210 2846 3397 2892 tenere
3422 2833 3784 2899 decreverint,

2191 2925 2419 2983 detectae
2445 2927 2556 2982 sint
2586 2938 2769 2998 postea
2809 2931 2860 2984 in
2893 2928 3084 2985 eodem
3133 2929 3271 2985 lecto
3305 2929 3507 3001 pariter
3530 2926 3794 2983 mansisse

475 3016 561 3072 sia
587 3030 695 3074 non
716 3016 914 3074 sufﬁcit
938 3026 1000 3072 ut
1025 3015 1390 3075 laborantibus
1413 3025 1633 3087 praestet
1664 3016 1939 3083 alimenta,
1982 3033 2082 3089 po-
2188 3029 2311 3073 cum
2338 3018 2616 3086 masculis,
2648 3034 2713 3076 ex
2743 3019 2938 3092 quibus
2966 3036 3133 3076 unum
3158 3021 3448 3076 diaconum
3478 3034 3598 3076 esse
3628 3017 3790 3086 dicis,

478 3110 611 3169 terit
634 3125 697 3170 se
726 3110 794 3168 ad
818 3123 921 3168 nos
944 3108 1257 3178 transferre,
1284 3117 1342 3166 et
1369 3108 1456 3165 hic
1480 3108 1623 3181 quod
1666 3107 1687 3149 ί
1714 3109 1818 3167 sibi
1863 3110 1933 3168 ad
1968 3112 2083 3168 vic-
2180 3112 2348 3184 plane
2369 3113 2590 3170 easdem
2618 3128 2739 3186 quas
2787 3128 2848 3171 se
2872 3128 2994 3170 eum
3046 3113 3177 3170 viris
3212 3112 3482 3171 dormisse
3519 3111 3786 3170 confessa

1713 3226 2101 3291 LECTIONES
2128 3228 2547 3288 VARIANTES.

549 3330 577 3390 μ
604 3327 744 3390 Lege
770 3324 866 3376 Dei
894 3322 1030 3390 Laut.
1052 3320 1196 3390 trior.
1215 3321 1345 3390 pud.
1363 3319 1416 3390 g.

543 3384 948 3466 f'lfrdhibeatua
951 3388 1028 3438 vir
1044 3387 1184 3437 Lam.
1207 3384 1335 3438 Bod.
1359 3384 1407 3437 2.

478 3467 493 3513 9
1010 3514 1064 3563 et
1096 3508 1441 3563 innocentibus
1486 3509 1609 3561 cibis
1631 3508 1740 3563 NG.
1766 3511 1811 3573 l,
1858 3509 1910 3563 2.
1948 3511 2085 3566 Lam.

1703 3615 1973 3688 ,STEPH.
2016 3594 2290 3680 unum
2326 3618 2560 3678 now.

484 3738 552 3782 ex
582 3722 741 3779 unico
765 3718 953 3776 codice
977 3712 1201 3773 Caucbii
1237 3712 1461 3787 mutavit
1503 3711 1785 3787 lectionem
1826 3714 2076 3787 superio-
2183 3714 2359 3783 clesia,
2388 3731 2501 3787 qua;
2524 3712 2641 3787 uita:
2673 3722 2881 3787 (sternte
2902 3715 3135 3787 gratiam
3180 3721 3471 3769 consecuta.
3508 3711 3577 3771 Et
3614 3721 3793 3773 tamen

483 3811 606 3852 rum
635 3793 929 3851 editionum
948 3830 963 3855 ,
989 3801 1111 3858 quae
1136 3793 1220 3841 est
1249 3786 1365 3859 haec
1398 3793 1602 3859 nostra.
1638 3783 1785 3859 Illam
1804 3783 1948 3859 enim
1978 3801 2077 3859 ex-
2181 3783 2410 3859 quidam
2432 3784 2557 3859 libri
2582 3794 2799 3859 veteres
2817 3783 3027 3859 habent
3052 3785 3168 3839 vita:
3194 3801 3322 3859 sum.

486 3866 673 3924 bibent
700 3864 879 3920 omnia
905 3854 1090 3917 vetera
1119 3856 1465 3928 exemplaria.
1504 3856 1574 3911 Et
1599 3854 1871 3928 probabile
1896 3866 1976 3912 est
2003 3858 2076 3913 ita
2199 3854 2216 3859 ”
2256 3857 2444 3913 Frater
2466 3856 2783 3912 citatissime.
2817 3854 2947 3928 Haec
2973 3865 3055 3928 est
3080 3870 3210 3911 vera
3237 3856 3415 3924 lectio,
3448 3871 3604 3928 quam
3636 3857 3792 3913 exhi-

485 3937 685 3994 lactum
698 3949 819 3990 esse
835 3927 1257 3989 inlibroCaucbii
1274 3925 1372 4000 per
1384 3925 2079 4001 erroremlibrarii,utsaepe
2181 3929 2312 4001 bent
2340 3929 2504 3984 multa
2531 3936 2720 4001 vetera
2733 3926 3068 4001 exemplaria
3090 3925 3531 3998 manuscripta'et
3550 3929 3789 4001 antiquas

486 4008 682 4081 accidit
706 4006 761 4081 i_n
788 4003 950 4081 libris.
969 4008 1234 4065 veterum,
1267 3996 1535 4081 prmeipue
1567 4012 1698 4080 vero
1741 3998 1793 4081 in
1824 3996 2078 4081 cperibtts
2182 3999 2662 4081 editiones,_ctiam
2703 3996 3036 4081 Molrelliana,
3069 4006 3122 4081 et
3161 4013 3223 4054 ea
3246 3996 3478 4081 quoque
3514 3996 3791 4081 μυρριΒῇ

488 4079 661 4136 sancti
686 4066 1447 4149 iCypriani,‘_quorum'nulla
1487 4070 1823 4149 reperiuntur
1860 4066 2078 4141 antiqua
2183 4088 2310 4149 tuon
2354 4066 2661 4149 Goulartius
2684 4066 3037 4149 _cmisit_post
3076 4066 3465 4149 Paulelt'anain.
3594 4069 3791 4149 Panic-

488 4139 815 4220 exemplaria
847 4146 899 4200 in
929 4139 1122 4213 quibus
1148 4157 1255 4196 non
1282 4149 1494 4197 exstent
1517 4139 1813 4195 istiusmodi
1838 4139 2077 4197 errores.
2183 4143 2307 4210 lius,
2340 4144 2429 4214 qui
2457 4142 2535 4212 [ili
2557 4141 2773 4197 videbat
2799 4140 3058 4212 scriptum
3084 4141 3137 4195 in
3161 4141 3487 4209 Manutiana,
3516 4142 3586 4197 ita
3616 4143 3792 4266 scrip

539 4221 719 4266 -11-.-
750 4214 1124 4266 Succedaneos.
1150 4212 1229 4266 Ita
1259 4221 1471 4266 veteres
1488 4212 1752 4266 editiones
1766 4212 2079 4266 etundecim
2185 4215 2256 4266 sit
2285 4216 2339 4266 in
2369 4229 2482 4266 sua.
2514 4213 2581 4266 Et
2602 4214 2725 4266 hinc
2751 4226 2815 4266 ea
2844 4227 3003 4266 prava
3028 4213 3184 4266 lectio
3213 4212 3449 4266 derivata
3478 4223 3561 4266 est
3588 4213 3640 4266 in
3669 4227 3700 4266 e
3742 4213 3789 4266 i-

539 4212 719 4278 .ll.'—-
750 4212 1124 4274 Succedaneos.
1150 4212 1229 4268 Ita
1259 4221 1471 4269 veteres
1488 4212 1752 4268 editiones
1766 4212 2079 4282 etundecim
2185 4215 2256 4270 sit
2285 4212 2482 4270 in‘sua.
2514 4213 2581 4268 Et
2602 4214 2725 4267 hinc
2751 4226 2815 4268 ea
2844 4227 3003 4282 prava
3028 4213 3184 4267 lectio
3213 4212 3449 4268 derivata
3478 4223 3561 4268 est
3588 4213 3640 4267 in
3669 4212 3789 4268 edi-

489 4294 611 4350 libri
631 4299 860 4366 veteres.
883 4287 995 4343 Hoc
1024 4299 1184 4356 porro
1210 4284 1526 4366 vocabulum
1547 4281 1886 4366 exstatapud
1918 4284 2079 4366 Plau-
2187 4285 2387 4366 tionem
2429 4285 2641 4356 Rigaltii
2678 4294 2731 4339 et
2773 4282 2824 4365 in
2848 4281 3588 4366 anginam-maQuod__ideo
3616 4284 3792 4366 visum

489 4373 626 4433 tum,
649 4361 788 4433 apud
801 4374 984 4433 quem,
1004 4353 1380 4433 proutvariant
1410 4355 1674 4433 interdum
1697 4353 1818 4410 libri
1839 4365 2077 4433 veteres,
2186 4368 2267 4433 est
2297 4353 2587 4433 admonere
2624 4370 2691 4411 ne
2723 4354 2842 4433 quis
2870 4353 3124 4433 deinceps
3152 4356 3205 4410 in
3234 4356 3341 4433 lnge
3378 4356 3616 4433 fallatur.
3659 4354 3791 4433 riam

488 4425 745 4506 scriptum
796 4425 1115 4503 quandoque
1146 4428 1412 4506 reperitur
1439 4427 1786 4506 succidaneas.
1807 4425 1961 4506 “Quae
2000 4434 2083 4506 est
2188 4428 2233 4484 is
2254 4428 2344 4506 qui
2374 4443 2543 4506 nuper
2563 4425 2865 4506 composuit
2887 4426 3247 4506 vitam-sancti
3268 4426 3544 4506 Cypriani,
3562 4441 3631 4506 ea
3657 4425 3792 4482 falsa

491 4492 652 4564 lectio
680 4492 870 4562 nove'm
902 4492 1151 4557 veterum
1185 4492 1572 4569 exemplarium
1604 4496 1775 4553 sancti
1803 4492 2078 4569 cypriani.
2188 4492 2771 4569 scriptura'dcccptt'ts,
2794 4494 2933 4569 hinc
2946 4496 3062 4566 capi
3095 4512 3254 4566 posse
3283 4492 3366 4529 ii"
3393 4492 3600 4569 putavit
3629 4513 3791 4569 argos

492 4576 628 4635 Vide
659 4578 723 4633 Α.
755 4574 1009 4638 Gellium,
1040 4570 1135 4627 lib.
1170 4587 1243 4638 ιν,
1272 4567 1392 4639 cap.
1423 4568 1477 4624 6.
1849 4567 1862 4569 ⁷
1885 4567 1898 4569 ”
1949 4639 1960 4640 7
2109 4570 2163 4633 Ι)
2189 4567 2426 4624 mentum
2442 4569 2506 4624 ad
2526 4567 3195 4640 asserendamdignitatcm
3229 4569 3466 4640 episcopi
3496 4567 3791 4640 MagnoLad

564 4650 735 4709 Sexus
763 4655 873 4701 arte
899 4652 1137 4698 mutetur.
1161 4640 1487 4699 Constitutio
1523 4640 1823 4699 Constantii
1851 4650 1905 4697 et
1933 4639 2081 4697 Con-

493 4722 689 4777 stantis
718 4721 772 4775 in
797 4716 953 4773 titulo
974 4713 1187 4770 Codicis
1211 4712 1572 4768 Theodosiani
1598 4713 1664 4770 de
1692 4713 1971 4777 adulteris,
1999 4711 2083 4767 ubi

492 4810 657 4876 ξεπιξξ.
674 4789 894 4876 Perdit“
923 4784 1355 4876 i999t:§ef?;°f“ﬂz
1382 4783 2086 4876 '3’}sz,9¥_¥F}_i_§tt_ti‘£€'

489 4875 573 4919 tur
598 4855 687 4920 tibi
724 4871 901 4917 contra
928 4866 1166 4912 naturam
1197 4858 1355 4910 uiuere
1377 4855 1466 4925 qui
1500 4857 1827 4912 commutavit
1865 4870 1979 4909 cum
2006 4856 2084 4926 fe-

491 4936 641 4991 minis
669 4930 892 4989 vestem?
914 4929 1290 4998 Quintilianus,
1320 4926 1418 5000 lib.
1439 4943 1502 5000 _v,
1528 4944 1647 5000 cap.
1676 4926 1732 5000 9,
1765 4927 1840 4982 ait
1878 4928 2086 4995 signum

492 5020 615 5063 esse
647 5005 913 5073 mulliset
951 5015 1136 5073 parum
1184 5000 1281 5073 viri
1319 4999 1363 5053 si
1391 4998 1482 5073 _vir
1519 4998 1839 5073 muliebrem
1859 5007 2084 5073 _vestet_n

491 5076 800 5148 sumpserit.
822 5066 1202 5148 fortentosam
1220 5068 1495 5148 historiam
1527 5070 1595 5127 de
1621 5066 2087 5148 exoleto_Nbro_nis_

495 5139 679 5204 narrat
723 5147 820 5203 Dio
852 5143 1272 5214 Cbrysostomus
1309 5140 1457 5198 Orat.
1507 5157 1600 5197 xx.
1645 5141 1778 5197 Vide
1815 5139 2088 5214 Cuillelmi

491 5218 769 5291 Beveregii
807 5208 1178 5275 annotationcs
1216 5213 1269 5268 in
1314 5227 1577 5271 canonum
1618 5228 1710 5269 χιιι
1739 5212 1927 5284 synodi
1957 5208 2089 5266 Gan-

489 5292 718 5363 grensis.

569 5363 798 5432 Quwrat.
826 5360 1065 5433 Quatuor
1088 5356 1211 5433 libri
1233 5367 1446 5415 veteres
1470 5355 1675 5433 habent
1694 5355 1939 5433 acquirat.
1968 5350 2087 5433 Cze-

494 5428 669 5491 terum
695 5428 885 5490 omnes
912 5432 1021 5486 fere
1046 5430 1167 5485 libri
1200 5440 1411 5486 veteres
1435 5430 1709 5498 sequentia
1746 5428 2083 5498 distinguunt

488 5508 558 5562 ab
586 5507 686 5562 ltoc
725 5504 892 5561 verbo
931 5511 986 5559 et
1027 5502 1253 5558 alterum
1298 5494 1572 5571 periodum
1613 5501 1886 5555 inchoant.
1920 5494 2080 5565 ~Quod

485 5574 1041 5651 nosexistimavimus
1070 5588 1192 5631 esse
1228 5571 1583 5651 sequendum.
1846 5640 1889 5651 _
2042 5612 2080 5651 ..

567 5648 697 5705 Vita:
721 5657 940 5704 ceterum.
973 5646 1063 5701 Sic
1088 5640 1491 5701 cmenda’vimus
1526 5659 1594 5699 ex
1630 5642 1818 5698 codidc
1846 5640 2084 5696 Fuxensi

482 5730 537 5776 et
565 5719 1088 5787 Gratianopolitano,
1123 5732 1243 5773 cum
1279 5728 1435 5787 antea
1483 5716 1622 5787 male
1663 5714 1931 5787 legeretur
1955 5712 2070 5787 vita

477 5807 604 5852 sum.
624 5790 785 5865 Infra,
814 5782 982 5864 Epist.
1014 5802 1160 5856 LXXI,
1189 5802 1305 5861 pag.
1332 5786 1433 5843 l27
1466 5802 1479 5842 ι
1514 5782 1737 5863 Quando
1755 5800 1857 5841 una
1883 5783 1947 5840 sit
1978 5782 2081 5839 Ec-

2188 4657 2344 4709 quem
2387 4640 2624 4709 Epistula
2668 4653 2851 4702 Lxxvt,
2886 4639 3081 4708 scripta
3118 4649 3223 4710 est,
3264 4638 3557 4696 tamenetsi
3588 4639 3660 4695 ibi
3687 4638 3794 4710 Cy-

2226 4712 2406 4766 rianus
2433 4708 2554 4766 cum
2578 4719 2732 4766 vocet
2756 4710 2946 4774 lilium,
2978 4724 3081 4765 nou
3113 4708 3360 4773 fratrem,
3394 4712 3625 4767 nt'solet
3653 4708 3790 4765 scri-

2226 4728 2406 4766 rtanus
2433 4728 2554 4766 cum
2578 4728 2732 4766 vocet
2756 4728 2946 4774 unum,
2978 4728 3081 4765 non
3113 4728 3360 4773 murem,
3394 4728 3455 4766 ut
3485 4728 3625 4767 seret
3653 4728 3790 4765 scrt-

2188 4728 2323 4837 Piens
2364 4783 2431 4838 ad
2472 4784 2773 4852 episcopos.
2819 4780 3035 4836 Sciebat
3073 4781 3217 4837 enim
3246 4781 3594 4837 Eucltratium
3624 4779 3790 4837 fuisse

2190 4855 2520 4924 episcopum.
2570 4853 2640 4908 Et
2678 4852 3026 4924 nihiltnninus
3077 4852 3291 4909 videbat
3334 4853 3484 4909 illum
3531 4852 3789 4923 appellari

2195 4921 2360 4978 lilium
2379 4921 2446 4979 'in
2478 4925 2625 4981 calce
2651 4924 2803 4979 istius
2829 4921 3103 4981 Epistulae.

2269 4996 2450 5051 Eetsr.
2479 4993 2604 5051 uti.
2647 5027 2718 5035 —
2762 4994 2805 5066 1.
2862 4992 3169 5065 Pomponio,
3201 4993 3468 5066 Episcopo
3508 4992 3792 5066 Dionysiu-

2192 5068 2345 5151 ncnsi
2378 5069 2427 5122 in
2474 5067 2741 5151 provin‘cia
2774 5064 3351 5151 Byzactena._llntc‘r'l:ttit
3398 5064 3625 5151 concilio
3648 5064 3792 5151 VCa-ra

2195 5136 2491 5209 tltaginensi
2518 5139 2617 5193 sub
2635 5136 3171 5209 Cypriauo.Concilio
3189 5136 3637 5209 Cabarsussitanp
3664 5136 3793 5209 sub-

2192 5206 2407 5279 scripsit
2443 5206 2769 5265 Fortunatus
2797 5208 3081 5280 episcogtus
3111 5209 3565 5280 Dionysianensis.
3587 5206 3643 5261 in
3664 5206 3792 5280 eol-

2194 5278 2393 5337 latione
2421 5279 2825 5351 Carthagincnsi
2859 5280 2998 5351 inter
3039 5278 3347 5351 Catltolicos
3387 5290 3442 5335 ct
3484 5278 3793 5351 Donatistas

2194 5351 2365 5407 adfuit
2389 5351 2575 5408 Victor
2599 5349 2881 5423 episcopus
2911 5349 3350 5423 Dionysianensis
3380 5351 3677 5423 Donatista,
3699 5350 3795 5423 qui

2189 5425 2466 5495 proﬁtetur
2495 5439 2552 5479 se
2583 5438 2688 5478 non
2722 5422 2921 5477 habere
2951 5421 3339 5481 adversarium.
3367 5422 3703 5549 gulamquam
3736 5421 3791 5475 id

2189 5504 2435 5549 necatum
2463 5505 2543 5549 est
2558 5495 2736 5549 statim
2759 5494 2828 5548 ab
2851 5494 3069 5549 Aurelio
3095 5494 3349 5549 euiscono
3425 5492 3789 5549 acomadicnsi

2187 5492 2435 5620 neglatitm
2463 5505 2543 5549 est
2558 5495 2736 5549 statim
2759 5494 2828 5548 ab
2851 5494 3069 5550 Aurelio
3095 5494 3349 5566 episcopo
3371 5492 3789 5550 Macumadicnsi

2187 5577 2270 5620 CIII
2297 5582 2345 5619 10
2370 5582 2475 5620 lCO.

2186 5577 2475 5621 CIIIIIOIICO.

2259 5637 2388 5710 Cum
2428 5636 2749 5710 presbyteris.
2800 5635 2858 5693 lu
2901 5652 3007 5696 uno
3051 5637 3189 5695 libro
3234 5651 3357 5695 meo
3396 5637 3566 5695 veteri
3594 5637 3795 5709 legitur

2190 5707 2491 5782 presbyteris
2518 5707 2789 5782 Romanis.

2259 5778 2386 5840 Cain
2413 5781 2569 5839 semet
2595 5789 2799 5840 statum.
2831 5780 3184 5842 Restituimus
3216 5780 3503 5842 lectionem
3544 5787 3788 5841 veterum

4136 5836 4245 5905 ⁸-κὲ
