4250 6282
491 263 606 326 369

1893 277 2230 340 EPISTOLA
2268 282 2429 339 LXII.

3696 297 3808 354 370

498 399 614 442 sam
643 398 792 441 suam
816 384 1085 456 jacentem
1115 401 1238 444 cum
1267 387 1437 446 altero
1480 389 1680 457 videat,
1725 407 1904 451 nonne
1953 397 2093 452 indi-
2121 400 2412 461 Acubitus
2464 405 2546 460 sui
2600 407 2809 477 egerint
2859 417 2915 465 et
2991 425 3022 466 a
3075 425 3134 468 se
3179 412 3407 471 invicem
3453 415 3798 480 recesserint,

498 487 692 549 gnatur
739 486 794 532 et
844 479 1024 535 fremit
1073 488 1127 534 et
1173 495 1267 551 per
1308 482 1407 537 zeli
1453 482 1694 539 dolorem
1753 486 1994 542 fortassis
2047 497 2102 545 et

496 570 734 642 gladium
765 571 816 626 in
844 585 1064 626 manum
1086 574 1288 628 sumit?
1309 573 1446 642 Quid
1477 573 1722 632 Christus
1759 586 1811 632 et
1839 578 2100 637 Dominus

495 663 731 733 etjudex
761 673 966 729 noster,
994 679 1118 720 cum
1155 666 1418 737 virginem
1447 682 1598 723 suam
1639 669 1740 724 sibi
1777 671 2005 726 dicatam
2043 683 2099 730 et

495 755 766 812 sanctitati
799 771 911 812 sua:
937 756 1261 813 destinatam
1282 759 1465 830 jacere
1493 775 1616 816 cum
1666 763 1837 816 altero
1900 763 2093 833 cernit,

493 865 654 920 quam
694 849 1002 921 indignatur
1026 860 1080 906 et
1102 851 1367 919 irascitur,
1400 861 1455 909 et
1498 869 1632 925 quas
1661 869 1848 924 ptenas
1879 857 2096 915 incestis

492 943 759 1014 ejusmodi
791 944 1260 1012 conjunctiouibus
1303 948 1680 1014 comminatur,
1714 951 1867 1020 cujus
1898 960 1954 1007 ut
1977 953 2096 1024 gla-

492 1035 638 1093 dium
670 1037 970 1106 spiritalem
1009 1046 1065 1094 et
1091 1050 1377 1094 venturum
1402 1040 1590 1110 judicii
1616 1041 1757 1098 diem
1805 1047 2093 1116 unusquis-

490 1146 595 1202 que
625 1132 851 1188 fratrum
879 1134 1053 1201 possit
1088 1135 1324 1191 evadere
1349 1136 1496 1191 omui
1534 1139 1764 1194 consilio
1809 1142 2093 1210 providere

490 1232 546 1280 et
566 1225 843 1282 elaborare
864 1225 1151 1283 debemus?
1177 1227 1247 1283 Et
1286 1243 1407 1284 cum
1429 1245 1620 1287 omnes
1673 1234 1891 1289 omnino
1929 1235 2094 1292 disci-

487 1318 687 1389 plinam
721 1329 908 1376 tenere
949 1330 1217 1392 oporteat,
1259 1324 1429 1379 multo
1455 1325 1623 1396 magis
1681 1331 1998 1398 prrepositos
2039 1339 2092 1386 et

484 1409 742 1466 diaconos
771 1427 963 1467 curare
991 1412 1094 1468 hoc
1116 1414 1200 1468 fas
1229 1421 1336 1481 est,
1370 1415 1458 1484 qui
1483 1415 1795 1486 exemplum
1833 1429 1887 1473 et
1921 1419 2089 1475 docu-

484 1513 723 1558 mentum
768 1505 980 1560 cmteris
1028 1504 1097 1560 de
1149 1509 1560 1564 conversatione
1607 1517 1662 1564 et
1701 1511 1941 1567 moribus
1979 1515 2092 1570 suis

483 1598 779 1669 praebeant.
811 1600 1092 1668 Quomodo
1114 1602 1255 1657 enim
1287 1613 1509 1673 possunt
1551 1605 1841 1678 integritati
1879 1618 1932 1662 et
1956 1621 2090 1662 con-

485 1690 728 1746 tinentiae
756 1706 1004 1760 praeesse,
1034 1694 1078 1748 si
1107 1708 1173 1749 ex
1206 1695 1335 1764 ipsis
1357 1695 1616 1767 incipiant
1652 1699 1976 1769 corruptela:
2025 1708 2080 1754 et

484 1781 737 1836 vitiorum
762 1783 1063 1853 magisteria
1097 1785 1434 1854 procedere?

565 1873 653 1928 IV.
678 1874 745 1928 Et
766 1874 966 1930 idcirco
985 1877 1233 1940 consulte
1263 1887 1461 1934 etcum
1488 1881 1673 1950 vigore
1698 1881 1890 1947 fecisti,
1921 1882 2084 1938 frater

484 1964 822 2032 charissime,
846 1967 1163 2025 abstinendo
1177 1971 1457 2027 diaconum
1479 1974 1702 2044 quicum
1721 1975 1926 2046 virgine
1942 1991 2084 2047 saepe

477 2057 693 2124 mansit,
727 2058 821 2113 sed
854 2069 908 2113 et
955 2071 1180 2118 Caeteros
1233 2059 1320 2134 q'ui
1349 2079 1470 2119 cum
1499 2066 1796 2138 virginibus
1834 2067 2078 2125 dormire

477 2162 884 2211 consueverant.
914 2153 1066 2226 Quod
1089 2156 1132 2214 si
1159 2158 1527 2229 pomitentiam
1555 2159 1715 2231 hujus
1743 2161 1911 2217 illiciti
1942 2175 2073 2218 con~

2205 489 2562 562 inspiciantur
2612 497 2827 554 interim
2868 500 3104 572 virgines
3147 506 3216 558 ab
3263 503 3638 560 obstetricibus
3681 503 3806 560 diliâ€”

2203 593 2412 657 genter;
2449 595 2526 652 et,
2559 589 2603 642 si
2641 589 2879 662 virgines
2900 593 3129 649 inventa:
3162 593 3378 663 fuerint,
3408 605 3624 667 accepta
3651 612 3804 654 com-

2203 677 2585 745 municatione,
2614 680 2680 735 ad
2733 680 3030 738 Ecclesiam
3061 684 3432 755 admittantur,
3470 688 3568 743 hac
3621 699 3798 746 tamen

2203 774 2660 858 interminatione,
2693 786 2753 833 ut
2795 779 2839 834 si
2871 780 2937 835 ad
2981 781 3204 838 eosdem
3249 785 3516 842 masculos
3559 796 3800 856 postmo-

2201 865 2326 921 dum
2351 882 2579 923 reversae
2607 857 2826 938 fuerint,
2845 881 2937 927 aut
2960 873 3004 928 si
3029 887 3152 928 cum
3190 875 3391 932 eisdem
3420 877 3472 932 in
3504 893 3606 933 una
3635 877 3799 935 domo

2199 971 2254 1016 et
2281 962 2383 1016 sub
2411 963 2601 1019 eodem
2631 972 2774 1020 tecto
2800 965 2960 1022 simul
2991 966 3380 1036 habitaverint,
3401 973 3645 1042 graviore
3673 989 3801 1031 cen-

2199 1067 2322 1108 sura
2371 1052 2679 1123 ejiciantur,
2720 1071 2819 1112 nec
2857 1058 2909 1113 in
2943 1057 3238 1114 Ecclesiam
3280 1064 3620 1131 postmodum
3662 1067 3800 1122 tales

2198 1144 2354 1200 facile
2405 1146 2755 1216 recipiantur.
2785 1148 2840 1204 Si
2887 1158 3067 1206 autem
3096 1150 3166 1206 de
3210 1152 3290 1208 eis
3338 1153 3513 1225 aliqua
3545 1167 3794 1226 corrupta

2196 1235 2360 1292 fuerit
2410 1237 2777 1308 deprehensa,
2809 1248 2930 1311 agat
2986 1241 3354 1311 ptenitentiam
3385 1245 3628 1314 plenam,
3671 1248 3794 1316 quia

2196 1344 2315 1399 quae
2353 1329 2457 1386 hoc
2486 1332 2691 1387 crimen
2744 1332 3000 1398 admisit,
3052 1349 3159 1390 non
3209 1337 3418 1401 mariti,
3451 1337 3544 1393 sed
3593 1336 3796 1394 Christi

2195 1420 2436 1478 adultera
2467 1431 2572 1489 est,
2605 1431 2660 1478 et
2688 1423 2810 1479 ideo
2839 1425 3109 1482 aestimato
3144 1427 3291 1498 justo
3312 1437 3555 1499 tempore
3585 1441 3792 1500 postea,

2195 1513 2557 1584 exomologesi
2610 1515 2780 1579 facta,
2833 1515 2901 1570 ad
2940 1516 3238 1573 Ecclesiam
3289 1519 3490 1575 redeat.
3545 1520 3698 1588 Quod
3745 1525 3791 1578 si

2195 1606 2466 1661 obstinate
2499 1617 2888 1676 perseverant,
2919 1623 3019 1664 nec
3058 1623 3120 1664 se
3164 1610 3232 1665 ab
3263 1611 3490 1668 invicem
3516 1623 3789 1684 separant,

2194 1700 2366 1755 sciant
2392 1714 2452 1755 se
2495 1714 2617 1754 cum
2668 1701 2766 1754 hac
2813 1714 2909 1754 sua
2939 1700 3202 1770 impudica
3231 1703 3590 1760 obstinatione
3626 1721 3786 1760 num-

2112 1793 2160 1854 B
2191 1808 2346 1863 quam
2376 1807 2404 1846 a
2438 1793 2594 1848 nobis
2642 1793 2853 1848 admitti
2884 1793 2940 1847 in
2967 1792 3272 1850 Ecclesiam
3312 1810 3490 1864 posse,
3515 1811 3582 1853 ne
3607 1813 3790 1854 exem-

2189 1885 2338 1956 plum
2385 1885 2598 1940 exteris
2634 1886 2700 1941 ad
2759 1885 2970 1940 ruinam
3021 1885 3232 1942 delictis
3270 1889 3383 1942 suis
3431 1888 3608 1945 facere
3657 1890 3789 1946 inci-

2191 1978 2358 2047 piant.
2400 1977 2511 2032 Nec
2564 1986 2752 2048 putent
2781 1977 2880 2032 sibi
2910 1977 3034 2032 vitae
3077 1989 3169 2033 aut
3201 1979 3390 2034 salutis
3419 1990 3668 2037 constare
3695 1997 3788 2036 ra-

2188 2069 2387 2124 tionem
2429 2071 2473 2124 si
2495 2069 2767 2140 episcopis
2807 2079 2861 2124 et
2885 2070 3252 2126 sacerdotibus
3283 2071 3664 2143 obtemperare
3687 2089 3787 2130 no-

2187 2161 2403 2227 luerint,
2435 2175 2560 2216 cum
2602 2161 2655 2216 in
2686 2161 3104 2218 Deuteronomio
3129 2162 3386 2219 Dominus
3417 2163 3558 2220 Deus
3595 2164 3738 2222 dicat
3765 2186 3778 2219 :

1717 2317 1958 2374 STEPll.
2004 2316 2278 2376 BALUZII
2316 2317 2542 2376 ÎÎŸÎ¤Î¹á¿‰.

545 2472 654 2528 Zeli
686 2473 933 2543 dolorem.
989 2473 1064 2529 lta
1107 2489 1297 2531 omnes
1347 2475 1470 2531 libri
1519 2485 1731 2533 veteres
1778 2486 1832 2532 et
1878 2492 2068 2533 omnes

475 2545 757 2618 editiones.
791 2545 1050 2615 Rigaltius
1095 2547 1272 2614 posuit
1318 2548 1554 2608 livorem,
1599 2564 1826 2618 eamque
1875 2549 2066 2604 lectio-

474 2617 972 2688 nemiretinuerunt
1003 2618 1186 2687 Angli,
1235 2619 1476 2688 quamvis
1529 2617 1793 2674 fateantur
1842 2621 2067 2674 dolorem

474 2686 574 2756 legi
601 2687 652 2741 in
685 2697 806 2744 octo
837 2686 1112 2744 codicibus
1137 2686 1391 2754 antiquis.
1443 2689 1574 2744 lllud
1609 2699 1786 2745 tamen
1836 2705 2030 2744 moneo
2053 2731 2066 2752 ,

472 2759 712 2812 codicem
760 2758 1121 2813 Veronensem
1170 2770 1220 2812 et
1263 2760 1565 2816 Fuxensem
1599 2761 1801 2817 habere
1831 2762 2064 2815 livorem.

471 2827 609 2883 llinc
630 2843 757 2895 ergo
782 2832 984 2900 accepit
1014 2831 1294 2900 Rigaltitts.

547 2900 857 2986 Prwpositos
878 2913 921 2986 et
953 2903 1214 2986 diacâ€˜onos.
1250 2902 1419 2984 Vulgo
1448 2903 1749 2986 Cyprianus
1798 2903 2063 2984 prmposi-

473 2981 651 3045 torum
677 2972 986 3045 vocabulum
1017 2972 1231 3039 adaptat
1271 2972 1558 3045 epiScopis.
1595 2975 1724 3030 lleic
1761 2972 1938 3029 tamen
1980 2974 2062 3028 vi-

470 3042 630 3116 detur
669 3041 825 3116 loqui
879 3043 944 3098 de
996 3041 1356 3116 presbyteris,
1409 3041 1740 3116 conjungens
1792 3059 1886 3098 eos
1941 3060 2062 3116 cum

469 3113 728 3169 diaeouis.
781 3113 986 3169 Clarius
1027 3113 1186 3179 infra,
1223 3117 1391 3186 Epist.
1425 3113 1546 3181 va,
1601 3113 1721 3186 pag.
1772 3117 1912 3171 M5:
1947 3115 2060 3169 Me-

469 3186 676 3238 minisse
697 3197 864 3240 autem
892 3187 1094 3239 diaconi
1133 3186 1311 3241 debent
1333 3188 1572 3256 quoniam
1603 3188 1874 3256 Apostolos
1911 3187 1964 3240 id
1991 3198 2063 3242 est
2090 3193 2135 3257 C

466 3259 729 3324 episcopos
758 3268 804 3311 et
828 3259 1127 3328 prcepositos
1163 3257 1414 3313 Dominus
1441 3259 1604 3329 elegit.
1645 3258 1802 3314 Certe
1841 3258 2062 3328 presby-

465 3329 563 3381 teri
619 3329 984 3396 gubernabant
1043 3329 1334 3384 Ecclesiam
1385 3345 1508 3384 cum
1563 3331 1838 3399 episcopo.
1887 3329 2063 3384 Tcsuis

468 3399 793 3468 Cyprianus,
834 3399 924 3468 qui
977 3399 1103 3453 nihil
1153 3400 1296 3470 quod
1339 3411 1483 3470 esset
1531 3401 1758 3468 alicujus
1802 3401 2060 3455 momenti

466 3471 668 3543 agebat
691 3470 795 3543 nisi
823 3481 1010 3527 coacto
1041 3469 1392 3543 presbyterio.
1437 3469 1625 3526 Clerus
1667 3473 1939 3526 Romanus
1982 3473 2061 3525 sic

465 3540 534 3594 de
577 3555 634 3596 se
656 3540 909 3608 loquitur,
958 3557 1079 3610 pag.
1111 3543 1140 3594 7
1166 3560 1178 3594 :
1204 3540 1282 3595 'Et
1313 3559 1427 3595 cum
1468 3543 1725 3596 incumbat
1770 3543 1945 3607 nobis,
1975 3545 2061 3610 qui

464 3613 692 3685 uidemur
712 3629 818 3685 esse
839 3614 1098 3685 praepositi
1122 3625 1167 3666 et
1188 3615 1294 3667 vice
1323 3613 1538 3683 pastoris
1559 3615 1814 3667 custodire
1837 3629 2058 3685 gregem.

464 3681 552 3737 Sic
579 3683 736 3737 etiam
764 3681 1040 3739 Celerinus
1074 3684 1298 3754 loquens
1324 3681 1402 3740 de
1428 3685 1574 3738 clero
1602 3681 1882 3739 Romano:
1919 3684 2061 3750 Qua-

467 3769 581 3833 rum
602 3755 714 3833 jam
725 3770 888 3833 .causa
905 3756 1085 3833 audita
1106 3798 1118 3819 ,
1141 3765 1616 3833 .prwceperunteas
1661 3757 1920 3833 prtepositi
1948 3765 2060 3808 tan-

467 3826 620 3892 tisper
655 3826 859 3879 sic'esse
881 3827 1040 3880 donec
1069 3827 1337 3896 episcOpus
1362 3827 1719 3880 constituatur.
1763 3827 2059 3896 Cyprianus

467 3884 782 3968 in'Epistola
812 3913 886 3961 x1,
916 3913 1035 3967 quze
1076 3884 1159 3951 est
1204 3884 1268 3951 ad
1303 3898 1561 3968 Martyres
1588 3905 1641 3951 et
1673 3884 2018 3951 (lonressores
2039 3938 2054 3960 ,

465 3966 653 4020 eadem
685 3981 814 4022 voce
852 3966 1054 4023 clerum
1095 3984 1250 4022 suum
1291 3966 1555 4036 designat.
1605 3968 1708 4022 Sed
1757 3968 2056 4036 praeposito-

465 4054 577 4110 rum
607 4049 709 4103 est,
738 4039 936 4108 inquit,
970 4050 1274 4106 prazceptum
1316 4049 1486 4092 tenere
1511 4048 1556 4091 et
1587 4040 1663 4092 vel
1690 4049 2017 4110 prOperantes
2039 4079 2052 4100 .

467 4109 542 4180 vel
579 4110 866 4180 ignorantes
891 4110 1166 4174 instruere,
1214 4127 1275 4162 ne
1320 4110 1406 4180 qui
1435 4110 1628 4179 .ovium
1679 4122 1906 4178 pastores
1951 4125 2058 4162 esse

467 4179 675 4252 debent,
715 4181 842 4252 lanii
885 4181 1032 4248 ï¬ant.
1076 4181 1376 4252 Presbyteri
1402 4191 1662 4252 vocantur
1686 4180 1845 4252 etiam
1878 4194 2058 4233 sacer-

465 4249 616 4304 dotes
646 4265 674 4304 a
702 4250 991 4318 CVpriano,
1040 4253 1185 4306 velut
1214 4249 1333 4305 eum
1365 4251 1470 4317 ait,
1524 4251 1574 4304 in
1606 4250 1840 4320 Epistola
1883 4265 2052 4316 xxxv,

465 4335 582 4390 pag.
616 4321 706 4376 49.
731 4321 1066 4377 Numidicum
1109 4324 1160 4377 in
1189 4323 1292 4377 vita
1318 4323 1638 4377 remansisse
1659 4364 1674 4389 ,
1722 4330 1780 4375 ut
1803 4336 1924 4374 eum
1957 4323 2058 4374 Do-

464 4394 640 4447 minus
667 4394 813 4447 clero
850 4393 1256 4464 Carthaginiensi
1285 4394 1630 4464 adjungeret.
1677 4402 1731 4448 et
1757 4391 2053 4447 desolatam

464 4477 561 4532 per
639 4465 843 4531 lapsum
903 4465 1256 4534 quorumdam
1344 4467 1780 4534 presbyterorum
1844 4464 2053 4532 c0piam

460 4534 710 4602 gloriosis
737 4535 1104 4592 sacerdotibus
1131 4535 1438 4592 adornaret.
1470 4534 1604 4592 Vide
1632 4534 1922 4606 Epistolam
1947 4551 2016 4588 Î¹Î¹,
2037 4577 2050 4599 ,

499 4621 580 4670 ag.
612 4607 705 4661 55.

533 4621 580 4657 Ïƒ.
653 4619 658 4622 â·
693 4649 705 4660 Î¿

461 4619 986 4749 paila-a-Diaconum
1009 4679 1095 4749 qui
1120 4695 1235 4732 cum
1257 4677 1612 4749 virgine.Vide
1629 4677 1908 4748 epistolam
1929 4677 2052 4732 Hie-

458 4750 669 4819 ronymi
701 4748 768 4801 ad
797 4748 1136 4804 Sabinianum
1165 4748 1457 4803 diaconum.

532 4819 881 4890 Inspiciantnr
909 4822 1134 4875 interim.
1169 4820 1242 4874 lla
1287 4822 1446 4875 etiam
1485 4820 1626 4890 apud
1675 4821 1911 4886 lvonem,
1933 4836 2049 4890 par.

457 4905 529 4961 vn
553 4931 566 4946 .
595 4906 712 4960 cap.
747 4891 869 4946 128.
899 4891 1004 4946 Sed
1037 4891 1175 4961 apud
1204 4891 1538 4954 Gratianum,
1570 4908 1743 4958 xxv",
1774 4907 1828 4959 q.
1860 4908 1898 4958 Î¹,
1930 4907 2048 4961 cap.

461 4960 598 5034 Quid
613 4963 664 5034 si
694 4960 1285 5031 pmnitentiamï¬egitur
1326 4964 1530 5016 iterum.
1554 4962 1624 5019 At
1665 4965 1840 5034 glossa
1869 4960 2054 5020 monet

458 5032 581 5104 alibi
612 5033 711 5102 legi
740 5035 944 5087 interim
969 5051 1086 5104 qua:
1109 5045 1193 5087 est
1220 5049 1342 5089 vera
1374 5034 1551 5088 lectio.

533 5101 880 5176 [aspiciantur
909 5101 1144 5176 virgines.
1172 5105 1304 5160 Cum
1340 5106 1517 5158 omnia
1549 5120 1669 5173 qttze
1709 5105 1774 5158 ad
1818 5105 2052 5174 virgines

457 5185 702 5244 spectant
739 5175 1135 5230 debeautâ€™esse
1183 5186 1327 5230 casta
1356 5186 1410 5230 et
1436 5176 1620 5245 pudica
1644 5217 1658 5240 ,
1715 5177 1880 5230 miror
1929 5191 2048 5230 eam

456 5255 692 5316 mentem
733 5245 942 5301 sedisse
987 5245 1253 5301 interdum
1296 5247 1530 5316 antiquis
1567 5255 1624 5300 nt
1661 5247 1911 5316 juberent
1940 5261 2050 5316 reas

454 5315 644 5385 inspici
693 5333 788 5388 per
817 5317 1166 5381 obstetrices,
1223 5327 1281 5372 ut
1322 5315 1446 5372 sciri
1485 5315 1672 5386 posset
1708 5332 1775 5370 an
1818 5315 2050 5385 virgines

453 5398 664 5460 essent,
715 5400 782 5460 ut
813 5388 938 5443 fecit
965 5399 1186 5442 sanctus
1220 5389 1539 5460 Cyprianus.
1585 5388 1752 5460 Immo
1781 5404 1847 5442 co
1878 5402 2049 5460 usque

453 5457 689 5528 audacia:
716 5459 843 5512 olim
877 5474 1183 5528 processmn
1215 5457 1408 5524 estut,
1439 5468 1574 5513 teste
1600 5459 1881 5513 Clemente
1914 5459 2048 5528 Î”Î¹Îµ-

452 5527 728 5601 xandriuo
751 5531 802 5583 in
838 5530 974 5585 libro
1000 5533 1231 5598 septimo
1263 5531 1608 5592 Stromatum,
1634 5529 1851 5601 quidam
1893 5527 2044 5583 diceâ€”

456 5607 578 5651 rent
607 5597 824 5672 Mariam
855 5597 1138 5670 virginem,
1173 5612 1452 5672 postquam
1486 5597 1803 5671 peperisset,
1831 5601 2047 5669 inspec-

457 5677 565 5741 tam
623 5669 692 5724 ab
745 5669 1498 5739 obstetricibusfinventam
1543 5669 1709 5727 fuisse
1765 5672 2046 5741 virginem.

456 5739 730 5800 Adversus
756 5742 893 5801 hanc
922 5743 1156 5802 fabulam
1201 5744 1550 5801 vehementer
1574 5739 1877 5802 exardescit
1915 5740 2049 5799 Mat-

2172 2477 2576 2559 thceus_l_3055us,
2612 2479 2750 2536 libro
2766 2481 2958 2550 primo,
2985 2483 3155 2559 Epist.
3203 2501 3379 2542 Lxxvu
3401 2529 3413 2549 ,
3439 2488 3775 2559 adPolyclcâ€”

2179 2559 2306 2603 tum.
2342 2550 2496 2605 Hunc
2549 2561 2726 2606 tamen
2777 2569 2983 2608 morem
3031 2550 3130 2610 diu
3185 2567 3452 2612 retentum
3508 2550 3672 2614 fuisse
3727 2564 3778 2615 in

2173 2620 2413 2698 Ecclesia
2443 2623 2534 2698 Dei
2559 2621 2711 2698 facile
2737 2623 2946 2698 probari
2972 2634 3165 2698 potest.
3184 2628 3410 2685 Sanctus
3436 2631 3772 2698 Ambrosius,

2181 2688 2500 2766 in_Epistola
2533 2694 2605 2766 ad
2633 2688 2915 2766 Sgaâ€˜grium
2939 2688 3230 2766 episcopum
3275 2710 3457 2755 narrat
3499 2688 3774 2757 historiam

2172 2752 2388 2838 Indicia:
2419 2765 2639 2838 virginis
2670 2752 3031 2838 Veronensis;
3067 2752 3186 2838 quze
3204 2752 3324 2824 cuin
3349 2752 3773 2828 'sÃ©â€™câ€˜uÃ©'aiiiidiÃ©'l

2175 2843 2259 2908 _set
2288 2833 2671 2908 impudicitiae,
2709 2835 2779 2908 â¸á¿–á½²
2807 2845 2862 2891 et
2891 2833 3148 2908 Syagrius
3175 2855 3291 2894 eam
3316 2841 3776 2898 abobStetricilms

2171 2902 2360 2979 inspici
2392 2905 2656 2979 et_videri_
2675 2907 2866 2979 vellet,
2915 2902 3111 2979 r'ejeeta
3161 2920 3243 2962 est
3287 2912 3403 2979 ejus
3443 2914 3732 2979 postulatio
3758 2955 3772 2974 ,

2169 2987 2290 3028 cum
2334 2974 2488 3028 bonis
2540 2977 2857 3030 testimOniis
2896 2977 3178 3044 probatum
3219 2974 3405 3034 fuisset
3443 2974 3590 3036 illam
3631 2984 3771 3037 inof-

2169 3045 2310 3119 fensi
2334 3046 2593 3119 virginem
2623 3049 2858 3101 mtmeris
2885 3063 3025 3119 esse.
3050 3050 3275 3105 Sanctus
3302 3052 3650 3119 Augustinus,
3668 3052 3761 3108 lib.

2169 3131 2226 3194 Î¹Î¹Î¹
2281 3116 2348 3194 de
2375 3117 2601 3194 Civitate
2641 3119 2729 3172 Dei
2765 3132 2885 3187 cap.
2921 3117 3029 3194 18:
3067 3119 3325 3194 Obstetria:
3353 3116 3562 3192 virginis
3595 3116 3768 3194 cujus-

2169 3188 2288 3239 dam
2316 3188 2650 3256 integritatem
2688 3205 2843 3242 manu
2871 3188 3007 3243 velut
3052 3191 3354 3257 explorans,
3406 3188 3510 3247 sive
3545 3188 3769 3248 malima-

2170 3258 2326 3332 lentia
2342 3301 2359 3332 7,
2404 3261 2507 3314 sive
2546 3260 2775 3322 inscitia,
2808 3261 2910 3314 sive
2934 3278 3076 3327 casu,
3108 3261 3229 3316 dum
3254 3265 3481 3330 inspicit,
3520 3265 3760 3332 perdidit.

2167 3328 2301 3406 Nam
2331 3331 2576 3406 inspectio
2607 3332 2878 3406 ipsastepe
2907 3331 3057 3406 etiam
3093 3334 3280 3406 fglsum
3306 3328 3671 3406 deprehendit,
3709 3348 3767 3392 Î¹Î¹Î¹

2166 3400 2240 3474 ait
2267 3401 2646 3474 Quintilianus,
2682 3401 2771 3456 lib.
2801 3418 2855 3474 v.
2885 3417 3004 3474 cap.
3023 3400 3275 3460 6.'Recte
3302 3400 3478 3474 itaque
3507 3406 3766 3473 Rigaltius

2165 3472 2234 3546 ad
2278 3472 2418 3546 hunc
2462 3474 2639 3528 locum
2685 3472 2855 3527 sancti
2904 3472 3158 3546 Cypriani
3197 3475 3328 3531 dixit
3372 3472 3759 3546 inspectionem

2164 3541 2428 3615 virginum
2461 3559 2580 3598 esse
2611 3553 2768 3615 turpe
2795 3541 3062 3614 negotium
3105 3556 3158 3599 et
3202 3541 3558 3615 virginitatem
3591 3549 3762 3604 occidi

2167 3613 2305 3668 inter
2332 3630 2528 3670 manus
2550 3613 2920 3669 Obstetricum.
2953 3619 3055 3669 Ars
3090 3616 3231 3671 enim
3285 3613 3634 3672 obstetricum
3679 3631 3764 3674 est

2164 3685 2321 3738 valde
2347 3687 2572 3740 obscura
2606 3685 2882 3740 etineerta
2908 3685 2959 3739 in
2989 3686 3150 3740 rebus
3171 3686 3323 3748 istis;
3355 3697 3410 3741 et
3442 3686 3761 3744 Laurentius

2163 3754 2471 3816 Jouhcrtus,
2522 3756 2612 3808 lib.
2643 3771 2674 3806 v
2709 3755 2955 3808 Errorum
3003 3757 3332 3824 popularium
3373 3771 3492 3825 cap.
3523 3758 3592 3822 4,
3624 3773 3759 3814 con-

2164 3825 2331 3898 tendit
2358 3826 2486 3879 nihil
2523 3825 2836 3898 certirstatui
2863 3839 3022 3894 posse
3049 3843 3113 3879 ex
3135 3826 3468 3898 inspectione
3497 3830 3615 3894 ejus
3641 3843 3764 3898 par-

2163 3895 2230 3951 tis
2261 3911 2364 3965 qua
2394 3898 2542 3964 virgo
2568 3895 2759 3949 mulier
2787 3910 2906 3950 esse
2933 3905 3128 3966 potest.
3156 3896 3337 3951 Victor
3367 3896 3622 3966 Vitensis,
3642 3895 3754 3956 'lib.

2161 3983 2228 4040 Î¹Î¹,
2268 3981 2386 4040 cap.
2423 3967 2477 4032 7,
2513 3967 2735 4040 loquens
2783 3967 2850 4040 de
2895 3967 3272 4040 persecutione
3321 3969 3573 4026 liunerici
3618 3972 3760 4040 regis

2164 4037 2522 4112 Vandalorum
2552 4037 2852 4112 :_l_â€™rtccepit
2882 4038 3064 4091 deinde
3089 4055 3262 4094 sacras
3287 4040 3507 4110 virgines
3547 4037 3757 4112 congie-

2159 4111 2270 4182 gari
2279 4149 2293 4182 ,_
2322 4109 2546 4182 dirigens
2585 4107 2844 4182 Vandalos
2860 4125 2975 4182 cum
2999 4125 3106 4164 suat
3127 4112 3289 4180 gentis
3315 4107 3666 4166 obstetricibus
3693 4115 3761 4166 ad

2159 4179 2476 4247 inspicienda
2515 4189 2561 4232 et
2590 4179 2951 4233 contrectanda
2976 4179 3150 4234 contra
3167 4183 3294 4247 jura
3328 4184 3646 4237 verecundia:
3678 4200 3761 4237 ve-

2158 4251 2382 4304 recunda
2410 4251 2634 4315 pudoris.
2665 4249 2802 4305 Vide
2821 4251 3126 4305 Matthzeum
3157 4249 3405 4316 Bossum,
3429 4252 3484 4305 in
3513 4253 3751 4320 Epistola

2157 4321 2223 4393 a_d
2261 4321 2593 4393 Polycletum
2619 4324 2780 4393 paulo
2818 4331 2942 4378 ante
2982 4323 3213 4377 laudata.
3241 4322 3374 4377 Vide
3409 4322 3569 4393 etiam
3599 4333 3762 4393 caput

2164 4391 2482 4461 Prtiposuisti
2511 4392 2563 4447 in
2595 4392 2745 4447 titulo
2779 4393 3131 4449 llecretalium
3156 4394 3223 4447 de
3260 4391 3692 4448 Probatiouibus.

2232 4462 2340 4518 Sub
2383 4464 2557 4518 eodem
2606 4474 2754 4519 tecto.
2786 4463 3143 4534 Hieronymus
3185 4463 3238 4518 in
3281 4463 3518 4534 Epistola
3561 4464 3628 4518 de
3663 4463 3752 4519 Vi-

2159 4533 2320 4588 lando
2337 4543 2586 4604 suspecto
2599 4535 2963 4590 Contubernio
2985 4533 3001 4586 i
3024 4533 3336 4602 Separentur
3355 4533 3536 4589 domus
3549 4544 3747 4602 vestrm,

2157 4605 2510 4673 dividaturque
2533 4607 2845 4666 convivium,
2891 4621 2954 4659 ne
2986 4604 3221 4660 maledici
3255 4605 3484 4658 homines
3524 4607 3616 4660 sub
3646 4623 3751 4659 uno

2160 4687 2290 4730 tecto
2315 4694 2402 4732 vos
2432 4689 2690 4732 manentes
2717 4678 2956 4732 lectulum
2981 4691 3178 4746 quoque
3206 4676 3537 4730 criminentur
3571 4678 3757 4732 habere

2157 4763 2493 4802 communem.

2232 4817 2608 4873 Habitaverint.
2640 4818 2822 4872 Codex
2867 4816 3136 4872 Fuxensis
3162 4858 3176 4881 ,
3211 4816 3443 4872 habitare
3475 4818 3750 4873 voluerint.

2233 4889 2569 4944 Postmodum
2596 4888 2721 4942 tales
2759 4889 2930 5012 (uile.
2981 4888 3058 4942 lta
3112 4898 3235 4943 octo
3278 4888 3396 4944 libri
3446 4890 3615 4944 nostri
3663 4905 3761 4945 ve-

2233 4977 2331 5012 'es.
2358 4962 2592 5012 auinuue
2635 4963 2753 5012 Ant:
2780 4959 2952 5012 icaui.
2996 4968 3051 5012 et
3069 4969 3284 5012 veteres
3325 4959 3607 5012 editiones.
3643 4961 3754 5012 Vox

2157 4969 2332 5026 teres,
2358 4962 2592 5030 quinque
2635 4959 2952 5030 Anglicani,
2996 4968 3051 5013 et
3069 4969 3284 5015 veteres
3325 4959 3607 5015 editiones.
3643 4961 3754 5015 Vox

2157 5033 2285 5086 tales
2329 5029 2482 5086 deest
2508 5029 2577 5085 in
2604 5045 2699 5085 sex
2730 5029 2849 5102 aliis
2866 5034 3099 5102 vetustis
3130 5031 3556 5102 exemplaribus.
3589 5031 3758 5101 Major

2156 5118 2282 5172 pars
2311 5111 2549 5156 veterum
2581 5101 2970 5171 exemplarium
2997 5110 3051 5156 et
3077 5101 3378 5158 editionum
3405 5103 3672 5172 persuasit
3699 5110 3760 5156 ut

2155 5189 2273 5229 eam
2303 5187 2708 5241 reponeremus.

2229 5243 2411 5313 Aliqua
2456 5253 2716 5313 corrupta.
2763 5242 2986 5299 Veteres
3024 5243 3292 5313 editiones
3309 5250 3381 5313 â¸ÎµÎ¹
3433 5257 3531 5298 sex
3573 5253 3756 5300 vetera

2154 5311 2484 5384 exemplaria
2521 5311 2719 5370 habent
2754 5315 2940 5384 aliqua:
2974 5324 3248 5383 corruptis.
3272 5311 3450 5384 Vetus
3481 5313 3758 5384 Remigio-

2154 5401 2282 5440 num
2310 5383 2363 5438 et
2387 5383 2663 5450 Fuxense,
2693 5383 2882 5454 aliqua:
2904 5394 3227 5438 contumaces
3252 5383 3462 5452 fuerint.
3487 5385 3561 5440 Ita
3591 5383 3756 5440 etiam

2153 5455 2516 5512 Pithteanum.
2565 5455 2674 5511 Sed
2723 5457 2774 5510 in
2822 5456 2924 5509 isto
2977 5467 3136 5523 supra
3193 5468 3381 5509 vocem
3431 5464 3754 5510 contumaces

2154 5528 2410 5595 scriptum
2472 5536 2556 5581 est
2605 5543 2700 5596 per
2743 5524 2974 5595 speciem
3031 5523 3423 5596 emendationis
3474 5537 3749 5595 corruptm.

2156 5597 2338 5653 Lectio
2363 5612 2483 5668 quae
2513 5595 2675 5652 habet
2706 5607 3025 5651 contumaces
3062 5595 3311 5668 adjuvari
3360 5605 3535 5665 potest
3573 5612 3640 5652 ex
3686 5597 3754 5651 iis

2155 5683 2276 5740 quae
2326 5666 2482 5738 paulo
2537 5678 2660 5740 post
2699 5677 3034 5740 sequuntur,
3084 5666 3290 5740 superbi
3335 5678 3384 5724 et
3430 5676 3757 5725 contumaces

2156 5749 2420 5798 necantur.
