4250 6282
507 342 609 406 37l
1894 341 2033 406 DIVI
2070 340 2392 406 CYPRIANI

506 351 609 410 57!

3708 345 3816 407 επ

511 466 581 523 Et
601 466 752 524 homo
770 466 1068 538 quicumque
1092 462 1267 536 fecerit
1302 461 1356 518 in
1375 459 1634 534 superbia,
1665 467 1720 516 ut
1740 475 1842 516 non
1869 459 2108 516 exaudiat
2135 464 2190 532 Α
2214 458 2342 516 dant
2387 456 2435 512 ιι.
2483 456 2549 516 Et
2585 456 2632 514 si
2681 456 2749 514 ad
2776 465 3012 528 praesens
3048 465 3082 508 a
3110 459 3267 516 nobis
3295 458 3507 531 quidam
3535 472 3606 516 ex
3632 460 3812 518 fratria

505 561 822 617 sacerdotem
841 568 930 613 aut
946 556 1181 627 judicent
1200 555 1502 625 quicumque
1529 553 1680 624 fuerit
1704 554 1756 608 in
1787 553 1960 610 diebus
1979 551 2108 622 illis,

508 655 754 710 morietur
779 653 930 706 homo
967 649 1076 716 ille,
1101 657 1148 704 et
1178 648 1342 702 omnis
1381 647 1604 718 populus
1650 662 1766 702 eum
1808 646 2023 709 audierit
2046 648 2112 702 ti-

509 745 678 808 mebit,
712 753 882 798 etnon
907 749 1057 810 agent
1085 740 1242 810 impie
1289 739 1439 795 etiam
1466 755 1602 794 nunc
1643 738 1823 808 (Deut.
1855 754 1988 806 xvn,
2018 737 2108 806 i3,

508 836 626 907 15).
677 835 906 892 lnterftci
973 835 1114 890 Deus
1157 833 1317 907 jussit
1383 831 1751 888 sacerdotibus
1821 832 1932 886 suis
2006 845 2114 886 non

506 930 949 1000 obtemperantes
979 935 1038 983 et
1081 925 1353 997 iudicibus
1392 939 1420 978 a
1451 941 1510 982 se
1557 925 1621 980 ad
1651 923 1860 994 tempus
1913 925 2114 980 consti-

509 1025 641 1080 tutis
715 1037 821 1078 non
889 1019 1240 1082 obaudientes
1281 1028 1329 1078 αι
1380 1018 1449 1080 Et
1497 1027 1622 1078 tunc
1669 1017 1885 1088 quidem
1935 1017 2114 1088 gladio

512 1115 934 1181 occidebantur,
964 1113 1182 1186 quando
1223 1112 1399 1170 adhuc
1439 1120 1494 1169 et
1520 1111 1856 1168 circumcisio
1880 1112 2117 1170 carnalis

509 1211 781 1269 manebat.
804 1209 956 1266 Nunc
980 1217 1180 1275 autem,
1198 1207 1320 1278 quia
1351 1206 1690 1263 circumcisio
1714 1205 1968 1278 spiritalis
1993 1219 2118 1262 esse

511 1305 654 1376 apud
687 1303 874 1359 fideles
901 1316 1088 1358 servos
1110 1301 1201 1357 Dei
1223 1297 1407 1370 erepit,
1430 1297 1656 1369 spiritali
1688 1297 1866 1378 gladio
1896 1299 2117 1368 superbi

512 1410 570 1457 et
600 1406 943 1458 contumaces
984 1405 1243 1454 necantur
1292 1393 1419 1450 dum
1446 1391 1514 1450 de
1536 1392 1774 1450 Ecclesia
1805 1392 2116 1462 ejiciuntur.

509 1492 702 1564 Neque
730 1491 875 1547 enim
924 1491 1112 1548 vivere
1164 1488 1292 1545 foris
1324 1496 1581 1558 passum,
1628 1502 1750 1544 cum
1797 1487 1991 1544 domus
2021 1486 2118 1543 Dei

513 1603 622 1644 una
653 1587 744 1653 sit,
777 1594 831 1642 et
861 1585 1062 1642 nemini
1093 1583 1242 1641 salus
1285 1593 1407 1639 sese
1441 1581 1543 1638 nisi
1595 1583 1648 1638 in
1705 1581 1948 1640 Ecclesia
1995 1596 2120 1653 pos-

515 1679 605 1738 sit.
639 1677 1075 1748 lndisciplinatos
1103 1685 1285 1733 autem
1325 1677 1524 1746 perire,
1568 1675 1694 1732 dum
1739 1691 1848 1733 non
1896 1675 2121 1732 audiunt

515 1790 620 1836 nec
647 1773 1025 1846 obtemperant
1045 1771 1352 1828 salubribus
1388 1772 1694 1842 praeceptis,
1721 1776 1949 1827 testatur
1974 1769 2120 1828 Seria

518 1877 678 1940 plura
726 1869 908 1923 divina
971 1882 1092 1938 qua:
1137 1853 1266 1922 dicit.
1303 1881 1316 1919 :
1351 1864 1476 1920 Non
1516 1865 1680 1936 diligit
1707 1865 2123 1938 indisciplinatus
2149 1868 2198 1934 Β

518 1961 850 2032 castigantem
869 1975 941 2014 se.
971 1958 1072 2024 Qui
1095 1967 1265 2012 autem
1315 1958 1528 2013 oderunt
1570 1957 1932 2029 correptiones,
1990 1972 2113 2014 cono

517 2060 780 2107 sumentur
807 2051 1019 2122 turpiter
1048 2047 1230 2122 (Prov.
1251 2065 1342 2116 xv,
1366 2049 1585 2122 12,10).

597 2143 663 2198 ν.
687 2143 850 2214 Ergo,-
882 2157 950 2199 ne
1002 2141 1382 2212 indisciplinati
1403 2149 1788 2200 consumantur
1807 2146 1862 2199 et
1889 2147 2114 2214 pereant

520 2236 589 2292 da
613 2250 852 2306 operam,
869 2234 1034 2291 frater
1045 2233 1382 2302 charissima,
1407 2245 1486 2303 ut,
1509 2244 1766 2306 quantum
1789 2243 1962 2306 potes,
1986 2249 2118 2290 con-

518 2329 658 2386 siliis
710 2328 1032 2383 salutaribus
1073 2327 1101 2366 ι)
1152 2327 1541 2384 fraternitatem
1593 2341 1746 2399 regas
1798 2335 1851 2383 et
1898 2328 2117 2400 singulis

523 2419 598 2473 ad
630 2419 860 2476 salutem
902 2435 1055 2476 suam
1105 2420 1378 2477 consulas.
1407 2411 1566 2476 Areta
1594 2430 1648 2476 et
1674 2427 1900 2490 angusta
1927 2427 2009 2475 est
2035 2419 2119 2474 vid

520 2529 624 2586 per
649 2529 807 2585 quam
838 2514 1170 2584 ingredimur
1195 2514 1261 2568 ad
1289 2514 1455 2570 vitam
1474 2556 1490 2583 ,
1522 2513 1618 2570 sed
1661 2528 1904 2570 summus
1927 2522 1981 2568 et
2009 2528 2120 2568 ma-

520 2620 660 2677 gnus
706 2613 789 2660 est
842 2603 1044 2661 fructus
1099 2620 1220 2660 cum
1245 2603 1312 2638 ¹⁰⁸
1333 2608 1676 2677 pervenimus
1707 2606 1773 2662 ad
1813 2605 2036 2678 gloriam
2070 2617 2118 2662 ο.

522 2696 625 2766 Qui
654 2713 714 2752 se
738 2696 903 2752 semel
932 2705 1301 2752 castraverunt
1321 2707 1542 2768 propter
1576 2713 1800 2770 regnum
1835 2698 2118 2764 oculorum,

520 2789 639 2846 Deo
672 2804 768 2860 per
792 2791 969 2845 omnia
1015 2792 1280 2864 placeant,
1301 2803 1400 2848 nee
1447 2789 1754 2849 sacerdotes
1783 2793 1876 2848 Dei
1901 2797 1991 2848 aut
2014 2791 2120 2848 Ec;

522 2880 744 2939 clesiam
812 2867 1022 2938 Domini
1093 2877 1348 2941 seandalo
1418 2898 1530 2940 suae
1603 2883 1877 2954 pravitatis
1956 2883 2126 2940 olfen-

2215 550 2315 610 bus
2342 549 2543 607 nostris
2567 549 2874 607 contristari
2896 548 3167 619 videntur,
3197 565 3297 607 nos
3327 556 3508 607 tamen
3529 551 3583 606 in
3611 553 3814 612 salubri

2216 645 2564 720 persuasione
2577 657 2910 711 maneamus,
2926 644 3160 700 scientes
3179 652 3232 700 et
3252 643 3571 716 Apostolum
3592 645 3812 704 dixisse:

2218 742 2361 812 Ergo
2413 756 2504 812 ego
2558 739 2794 793 inimicus
2819 739 2986 808 factus
3015 739 3156 795 nobis
3178 755 3292 794 sum
3332 751 3504 794 verum
3530 739 3702 797 dicens
3721 759 3813 798 vo-

2216 832 2555 903 bis(Gal.tv,
2609 831 2746 903 ιδῃ
2791 832 2944 900 Quod
2992 834 3037 888 si
3088 835 3581 904 obtemperaverint
3635 837 3812 904 nobis,

2217 925 2404 982 luerati
2455 927 2638 980 sumus
2684 923 2910 992 fratres,
2941 935 2995 982 et
3046 940 3142 982 eos
3190 927 3257 981 ad
3287 927 3513 983 salutem
3547 930 3744 998 pariter
3763 938 3816 987 et

2218 1016 2531 1087 dignitatem
2583 1025 2771 1072 nostro
2825 1030 3077 1073 sermone
3122 1018 3492 1074 formavimus.
3537 1019 3594 1076 Si
3635 1029 3819 1078 autem

2220 1108 2436 1179 quidam
2488 1107 2556 1164 de
2602 1109 2871 1180 perversis
2899 1109 3277 1182 obtemperare
3302 1113 3593 1180 noluerint,
3623 1126 3818 1187 sequa-

2221 1217 2341 1258 mur
2388 1201 2636 1259 eumdem
2691 1203 3006 1274 Apostolum
3055 1203 3367 1262 dicentem:
3414 1206 3476 1264 Si
3529 1210 3821 1268 hominibus

2221 1296 2492 1365 placerem,
2548 1295 2736 1351 Christi
2763 1311 2934 1352 seruus
2978 1312 3079 1352 non
3120 1311 3278 1354 essent
3322 1297 3466 1373 (Gal.
3528 1315 3568 1367 ι,
3619 1300 3728 1372 10).
3757 1302 3816 1357 Si

2221 1387 2541 1458 quibusdam
2588 1387 2819 1445 suadere
2877 1400 2983 1444 non
3040 1403 3326 1460 possumus
3364 1400 3424 1446 ut
3471 1407 3568 1448 eos
3603 1392 3822 1450 Christo

2222 1479 2436 1549 placere
2462 1479 2745 1552 faciamus,
2773 1496 2872 1538 nos
2901 1491 3069 1550 certe,
3092 1484 3237 1554 quod
3262 1493 3507 1540 nostrum
3535 1495 3636 1553 est,
3663 1485 3821 1543 Chri-

2222 1581 2306 1628 sto
2333 1573 2557 1630 Domino
2589 1583 2642 1630 et
2672 1575 2784 1631 Deo
2824 1585 3030 1644 nostro,
3062 1561 3329 1649 praecepta
3375 1579 3491 1650 ejus
3529 1583 3817 1652 servando,

2225 1666 2549 1736 placeamus.
2573 1667 2712 1740 Opto
2741 1673 2814 1734 t'e,
2862 1667 3027 1724 frater
3067 1671 3385 1728 charissime
3411 1687 3475 1728 ac
3500 1671 3816 1731 desiderem

2225 1759 2452 1828 tissime,
2477 1758 2534 1818 in
2561 1761 2791 1820 Domino
2815 1760 2954 1819 bene
2982 1762 3183 1820 valere.

2765 1935 3096 2021 EPISTOLA
3128 1936 3314 2012 LXIII.-

2225 2078 2458 2144 (Erasm.,
2488 2091 2540 2141 ιι,
2563 2069 2612 2129 3.
2637 2075 2849 2150 Parare!”
2874 2074 3075 2150 Rigalt.,
3095 2073 3287 2150 Baluz.,_
3333 2091 3464 2130 Lxut.
3508 2075 3686 2144 Paris,
3728 2094 3824 2132 um

2740 2138 2923 2200 Oxon.,
2951 2141 3106 2203 Lips.,
3131 2138 3292 2204 ant.)

2337 2285 2404 2328 AD
2425 2281 2690 2326 CAECILIO”
2729 2281 2797 2324 DE
2827 2280 3178 2322 SACRAMENTO
3217 2279 3456 2323 DOMINICI
3494 2281 3716 2326 CALICIS.

2226 2401 2629 2466 Aucunuuruu.
2661 2431 2734 2444 -—
2761 2400 2917 2456 Docet
2946 2397 3260 2472 Cyprianus,
3291 2410 3474 2457 contra
3499 2405 3754 2474 aquarios,
3774 2407 3828 2461 in

2297 2499 2455 2554 calice
2481 2497 2750 2552 Dominico
2777 2509 2879 2548 non
2907 2510 3098 2564 aquam
3136 2494 3330 2562 solam,
3375 2495 3467 2550 sed
3494 2497 3668 2552 vinum
3693 2515 3829 2569 aqua

2298 2597 2514 2652 mixtum
2566 2609 2670 2650 esse
2724 2590 3073 2660 offerendum;
3114 2607 3205 2663 per
3253 2608 3365 2646 eam
3418 2591 3470 2646 in
3546 2591 3830 2663 Scripturis

2298 2690 2616 2761 Baptismum
2641 2727 2655 2750 .
2709 2687 2916 2741 minime
2961 2701 3078 2740 uero
3125 2684 3506 2741 Eucharistiam
3549 2687 3826 2759 designari.

2305 2781 2464 2856 Tyriis
2493 2799 2557 2838 ex
2589 2773 2756 2836 Veteri
2802 2777 3121 2834 Testamento
3168 2779 3405 2850 sumptis,
3460 2795 3579 2836 usus
3632 2781 3730 2836 vini
3777 2781 3831 2837 in

2299 2880 2633 2938 Sacramenta
2676 2875 2904 2946 corporis
2953 2870 3216 2930 Doininici
3274 2873 3597 2945 illustratur,
3667 2894 3831 2949 popu-

1771 2992 2154 3060 LECTIONES
2191 2993 2606 3058 VARIANTES.

521 3095 560 3160 ’ζ
591 3091 821 3160 “iudicii
853 3095 930 3148 s'ul
969 3094 1042 3147 sic
1075 3102 1270 3160 tempus
1302 3097 1552 3152 constituit
1568 3111 1666 3150 non
1695 3097 2043 3151 obedientibus
2069 3095 2195 3160 etc

527 3155 933 3274 Βοξέέίιιιπίῢυς
956 3221 1089 3275 Lam.
1125 3221 1273 3275 Ebor.

2289 3096 2311 3126 ε
2335 3093 2545 3154 Fructus
2565 3087 2903 3154 pervenientia
2927 3086 2983 3137 ad
2987 3085 3340 3154 AglorianiBod
3349 3128 3360 3139 .
3383 3089 3423 3154 li.

2291 3155 2318 3196 d
2343 3149 2581 3206 Scandan
2618 3164 2674 3204 se
2698 3149 2928 3202 fratribus
2949 3149 3160 3203 offerant
3198 3150 3330 3202 Lam.
3385 3151 3513 3206 Bod.
3546 3151 3596 3203 2.
3631 3152 3740 3206 NG.
3786 3153 3831 3207 l.

1769 3295 2011 3365 ετεριι.
2055 3293 2324 3365 BALUZII
2361 3297 2591 3360 NOTE.

606 3398 911 3476 Salubribus
940 3401 1222 3476 prafceptis.
1267 3398 1488 3476 Veteres
1534 3397 1798 3476 editiones
1829 3407 1883 3476 et
1909 3398 2019 3454 duo
2069 3398 2132 3452 li-

535 3474 620 3529 bri
647 3481 857 3532 veteres
902 3469 1189 3538 p'rtefcrunt
1215 3471 1440 3526 consiliis
1478 3469 1812 3525 salutaribus.
1847 3473 1917 3524 At
1943 3476 2133 3525 omnes

537 3545 626 3600 alii
658 3541 780 3597 libri
824 3541 1021 3612 habent
1074 3541 1360 3612 praeceptis.
1405 3542 1533 3596 Post
1566 3539 1804 3597 verbum
1845 3540 2135 3594 salubribus

537 3615 671 3671 nihil
699 3611 846 3676 aliud
875 3623 941 3667 ett
971 3611 1318 3682 ista'episttila
1351 3621 1532 3669 exstat
1560 3612 1612 3665 in
1631 3612 1817 3667 codice
1842 3612 2011 3665 sancti
2033 3612 2133 3665 Ar-

535 3685 752 3756 nulphi,
801 3693 853 3740 et
869 3698 1062 3756 eorum
1107 3692 1227 3754 quas
1257 3683 1450 3740 desunt
1481 3685 1601 3738 loco
1621 3683 1829 3756 adjecta
1853 3689 1978 3736 sunt
2003 3696 2133 3736 eon-

539 3753 831 3826 sequenter
850 3754 958 3814 duo
987 3753 1286 3824 fragmenta
1315 3755 1539 3826 aliarum
1571 3753 2134 3826 epistolarutuiunum

536 3823 790 3884 nimirum
823 3842 887 3882 ex
923 3823 1159 3896 Epistula
1190 3842 1332 3888 thv.
1363 3826 1429 3878 ad
1448 3824 1774 3896 Epictetum,-
1816 3833 1870 3878 et
1897 3823 2040 3879 aliud
2073 3839 2141 3878 ea

536 3898 779 3968 Epistola
803 3895 1056 3968 nuntiati
1086 3896 1406 3968 Stephanum
1435 3911 1605 3968 usque
1631 3897 1698 3949 ad
1740 3895 1922 3950 finem.

613 3971 679 4025 V.
711 3998 783 4009 —-
811 3967 1154 4037 lngredimur.
1179 3965 1439 4032 ltigaltius
1460 3967 1638 4036 posuit
1658 3968 1943 4036 gradimur,
1972 3981 2040 4021 ex
2072 3965 2138 4020 li-

538 4042 640 4096 bro
679 4040 932 4093 nimirum
975 4037 1306 4103 Veronensi,
1348 4053 1469 4094 eum
1514 4053 1620 4107 quo
1665 4037 2139 4107 consentitetiam

541 4109 828 4167 Fuxcnsis.
861 4109 1027 4165 Vetds
1075 4108 1418 4179 liemigianus
1449 4105 1606 4164 habet
1645 4111 1899 4179 graditur.
1945 4105 2141 4163 Veram

540 4182 828 4238 lcetiun'en‘t
884 4195 1044 4248 quam
1085 4195 1182 4235 nos
1222 4181 1594 4235 remeavimus
1654 4179 1911 4234 exhibent
1961 4181 2140 4233 Omnia

2239 3395 2510 3452 submisso
2557 3391 2767 3467 dicendi
2815 3406 3035 3467 genere.
3087 3395 3287 3450 Contra
3337 3393 3644 3451 Goulartius
3687 3403 3836 3467 putat

2238 3467 2566 3540 Cyprianum
2596 3462 3116 3540 isticvel’tementem
3150 3467 3340 3540 fuisse.

2312 3483 2316 3496 ν
2359 3483 2566 3521 nanum
2598 3483 2718 3519 isne
2745 3483 3116 3521 venementem
3156 3483 3340 3522 tuisse.

2312 3483 2354 3592 Β
2385 3567 2454 3578 —-—
2480 3533 2868 3608 AdVCrecilinm.
2937 3537 3194 3608 Quamvis
3221 3538 3272 3592 id
3286 3537 3426 3608 quod
3453 3537 3691 3593 dicturus
3717 3554 3835 3593 sum

2241 3605 2913 3688 videripossitinaliquibus
2937 3605 3414 3688 exigni_rn'_ome_nti,
3438 3610 3609 3688 d_icam
3635 3618 3830 3665 tamen.

2241 3677 2572 3737 Pnsleditum
2597 3677 2796 3732 librum
2813 3677 3070 3734 Lactantii
3094 3681 3156 3732 de
3175 3679 3424 3735 Mortibus
3444 3679 3837 3735 Persecutorum

2245 3751 2395 3808 fuere
2407 3749 2495 3819 qui
2522 3749 2856 3818 disputarem
2884 3748 2954 3781 ’⁸⁷⁸
2982 3765 3048 3804 an
3066 3750 3264 3806 Caecilii
3281 3766 3475 3806 nomen
3491 3752 3836 3806 seribenduni

2245 3833 2538 3902 essetcurn
2565 3819 2900 3902 diphthongo
2933 3821 3014 3876 vel
3042 3823 3159 3876 sine
3183 3821 3532 3902 diphthongo.
3556 3824 3840 3902 Ego-tero

2245 3894 2333 3948 aio
2353 3894 2858 3966 plurimosveteres
2882 3906 3102 3966 operum
3129 3895 3296 3948 sancti
3317 3893 3835 3966 Cypriani'codices,

2245 3975 2300 4019 et.
2349 3962 2402 4019 in
2450 3963 2532 4018 his
2573 3962 2733 4018 etiam
2789 3963 3192 4034 Seguierianum
3239 3962 3478 4020 omnium
3530 3975 3837 4020 nostrorum

2246 4035 2710 4098 vetustissimum,
2767 4035 2949 4106 plures
2998 4035 3375 4104 inscriptiones
3428 4037 3707 4106 antiquas,
3781 4045 3837 4090 et

2247 4120 2494 4161 nummos
2523 4114 2734 4161 veteres
2767 4105 2963 4160 habere
3007 4105 3416 4176 diphthongum.
3457 4105 3620 4161 Nova:
3663 4117 3838 4160 tamen

2248 4177 2404 4247 liuius
2443 4177 2818 4246 disputationis
2865 4178 3111 4247 praesidio
3139 4179 3304 4232 fretus
3357 4178 3438 4231 vir
3485 4177 3832 4244 clarissimus,

543 4254 644 4307 alia
687 4261 866 4304 vetera
895 4242 1221 4318 exemplaria
1242 4293 1254 4311 .
1285 4259 1492 4319 septem
1518 4249 1806 4320 Anglicana
1831 4292 1843 4314 ,
1873 4258 1926 4304 et
1953 4264 2142 4305 ontues
2168 4252 2222 4313 1)
2249 4242 2336 4318 qui
2368 4242 2543 4320 nuper
2569 4263 2702 4320 nera
2737 4242 2970 4302 editione
3023 4249 3240 4302 donavit
3265 4251 3419 4320 hunc
3459 4249 3649 4320 librum
3706 4242 3837 4303 Lac?

547 4322 807 4378 editiones
839 4321 886 4376 ll
905 4321 1135 4391 galliana
1172 4323 1522 4390 antiquiores.
1569 4320 1737 4376 Recte
1791 4322 1970 4390 itaque
2016 4320 2145 4376 fecit

544 4394 875 4450 Beinhartus
909 4391 1144 4446 retinens
1190 4393 1477 4447 lectionem
1523 4402 1765 4449 veterum
1817 4392 2139 4448 editionum.

549 4465 707 4536 Angli
735 4465 1038 4518 maluerunt
1063 4465 1351 4536 gradimur.

625 4481 707 4536 lgli
735 4481 1038 4518 maluerunt
1099 4481 1351 4517 raatrnur.

625 4537 836 4590 anrati
854 4550 1028 4590 sumus
1054 4481 1260 4606 [gi-utres.
1296 4533 1404 4606 ista
1430 4543 1538 4590 nan
1565 4534 1740 4604 reperi
1771 4534 1876 4589 nisi
1903 4537 1954 4590 in
1985 4534 2156 4592 tribus

561 4607 838 4665 codicibus
857 4597 1112 4676 antiquis.
1143 4606 1276 4673 Alii,
1317 4597 1370 4661 id
1413 4615 1495 4662 est
1538 4597 1940 4674 Quatuordecim
1986 4606 2164 4663 nostri

567 4689 621 4735 et
647 4687 853 4747 septem
878 4678 1162 4748 Anglicani
1182 4717 1200 4745 ,
1241 4679 1312 4733 ita
1341 4678 1508 4734 ferme
1540 4677 1770 4741 habent,
1813 4679 2158 4748 gratissimum

563 4762 641 4805 est
673 4749 833 4804 nobis.
875 4748 1030 4804 Stare
1059 4765 1142 4804 eos
1179 4749 1249 4804 ad
1277 4749 1492 4803 salutem
1518 4749 1706 4819 pariter
1735 4760 1908 4804 nostro
1933 4767 2163 4806 sermone

561 4823 920 4893 formavimus.
968 4820 1195 4893 Difficile
1225 4829 1316 4893 est
1348 4819 1488 4893 inter
1513 4821 1629 4893 ista
1663 4820 1992 4893 constituere
2032 4822 2161 4892 quid

558 4889 842 4963 Scripserit
869 4889 1194 4963 Cyprianus.
1224 4891 1372 4963 Ego,
1418 4892 1461 4946 si
1510 4890 1636 4946 licet
1677 4889 2161 4960 conjecturam'fa-

561 4962 707 5027 cere,
735 4962 1103 5018 existimarem
1135 4962 1418 5032 legendum
1444 4976 1565 5017 esse
1582 4971 1639 5016 ut
1668 4962 1720 5016 in
1753 4963 1984 5032 antiquis
2012 4963 2162 5018 libris

561 5046 617 5090 et
644 5034 971 5090 editioniln'is
1000 5049 1014 5086 :
1051 5032 1204 5100 Quod
1235 5035 1278 5087 si
1305 5033 1786 5104 ebtenrperavcrint,
1821 5035 2162 5103 gratissimum

560 5116 633 5160 est
661 5106 824 5159 nobis.
849 5104 1058 5160 Stantes
1085 5120 1169 5159 eos
1195 5107 1262 5158 ad
1301 5103 1519 5160 salutem
1542 5105 1730 5174 pariter
1755 5103 2048 5176 dignatione
2067 5121 2162 5160 nos

557 5178 653 5231 stri
679 5176 924 5232 sermonis
948 5176 1294 5245 formavimus.

635 5247 836 5302 Christo
862 5245 1106 5301 Domino.
1140 5245 1288 5318 Hanc
1316 5246 1601 5302 lectionem
1625 5247 1918 5317 prmferunt
1949 5257 2153 5318 septem

558 5329 744 5373 vetera
785 5318 1134 5389 exemplaria.
1166 5317 1284 5372 Alia
1327 5328 1453 5389 octo
1492 5327 1547 5373 et
1588 5329 1816 5387 quatuor
1860 5317 2154 5389 Angli’cana

557 5389 762 5515 hiabant
788 5389 977 5444 Christi
1005 5387 1224 5446 Domini
1245 5399 1290 5444 et
1313 5387 1410 5444 Dei
1437 5390 1597 5444 nostri
1630 5401 1881 5463 πιπτει-θρῖα
1900 5387 2154 5446 seruantes

557 5479 589 5515 υ
611 5476 869 5514 aceamus.

553 5476 869 5532 placeamus.

623 5531 809 5588 Ertsr.
874 5546 1024 5588 LXIII.
1130 5561 1201 5574 —-
1290 5533 1518 5590 Sanctus
1613 5533 1940 5604 Augustinus
2012 5534 2140 5589 citat

549 5603 690 5676 hanc
713 5605 996 5676 epistolam
1040 5612 1095 5660 et
1135 5618 1201 5660 cx
1228 5620 1291 5662 ea
1331 5607 1580 5676 magnum
1609 5603 1963 5675 fragmentum
1986 5604 2140 5660 affert

548 5674 644 5749 lib.
698 5673 756 5730 tv
793 5675 878 5749 _de
932 5673 1185 5749 Doctrina
1229 5673 1530 5749 christiana,
1560 5673 1713 5749 cap."
1735 5676 1826 5732 21.
1881 5680 1958 5733 Ac
2005 5679 2142 5732 sicut

551 5745 762 5802 dixerat
783 5745 1036 5818 Cypriani
1060 5747 1350 5818 Epistulam
1366 5747 1434 5802 ad
1462 5745 1722 5803 Donatum
1746 5757 1989 5804 ornatam
2018 5761 2143 5804 esse

551 5829 776 5887 spumea
805 5817 1088 5879 verborum
1108 5817 1337 5889 ambitu,
1361 5820 1437 5880 sic
1463 5821 1620 5886 istam
1645 5821 1719 5880 ait
1739 5821 1988 5892 scriptam
2012 5833 2136 5879 esse

2255 4321 2428 4384 tatitii,
2452 4319 2554 4373 hoc
2590 4319 2732 4373 illius
2757 4334 2951 4373 nomen
2983 4319 3196 4388 scripsit
3229 4319 3430 4389 absque
3472 4319 3836 4390 diphthongo,

2255 4406 2316 4446 ea
2348 4391 2414 4447 de
2441 4405 2600 4445 causa
2629 4391 2768 4459 quod
2814 4391 2883 4443 ita
2923 4391 3180 4460 scriptum
3211 4390 3424 4445 videbat
3472 4391 3526 4445 in
3555 4392 3721 4445 veteri
3748 4407 3836 4444 eo-

2257 4462 2376 4517 dice
2419 4477 2485 4516 ex
2533 4475 2638 4531 quo
2695 4461 2830 4516 liber
2879 4461 2966 4516 ille
2993 4462 3220 4516 emissus
3281 4471 3365 4516 est
3425 4463 3477 4516 in
3540 4463 3838 4532 publicum,

2259 4549 2365 4590 non
2413 4532 2846 4588 animadvertens
2889 4532 3148 4600 plurimos
3198 4547 3342 4603 saepe
3388 4547 3601 4588 errores
3657 4542 3842 4587 contra

2261 4603 2694 4675 orthographiam
2727 4603 2990 4658 admissos
3019 4618 3139 4658 esse
3166 4619 3196 4658 a
3227 4604 3498 4659 veteribus
3524 4603 3760 4660 librariis
3789 4612 3844 4658 et

2266 4677 2319 4732 in
2347 4677 2578 4746 antiquis
2609 4675 3042 4744 inscriptionibus
3065 4686 3118 4730 et
3151 4677 3405 4730 nummis.
3434 4675 3717 4732 Contendit
3746 4691 3842 4728 au-

2268 4756 2374 4804 tem
2400 4745 2487 4802 vir
2505 4747 2770 4816 optimus,
2822 4753 2878 4800 ut
2904 4745 2954 4799 id
2982 4760 3196 4816 quoque
3221 4746 3392 4801 dieam
3415 4787 3429 4812 ,
3478 4747 3670 4800 librum
3698 4746 3842 4800 illum

2268 4835 2374 4875 non
2404 4815 2858 4882 esse’lmctantii,
2903 4815 3023 4885 quia
3070 4815 3264 4873 nomen
3303 4817 3419 4886 ejus
3466 4829 3570 4872 non
3621 4817 3847 4873 habetur

2267 4892 2320 4946 in
2344 4891 2508 4946 veteri
2541 4888 2694 4952 libro,
2725 4888 2980 4944 omissum
3009 4888 3303 4944 videliceta
3323 4889 3539 4944 librario
3561 4888 3846 4943 festinante

2265 4962 2357 5032 qui
2379 5003 2393 5025 ,
2442 4970 2498 5014 ut
2545 4961 2595 5014 in
2614 4959 2777 5032 simili
2814 4974 2974 5015 causa
3005 4959 3142 5014 dixit
3166 4960 3485 5032 Sirmondus
3517 4960 3597 5014 vir
3624 4961 3847 5032 istarum

2266 5030 2448 5089 rerum
2511 5030 2898 5100 peritissimus,
2969 5046 3090 5086 cum
3140 5032 3320 5086 omnia
3367 5031 3641 5100 scriptoris
3694 5030 3846 5083 istius‘

2268 5104 2484 5158 nomina
2514 5100 2792 5158 brevitatis
2822 5101 3002 5156 studio
3031 5103 3338 5158 describere
3369 5103 3571 5166 nollet,
3621 5115 3717 5170 pro
3761 5100 3846 5154 ul-

2268 5175 2399 5230 timo
2421 5217 2434 5241 ,
2463 5173 2604 5245 quod
2634 5173 2903 5245 proprium
2931 5184 3080 5245 erat,
3106 5173 3156 5226 id
3183 5174 3357 5243 potius
3383 5173 3625 5245 imperite
3650 5171 3848 5245 delegit

2259 5245 2402 5316 quod
2456 5243 2627 5316 primo
2672 5243 2792 5298 loco
2821 5244 3154 5300 occurrebat.
3196 5245 3346 5298 Cum'
3376 5245 3512 5298 hanc
3561 5244 3659 5298 viri
3706 5244 3848 5298 cele-

2259 5315 2484 5372 berrimi
2531 5315 2963 5386 observationem
2989 5356 3004 5380 ,
3047 5331 3149 5386 qua
3187 5330 3286 5386 ego
3331 5329 3459 5370 usus
3507 5329 3692 5378 eram,
3740 5329 3846 5368 non

2259 5389 2525 5445 inveniret
2552 5399 2720 5442 novus
2751 5385 2843 5442 ille
2871 5386 3044 5441 editor
3069 5385 3132 5443 in
3159 5386 3379 5442 Sidonio
3404 5386 3670 5441 Sirmondi
3693 5427 3708 5451 ,
3760 5399 3848 5440 me

2259 5461 2310 5515 in
2357 5458 2718 5528 suspicionem
2749 5458 2905 5512 malae
2945 5457 3065 5514 ﬁdei
3113 5459 3326 5513 trahere
3356 5457 3542 5520 voluit,
3577 5467 3848 5528 tamquam

2244 5532 2288 5586 si
2313 5527 2607 5587 falso’usus
2639 5542 2817 5584 essem
2865 5529 3184 5585 auctoritate
3229 5528 3500 5585 Sirmondi
3548 5538 3606 5582 ut
3634 5527 3686 5582 id
3719 5542 3847 5596 pro-

2244 5601 2432 5657 barem
2471 5599 2614 5672 quod
2665 5613 3012 5671 susceperam
3059 5600 3427 5670 probandum,
3474 5615 3580 5672 non
3605 5598 3847 5672 facturus

2245 5674 2387 5728 haud
2430 5669 2592 5728 dubie
2619 5672 2665 5726 si
2694 5669 2910 5742 legisset
2938 5669 3156 5728 brevem
3185 5671 3742 5741 istius-prmfationem
3776 5669 3848 5742 de

2247 5744 2552 5802 nominibus
2609 5741 2839 5813 prepriis
2877 5743 3068 5799 mediae
3125 5744 3297 5798 tetatis
3344 5742 3546 5798 editam
3599 5744 3650 5797 in
3690 5741 3848 5813 initio

2247 5825 2492 5877 notarum
2518 5814 2584 5875 ad
2613 5811 2929 5875 Sidonium.
2965 5815 3168 5876 Vellem
3195 5823 3376 5873 autem
3398 5823 3456 5871 ut
3484 5814 3566 5872 vir
3584 5811 3842 5870 doctissi-
