4250 6282
514 341 627 405 575
1695 333 1731 371 ³⁸

1904 333 2044 396 DIVI
2078 333 2399 396 CYPRIANI
2477 338 2490 396 '.

3708 348 3817 406 576

516 478 633 519 sum
657 461 773 518 vitis
797 456 1076 533 vera(Joa.
1120 469 1214 521 xv,
1243 450 1323 525 1),
1354 449 1570 524 sanguis
1600 449 1798 508 Christi
1828 465 1934 508 non
1959 466 2096 524 aqua
2125 453 2181 516 Α
2205 452 2273 508 Et
2327 452 2692 524 Melchisedeh,
2726 473 2817 513 rea:
2845 456 3041 525 Solem,
3099 461 3313 527 protulit
3336 477 3518 531 panem
3561 473 3610 521 ει
3635 466 3808 522 uinum

515 565 603 614 est
651 556 834 625 utique
861 594 877 619 ,
930 549 1024 608 sed
1063 549 1266 606 vinum.
1312 544 1424 602 Nec
1466 555 1641 617 potest
1683 544 1849 601 videri
1893 546 2112 618 sanguis

515 647 657 718 ejus,
686 660 791 716 quo
817 641 1077 713 redempti
1119 649 1175 696 et
1197 638 1451 695 vivificati
1490 651 1698 705 sumus,
1720 652 1842 695 esse
1867 638 1921 694 in
1946 638 2112 695 calice

516 738 734 812 quando
755 736 935 793 vinum
974 734 1115 791 desit
1164 733 1343 802 ealici,
1372 747 1480 804 quo
1515 729 1714 787 Christi
1765 731 1982 803 sanguis
2022 745 2111 787 os-

514 831 791 897 tenditur,
833 830 923 902 qui
953 828 1354 900 Scriptnrarnm
1401 824 1641 882 omnium
1688 831 2028 881 sacramento
2049 837 2113 880 ac

514 922 826 980 testimonio
854 919 1176 992 prmdicetur
1202 928 1253 973 ιι.

586 1013 673 1070 ΙΙΙ.
703 1014 1009 1070 Invenimus
1033 1013 1180 1069 enim
1223 1019 1278 1069 et
1307 1009 1362 1066 in
1387 1007 1585 1067 Genesi
1638 1008 1781 1066 circa
1808 1022 2113 1066 sacramen-

511 1117 630 1164 tum
653 1108 706 1163 in
731 1105 845 1163 Noe
867 1105 969 1161 hoc
1001 1104 1142 1161 idem
1174 1103 1595 1175 praecucurrisse
1614 1111 1670 1158 et
1685 1103 1909 1175 liguram
1931 1102 2114 1159 Domi-

516 1202 656 1259 nica:
679 1201 940 1272 passionis
973 1199 1084 1255 illic
1121 1197 1362 1255 extitisse
1401 1195 1544 1268 quod
1585 1195 1765 1252 vinum
1791 1196 1943 1263 bibit,
1969 1196 2114 1268 quod

514 1295 812 1353 inebriatus
839 1302 921 1349 est
945 1292 1098 1359 (Gen.
1149 1290 1365 1364 tx,2l-),
1400 1289 1613 1363 quodin
1630 1289 1792 1346 domo
1811 1304 1906 1345 sua
1937 1290 2114 1346 nuda-

514 1398 605 1445 tus
631 1395 734 1455 est,
763 1385 905 1458 quod
939 1385 1037 1441 fuit
1058 1384 1322 1442 recubans
1350 1382 1508 1440 nudis
1535 1390 1590 1438 et
1615 1381 1923 1452 patentibus
1948 1381 2117 1438 femo-

514 1480 691 1547 ribus,
724 1479 866 1551 quod
913 1477 1126 1534 nuditas
1151 1477 1242 1533 illa
1268 1476 1434 1548 patris
1462 1490 1493 1531 a
1521 1474 1699 1533 medio
1725 1476 1835 1532 lilio
1863 1475 2115 1532 denotata

516 1583 603 1630 est
620 1581 673 1629 et
697 1571 841 1628 foras
863 1571 1124 1638 nuntiata,
1144 1568 1398 1625 aduobus
1416 1583 1570 1637 vero,
1588 1567 1791 1639 majore
1810 1577 1864 1625 et
1881 1568 2113 1636 minore,

513 1673 787 1729 contecta,
811 1672 869 1719 et
895 1671 1089 1719 cmtera
1114 1676 1235 1733 qua:
1258 1674 1483 1716 necesse
1502 1676 1611 1715 non
1638 1667 1723 1716 est
1750 1659 1966 1730 exequi,
1992 1674 2115 1716 cum

516 1756 651 1813 satis
662 1755 732 1811 sit
750 1754 853 1810 hoc
867 1753 1040 1809 solum
1061 1753 1129 1789 ¹ο⁸
1143 1750 1450 1823 complecti,
1470 1749 1609 1824 quod
1622 1749 1756 1817 Noe,
1773 1759 1957 1824 typum
1975 1751 2118 1806 lutu-

2216 543 2370 618 (Gen.
2402 561 2525 613 xiv,
2574 545 2711 621 l8).
2760 548 2883 604 Fuit
2927 559 3107 607 autem
3137 552 3390 610 sacerdos
3444 555 3539 612 Dei
3580 560 3806 627 summi,

2215 645 2270 692 et
2310 636 2585 693 benedixit
2634 639 2931 697 Abraham.
2983 641 3141 712 Quod
3187 653 3371 702 autem
3414 646 3810 707 Melchisedech

2216 736 2401 801 typum
2432 729 2632 786 Christi
2681 741 2937 803 portaret,
2967 734 3205 793 declarat
3232 737 3285 793 in
3315 738 3545 796 Psalmis
3582 740 3813 814 Spiritus

2214 830 2436 878 sanctus
2472 838 2540 880 ex
2588 839 2815 894 persona
2843 827 3019 885 Patris
3076 829 3143 886 ad
3178 829 3373 887 Filium
3404 833 3592 891 dicens
3624 852 3638 889 :
3684 837 3815 893 Ante

2216 910 2483 984 luciferum
2534 916 2685 987 genui
2713 927 2780 972 te.
2828 916 2910 973 Tu
2939 935 2992 975 es
3016 922 3255 978 sacerdos
3282 923 3336 979 in
3364 934 3609 982 internum
3632 944 3813 984 secun-

2217 1005 2341 1061 dum
2389 1007 2619 1064 ordinem
2672 1009 3045 1069 Melchisedech
3094 1014 3280 1087 (Psal.
3335 1032 3454 1086 ctx,
3483 1020 3539 1088 4,
3570 1020 3658 1094 5).
3710 1022 3814 1092 Qui

2217 1098 2353 1157 ordo
2400 1103 2582 1175 utique
2627 1104 2714 1160 hic
2764 1113 2849 1161 est
2897 1105 2966 1163 de
3019 1109 3289 1166 sacriﬁcio
3341 1112 3435 1169 illo
3485 1116 3710 1173 veniens
3757 1125 3815 1173 et

2218 1194 2344 1252 inde
2381 1195 2736 1266 descendens,
2767 1198 2910 1270 quod
2946 1199 3358 1261 Melchisedech
3411 1207 3670 1264 sacerdos
3716 1209 3814 1267 Dei

2217 1288 2414 1345 summi
2456 1287 2577 1355 fuit,
2634 1293 2777 1362 quod
2817 1305 3012 1362 panem
3063 1304 3119 1350 et
3157 1294 3341 1352 vinum
3386 1297 3617 1367 obtulit,
3671 1302 3815 1373 quod

2218 1379 2490 1437 Abraham
2519 1380 2817 1439 benedixit.
2861 1382 2997 1440 Nam
3044 1385 3165 1457 quis
3204 1389 3375 1459 magis
3425 1393 3681 1448 sacerdos
3707 1393 3802 1449 Dei

2219 1473 2415 1528 summi
2466 1488 2627 1545 quam
2684 1474 2948 1533 Dominus
2995 1486 3180 1535 uoster
3204 1479 3361 1537 Jcsus
3388 1481 3670 1553 Christus,
3724 1487 3817 1557 qui

2219 1566 2540 1623 sacriﬁcium
2570 1567 2681 1624 Deo
2740 1568 2886 1625 Patri
2929 1571 3143 1641 obtulit,
3192 1582 3250 1630 et
3284 1575 3478 1633 obtulit
3529 1576 3633 1635 hoc
3674 1578 3817 1636 idem

2219 1658 2364 1731 quod
2382 1658 2776 1717 Melchisedech
2793 1661 3083 1731 obtulerat,
3107 1663 3161 1720 id
3203 1673 3287 1721 est
3316 1682 3512 1738 panem
3533 1679 3595 1726 et
3612 1671 3816 1741 vinum,

2221 1766 2378 1810 suum
2407 1752 2613 1811 scilicet
2663 1768 2864 1825 corpus
2890 1763 2948 1811 et
2974 1758 3320 1828 sanguinem?
3372 1760 3439 1817 Et
3475 1762 3620 1819 circa
3648 1764 3822 1819 Abra-

517 1863 597 1906 rte
612 1848 855 1904 veritatis
880 1844 1189 1909 ostendens,
1214 1858 1321 1900 non
1338 1858 1530 1915 aquam
1549 1842 1646 1900 sed
1674 1843 1857 1899 vinum
1899 1842 2115 1911 biberit,
2147 1850 2197 1912 Β
2224 1844 2347 1901 ham
2391 1846 2692 1903 benedictio
2727 1848 2815 1903 illa
2847 1848 3162 1920 praecedens
3199 1852 3266 1909 ad
3295 1862 3539 1912 nostrum
3564 1859 3818 1929 populum

518 1951 577 1999 et
601 1942 680 1999 sic
709 1940 994 2010 imaginem
1024 1937 1318 1994 Dominica:
1341 1936 1606 2008 passionis
1628 1937 1975 2008 expresserit.

589 2031 683 2088 ιν.
723 2031 857 2087 Item
895 2030 948 2085 in
978 2028 1255 2085 sacerdote
1293 2025 1684 2084 Melchisedech
1714 2026 1966 2084 sacriﬁcii
2011 2026 2118 2083 Do-

516 2124 700 2183 sninici
755 2122 783 2163 ι’
827 2128 1225 2179 sacramentum
1269 2118 1666 2192 praetiguratum
1718 2121 2000 2189 videmus,
2031 2136 2122 2178 se-

526 2217 763 2277 cundum
822 2216 964 2289 quod
1004 2213 1280 2289 Scriptura
1328 2214 1513 2272 divina
1566 2222 1794 2272 testatur
1849 2222 1907 2271 et
1944 2213 2113 2272 dicit:

2222 1938 2548 2011 pertinebat.
2584 1939 2738 2005 Nam,
2791 1940 2837 1996 si
2868 1940 3139 1998 Abraham
3195 1943 3307 2000 Deo
3348 1945 3578 2003 credidit
3640 1958 3694 2004 et
3723 1950 3820 2006 tle-

2219 2042 2461 2106 putatum
2488 2042 2573 2091 est
2620 2045 2642 2073 ο
2691 2036 2740 2090 ei
2789 2034 2857 2091 ad
2880 2035 3141 2107 justitiam
3171 2036 3324 2111 (Gen.
3356 2056 3445 2107 xv,
3477 2041 3583 2113 6.),
3628 2043 3817 2116 utique

2220 2124 2466 2197 quisquis
2494 2125 2607 2183 Deo
2631 2125 2802 2183 credit
2821 2135 2878 2183 et
2920 2126 3026 2184 ﬁde
3052 2128 3203 2198 vivit,
3235 2130 3414 2200 justus
3440 2132 3729 2203 invenitur,
3761 2144 3817 2191 et

2218 2218 2331 2292 iam
2360 2217 2569 2291 pridem
2602 2218 2657 2278 in
2705 2218 2979 2277 Abraham
3026 2218 3174 2279 lideli
3200 2222 3516 2283 benedictus
3539 2234 3595 2284 et
3618 2227 3819 2300 justiﬁ-

1751 2350 2139 2412 LECTIONES
2172 2352 2591 2412 VARIANTES.

588 2472 617 2501 η
641 2467 947 2520 Testimonio
974 2464 1177 2530 effusus,
1195 2464 1488 2530 praedicatur
1509 2466 1671 2518 Oxon.

582 2531 616 2573 δ
651 2530 957 2583 Sacramenti
1036 2527 1284 2582 Dominici
1375 2531 1661 2594 mysterium
1758 2528 2123 2594 praeﬁguratum

2219 2470 2637 2596 A'gglteputatum
2661 2533 2771 2587 NG.
2798 2533 2846 2597 1,
2863 2533 2914 2587 2.
2938 2535 3088 2588 Ebor.

1763 2634 2005 2693 STEPH.
2048 2635 2319 2697 BALUZII
2356 2636 2588 2697 NOTB.

520 2762 531 2798 ²
600 2755 825 2824 Sanguis
849 2753 1037 2810 Christi
1065 2760 1254 2824 nonest
1270 2747 1940 2824 aqua._Nor_tlegera_t_haud
1963 2747 2128 2824 dubie

522 2828 672 2885 hunc
696 2816 947 2899 Cypriani
968 2825 1143 2879 locum
1162 2816 1505 2899 Innocentius
1530 2816 1813 2899 PapaYIll,
1839 2835 1959 2875 cum
1981 2819 2122 2899 Nor-

523 2902 674 2972 vegis
707 2891 1034 2972 permisitut
1063 2894 1387 2972 sacriﬁcium
1419 2893 1619 2972 missae
1638 2891 1975 2972 celebrarent
2003 2891 2123 2972 sine

523 2962 672 3027 vitio.
708 2962 866 3038 'Quod
911 2967 1057 3022 illum
1105 2966 1186 3021 eis
1229 2964 1836 3038 concessissentesmtur
1880 2962 2123 3038 hapbael

524 3031 1045 3107 VolethranusJib.
1087 3052 1190 3101 vn,
1238 3050 1356 3107 pag.
1389 3032 1514 3091 159.
1547 3031 1823 3107 Narvegite
1868 3031 2126 3107 Innocen-

521 3116 584 3170 tii
617 3112 732 3170 γιιι
764 3104 1260 3181 ῃοηι.ὀρησξεεὶοηέ
1301 3104 1602 3181 permissum
1627 3104 1736 3181 sine
1764 3104 1883 3181 uino
1915 3105 2126 3160 calicem

523 3176 840 3254 sacri/icore,
867 3180 1005 3252 quod
1045 3180 1108 3235 ob
1142 3176 1390 3254 immensa
1427 3177 1623 3254 frigora
1664 3176 1837 3254 uinum
1865 3177 1919 3254 in
1958 3192 2018 3254 ea
2044 3192 2127 3230 re-
2154 3180 2200 3245 C
2236 3176 2396 3254 tu};

566 3246 680 3312 iane
693 3246 1020 3322 importatum
1042 3259 1259 3304 acescat.
1281 3248 1445 3322 Cujus
1460 3246 1535 3301 rei
1554 3247 1719 3322 gratia
1746 3246 1929 3322 legatio
1946 3248 2124 3322 missa.

566 3276 680 3312 torte
693 3276 1020 3322 imperiatum
1042 3276 1259 3304 acescat.
1281 3276 1440 3317 usque
1460 3276 1532 3301 res
1554 3276 1719 3318 gluttu
1746 3276 1929 3370 IHIHIU
1948 3276 2124 3304 ηυδοα.

526 3276 588 3383 fil
620 3333 831 3380 vetusto
872 3322 1073 3378 missali
1105 3335 1208 3374 ms.
1253 3320 1501 3374 ecclesia:
1547 3321 1718 3371 sancti
1816 3318 1975 3371 artini
2015 3318 2129 3373 Tu-

528 3396 783 3469 ronensis
809 3394 909 3464 legi
955 3390 1235 3461 sequentia
1266 3408 1280 3443 :
1315 3390 1377 3445 Si
1404 3405 1494 3458 per
1520 3386 1882 3469 negligentiam
1910 3390 2129 3469 evenerit

527 3481 587 3524 ut
613 3466 832 3537 perlecta
857 3461 1052 3537 canone
1086 3471 1132 3515 et
1159 3461 1781 3537 peracta_consecratione
1807 3461 2130 3537 Inec‘vinunt

527 3528 624 3595 nec
681 3553 817 3605 aqua
861 3528 1240 3605 reperiatur’in
1290 3530 1468 3605 calice,
1518 3528 1691 3584 statim
1735 3529 1878 3605 debet
1922 3532 2132 3605 infundi

528 3601 818 3679 utrumque,
859 3601 1180 3679 et'sacerdos
1223 3601 1425 3679 iterahit
1468 3601 1897 3679 consecrationem
1934 3603 1997 3657 ab
2037 3604 2130 3658 illo

527 3683 642 3737 loco
668 3665 898 3745 canonis,
929 3677 1120 3732 scilicet
1144 3716 1158 3741 ,
1222 3674 1395 3732 Simili
1436 3665 1597 3728 modo
1621 3680 1805 3742 postea
1827 3689 1988 3743 quam
2012 3688 2128 3731 cm-

528 3764 713 3807 natum
745 3759 849 3813 est,
882 3769 902 3803 s
951 3763 1110 3820 usque
1138 3746 1206 3820 ad
1235 3748 1414 3820 ﬁnem,
1455 3745 1728 3820 ita_tam_en
1772 3754 1827 3797 ut
1851 3746 1970 3800 illas
2000 3745 2132 3801 duas

528 3839 705 3879 cruces
750 3821 948 3877 omittat
985 3816 1111 3890 quas
1147 3817 1493 3890 singulariter
1527 3816 1702 3890 fecerit
1746 3831 1910 3890 super
1924 3834 2127 3886 panem.

533 3895 685 3962 Quod
700 3894 743 3948 si
774 3892 836 3946 tle
863 3886 1080 3961 simplici
1108 3889 1224 3943 vina
1246 3886 1330 3942 'uel
1357 3889 1420 3941 de
1443 3904 1578 3959 aqua
1605 3886 1715 3940 sine
1735 3887 1850 3940 vino
1876 3888 1966 3962 ﬁat
2003 3904 2129 3942 con-

531 3961 770 4030 secratio,
818 3964 990 4015 vinum
1035 3968 1305 4025 reputatur
1348 3974 1441 4029 pro
1484 3965 1819 4031 sacramento,
1865 3961 1953 4013 sed
1996 3976 2132 4031 aqua

530 4052 636 4090 non
667 4043 949 4104 reputatur.
997 4031 1059 4104 Et
1096 4031 1211 4086 ideo
1235 4032 1335 4085 ista
1361 4030 1670 4104 negligentia
1698 4030 1762 4083 de
1788 4047 1923 4104 aqua
1964 4032 2133 4104 major

530 4116 605 4160 est
630 4115 675 4160 et
704 4101 890 4171 majori
919 4103 1210 4172 paenitentia
1236 4101 1576 4157 emendanda.
1602 4102 1844 4165 Armeni,
1875 4109 1935 4156 ut
1968 4101 2133 4158 tradit

533 4176 709 4233 Guido
739 4175 809 4230 de
846 4174 1192 4242 Perpiniano,
1239 4173 1454 4228 aiebant
1496 4188 1687 4239 aquam
1718 4187 1825 4227 non
1856 4186 1976 4226 esse
2026 4172 2130 4226 mi-

535 4247 790 4303 scendam
821 4246 943 4298 vino
973 4245 1024 4299 in
1055 4253 1393 4299 sacramento
1419 4244 1623 4307 altaris,
1656 4252 1712 4298 et
1736 4242 1942 4314 siiaqua
1966 4256 2134 4313 pona-

534 4328 643 4385 tur,
670 4317 921 4373 dicebant
952 4315 1153 4370 nnllnm
1176 4325 1567 4370 sacramentum
1589 4329 1729 4385 esse.
1762 4312 1916 4385 Hunc
1942 4312 2131 4370 eorum

534 4383 774 4444 errarem
801 4385 1095 4442 confutavit
1116 4386 1383 4457 Eugenius
1412 4386 1549 4453 Papa
1566 4384 1655 4452 ιν,
1674 4385 1812 4457 apud
1841 4383 2129 4440 Odoricum

537 4458 871 4532 liaynaldntn
915 4473 1001 4512 an.
1031 4457 1215 4539 _1439,
1260 4455 1301 4539 §_
1341 4457 1430 4539 is.
1472 4457 1645 4539 Etiam
1686 4455 1823 4539 lacte
1849 4471 1967 4538 .pro
2008 4457 2133 4539 vino

537 4527 667 4586 usos
707 4545 829 4602 esse
877 4529 1135 4602 quosda_tn
1194 4527 1505 4602 antiquitus
1532 4527 1918 4602 in_sacrillcio_
1951 4527 2130 4602 missae

538 4603 773 4657 ostendit
800 4596 1031 4656 Joannes
1069 4599 1307 4669 Baptista
1325 4596 1576 4655 'Casalius
1606 4599 1658 4652 in
1690 4612 1854 4667 opere
1884 4598 1948 4652 de
1985 4596 2131 4653 γεω.

535 4674 677 4727 ribus
707 4674 863 4726 sacris
888 4672 1293 4728 Christianorum
1327 4671 1524 4726 Ritibus
1553 4710 1569 4736 ,
1622 4685 1672 4725 c.
1706 4670 1797 4733 11,
1827 4671 1915 4723 ubi
1940 4677 2134 4724 tractat

538 4747 609 4797 de
629 4744 814 4797 calicis
833 4759 950 4797 usu.
981 4742 1109 4797 Vide
1130 4743 1291 4797 etiam
1317 4742 1612 4809 Epistolatn
1635 4740 1857 4795 Joannis
1886 4739 1945 4794 S.
1975 4739 2041 4793 lt.
2064 4739 2128 4795 E.

537 4815 748 4867 diaconi
777 4815 845 4868 ad
876 4815 1149 4869 Senarium
1179 4830 1299 4884 cap.
1335 4813 1416 4875 l2,
1452 4816 1502 4884 iu
1533 4822 1682 4884 tonio
1708 4826 1733 4884 t
1769 4811 1936 4884 Musei
1966 4810 2131 4865 Italici

537 4884 850 4946 Mabillonii,
897 4900 1013 4955 pag.
1047 4885 1141 4951 75,
1173 4896 1226 4937 ct
1250 4882 1407 4938 notas
1435 4883 1687 4939 Cotelerii
1724 4883 1776 4937 in
1818 4882 2007 4937 librum
2038 4897 2132 4937 Vttt

539 4955 1658 5034 ConstitutionttntApostolicarum,c.82“
1718 5025 1730 5034 _
1825 5023 1837 5034 _

624 5025 894 5094 Vini/ictui.
937 5025 1088 5081 Unus
1113 5026 1289 5080 codex
1319 5027 1495 5095 regius
1520 5038 1573 5081 et
1599 5023 1839 5079 llbabani
1866 5023 2131 5081 editiones

542 5098 743 5152 habent
777 5098 1064 5167 iustiﬁcati.
1094 5099 1160 5150 At
1189 5097 1296 5151 duo
1316 5095 1529 5151 codices
1556 5096 1901 5165 manuscripti
1935 5096 2130 5167 bibliog

538 5169 711 5223 theca:
750 5166 912 5239 regiae
943 5176 997 5222 et
1026 5167 1365 5239 Colbertinae,
1398 5167 1451 5221 iu
1491 5167 1685 5235 quibus
1713 5167 1975 5239 habentur
2006 5166 2131 5239 libri

536 5239 784 5294 thabani
816 5237 879 5294 tle
917 5238 1243 5294 Institutione
1271 5237 1601 5303 Clericorum,
1645 5238 1933 5308 pra-lerunt
1968 5238 2131 5308 uiui/i-

536 5315 659 5366 ctui.
691 5311 762 5366 Et
790 5311 905 5366 haec
932 5320 1015 5365 est
1046 5323 1169 5364 vera
1199 5309 1380 5364 lectio.

610 5380 1061 5437 lll.—Recubans.
1078 5380 1154 5434 Ita
1170 5390 1375 5436 veteres
1389 5380 1654 5436 editiones
1674 5389 1728 5435 et
1748 5379 1986 5451 plerique
2009 5379 2130 5435 libri

536 5463 753 5509 veteres
778 5464 831 5507 et
853 5453 1018 5508 editio
1043 5451 1346 5507 Reinbarti.
1379 5452 1648 5507 Pamclius
1681 5452 1892 5520 scripsit
1917 5467 2131 5506 recum—

541 5525 681 5587 bens,
715 5525 1038 5579 auctoritate
1079 5534 1310 5593 sumpta,
1363 5532 1421 5578 ut
1467 5524 1680 5593 opinor,
1732 5538 1797 5577 ex
1844 5521 2125 5577 Rhabano.

538 5595 747 5666 Quippe
778 5596 991 5666 nullum~
1019 5592 1258 5666 veterem
1292 5592 1712 5666 librumi’landat
1735 5608 1805 5649 ex
1833 5608 1939 5666 quo
1968 5608 2127 5666 acce-

610 5662 845 5721 rit'ltattc
875 5664 1176 5721 lectionem.
1208 5665 1469 5736 Rigaltius
1499 5665 1645 5720 illam
1673 5662 1887 5736 invenit
1909 5664 1960 5719 in
1990 5662 2126 5720 Cor-

610 5681 677 5721 rtt
709 5681 845 5721 naue
875 5681 1176 5721 lectionem.
1208 5681 1469 5736 mgatnus
1499 5681 1645 5720 mam
1673 5681 1874 5719 invenu
1909 5681 1960 5719 In
1990 5681 2126 5720 uor-

537 5681 763 5793 Bgiensi.
815 5737 957 5794 Sane
1004 5736 1166 5792 lectio
1214 5737 1456 5799 l’amelii,
1501 5745 1712 5806 sumpta
1754 5734 2042 5806 videlicet,
2070 5745 2130 5791 ut

536 5806 669 5880 disi,
699 5823 768 5868 es
787 5807 1069 5878 Rbabauo,
1100 5806 1330 5866 habetur
1355 5807 1410 5867 in
1434 5805 1639 5866 codice
1669 5805 1815 5866 i064
1841 5805 2128 5867 bibliothe-

2546 2751 2968 2904 suasiis.
2985 2752 3830 2904 itatglffta‘etaaa"as

2225 2892 2515 2948 bliothecre
2545 2894 2707 2964 regiae
2745 2905 2801 2949 et
2842 2894 2952 2950 duo
2980 2895 3274 2954 Colbertini
3321 2892 3453 2957 sane
3481 2892 3828 2962 vetustissimi

2225 2972 2282 3018 et
2292 2964 2523 3089 bnplimi,
2550 2964 2609 3020 in
2645 2965 2840 3036 quibus
2868 2964 3011 3023 idem
3034 2967 3175 3026 liber
3200 2979 3399 3040 exstat,
3434 2974 3723 3045 praeierunt
3749 2993 3830 3032 re-

2227 3050 2287 3089 ιἰι
2325 3052 2439 3089 ans.
2520 3060 2523 3063 '

2227 3050 2439 3090 cuoans.
2520 3060 2523 3063 '

2309 3125 2578 3209 Denotata.
2621 3127 2698 3185 lta
2721 3138 2931 3209 veteres
2958 3131 3224 3209 editiones
3242 3143 3297 3209 et
3322 3135 3565 3209 plerique
3591 3139 3710 3195 libri
3739 3157 3830 3198 ve-

2428 3199 2491 3278 lit
2517 3215 2623 3256 uno
2654 3203 2825 3278 regio,
2867 3203 2920 3257 in
2957 3219 3065 3278 uno
3094 3204 3223 3278 item
3252 3199 3566 3278 Anglicano,
3613 3211 3666 3266 in
3694 3212 3831 3269 Gra-

2234 3270 2645 3338 tianopolitano,
2676 3270 2731 3329 in
2760 3273 3013 3339 Fuxensi,
3050 3277 3101 3331 in
3143 3270 3366 3333 duobus
3383 3293 3412 3332 a
3440 3270 3680 3337 Pamclio
3708 3284 3828 3339 lan-

2233 3342 2391 3420 datis,
2421 3352 2476 3420 et
2499 3344 2638 3413 apud
2671 3355 2915 3420 sanctum
2949 3347 3515 3420 Augustinumlegitur
3543 3352 3824 3420 denudata,

2234 3413 2287 3489 in
2321 3413 2496 3481 capite
2524 3430 2669 3489 nono
2695 3414 2974 3472 Geneseos
3000 3413 3058 3489 εἰ
3079 3418 3219 3489 apud
3263 3413 3577 3476 Rbabanum
3607 3413 3826 3489 nudata,

2234 3483 2287 3538 id
2328 3492 2411 3537 est
2437 3486 2723 3553 patefacta,
2752 3489 3008 3544 revelata.
3039 3488 3095 3543 ln
3117 3483 3347 3546 vetustis
3376 3501 3552 3548 tamen
3581 3483 3830 3553 Rhabani

2233 3553 2511 3635 codicibus
2553 3557 2927 3635 scriptum_est
2971 3568 3177 3635 notata.
3219 3560 3575 3635 Hieronymus
3620 3565 3673 3620 in
3709 3567 3828 3622 Dia-

2234 3625 2356 3705 logo
2389 3626 2644 3705 adversus
2680 3628 3047 3705 Luciferianos
3080 3630 3392 3705 :_Nudatum
3420 3625 3627 3705 'patrem
3672 3638 3832 3694 irrisit

2234 3698 2403 3765 major
2442 3697 2579 3763 ﬁlius
2622 3709 2669 3753 et
2711 3700 2879 3754 minor
2907 3702 3048 3756 texit.
3089 3697 3452 3760 Tertullianus
3498 3707 3551 3762 in
3600 3707 3739 3764 libro
3763 3710 3833 3766 dc

2233 3766 2394 3852 Con-itu
2421 3766 2759 3852 Feminarum
2780 3789 2805 3852 _:
2836 3770 3035 3852 Bonum
3057 3790 3159 3828 non
3177 3786 3315 3852 amat
3356 3778 3605 3852 tenebras,
3647 3781 3833 3852 gaudet

2234 3839 2414 3905 videri,
2447 3841 2562 3894 etin
2587 3840 2728 3911 ipsas
2756 3842 3102 3899 denotationes
3127 3845 3340 3912 exultat,
3372 3847 3423 3903 id
3450 3858 3532 3905 est
3559 3839 3830 3908 estansio-

2234 3925 2371 3986 bes,
2389 3921 2448 3986 ut
2474 3913 3027 3986 recteinterpretatur
3055 3914 3343 3974 Pamclius.
3363 3918 3673 3986 Cassianus,
3701 3920 3833 3978 Col-

2237 3981 2332 4061 lat.
2453 3981 2542 4038 0.9
2562 4001 2574 4037 :
2596 3982 2658 4061 Si
2673 4000 2774 4054 qua
2790 3987 2922 4061 forte
2938 3985 3321 4061 inverecundius
3343 3992 3533 4059 fuerint
3549 3981 3827 4061 denudata,

2236 4051 2308 4128 ⁸7⁸
2359 4052 2409 4128 id_
2463 4063 2550 4128 est
2586 4051 2858 4128 deuotaia.
2899 4056 3085 4128 itaque
3138 4058 3257 4112 istic
3288 4051 3445 4116 voces
3481 4063 3735 4118 denotata:
3775 4051 3833 4120 ei.

2235 4123 2508 4198 denude
2537 4123 2734 4198 habent
2754 4123 3490 4198 eamdem'signilicationem.
3521 4133 3642 4189 Alio
3667 4149 3829 4191 sensu

2235 4194 2377 4278 apud
2421 4195 2803 4278 Tertullianutn
2844 4197 2937 4278 lib.
2967 4214 3008 4267 ι,
3057 4194 3126 4254 ad
3157 4198 3408 4257 Nationes
3450 4217 3571 4274 cap.
3603 4204 3693 4272 10,
3740 4206 3830 4262 ubi

2238 4266 2364 4322 vide
2389 4278 2545 4322 notas
2570 4266 2909 4324 Gotltoiredi.

2309 4359 2654 4439 [VL—Genui
2685 4371 2752 4439 te.
2793 4362 2983 4418 Postea
3014 4363 3256 4439 sequitur
3278 4363 3342 4439 in
3362 4365 3595 4439 antiquis
3633 4367 3828 4439 editio-

2238 4430 2396 4503 nibus
2471 4443 2525 4488 et
2582 4432 2633 4488 in
2660 4432 2895 4503 quinque
2943 4430 3174 4503 antiquis
3225 4430 3512 4492 codicibus
3554 4456 3569 4491 :
3625 4438 3833 4494 Iuravit

2237 4500 2573 4575 Dominusﬂet
2616 4500 2717 4558 non
2747 4500 3005 4575 paenitebit
3049 4500 3183 4559 eum.
3217 4506 3414 4562 Verum
3460 4523 3521 4563 ea
3553 4509 3746 4565 desunt
3777 4512 3828 4566 in

2153 4569 2355 4630 Daliis
2400 4574 2675 4631 codicibus
2722 4569 2979 4643 antiquis,
3028 4576 3188 4631 etiam
3232 4576 3284 4630 in
3335 4578 3627 4635 Veronensi
3677 4591 3732 4636 ct
3778 4583 3830 4636 in

2241 4645 2593 4716 Seguieriauo
2620 4657 2673 4700 et
2714 4646 2854 4716 apud
2897 4645 3232 4702 Rhabanum.
3267 4648 3542 4704 Habentur
3571 4662 3745 4707 tamen
3778 4654 3832 4708 in

2239 4714 2455 4772 Psaltno
2481 4732 2589 4776 etx.
2618 4731 2679 4771 ex
2713 4714 2820 4786 quo
2848 4718 2996 4773 locus
3026 4718 3126 4771 iste
3154 4729 3397 4780 sumptus
3427 4733 3508 4775 εει
3538 4731 3593 4777 et
3621 4722 3669 4775 in
3698 4724 3834 4778 libro

2241 4789 2421 4863 primo
2434 4860 2443 4863 _
2456 4787 3078 4863 Testimoniorum_cap.__
3094 4788 3183 4842 17.
3242 4788 3507 4863 Manutius
3551 4795 3830 4863 expunxit,

2239 4857 2513 4914 Morellins
2556 4861 2823 4927 reposuit,
2880 4857 3149 4914 Pamclius
3206 4861 3414 4929 reiecit.
3469 4857 3830 4918 Patnelianani

2240 4930 2531 5003 editionem
2563 4941 2762 4985 secuta:
2784 4940 2917 5003 sunt
2949 4931 3291 5003 posteriores.
3327 4932 3486 4987 Certe
3511 4934 3714 5003 absque
3742 4936 3834 4989 illo

2240 5000 2627 5066 additatneuto,
2656 5001 2797 5071 quod
2828 5001 3156 5067 superﬂuum
3202 5001 3413 5057 videtur
3438 5014 3585 5059 recte
3623 5000 3836 5061 consmt

2236 5086 2448 5146 sensus.
2502 5072 2739 5146 Epistula
2783 5073 2857 5146 ad,
2881 5071 3277 5146 Demetriadem
3303 5074 3443 5130 edita
3484 5076 3623 5129 inter
3665 5091 3832 5146 Opera

2235 5140 2569 5214 Hieronymi,
2594 5158 2753 5211 quam
2776 5143 2990 5214 quidam
3014 5144 3114 5214 viri
3138 5144 3282 5199 docti
3311 5156 3499 5214 putant
3525 5160 3647 5201 esse
3677 5140 3833 5203 I‘ela-

2234 5213 2305 5284 gii
2335 5231 2353 5289 _:
2385 5212 2771 5289 Melchisedech
2780 5212 3021 5289 sacerdos
3052 5213 3150 5269 Dei
3188 5212 3392 5289 legitur,
3422 5218 3570 5289 cujus
3597 5221 3834 5273 meritum

2235 5280 2298 5357 ξφ
2325 5284 2420 5339 hoc
2451 5283 2604 5357 facile
2647 5280 2865 5357 intelligi
2890 5296 3052 5355 potest
3079 5286 3217 5357 quod
3236 5280 3413 5341 ’ωηιιο
3445 5280 3557 5357 past
3602 5290 3834 5357 [uturum

2238 5354 2461 5429 Domini
2475 5354 2864 5429 Sacramentuin
2886 5354 3003 5429 ante
3023 5354 3295 5426 signaverit
3319 5375 3381 5411 ac
3406 5354 3659 5427 sacriﬁcio
3680 5361 3829 5429 panis

2236 5436 2283 5480 et
2320 5427 3002 5510 uinimysteriumicorporis‘
3035 5439 3081 5482 et
3109 5429 3375 5498 sanguinis
3399 5431 3646 5510 expressit
3675 5427 3730 5510 et
3742 5448 3835 5510 sae

2234 5495 2552 5572 εει-(Ιοιὶᾑείιὶ
2579 5506 2700 5572 typo
2739 5495 2926 5572 Christi
2964 5495 3360 5572 Sacramentum
3401 5495 3659 5572 ﬁguravit.
3690 5500 3836 5558 Citat

2232 5577 2410 5643 autem
2451 5567 2594 5643 hunc
2622 5567 3381 5643 Cypr1_atti_locutn‘Alcuinus
3402 5567 3462 5626 in
3492 5572 3734 5643 Epistula
3763 5573 3831 5628 ad

2232 5584 2410 5622 autent
2451 5584 2594 5623 nunc
2622 5584 2663 5622 ιι
2708 5584 2872 5637 prtam
2907 5584 3082 5639 locum
3120 5584 3381 5626 Alcuntus
3411 5588 3462 5626 tu
3493 5584 3734 5643 EpiSlOltt
3763 5584 3829 5628 ad

2232 5636 2484 5693 Karolum
2517 5637 2585 5693 Μ.
2614 5584 2755 5694 edita
2780 5638 2831 5693 in
2864 5639 3000 5695 libro
3033 5640 3205 5709 primo
3236 5642 3700 5700 miscellaneorutn
3729 5660 3829 5699 no-

2231 5720 2488 5781 Strorum.
2523 5710 2597 5781 De
2629 5711 2908 5780 temporali
2944 5728 3103 5781 porro
3133 5713 3437 5769 sacerdotio
3476 5714 3677 5769 Christi
3711 5714 3832 5770 vide

2230 5779 2542 5851 Muttbututn
2569 5778 2814 5850 Bassum,
2845 5778 3005 5852 lib.'t,
3028 5782 3201 5856 Epist.
3235 5783 3323 5855 77,
3348 5784 3418 5841 ad
3448 5783 3792 5858 Polycletum.
