4332 6292
475 372 545 431 77
1824 368 2159 429 EPISTOLA
2196 369 2378 430 LXIII.

3637 360 3751 420 378

442 498 595 545 catus
623 484 951 553 ostenditur,
994 485 1137 542 sicut
1158 483 1350 543 beatus
1377 482 1661 553 apostolus
1690 481 1889 539 Paulus
1916 498 2039 553 pro-
2069 486 2126 543 A
2152 485 2252 554 Qui
2299 495 2375 542 est
2401 485 2648 556 insipiens
2692 484 2910 542 declinet
2956 482 3026 539 ad
3051 498 3150 540 me.
3198 480 3269 537 Et
3294 475 3557 552 egentibus
3585 490 3744 532 sensu

440 579 535 637 bat
563 579 788 637 dicens:
822 576 1049 634 Credidit
1072 576 1333 632 Abraham
1359 574 1487 644 Deo,
1517 584 1566 631 et
1593 575 1889 647 deputatum
1916 582 1941 612 ι
1971 582 2047 629 est

441 673 488 729 ei
552 672 623 727 ad
672 670 929 742 justitiam
989 668 1133 742 (Gal.
1185 684 1279 735 in,
1320 668 1376 736 6,
1423 669 1502 739 7).
1534 666 1871 739 Cognoscitis
1914 682 2048 739 ergo

440 768 566 838 quia
592 765 684 836 qui
711 779 779 820 ex
818 763 922 819 lide
951 772 1098 829 sunt,
1157 764 1210 818 hi
1238 772 1366 819 sunt
1415 762 1511 817 ﬁlii
1549 760 1815 819 Abrahae.
1848 761 2045 817 Provi-

442 859 578 917 dens
612 866 791 914 autem
822 855 1101 927 Scriptura
1130 856 1256 929 quia
1294 871 1365 913 ex
1411 854 1519 911 ﬁde
1555 855 1817 926 jnstificat
1859 862 2048 926 gentes

442 952 607 1020 Deus,
642 949 1022 1021 praenuntiavit
1050 948 1283 1037 Abralue
1310 949 1437 1021 quia
1458 948 1844 1004 benedicentur
1868 948 1921 1004 in
1954 947 2048 1004 illo

442 1058 635 1101 omnes
660 1052 850 1114 gentes
888 1040 1047 1112 (Gen.
1101 1058 1199 1109 xu,
1228 1043 1264 1100 5
1292 1042 1331 1113 ).
1362 1042 1528 1114 Igitur
1553 1042 1641 1113 qui
1670 1056 1740 1099 ex
1785 1040 1893 1098 ﬁde
1919 1050 2048 1097 sunt

440 1135 711 1193 benedicti
734 1142 861 1191 sunt
901 1148 1025 1190 cum
1079 1134 1223 1190 fideli
1268 1134 1561 1191 Abraham.
1605 1134 1757 1192 Unde
1786 1135 1838 1189 in
1869 1135 2047 1190 Evan-

441 1229 584 1300 gelio
644 1227 946 1283 invenimus
1000 1225 1070 1283 de
1118 1225 1386 1297 lapidibus
1426 1226 1683 1293 excitari,
1750 1225 1802 1280 id
1853 1234 1937 1281 est
1977 1224 2046 1281 de

442 1319 692 1392 gentibus
716 1318 894 1391 colligi
924 1318 1066 1376 ﬁlios
1087 1318 1315 1376 Abrahae
1336 1318 1554 1394 (Matth.
1608 1336 1687 1388 lli,
1716 1318 1795 1391 9).
1822 1319 1890 1374 Ει
1919 1332 2046 1375 cum

442 1413 725 1471 Zachteum
777 1412 1023 1470 laudaret
1076 1411 1365 1478 Dominus,
1417 1410 1696 1483 respondit
1753 1420 1807 1468 et
1861 1410 2042 1465 dixit:

444 1507 606 1564 Salus
650 1505 804 1563 hodie
846 1506 1022 1562 domui
1066 1506 1185 1561 huic
1224 1508 1368 1576 facta
1425 1515 1518 1574 est,
1548 1506 1670 1578 quia
1700 1515 1747 1560 et
1791 1507 1874 1560 hic
1903 1504 2046 1574 ﬁlius

443 1610 517 1655 est
553 1598 774 1654 Abrahte
828 1596 979 1671 (Luc.
1023 1612 1132 1661 xix,
1185 1596 1269 1669 9).
1331 1595 1406 1654 Ut
1444 1612 1574 1667 ergo
1620 1598 1671 1653 in
1703 1595 1899 1654 Genesi
1947 1612 2048 1668 per

442 1691 837 1750 Melchisedech
880 1692 1218 1747 sacerdotem
1251 1690 1558 1747 benedictio
1600 1691 1743 1747 circa
1769 1690 2043 1747 Abraham

446 1794 637 1855 posset
664 1784 765 1840 rite
792 1783 1080 1852 celebrari,
1124 1781 1383 1854 praecedit
1425 1790 1551 1838 ante
1592 1785 1769 1855 imago
1797 1783 2045 1839 sacrificii

2148 580 2319 634 dixit:
2358 576 2555 645 Venite,
2605 578 2735 635 edite
2777 579 2839 634 de
2865 578 2988 632 meis
3038 575 3274 647 panibus,
3322 582 3368 628 et
3392 569 3542 625 bibite
3568 569 3743 623 vinum

2148 670 2284 742 quod
2312 672 2489 725 miscui
2518 670 2655 725 vobis
2710 669 2891 739 (Prov.
2937 685 3011 735 ix,
3085 666 3229 740 1-5).
3278 664 3473 720 Vinum
3516 663 3744 718 mixtum

2148 764 2408 830 declarat,
2439 763 2492 819 id
2545 772 2628 819 est
2651 763 2872 820 calicem
2902 762 3110 818 Domini
3131 774 3264 831 aqua
3290 769 3345 815 et
3367 756 3496 812 vino
3512 756 3743 810 mixtum

2150 857 2460 928 prophetica
2489 871 2620 914 voce
2658 856 3003 928 praenuntiat,
3035 864 3095 911 ut
3122 862 3379 926 appareat
3406 852 3458 907 in
3488 849 3740 922 passione

2149 949 2427 1005 Dominica
2446 948 2495 1005 id
2523 964 2643 1006 esse
2663 958 2873 1020 gestum
2894 947 3038 1019 quod
3064 946 3377 1003 fuerataute
3403 941 3741 1013 praedictum.

2220 1042 2311 1099 VI.
2355 1042 2409 1099 In
2442 1043 2814 1100 benedictione
2853 1056 3065 1113 quoque
3087 1039 3238 1095 Judae
3266 1038 3371 1093 hoc
3396 1036 3537 1091 idem
3567 1032 3732 1104 signi-

2150 1136 2367 1202 ﬁcatitr,
2423 1134 2512 1190 ubi
2538 1145 2592 1191 et
2638 1134 2751 1190 illic
2792 1133 2991 1190 Christi
3022 1133 3188 1203 figura
3218 1128 3562 1199 exprimitur,
3593 1123 3738 1196 quod

2148 1244 2178 1283 a
2225 1227 2478 1284 fratribus
2532 1229 2642 1283 suis
2688 1226 2892 1283 laudari
2932 1234 2986 1281 et
3033 1223 3243 1281 adorari
3290 1222 3534 1288 haberet,
3588 1217 3736 1291 quod

2149 1323 2487 1380 inimicorum
2527 1322 2687 1379 dorsa
2709 1321 3013 1379 cedentium
3031 1329 3193 1391 atque
3223 1318 3535 1389 fugientium
3562 1315 3736 1371 mani-

2147 1415 2269 1483 bus,
2301 1416 2492 1487 quibus
2519 1429 2733 1472 crucem
2761 1415 2980 1486 pertulit
3030 1421 3085 1470 et
3127 1421 3354 1468 mortem
3398 1410 3550 1476 vicit,
3595 1421 3745 1463 com-

2148 1523 2436 1582 pressurus
2490 1507 2703 1575 fuisset,
2767 1505 3019 1578 quodque
3066 1505 3184 1575 ipse
3228 1504 3300 1559 sit
3354 1502 3439 1558 leo
3479 1499 3549 1556 de
3601 1499 3743 1554 tribu

2148 1603 2304 1668 Juda,
2358 1613 2412 1659 et
2472 1601 2695 1658 recubet
2741 1600 3017 1658 dormiens
3067 1608 3091 1636 ε
3123 1598 3176 1653 ἰιι
3221 1597 3487 1669 passione,
3536 1603 3593 1651 et
3619 1609 3745 1650 sur-

2148 1708 2258 1769 gat,
2302 1704 2358 1752 et
2396 1695 2467 1751 sit
2518 1696 2633 1766 ipse
2676 1708 2801 1764 spes
2826 1693 3084 1764 gentium.
3118 1691 3323 1760 Quibus
3350 1689 3625 1759 Scriptura
3655 1686 3740 1743 di-

2149 1789 2270 1844 vina
2307 1786 2551 1858 adjungit
2585 1793 2641 1841 et
2669 1784 2801 1841 dicit
2830 1802 2844 1837 :
2878 1783 3091 1838 Lavabit
3138 1784 3194 1837 in
3235 1783 3351 1836 vino
3378 1781 3562 1835 statam
3598 1795 3745 1834 suam

445 1878 672 1945 Christi,
704 1877 732 1918 δ
762 1877 816 1934 in
844 1892 985 1950 pane
1024 1885 1081 1933 et
1128 1878 1255 1932 vino
1295 1875 1503 1933 scilicet
1529 1878 1852 1942 constituta;
1881 1890 2041 1946 quam
2070 1871 2119 1932 B
2146 1890 2192 1934 et
2234 1881 2289 1933 in
2339 1878 2590 1949 sanguine
2617 1891 2726 1932 uva:
2767 1876 3011 1930 amictum
3060 1889 3208 1929 suum
3240 1871 3391 1945 (Gen.
3447 1887 3593 1938 χιιι,
3627 1870 3743 1942 ll).

442 1987 559 2029 rem
589 1971 871 2045 perliciens
917 1980 973 2028 et
1000 1970 1308 2042 adimplens
1339 1970 1597 2027 Dominus
1642 1985 1833 2043 panem
1868 1982 1925 2028 et
1950 1985 2043 2027 ca-

441 2064 600 2122 licem
649 2065 873 2120 mixtum
923 2063 1048 2119 vino
1107 2062 1323 2131 obtulit,
1378 2072 1431 2118 et
1480 2062 1571 2133 qui
1626 2072 1712 2119 est
1759 2062 2043 2134 plenitudo

442 2156 685 2213 veritatis
714 2154 997 2211 veritatem
1041 2151 1399 2225 prmﬁguratae
1428 2153 1679 2225 imaginis
1703 2153 2043 2223 adimplevit.

519 2249 583 2305 V.
614 2247 722 2306 Sed
752 2257 808 2305 et
844 2263 937 2319 per
983 2246 1327 2305 Salomonem
1357 2247 1588 2319 Spiritus
1612 2254 1831 2304 sanctus
1859 2257 2045 2320 typum

444 2340 708 2397 Dominici
742 2339 994 2397 sacriﬁcii
1045 2352 1068 2379 ο
1115 2349 1243 2395 ante
1302 2348 1724 2406 praemonstrans
1776 2338 1805 2377 ά
1851 2341 2046 2396 immo-

443 2434 567 2490 latte
621 2434 811 2490 hostiae
846 2442 903 2489 et
939 2433 1092 2503 panis
1124 2441 1181 2488 et
1222 2432 1330 2489 vini
1369 2431 1466 2488 sed
1521 2442 1575 2489 et
1598 2432 1785 2487 altaris
1815 2440 1869 2488 et
1896 2431 2046 2503 Apo-

443 2528 706 2584 stolorum
738 2526 940 2583 faciens
972 2528 1325 2592 mentionem,
1378 2526 1666 2598 Sapientia,
1696 2528 1889 2599 inquit,
1919 2528 2048 2584 tedi-

446 2621 618 2693 ﬁcavit
642 2620 739 2677 sibi
764 2622 994 2687 domum,
1021 2630 1071 2676 et
1096 2621 1321 2676 subdidit
1348 2621 1615 2678 columnas
1652 2633 1864 2694 septem.
1894 2621 2046 2679 Mac-

446 2716 568 2768 tavit
615 2729 736 2768 suas
765 2715 978 2780 hostias,
1019 2714 1220 2768 miscuit
1257 2715 1311 2768 in
1360 2724 1559 2769 cratera
1588 2714 1761 2769 vinum
1788 2733 1957 2781 suum,
2000 2726 2049 2773 et

446 2806 646 2875 paravit
711 2823 941 2860 mensam
998 2822 1166 2862 suam.
1222 2805 1292 2860 Et
1353 2808 1491 2862 misit
1539 2824 1708 2864 servos
1736 2827 1877 2878 suos,
1926 2829 2050 2869 con-

445 2918 636 2958 vocans
674 2918 791 2957 cum
818 2900 1019 2957 excelsa
1043 2902 1410 2973 prtedicatione
1456 2905 1526 2957 ad
1554 2914 1804 2960 crateram
1834 2909 2004 2965 dicens
2029 2927 2051 2967 :

2148 1971 2371 2042 Quando
2410 1981 2588 2027 autem
2616 1971 2834 2040 sanguis
2870 1984 2985 2024 uva:
3012 1966 3228 2034 dicitur,
3257 1965 3385 2038 quid
3415 1964 3559 2020 aliud
3586 1979 3746 2035 quam

2149 2066 2335 2121 vinum
2376 2064 2560 2119 calicis
2615 2061 2884 2118 Dominici
2931 2060 3203 2130 sanguinis
3233 2056 3575 2115 ostenditur?

2223 2150 2337 2215 Vll.
2376 2158 2595 2215 Necnon
2641 2164 2696 2213 et
2748 2154 2887 2227 apud
2933 2154 3147 2210 Esaiam
3189 2152 3294 2209 hoc
3332 2149 3476 2208 idem
3513 2149 3744 2221 Spiritus

2149 2262 2369 2311 sanctus
2398 2253 2465 2310 de
2500 2252 2710 2308 Domini
2751 2250 3002 2321 passione
3044 2256 3274 2304 testatur
3315 2246 3539 2303 dicens:
3576 2243 3749 2314 Quare

2148 2346 2435 2402 rubicunda
2464 2346 2531 2378 ¹⁰⁶
2559 2355 2675 2401 sunt
2706 2348 2999 2399 vestimenta
3012 2351 3121 2410 tua,
3146 2350 3195 2396 et
3207 2339 3503 2396 indumenta
3514 2347 3601 2393 tua
3615 2336 3748 2391 velut

2147 2456 2182 2495 a
2237 2440 2518 2496 catcatione
2578 2439 2847 2494 torcularis
2904 2438 3044 2510 pleni
3095 2445 3142 2491 et
3220 2434 3491 2505 percalcati
3586 2429 3742 2503 (Isa.

2149 2549 2299 2600 uin,
2337 2531 2395 2605 2)
2414 2533 2437 2586 ?
2459 2531 2728 2603 Numquid
2754 2528 3049 2585 rubicunda
3071 2527 3389 2585 vestimenta
3414 2540 3551 2603 aqua
3574 2531 3751 2595 potest

2151 2626 2351 2696 facere,
2383 2636 2477 2681 aut
2521 2626 2572 2680 in
2628 2624 2884 2681 torculari
2924 2637 3060 2693 aqua
3091 2629 3175 2677 est
3220 2636 3339 2691 quzc
3381 2618 3603 2690 pedibus
3632 2616 3748 2671 cal-

2152 2732 2303 2778 catur
2354 2720 2439 2775 vel
2492 2719 2654 2791 prmio
2699 2715 3051 2787 exprimitur?
3089 2714 3213 2770 Vini
3256 2714 3441 2784 utique
3492 2708 3743 2767 mentiot
3810 2742 3831 2759 .

2152 2814 2276 2870 ideo
2318 2813 2533 2884 ponitur
2577 2820 2640 2867 ut
2684 2810 2892 2865 Domini
2946 2808 3166 2881 sanguis
3225 2806 3551 2877 intelligatur
3579 2813 3638 2867 Β,
3695 2810 3750 2857 et

2153 2908 2296 2983 quod
2352 2908 2406 2962 in
2456 2904 2623 2961 calice
2666 2902 2947 2958 Dominico
2991 2907 3180 2971 postea
3226 2894 3627 2952 manifestatum
3667 2901 3750 2949 est

1683 3018 2066 3082 LECTIONES
2102 3017 2514 3083 VARIANTES.

515 3139 543 3202 ξι
575 3137 874 3202 Reputatum
900 3139 1007 3191 ΝΟ.
1030 3138 1074 3193 1.
1098 3138 1147 3187 2.
1171 3138 1316 3202 Ebor.

513 3197 788 3251 1’Saci'ifit'ii
806 3204 853 3251 in
880 3214 1005 3261 pane
1044 3202 1168 3263 Bod.
1194 3202 1240 3263 1,
1262 3200 1313 3263 2,
1333 3198 1381 3249 3.
1408 3199 1517 3252 ΝΟ.
1544 3203 1589 3263 1,
1620 3203 1672 3255 2.
1707 3200 1814 3257 Litt.
1841 3204 1987 3259 Ebor.

516 3266 540 3295 ο
558 3264 858 3314 Sacramenti
879 3265 1010 3313 Lam.
1031 3261 1158 3316 Bod.
1180 3262 1227 3314 2.
1246 3262 1391 3315 Ebor.
1414 3264 1521 3316 N0.
1545 3261 1592 3316 l'.

517 3325 545 3368 ἆ
568 3326 919 3377 Praemonstrat
938 3327 1098 3380 Oxon.

2076 3148 2125 3212 C

2219 3146 2245 3176 ε
2262 3142 2526 3192 Recubans
2550 3144 2603 3190 et
2622 3136 2873 3188 dormiens
2894 3137 2943 3184 tu
2967 3132 3200 3197 passione
3221 3136 3273 3181 et
3296 3139 3511 3191 surgens
3530 3123 3631 3176 Lin.

2223 3204 2245 3242 ί
2272 3205 2449 3276 Vinum
2467 3205 2635 3313 itaque
2660 3202 2865 3249 mixtum
2882 3193 3027 3247 Ebur.
3051 3195 3158 3246 NG.
3175 3193 3227 3244 2.

2225 3270 2251 3310 ε
2273 3266 2400 3313 Viuo
2430 3266 2551 3313 tutel
2573 3271 2734 3313 utatur
2775 3271 2908 3313 Lam.
2953 3258 3083 3311 Bod.
3108 3257 3157 3313 1.
3179 3255 3227 3313 2,

2225 3270 2251 3310 ε
2273 3247 2734 3327 infidelium
2768 3247 2908 3313 ωτι.
2953 3258 3083 3311 Bod.
3108 3257 3157 3319 ι,
3179 3255 3230 3316 2,
3246 3256 3297 3315 δ,
3320 3252 3370 3304 4.
3396 3251 3541 3304 Ebor.
3567 3248 3674 3304 NC.
3700 3247 3749 3301 ι.

1687 3436 1931 3498 STEPll.
1972 3440 2245 3500 BALUZII
2280 3438 2507 3502 ΝΟΤΒ.

529 3550 810 3624 Providens
837 3559 1024 3604 mitem.
1042 3548 1288 3624 Antiquae
1309 3549 1574 3624 editiones
1588 3558 1646 3624 et
1661 3553 1898 3624 quinque
1922 3555 2045 3611 libri

456 3634 669 3678 veteres
713 3621 911 3677 habent
959 3620 1260 3691 praevidens.
1310 3620 1545 3692 Utraque
1585 3623 1708 3678 lecti
1738 3620 1911 3680 ahena
1941 3637 2044 3682 est.

528 3693 782 3750 Benedicti
817 3701 953 3747 sunt.
994 3692 1218 3748 Veteres
1266 3692 1545 3764 editiones
1574 3702 1628 3748 et
1657 3695 1873 3764 quidam
1922 3696 2047 3753 libri

454 3776 669 3820 veteres
729 3765 1019 3834 praeierunt
1073 3763 1447 3817 benedicentur.
1508 3762 1702 3819 Verum
1765 3767 2046 3823 lectionem

456 3836 885 3906 vulgatam,_qu:c
912 3842 1090 3906 nostra
1119 3835 1280 3906 etiam
1306 3843 1409 3896 est.
1441 3834 1763 3891 confirmant
1787 3838 2051 3894 editiones

456 3904 695 3970 Manutii,
719 3904 963 3971 Mdrcllii,
989 3914 1043 3960 et
1067 3905 1310 3971 Pamclii,
1341 3917 1452 3961 tuin
1480 3906 1641 3961 etiam
1671 3908 1928 3964 tredecim
1960 3924 2054 3965 ve-

458 3991 570 4038 tera
599 3977 942 4038 exemplaria.

525 4047 798 4103 Plenitudo
849 4047 1088 4103 veritatis.
1150 4047 1224 4101 Ita
1281 4061 1380 4102 nos
1428 4048 1761 4105 restituimus
1818 4066 1882 4106 ex
1941 4052 2045 4107 fide

460 4120 619 4174 trium
640 4130 890 4191 (veterum
922 4119 1332 4191 exemplarium,
1362 4120 1415 4172 in
1444 4119 1637 4188 quibus
1662 4120 1741 4175 sic
1784 4122 2044 4191 scriptum

458 4198 560 4263 est.
594 4189 856 4263 plenitudo
885 4190 1110 4244 veritatis
1140 4190 1397 4263 ueritatem
1430 4191 1775 4263 praeﬁgurattg
1808 4189 2048 4263 imaginis

458 4260 772 4329 adimplevit.
799 4260 1122 4331 Cyprianus,
1142 4260 1314 4329 Epist.
1339 4262 1428 4322 74,
1460 4277 1511 4324 p.
1542 4263 1639 4316 171
1677 4280 1691 4315 :
1723 4260 2047 4317 Consuetudo

459 4332 571 4384 sine
596 4333 803 4385 veritate
828 4341 1047 4387 vetustas
1075 4333 1262 4386 erroris
1292 4342 1383 4386 est.
1435 4331 1653 4403 Propter
1681 4334 1836 4402 quod,
1870 4335 2049 4388 relicto

459 4417 651 4464 errore,
675 4418 946 4475 sequamur
970 4403 1253 4475 veritatem,
1294 4415 1346 4458 et
1373 4404 1534 4475 ρεπιρο
1565 4415 1703 4473 post,
1735 4422 1887 4475 quam
1918 4406 2049 4459 veri-

459 4482 616 4545 tgtem
645 4473 786 4527 nobis
814 4470 1049 4545 Christus
1080 4474 1344 4528 ostendens
1367 4476 1421 4529 in
1449 4470 1729 4545 Evangelia
1748 4470 1850 4530 suo
1871 4476 1997 4530 dixit
2029 4493 2048 4531 :

462 4541 576 4615 Ego
618 4560 730 4599 sum
775 4546 979 4599 veritas.
1018 4543 1226 4599 Citatur
1245 4546 1333 4600 hic
1369 4546 1515 4600 lucus
1536 4541 1674 4613 ap'ud
1706 4546 2043 4615 Gratianum,
2073 4550 2128 4610 D

457 4614 585 4669 dist.
619 4617 671 4675 8.
710 4630 774 4671 ex
812 4617 1043 4685 Epistula
1076 4617 1320 4686 Gregorii
1348 4616 1413 4671 ad
1443 4614 1792 4672 Wimundum
1822 4614 2036 4687 episcoQ

458 4701 584 4756 pum
621 4688 978 4753 Aversauum,
1011 4688 1244 4757 itemque
1273 4689 1406 4743 alius
1432 4704 1493 4742 ex
1526 4687 1762 4756 Epistola
1794 4688 1857 4743 ad
1882 4688 2040 4745 Pom-

460 4759 661 4830 peium.
696 4758 828 4813 Vide
858 4767 1013 4813 notas
1040 4769 1250 4830 nostras
1279 4761 1343 4812 ad
1391 4758 1725 4825 Gratianum,
1759 4776 1877 4830 pag.
1908 4761 2035 4816 445.

457 4828 643 4909 Redeo
670 4831 892 4909 iuti_ic_i_u'
921 4830 1083 4909 viam.
1105 4829 1555 4909 _Tertu|liauulshin
1584 4830 1718 4886 libro
1764 4828 1843 4909 de
1864 4830 2035 4902 Virgi—

461 4902 618 4954 nibus
644 4898 885 4955 vela'ndis
916 4918 928 4952 :
962 4898 1215 4954 Dominus
1235 4910 1402 4955 noster
1432 4899 1665 4955 Christus
1693 4898 2042 4956 veritatem'se

460 4987 560 5023 non
586 4971 1000 5026 consuetudinem
1034 4972 1330 5026 nominavit.
1359 4972 1655 5027 Confirmat
1682 4971 1818 5027 hanc
1860 4979 2042 5027 emeti-

459 5041 727 5097 datiouem
759 5052 995 5098 nostram
1041 5041 1208 5114 codex
1246 5043 1530 5110 Fuscusis,
1584 5046 1634 5097 in
1661 5059 1767 5114 quo
1795 5044 1865 5098 ita
1910 5045 2042 5099 scri-

461 5123 607 5193 ptum
637 5113 947 5193 est,_qni_est
978 5112 1240 5193 plenitudo
1264 5115 1488 5193 veritatis
1511 5112 1888 5193 prtcﬁtjuratam
1914 5116 2044 5168 inta-

460 5184 628 5252 ginem
668 5185 986 5254 adimplevit,
1030 5184 1117 5238 ubi
1159 5185 1359 5240 excidit
1403 5184 1722 5240 vocabulum
1761 5188 2040 5252 veritatem,

460 5254 602 5321 quod
631 5256 720 5310 alii
748 5255 963 5311 codices
1003 5255 1219 5311 habent.
1244 5255 1521 5311 Velustum
1549 5267 1725 5312 autem
1754 5271 1873 5311 esse
1904 5256 2045 5311 hunc

460 5339 698 5398 errorem
749 5327 873 5382 hinc
916 5325 1093 5397 colligi
1126 5335 1319 5395 potest,
1347 5327 1628 5398 quodcum
1675 5327 1913 5382 nonnulli
1955 5327 2045 5396 qui

459 5395 838 5479 describebant
865 5412 1028 5479 opera
1049 5395 1230 5479 “sancti
1258 5395 1508 5479 Cypriani
1525 5399 1773 5479 legerent
1806 5395 2045 5479 μνωβριιο

457 5477 586 5520 rata:
611 5469 867 5539 imaginis,
900 5469 1144 5523 viderent
1171 5469 1330 5538 porro
1358 5470 1630 5539 periodum
1675 5486 1777 5523 nun
1807 5484 1926 5524 esse
1969 5470 2051 5523 in-

460 5546 685 5605 tegram,
704 5540 1026 5594 addiderunt
1045 5556 1228 5595 vocem
1249 5558 1377 5604 rem,
1400 5542 1468 5594 ila
1488 5542 1807 5603 scribentes,
1825 5540 2047 5594 veritatis

461 5608 805 5683 prtrﬁgitrata:
843 5612 1079 5683 imaginis
1122 5612 1712 5683 rentiadimplevitasw
1742 5611 1882 5683 enim
1922 5612 2048 5665 scri-

460 5685 612 5747 ptum
640 5690 721 5734 est
760 5681 811 5735 iu
843 5681 1012 5736 tribus
1058 5682 1291 5750 antiquis
1320 5682 1735 5753 exemplaribus.
1784 5681 2048 5737 Videntur

459 5755 642 5821 autem
688 5755 814 5808 moti
862 5753 927 5808 ad
975 5753 1111 5808 hanc
1153 5766 1336 5807 vocem
1373 5753 1695 5814 addendam,
1726 5754 1846 5820 quia
1892 5753 2048 5821 paulo

459 5827 588 5878 ante
601 5820 813 5897 legitur,
837 5840 993 5896 quam
1005 5840 1110 5882 rem
1128 5823 1396 5898 perﬁciens
1412 5832 1455 5880 et
1478 5824 1761 5894 adnuptens
1780 5820 2044 5879 Dominus.

2220 3557 2285 3613 V.
2309 3588 2382 3599 -——
2423 3556 2826 3611 Prtemonstrans
2849 3552 3145 3608 immolatis.
3171 3548 3338 3605 Vetus
3364 3546 3536 3606 codex
3561 3543 3746 3603 Remi-

2148 3629 2360 3701 gianus,
2402 3628 2751 3695 praenuntiam
2776 3624 3043 3680 immolare
3066 3622 3319 3678 Christus.

2227 3722 2490 3777 Subdidit.
2545 3719 2622 3776 Ne
2664 3718 2791 3790 quid
2840 3715 3199 3790 dissimulem,
3252 3711 3407 3768 facile
3454 3719 3747 3790 mutassem

2154 3794 2293 3848 hanc
2325 3794 2632 3852 lectionem,
2656 3782 2883 3858 eamque
2912 3784 3267 3858 prictulissem
3297 3796 3453 3858 quam
3485 3782 3662 3858 reperi
3692 3783 3743 3837 iu

2154 3866 2338 3920 codice
2368 3865 2533 3918 sancti
2568 3860 2721 3930 Eligii
2766 3852 3179 3930 A'ttrebatensis,
3208 3854 3264 3908 in
3297 3867 3405 3930 quo
3437 3852 3632 3930 legitur
3654 3869 3747 3907 ea:-

2156 3935 2299 3989 cidit.
2330 3934 2449 4001 Quo
2474 3933 2633 3987 etiam
2656 3923 2839 3984 "modo
2876 3928 3149 4001 scriptum
3177 3933 3259 3979 est
3303 3924 3355 3977 in
3392 3923 3575 4001 capite
3606 3939 3746 4001 nono

2149 3995 2583 4060 Proverbiorum.
2613 4002 2743 4057 Nam
2793 4015 2894 4053 vox
2944 3996 3170 4051 subdidit
3213 4009 3317 4050 non
3362 3995 3625 4064 significat
3667 3995 3718 4050 id

2149 4040 2583 4060 ι..ηυ.υ.υ.......
2803 4040 2894 4053 ,νη
2944 4040 3170 4051 -..μη-η
3215 4040 3317 4050 ..-η
3362 4040 3403 4048 -.
3669 4040 3717 4050 .,.

2149 4077 2291 4147 quod
2318 4076 2499 4131 dicere
2527 4073 2693 4127 voluit
2727 4071 3003 4127 Salomon.
3036 4066 3237 4147 Verum
3276 4080 3382 4120 non
3409 4040 3540 4147 {sum
3566 4040 3750 4147 ausus

2150 4135 2358 4202 mutare
2403 4155 2590 4202 contra
2640 4151 2719 4198 tot
2759 4153 3001 4196 veterum
3054 4139 3311 4193 librorum
3353 4146 3408 4191 ct
3453 4135 3750 4193 editionum

2150 4217 2547 4281 auctoritatem,
2580 4214 2873 4283 praesertim
2897 4226 3019 4265 cum
3051 4208 3543 4283 videamgscriptum
3572 4208 3748 4283 subdi-

2152 4290 2229 4344 dit
2257 4293 2306 4344 in
2339 4288 2475 4344 libru
2501 4280 2560 4342 ιιι
2583 4280 3049 4346 Testimoniorum,
3083 4290 3137 4336 et
3181 4281 3302 4350 quia
3334 4280 3599 4350 Prosper,
3634 4280 3747 4332 sive

2154 4361 2275 4431 quis
2300 4360 2457 4431 alius,
2488 4359 2541 4413 in
2568 4357 2717 4431 libro
2746 4372 2779 4411 ιι
2811 4355 2878 4431 de
2904 4347 3339 4431 Promissionibus
3371 4359 3423 4431 et.
3449 4347 3750 4429 Prtedictio-

2154 4419 2301 4486 nibus
2328 4419 2453 4496 Dei,
2476 4445 2526 4484 ρ.
2556 4429 2612 4491 ‘2,
2668 4428 2739 4483 ita
2770 4426 2930 4482 etiam
2955 4425 3099 4496 legit.
3128 4424 3356 4496 Sanctus
3395 4419 3744 4496 ᾼμιςιιειίυιιβ,

2153 4502 2249 4557 lib.
2281 4518 2352 4557 Vll
2403 4487 2466 4555 de
2490 4487 2702 4555 Civitate
2732 4497 2847 4561 Dei,
2878 4487 3119 4563 capf20,
3160 4493 3310 4563 legit,
3334 4487 3592 4563 sulfuisit,
3612 4501 3665 4563 et
3694 4490 3746 4563 in

2154 4552 2700 4643 capit'e-ttﬁlipistolze
2724 4569 2790 4623 ad
2836 4552 3052 4643 ῖὲτιιίιιειξ
3078 4552 3353 4643 substituit.
3385 4552 3599 4643 Qui}th
3620 4560 3751 4643 istic

2140 4629 2278 4714 apud
2306 4629 2630 4715 Cyprianum
2653 4649 2939 4715 poneretur
2968 4634 3212 4715 subscidit
3232 4647 3331 4702 pro
3345 4630 3599 4715 subdidit?
3620 4629 3748 4686 Vide

2142 4702 2297 4772 nbtas
2317 4702 2557 4769 Flaminii
2584 4702 2777 4768 Nobilii
2805 4710 2870 4764 ad
2898 4714 3064 4775 caput
3082 4721 3132 4760 ix
3160 4702 3600 4759 Proverbiorum.

2218 4806 2483 4862 Mactavit.
2538 4804 2778 4873 Quatuor
2832 4800 2952 4856 libri
2999 4792 3490 4873 veteres_habe_n_t_
3522 4793 3744 4873 occidit,

2144 4877 2309 4934 editio
2332 4865 2725 4947 vulgata-sacra:
2759 4873 3048 4942 Scriptum
3067 4866 3365 4923 immolavit.
3395 4865 3526 4921 Vide
3555 4866 3747 4920 iterum

2145 4949 2438 5006 Nobilium.

2221 5021 2403 5076 Servos
2425 5034 2561 5073 suos.
2589 5015 2665 5071 Ita
2686 5016 2847 5070 etiam
2872 5011 2966 5067 lib.
3004 5027 3039 5067 ιι
3072 5009 3525 5066 'l‘estimoniorum
3550 5022 3669 5075 cap.
3689 5005 3745 5061 2.

2145 5091 2203 5147 lu
2235 5092 2370 5145 libro
2400 5088 2813 5144 Pruverbiorutn
2854 5086 3115 5153 scriptum
3158 5090 3242 5135 est
3279 5080 3493 5153 ancillas
3542 5094 3660 5132 snas
3696 5077 3749 5132 in

2147 5162 2383 5230 editione
2410 5160 2641 5230 vulgata.
2675 5159 2743 5211 At
2772 5151 3200 5230 inGrte—coux,
3230 5151 3419 5217 legitur
3450 5155 3653 5230 366111;.

2221 5232 2288 5265 ³⁸⁷⁸
2318 5218 2556 5285 Επεικῖι.
2584 5228 2733 5285 Unus
2748 5228 2920 5285 codex
2946 5226 3124 5296 regius
3145 5238 3349 5293 magna,
3373 5233 3546 5296 ve_tus__
3563 5218 3762 5296 Reini-.

2150 5305 2336 5375 gianus
2358 5300 2601 5375 Sublimi.
2639 5299 2730 5353 Vel
2763 5291 3358 5375 hincliqu'etquaijt-um
3381 5292 3482 5374 sibi
3514 5291 3746 5346 licentia:

2152 5363 2207 5432 Et
2254 5373 2584 5429 auctoritatis
2611 5363 2981 5441 arrogaverint
2998 5365 3200 5441 antiqui
3222 5363 3442 5441 librarii.

2221 5446 2311 5501 Vl.
2333 5474 2402 5483 -—
2425 5443 2662 5498 Recabet.
2686 5432 2870 5507 soleo,
2901 5450 2956 5493 ut
2975 5432 3142 5498 vides,
3171 5433 3624 5507 lcctonadnomrc
3643 5432 3749 5487 fre-

2151 5526 2376 5589 quenter
2401 5514 2540 5589 hanc
2575 5522 2837 5589 veterum
2857 5504 2864 5507 ’
2885 5508 3224 5589 Ιίιιιςηιίοωιιι
3245 5577 3254 5587 ι
3277 5504 3578 5589 audaciam,
3621 5518 3747 5589 qtae

2151 5572 2342 5657 magna
2396 5584 2491 5657 iuit
2516 5586 2677 5640 etiam
2726 5585 2779 5657 in
2826 5583 2926 5657 hoc
2976 5580 3113 5657 loco.
3157 5575 3384 5657 Quidam
3434 5576 3575 5657 enim
3619 5572 3746 5656 libri

2152 5646 2360 5714 velércs
2401 5656 2599 5711 habent
2620 5652 2818 5709 recubet
2835 5652 3112 5714 dormiens,
3130 5648 3220 5703 alii
3244 5648 3445 5701 recubat
3464 5646 3740 5708 dormiens,

2150 5729 2241 5784 alii
2290 5727 2550 5792 recumbit,
2594 5726 2841 5793 recubuit,
2867 5722 3113 5778 recubans
3139 5721 3376 5788 dormiat,
3402 5716 3643 5774 recubans
3698 5722 3743 5770 et

2152 5800 2427 5870 dormiens,
2456 5809 2502 5856 ct
2530 5796 2802 5854 recubavit.
