4332 6292
570 326 683 399 $79

1976 342 2113 404 DIVI
2150 344 2470 407 CYPRIANI

3770 349 3889 417 580

574 454 863 531 Prophetis
888 454 1325 517 annuntiantibus
1373 456 1756 529 praediceretur
1805 470 1851 517 ιι.
1914 462 2167 521 Τοιοιιιθο
2194 467 2249 531 Α
2274 465 2547 538 Scriptura
2583 462 2768 523 dicens
2797 479 2811 516 :
2868 460 2980 518 Hoc
3019 470 3186 519 autem
3215 462 3346 520 dixit
3381 462 3445 522 de
3472 464 3676 537 Spiritu
3725 485 3872 540 quem

572 551 651 608 ris
691 565 905 621 quoque
946 548 1174 605 calcatio
1209 559 1266 606 et
1306 564 1558 627 pressura
1588 559 1820 623 taxatur,
1866 557 2014 627 quia,
2044 572 2171 628 quo-

573 643 736 701 modo
792 641 860 699 ad
906 640 1202 712 potandum
1234 643 1418 699 viuum
1463 646 1631 702 veniri
1671 662 1776 703 non
1827 658 2007 720 potest
2062 651 2168 707 nisi

577 738 768 795 botrus
809 736 1052 794 calcetur
1077 746 1204 794 ante
1253 748 1307 794 et
1337 750 1631 810 prematur,
1659 742 1738 798 sie
1776 757 1877 800 nec
1906 759 2005 800 nos
2049 760 2174 801 san-

572 831 791 904 guinem
863 828 1065 887 Christi
1107 845 1387 903 possemus
1454 833 1638 891 bibere
1690 833 1741 902 b,
1776 837 1877 892 nisi
1929 836 2175 895 Christus

572 926 810 983 calcatus
831 923 980 995 prius
999 923 1189 982 fuisset
1215 934 1269 981 et
1314 940 1550 996 pressus,
1595 937 1652 984 et
1695 928 1918 987 calicem
1969 929 2117 1001 prior
2149 941 2172 969 ο

572 1017 803 1083 biberet,
846 1018 899 1072 in
942 1032 1050 1088 quo
1089 1017 1117 1055 α
1144 1017 1489 1076 credentibus
1530 1022 1856 1091 propiuaret.

642 1109 782 1168 Vill.
813 1107 1269 1182 Quotiescumque
1287 1120 1466 1168 autem
1495 1112 1771 1183 aqua.sola
1798 1114 1853 1170 in
1879 1113 2175 1187 Scripturis

572 1203 775 1260 sanctis
820 1203 1151 1270 nominatur,
1213 1202 1487 1274 Baptisma
1538 1204 1885 1276 praedicatur,
1939 1217 1999 1264 ut
2026 1209 2174 1280 apud

575 1298 791 1355 Esaiam
835 1296 1126 1367 significari
1177 1296 1463 1354 videmus:
1491 1296 1702 1368 Nolite,
1755 1300 1966 1371 inquit,
1999 1304 2175 1373 priora

573 1389 863 1445 meminisse
892 1396 939 1443 et
981 1388 1191 1459 antiqua
1214 1389 1368 1444 nolite
1410 1400 1648 1462 reputare
1688 1407 1707 1445 :
1745 1408 1860 1448 ecce
1903 1410 1994 1466 ego
2036 1397 2177 1467 facio

570 1498 703 1540 nova
766 1498 880 1553 qua:
928 1496 1061 1537 nunc
1107 1483 1353 1550 orientur,
1392 1493 1437 1539 et
1473 1487 1784 1558 cognoscetis
1815 1497 1869 1554 °,
1904 1498 1952 1543 et
1980 1490 2172 1561 faciam

568 1577 623 1633 in
649 1576 844 1633 deserto
892 1575 1043 1641 viam,
1094 1583 1140 1630 et
1191 1577 1407 1646 ﬂumina
1448 1579 1502 1633 in
1542 1579 1657 1641 loco
1696 1581 1941 1652 inaquoso
1998 1581 2019 1619 ί
2073 1583 2172 1637 ad-

570 1684 761 1740 aquare
788 1684 950 1739 genus
977 1684 1145 1724 meum
1169 1668 1405 1737 electura,
1448 1671 1647 1741 plebem
1673 1687 1860 1739 meam,
1890 1689 2047 1745 quant
2078 1691 2169 1730 ac-

568 1762 769 1832 quisitti,
797 1772 853 1817 ut
872 1761 1080 1819 uirtutes
1105 1778 1244 1819 meas
1271 1775 1545 1835 exponeret
1576 1765 1715 1838 (Ita.
1775 1784 1924 1838 mn,
1952 1769 2169 1841 18-21).

2278 559 2534 631 accepturi
2573 564 2716 613 erant
2756 554 2841 626 qui
2893 556 2946 611 in
2992 570 3109 609 eum
3135 556 3426 613 credebant.
3460 556 3563 615 Per
3606 557 3883 630 Baptisms

2284 652 2428 708 enim
2476 650 2707 723 Spiritus
2753 657 2974 705 sanctus
3002 648 3284 719 accipitur,
3331 659 3386 705 et
3428 651 3506 706 sic
3534 666 3565 707 a
3595 651 3883 722 baptizatis

2278 753 2334 800 et
2380 744 2640 815 Spiritum
2686 751 2931 799 sanctum
2981 742 3288 800 consecutis
3341 742 3409 798 ad
3448 743 3741 801 bibendum
3790 761 3882 803 ca-

2278 839 2438 894 licem
2481 836 2694 893 Domini
2734 836 3066 907 pervenitur.
3118 835 3402 893 Neminem
3448 847 3628 895 autem
3667 846 3881 896 moveat

2279 929 2444 1001 quod,
2472 943 2594 985 eum
2615 928 2685 985 de
2709 928 2984 999 Baptismo
3009 928 3260 998 loquatur
3278 928 3554 1001 Scriptura
3585 929 3788 998 divina,
3805 931 3880 986 si-

2279 1023 2380 1078 tire
2403 1035 2501 1078 nos
2526 1021 2656 1079 dicit
2684 1030 2740 1078 et
2770 1021 2975 1089 bibere,
3007 1022 3221 1094 quando
3243 1030 3299 1079 et
3327 1022 3586 1082 Dominus
3609 1024 3665 1080 in
3697 1024 3881 1081 Evan-

2275 1117 2419 1189 gelio
2435 1116 2575 1173 dicat
2590 1132 2603 1169 :
2618 1116 2768 1171 Beati
2788 1116 3057 1173 esurientes
3070 1125 3114 1170 et
3138 1117 3358 1175 sitientes
3381 1119 3638 1191 justitiam
3659 1119 3877 1193 (Matth.

2234 1226 2332 1281 ⁸ν,
2370 1209 2452 1280 6);
2497 1209 2619 1280 quia
2667 1208 2809 1279 quod
2857 1208 3010 1263 avida
3058 1219 3112 1265 et
3172 1211 3376 1267 sitienti
3424 1211 3719 1281 cupiditate
3757 1229 3880 1269 sus-

2276 1303 2490 1375 eipitur,
2526 1301 2738 1372 plenius
2790 1310 2844 1356 et
2900 1301 3119 1357 uberius
3167 1300 3433 1358 hauritur.
3475 1303 3627 1360 Sicut
3670 1312 3723 1361 et
3771 1305 3879 1364 alio

2277 1394 2399 1451 loco
2442 1393 2508 1451 ad
2547 1394 2940 1451 Samaritauam
2989 1393 3270 1451 mulierem
3326 1395 3584 1455 Dominus
3642 1396 3878 1468 loquitur

2276 1487 2461 1544 dicens
2507 1487 2521 1539 i
2569 1505 2581 1541 :
2635 1486 2816 1542 Omnis
2881 1486 2968 1556 qui
3020 1486 3196 1542 biberit
3247 1504 3310 1543 ea:
3356 1504 3490 1559 aqua
3532 1489 3679 1556 ista,
3741 1491 3879 1547 sitiet

2276 1581 2458 1637 iterum
2484 1595 2502 1632 :
2537 1579 2623 1650 qui
2643 1589 2815 1634 autem
2864 1576 3039 1633 biberit
3085 1592 3151 1633 es
3191 1596 3324 1650 aqua
3347 1594 3501 1651 quam
3542 1596 3636 1652 ego
3663 1581 3877 1651 dedero,

2276 1690 2379 1731 non
2408 1672 2541 1728 sitiet
2560 1672 2613 1726 in
2636 1681 2882 1727 aeternum
2915 1670 3099 1742 (Joan.
3125 1686 3200 1737 tv,
3228 1670 3450 1744 15,14).
3474 1671 3593 1740 Quo
3618 1681 3674 1729 et
3702 1673 3876 1744 ipsum

2276 1765 2548 1835 Baptisms
2594 1762 2843 1819 salutaris
2890 1776 3044 1833 aquae
3106 1762 3435 1834 significatur
3492 1762 3539 1829 ι,
3597 1764 3744 1835 quod
3787 1781 3878 1824 se-

570 1854 963 1914 PMnuntiavit
1006 1856 1113 1913 illic
1146 1871 1243 1928 per
1288 1858 1603 1929 prophetam
1656 1861 1800 1918 Deus
1847 1863 1990 1933 quod
2028 1864 2168 1936 apud
2198 1866 2248 1929 Β
2277 1858 2381 1916 mel
2430 1858 2637 1913 scilicet
2664 1857 2916 1922 sumitur,
2967 1870 3068 1912 nec
3111 1870 3299 1911 rursus
3326 1859 3568 1912 iteratur.
3596 1856 3866 1915 Caeterum

567 1949 769 2006 Gentes
800 1949 862 2006 in
892 1948 1027 2006 locis
1053 1964 1173 2021 quae
1198 1950 1455 2022 inaquosa
1481 1953 1630 2023 prius
1659 1953 1905 2025 fuissent,
1939 1957 2161 2015 ﬂumina

572 2043 917 2114 postmodum
952 2042 1321 2102 redundarent
1369 2054 1426 2102 et
1454 2046 1686 2104 electum
1732 2062 1904 2122 genus
1943 2051 2062 2121 Dei,
2113 2052 2167 2109 id

568 2146 649 2195 est
677 2153 774 2210 per
800 2140 1203 2211 generationem
1230 2139 1489 2211 Baptismi
1511 2141 1653 2201 ﬁlios
1693 2142 1794 2201 Dei
1820 2144 2029 2214 factos,
2068 2146 2168 2202 ad-

566 2239 848 2301 aquarent.
877 2231 1030 2298 Item,
1060 2231 1239 2291 denuo
1268 2235 1589 2304 prtecanitur
1628 2244 1683 2293 et
1706 2245 1832 2295 ante
1859 2239 2169 2309 praedicitur

566 2321 805 2391 Iudaeos,
858 2323 904 2379 si
942 2322 1176 2381 sitierint
1219 2332 1272 2381 et
1313 2324 1588 2384 Christum
1631 2331 1980 2400 quaesierint,
2025 2333 2166 2404 apud

569 2428 668 2471 nos
714 2427 835 2471 esse
883 2424 1202 2486 putaturos,
1255 2417 1307 2474 id
1347 2428 1432 2475 est
1479 2420 1738 2491 Baptismi
1777 2425 2003 2495 gratiam
2031 2441 2166 2483 con-

568 2515 848 2564 secuturos
881 2525 896 2564 :
938 2506 1003 2565 Si
1046 2510 1291 2580 sitierint,
1323 2512 1515 2584 inquit,
1566 2531 1656 2586 per
1699 2516 1897 2572 deserta
1947 2519 2169 2579 adducet

566 2601 701 2668 illos,
735 2610 760 2649 ε
799 2616 985 2672 aquam
1031 2602 1095 2658 de
1140 2614 1287 2674 petra
1340 2606 1585 2675 producet
1604 2607 1730 2675 illis,
1759 2608 1981 2679 ﬁndetur
2000 2621 2163 2684 petra,

563 2702 611 2749 et
636 2695 758 2763 ﬂuet
802 2711 953 2766 aqua,
993 2705 1041 2751 et
1090 2693 1429 2769 bibethplebs
1481 2714 1592 2755 mea
1643 2699 1776 2773 (lsa.
1833 2719 2018 2772 xnvut,
2046 2705 2166 2779 2|).

564 2785 723 2854 Quod
768 2787 822 2843 in
856 2786 1150 2860 Evangelio
1202 2788 1529 2861 adimpletnr
1563 2833 1580 2861 ,
1638 2794 1853 2864 quando
1890 2795 2162 2865 Christus,

565 2879 656 2950 qui
701 2890 786 2937 est
832 2890 1005 2952 petra,
1047 2882 1269 2940 ﬁnditur
1299 2884 1407 2941 ictu
1435 2886 1637 2944 lanceae
1666 2890 1719 2944 in
1749 2890 1999 2960 passione
2031 2910 2044 2946 :
2076 2895 2166 2964 qui

565 2978 621 3026 et
644 2972 940 3029 admonens
968 2974 1095 3044 quid
1126 2990 1221 3045 per
1244 2976 1562 3047 prophetam
1597 2979 1668 3034 sit
1695 2988 1821 3037 ante
1849 2982 2165 3053 praedictum

516 3142 521 3147 _
562 3064 757 3122 clamat
794 3075 850 3123 et
893 3067 1067 3124 dicit:
1101 3067 1164 3125 Si
1201 3070 1313 3141 quis
1363 3071 1501 3137 sitit,
1558 3074 1722 3128 veniat
1760 3084 1808 3128 et
1860 3075 2014 3133 bibat.
2064 3077 2167 3146 Qui

563 3164 722 3219 credit
780 3163 835 3219 in
884 3181 998 3231 me,
1061 3166 1190 3235 sicut
1242 3166 1518 3239 Scriptura
1555 3169 1677 3225 dicit
1725 3168 1766 3237 ί,
1814 3172 2029 3242 ﬂumina
2103 3174 2167 3229 de

2271 1950 2408 2006 calix
2440 1948 2655 2005 Domini
2681 1950 2735 2003 in
2766 1948 3003 2005 Ecclesia
3032 1961 3249 2019 semper
3272 1958 3329 2004 et
3362 1948 3538 2005 sititor
3562 1957 3618 2006 et
3646 1950 3870 2007 bibitur.

2340 2043 2433 2101 1X.
2474 2043 2582 2099 Nec
2608 2041 2935 2113 argumentis
2957 2041 3199 2112 plurimis
3234 2055 3369 2113 opus
3398 2051 3501 2110 est,
3545 2041 3711 2100 frater
3734 2043 3868 2102 elia-

2270 2139 2509 2206 rissime,
2563 2146 2621 2193 ut
2669 2135 2960 2206 probemus
3007 2133 3367 2205 appellatione
3404 2148 3558 2206 aquae
3596 2135 3871 2207 Baptisms

2270 2230 2628 2302 signiﬁcatum
2681 2242 2897 2297 semper
2923 2240 3046 2283 esse
3095 2234 3150 2282 et
3195 2226 3274 2282 sic
3316 2240 3415 2281 nos
3445 2225 3748 2298 intelligere
3775 2227 3869 2285 de-

2271 2325 2401 2382 bere
2454 2324 2498 2391 ι,
2546 2321 2760 2394 quando
2808 2321 3065 2378 Dominus
3131 2318 3425 2377 adveniens
3502 2319 3760 2390 Baptismi
3813 2328 3875 2377 et

2271 2418 2469 2476 Calieis
2518 2414 2955 2472 manifestaverit
2999 2412 3308 2481 veritatem,
3346 2412 3439 2483 qui
3479 2426 3674 2485 aquam
3723 2413 3868 2471 illam

2271 2514 2507 2581 fidelem,
2552 2525 2745 2583 aquam
2795 2510 2919 2565 vitae
2948 2518 3186 2576 aeternae,
3230 2508 3550 2580 praeceperit
3594 2509 3867 2567 credenti-

2272 2609 2372 2664 bus
2411 2609 2464 2663 in
2514 2606 2787 2676 Baptismo
2813 2604 2951 2672 dari,
2979 2603 3202 2659 calicem
3229 2616 3358 2658 vero
3404 2602 3641 2659 docuerit
3670 2617 3867 2659 exem-

2271 2703 2361 2773 plo
2396 2698 2685 2771 magisterii
2707 2698 2787 2753 sui
2820 2696 2928 2752 viui
2958 2706 3012 2752 et
3031 2710 3184 2767 aquae
3211 2695 3591 2765 conjunctione
3614 2695 3851 2752 misceri.

2270 2794 2505 2851 Calicem
2521 2791 2720 2848 etenim
2747 2788 2847 2845 sub
2866 2788 2954 2844 die
2982 2787 3251 2858 passionis
3277 2787 3565 2858 accipiens,
3593 2785 3875 2843 benedixit

2272 2897 2326 2944 et
2349 2885 2499 2943 dedit
2531 2882 2813 2954 discipulis
2849 2882 2963 2937 suis
2998 2880 3184 2936 dicens
3216 2898 3228 2934 :
3257 2879 3423 2935 Bibite
3450 2896 3514 2934 ea;
3542 2880 3636 2935 hoc
3667 2866 3863 2935 omnes.

2275 2978 2375 3033 llic
2400 2987 2474 3034 est
2526 2977 2662 3035 enim
2692 2975 2901 3046 sanguis
2947 2973 3062 3027 novi
3090 2974 3403 3038 testamenti,
3448 2973 3536 3043 qui
3580 2987 3671 3042 pro
3698 2971 3873 3026 multis

2270 3071 2560 3141 effundatur
2606 3071 2659 3124 in
2710 3068 3056 3123 remissionem
3124 3077 3465 3139 peccatorum.
3516 3066 3644 3121 Dico
3696 3066 3868 3134 vobis,

2270 3183 2372 3221 non
2402 3164 2567 3219 bibant
2622 3161 2807 3217 amodo
2854 3177 2919 3216 ex
2944 3161 3039 3214 ista
3066 3169 3300 3215 creatura
3320 3160 3434 3216 vitis
3479 3174 3635 3231 usque
3660 3159 3710 3213 in
3738 3160 3871 3214 diem

561 3265 734 3311 ventre
751 3250 1212 3327 ejusﬂuentaquce
1235 3258 1564 3332 vivaoan.
1593 3277 1688 3330 vn,
1720 3249 2161 3337 57-59).‘Atqne,
2193 3266 2238 3330 C
2270 3258 2417 3313 illum
2464 3272 2561 3327 quo
2614 3255 2872 3309 vobiscum
2924 3253 3091 3307 bibam
3143 3267 3328 3308 nouum
3387 3252 3560 3307 uinum
3609 3252 3664 3306 in
3715 3267 3870 3322 regno

564 3355 624 3402 ut
650 3349 819 3419 magis
845 3359 1026 3419 posset
1056 3366 1175 3406 esse
1204 3354 1545 3409 manifestum
1577 3357 1699 3425 quia
1744 3371 1849 3412 non
1900 3358 1965 3412 de
1990 3358 2157 3415 calice

2265 3350 2442 3406 Patris
2471 3351 2569 3405 mei
2600 3349 2816 3421 (Matth.
2871 3363 3059 3416 xxxvr,
3100 3347 3326 3415 28,29).
3357 3347 3468 3414 Qua
3504 3348 3559 3403 in
3607 3354 3757 3417 parte
3784 3347 3867 3401 in.

564 3438 660 3495 sed
710 3440 778 3497 de
830 3442 1106 3513 Baptismo
1146 3443 1255 3499 illic
1320 3446 1556 3515 loquitur
1608 3447 1900 3514 Dominus,
1956 3450 2162 3505 addidit
2266 3445 2513 3502 venimus
2558 3442 2786 3499 calicem
2834 3441 3059 3496 mixtum
3087 3438 3252 3495 fuisse
3292 3453 3453 3510 quem
3485 3438 3743 3497 Dominus
3767 3442 3862 3495 ob-

1780 3580 2160 3642 LECTIONES
2196 3576 2614 3675 VABIANTE‘S.

628 3713 984 3829 :Ilv’emglcatur
1025 3711 1131 3768 Lin.
1168 3714 1294 3767 Bod.
1336 3718 1383 3779 1,
1422 3713 1473 3766 2.
1515 3716 1661 3768 Ebur.
1704 3714 1813 3771 ΝΟ.
1840 3721 1885 3770 1.
1910 3718 2161 3771 Praedice-

563 3786 643 3832 tur
668 3786 775 3829 NG.
799 3786 847 3828 2.

624 3838 653 3878 δ
680 3841 944 3893 Possumus
966 3840 1089 3892 Bod.
1116 3840 1164 3892 1.
1195 3842 1417 3895 Ebibere
1440 3841 1546 3894 Litt.
1572 3845 1619 3896 Ν
1625 3844 1679 3895 C.
1710 3844 1755 3897 1.

627 3907 649 3934 θ
680 3904 821 3953 Prius
842 3905 950 3955 ΝΟ.
975 3904 1022 3953 2.

626 3964 653 4004 (ἲ
678 3964 730 4014 In
748 3979 897 4027 quem
920 3967 1116 4018 Bod.‘2.

631 4030 655 4088 ς
681 4026 997 4088 Cognoscetis
1024 4032 1281 4081 veritatem
1306 4032 1441 4082 Lam.
1466 4031 1593 4083 Bod.
1611 4032 1873 4087 Ebor.NC.
1903 4032 1950 4084 1.

629 4082 650 4126 ἲ
672 4082 799 4139 Ι.οὼ
822 4089 1055 4154 inaqnosa
1077 4091 1208 4144 Lam.
1232 4093 1375 4147 Ebur.
1400 4097 1449 4148 Ν
1455 4082 1581 4147 (3.1.

2330 3718 2357 3779 β
2380 3714 2484 3779 Illis
2501 3726 2674 3779 aquam
2692 3714 2816 3779 eod;
2839 3713 2888 3779 1.
2899 3712 2954 3779 2.
2973 3710 3117 3764 Ebor.
3142 3710 3248 3764 Lin.
3284 3712 3390 3767 NG.
3419 3712 3466 3764 1.

2328 3777 2358 3816 ιι
2375 3775 2586 3837 Bibetis,
2610 3777 2756 3839 plebs
2781 3775 2906 3827 Bod.
2935 3776 2981 3826 1.

2334 3841 2351 3880 i
2382 3840 2522 3890 Sicut
2542 3842 2777 3901 scriptum
2800 3846 2877 3889 est
2895 3840 3028 3888 Lam.

2334 3916 2349 3954 ι
2388 3902 2626 3966 Loquitur
2671 3910 2725 3952 et
2745 3902 2865 3966 dicit
2884 3902 3017 3966 yart.

2331 3966 2361 4003 ιι
2384 3963 2716 4027 Significatum
2742 3964 2866 4027 Bqd.
2885 3964 2933 4013 5.

2335 4027 2355 4066 1
2385 4025 2640 4078 Debemus
2663 4026 2771 4079 NG.
2796 4025 2843 4075 2.

1796 4199 2035 4256 STEPH.
2079 4199 2355 4260 BALUZIl
2392 4198 2621 4256 NOTAE.

639 4310 1197 4368 Vlll.-—Prcecanitur.
1220 4313 1362 4368 Bona
1379 4323 1460 4369 est
1475 4313 1611 4369 haud
1629 4313 1958 4371 dubielectio
1979 4330 2166 4372 earum

569 4384 865 4441 editionum
896 4399 1014 4456 quae
1057 4383 1217 4439 habet
1239 4387 1552 4456 prazcim'tnr.
1592 4385 1717 4440 Mihi
1761 4395 1938 4441 tamen
1990 4388 2165 4441 visum

572 4464 657 4510 cst
686 4455 1053 4521 reponendum
1094 4471 1213 4510 csac
1240 4454 1539 4512 lectionem
1588 4468 1827 4512 veterum
1868 4457 2163 4512 editionum

2273 4316 2466 4386 legitur
2491 4335 2503 4371 :
2532 4313 2676 4369 Beati
2702 4312 2789 4379 qui
2810 4313 3038 4367 esuriunt
3058 4312 3346 4386 justitiam;
3373 4313 3460 4386 ubi
3488 4313 3653 4368 editio
3675 4313 3869 4386 Angli-

2269 4383 2401 4443 cana
2430 4396 2613 4441 mouet
2641 4386 2898 4455 scriptum
2921 4399 3042 4456 esse
3068 4385 3124 4438 in
3149 4394 3272 4439 octo
3288 4383 3575 4456 codicibus
3589 4384 3820 4456 antiquis
3846 4404 3860 4441 :

2262 4457 2416 4511 Beati
2468 4454 2762 4512 esurientes
2799 4466 2848 4509 et
2917 4455 3161 4509 sitientes.
3222 4454 3631 4511 Admonendum
3694 4454 3870 4513 tamen

571 4536 625 4582 et
647 4526 917 4598 tredecim
940 4536 1179 4581 veterum
1209 4528 1615 4597 exemplarium.
1640 4527 1781 4584 Sane
1808 4526 1977 4583 codex
1996 4530 2165 4584 sancti
2191 4526 2245 4587 D
2272 4529 2573 4598 existimavi
2596 4527 2781 4583 decem
2808 4526 3025 4595 antiqua
3052 4525 3381 4596 exemplaria
3413 4527 3531 4583 istic
3569 4526 3861 4598 praeferre,

570 4590 750 4652 Albini
782 4598 945 4655 habet
977 4599 1301 4667 prwcanitur.
1327 4590 1429 4654 sed
1456 4600 1795 4655 emendatum
1827 4608 1907 4653 est
1935 4601 2166 4669 antiqui-

570 4677 655 4750 tus
677 4679 730 4722 ct
758 4671 992 4750 positum
1013 4669 1323 4741 prctciuitnr.
1358 4671 1412 4726 ln
1437 4687 1543 4726 uno
1574 4685 1696 4727 meo
1714 4670 1881 4725 veteri
1907 4671 2166 4741 scriptum

566 4749 648 4796 est
676 4742 987 4796 arcet-initur.

699 4810 990 4867 rwdicirur.
1025 4810 1090 4865 Et
1119 4810 1237 4868 licio
1262 4828 1473 4884 quoque
1516 4812 1667 4883 sequi
1716 4811 1911 4938 ﬁlacuit
1948 4815 2175 4884 scriptu-

727 4890 979 4937 veterum
1010 4882 1304 4938 editionum
1335 4893 1388 4938 et
1416 4895 1654 4938 veterum
1679 4883 1711 4937 li
1757 4898 1933 4938 rorum
1963 4895 2173 4938 nostro-

575 4896 689 4937 ram
727 4890 979 4937 veterum
1010 4882 1304 4938 editionum
1335 4882 1654 4941 etiveteru’m
1679 4882 1933 4938 librorum
1963 4882 2173 4939 nostro-

578 4968 719 5027 rum,
745 4956 938 5022 quibus
966 4957 1308 5027 consentiunt
1339 4958 1497 5012 etiam
1540 4956 1740 5026 aliquot
1782 4955 2081 5027 Anglicani.
2116 4957 2173 5012 In

576 5021 877 5098 Ver_one_nsi
913 5025 1169 5096 scriptum
1197 5037 1315 5082 erat
1341 5021 1668 5098 praedicatur.

652 5092 928 5151 Findetur.
972 5092 1225 5163 Quamvis
1252 5092 1415 5152 sciam
1453 5112 1639 5154 omnes
1668 5095 1931 5153 editiones
1964 5105 2019 5153 et
2056 5115 2175 5154 om-

577 5180 676 5241 nes
704 5166 816 5241 fere
847 5175 1058 5225 veteres
1087 5169 1250 5241 libros
1280 5168 1476 5225 habere
1504 5172 1746 5238 ﬁndetur,
1793 5169 1945 5225 facile
1983 5176 2177 5241 pratu-

564 5236 749 5312 lissem
777 5239 1077 5312 lectionem
1102 5240 1387 5308 Fuxensis,
1413 5242 1464 5296 in
1505 5236 1612 5312 quo
1640 5242 1895 5311 scriptum
1935 5236 2017 5296 est
2041 5243 2179 5296 scin-

566 5308 737 5383 detnr,
768 5311 893 5378 quia
940 5312 990 5365 in
1028 5313 1203 5383 capite
1235 5324 1418 5367 XLVIII.
1449 5308 1623 5378 Isaim,
1665 5308 1913 5381 ad'quod
1955 5313 2177 5382 respicit

566 5378 854 5455 biclocus,
900 5378 1141 5454 legiturzz
1177 5384 1369 5453 Aquam
1420 5383 1482 5437 de
1526 5393 1669 5455 petra
1694 5378 1935 5455 produxit
1982 5378 2074 5450 eis,
2119 5393 2169 5438 et

564 5450 717 5527 scidit
746 5450 977 5523 petram;
994 5466 1043 5527 et
1070 5450 1328 5527 ﬂuxerunt
1354 5450 1536 5527 aqua!
1555 5456 1624 5511 At
1652 5450 1773 5511 cum
1808 5455 2060 5527 viderem
2113 5456 2163 5509 in

564 5521 701 5575 libro
729 5521 940 5597 quoque
970 5521 1141 5597 primo
1166 5521 1612 5595 Testimoniorum,
1644 5541 1763 5597 cap.
1800 5525 1886 5591 12,
1905 5527 2162 5596 εειίιιιυιη

566 5607 687 5664 esse
707 5597 947 5664 findetur,
978 5614 1083 5653 non
1111 5613 1227 5652 sum
1258 5613 1420 5654 ausus
1449 5610 1678 5653 mutare.

640 5662 787 5721 Beati
812 5670 1101 5725 esurientes.
1145 5668 1222 5724 Ita
1277 5686 1466 5726 omnes
1511 5670 1773 5727 editiones
1799 5677 1856 5725 et
1900 5684 1992 5724 sex
2043 5668 2161 5735 libri

567 5744 800 5812 veteres,
867 5740 1008 5812 inter
1049 5756 1187 5811 quos
1229 5742 1448 5796 nomino
1501 5741 1931 5812 Seguierianum.
1998 5739 2164 5794 Recte

569 5806 831 5875 profecto.
883 5811 1015 5870 Nam
1060 5806 1113 5871 in
1162 5812 1299 5872 libro
1342 5829 1399 5871 ιιι
1445 5806 1873 5871 Testimoniorum
1926 5825 2043 5882 cap.
2105 5813 2159 5878 1,

2275 4592 2423 4655 Beati
2449 4600 2666 4655 sitientes
2696 4609 2741 4654 et
2768 4592 3058 4652 esurientes.

2356 4670 2633 4727 IX.—Hic
2660 4680 2731 4724 est
2760 4671 2911 4724 enim.
2947 4668 3071 4723 "(DC
3089 4678 3167 4723 est
3188 4669 3346 4724 lectio
3370 4668 3607 4723 omnium
3641 4669 3753 4724 fere
3782 4686 3874 4723 ve-

2280 4751 2454 4798 terum
2492 4738 3055 4811 exemplarium,’l‘ria
3104 4748 3280 4796 tamen
3322 4749 3501 4796 vetera
3542 4750 3598 4795 ct
3640 4741 3872 4810 antiqua}

2279 4812 2543 4868 editiones
2576 4810 2868 4878 prmferunt
2902 4810 3015 4865 Hoc
3039 4820 3109 4866 est
3138 4812 3291 4866 enim.
3336 4810 3454 4878 Quo
3490 4812 3650 4866 etiam
3710 4813 3872 4867 modo

2277 4883 2530 4948 Nicolaus
2554 4883 2727 4938 Faber
2764 4884 2815 4937 in
2855 4884 3108 4953 margine
3138 4883 3460 4953 exemplaris
3495 4883 3574 4937 sul
3620 4883 3873 4953 editionis

2282 4954 2605 5011 Parueliamc
2626 4954 2901 5009 adnotavit
2922 4951 2990 5007 se
3015 4951 3208 5023 legisse
3255 4951 3312 5009 in
3347 4954 3706 5009 vetustissima
3752 4952 3870 5008 edi-

2283 5027 2428 5081 tione
2458 5041 2617 5095 quam
2652 5026 2765 5094 ipse
2793 5025 3041 5079 habebat.

2355 5094 2490 5152 Novi
2524 5097 2826 5152 testamenti.
2851 5095 2968 5151 Vox
2992 5098 3106 5151 novi
3131 5095 3287 5152 deest
3316 5097 3370 5151 in
3397 5094 3649 5152 tredecim
3670 5094 3875 5151 codici-

2280 5167 2381 5224 bus
2405 5169 2656 5238 antiquis.

2357 5236 2560 5295 Novttm
2620 5238 2813 5293 uinum.
2872 5238 2992 5294 Vox
3046 5240 3218 5294 uinum
3265 5238 3420 5295 deest
3479 5238 3534 5293 in
3585 5236 3873 5308 Evangelia

2281 5311 2535 5376 Mattltmi,
2564 5310 2701 5379 apud
2733 5309 3114 5379 Hieronymum
3147 5313 3197 5365 iu
3233 5311 3386 5367 titulo
3426 5311 3741 5377 quaestionis
3782 5323 3873 5364 se-

2279 5383 2468 5437 cunda:
2494 5383 2562 5436 ad
2605 5380 2896 5446 Iledibimn,
2928 5381 2981 5434 in
3022 5382 3269 5445 undecim
3307 5381 3581 5436 codicibus
3612 5381 3869 5449 antiquis,

2270 5455 2411 5509 etin
2456 5452 2782 5509 cditionibus
2832 5451 3053 5506 Manutii
3105 5462 3159 5508 ct
3188 5452 3433 5519 Morellii.
3462 5451 3662 5507 Deesse
3711 5452 3874 5506 etiam

2270 5534 2485 5579 constat
2536 5525 2585 5577 in
2617 5538 2807 5577 novem
2864 5524 3192 5593 Anglicanis.
3233 5524 3419 5579 Lectio
3467 5524 3700 5593 vulgata,
3755 5536 3875 5592 quas

2274 5596 2435 5649 habet
2474 5594 2600 5649 Cum
2638 5594 2768 5647 illud
2793 5592 3247 5666 bibantivobiscum
3274 5610 3461 5649 novum
3485 5594 3539 5647 in
3570 5592 3747 5666 regno
3778 5610 3874 5664 pa-

2273 5668 2365 5720 tris
2399 5668 2519 5733 mci,
2550 5666 2943 5734 Inagispluttuil
2971 5665 3233 5733 Pamclio,
3289 5666 3381 5735 qui
3416 5665 3658 5735 testatus
3691 5674 3775 5720 est
3818 5677 3879 5719 se

2271 5753 2387 5793 eam
2408 5733 2940 5807 invenissein’codice
2967 5733 3357 5807 Afﬂigcmensi.
3378 5734 3534 5806 Apud
3558 5733 3875 5807 Varronem,

2269 5809 2409 5867 libro
2458 5824 2488 5865 v
2528 5808 2594 5869 de
2617 5806 2817 5879 Lingua
2859 5808 3022 5869 latina
3056 5827 3069 5865 :
3101 5805 3321 5866 ‘Novum
3370 5805 3508 5865 vetus
3537 5809 3705 5864 vinum
3742 5805 3875 5863 bibo-
