4250 6282
374 310 485 377 SM
1740 310 1991 375 Ενιετα

2113 310 2297 375 LXIII.
3579 312 3691 379 382

382 431 509 489 tulit
535 430 621 498 ὀτ,
650 437 707 488 et
729 428 915 486 vinum
941 429 1105 488 fuisse
1134 427 1278 502 quod
1313 429 1622 501 sanguinem
1652 442 1806 487 suum
1832 429 1985 487 dixit.
2017 430 2072 492 Α
2096 438 2151 485 et
2170 429 2348 486 facere
2364 426 2921 495 debere,constantius
2934 438 2988 488 et
3009 429 3197 489 fortius
3217 430 3325 489 alio
3347 432 3398 488 in
3424 426 3546 490 loco
3561 433 3691 490 beaa

382 523 544 584 Unde
570 531 796 596 apparet
821 523 1139 595 sanguinem
1169 522 1368 580 Christi
1408 538 1514 579 non
1566 523 1746 580 offerri
1773 523 1818 579 si
1842 522 1984 579 desit
2090 532 2173 578 tus
2222 523 2555 593 Apostolusi
2607 523 2765 581 docet
2807 527 3036 583 dicens:
3070 526 3237 582 Miror
3286 528 3422 599 quod
3463 530 3535 584 sic
3582 537 3693 583 tam

379 620 568 678 vinum
637 617 812 684 calici,
874 630 978 674 nec
1022 616 1344 674 sacriﬁcium
1393 610 1802 675 Dominicum"
1853 616 1984 689 legio

381 712 513 771 tima
560 709 986 768 sanctiﬁcatione
1043 710 1311 767 celebrari
1363 710 1465 766 nisi
1491 710 1693 766 oblatio
1720 719 1776 767 et
1818 711 1985 768 sacri-

382 805 564 863 ﬁcium
585 811 829 860 nostrum
854 801 1194 873 responderit
1219 802 1474 890 passiqni.
1495 800 1776 869 Quomodo
1804 811 1984 860 autem

381 898 455 957 de
477 896 876 955 ereatura'vitis
901 900 1097 953 novttm
1124 897 1309 951 vinum
1347 910 1467 952 cum
1494 896 1710 953 Christo
1736 898 1789 953 in
1818 913 1987 970 regno

384 990 559 1049 Patris
576 989 845 1055 bibemus,
873 989 920 1046 si
950 989 1003 1044 in
1034 986 1299 1044 sacriﬁcio
1340 984 1436 1043 Dei
1477 987 1655 1043 Patris
1699 996 1756 1045 et
1782 987 1986 1046 Christi

380 1084 566 1140 vinum
598 1096 707 1139 non
736 1081 1035 1149 offerimus,
1064 1095 1166 1138 nec
1187 1080 1408 1138 calicem
1443 1080 1653 1139 Domini
1699 1080 1985 1139 Dominiea

383 1176 674 1232 traditione
719 1174 1042 1232 miscemus?
1790 1166 1796 1171 ’

455 1266 523 1325 X.
553 1267 751 1324 Beatus
778 1265 1281 1338 quoqueapostolus
1300 1263 1518 1334 Paulus,
1542 1280 1575 1322 a
1595 1266 1823 1323 Domino
1840 1267 1986 1324 elec-

383 1368 474 1418 tus
497 1369 551 1418 et
570 1359 767 1416 missus
794 1368 850 1415 et
866 1359 1191 1431 pradicator
1221 1360 1463 1439 veritatis
1485 1361 1807 1431 evangelicae
1853 1376 1987 1418 con-

382 1454 621 1524 stitutus,
644 1451 762 1509 haec
783 1452 967 1509 eadem
996 1453 1050 1508 in
1077 1452 1318 1524 Epistola
1364 1468 1460 1509 sua
1506 1453 1653 1524 ponit
1692 1453 1881 1511 dicens
1907 1454 1936 1493 ι)
1967 1473 1984 1509 :

382 1547 639 1605 Dominus
665 1543 819 1601 Iesus
842 1545 897 1601 in
922 1561 1022 1617 qua
1046 1555 1191 1601 nocte
1217 1546 1509 1600 tradebatur
1535 1548 1733 1616 accepit
1761 1561 1944 1617 panem
1969 1587 1985 1615 ,

384 1639 649 1711 etgratias
694 1639 796 1711 egit
854 1648 876 1677 ο
931 1647 978 1694 et
1025 1639 1181 1710 fregit
1231 1648 1278 1693 et
1312 1638 1493 1693 dixit:
1540 1636 1654 1694 Hoc
1680 1649 1755 1694 est
1802 1654 1988 1710 corpus

383 1750 559 1791 meum
603 1734 735 1805 quod
760 1747 852 1804 pro
880 1731 1020 1788 vobis
1068 1731 1314 1788 tradetur.
1367 1730 1483 1786 Hoc
1528 1733 1681 1804 facile
1721 1733 1777 1787 in
1824 1748 1987 1787 nteant

2087 616 2186 671 cito
2213 615 2543 669 demutamini
2583 614 2610 654 ¹ί
2643 618 2706 672 ab
2735 634 2792 672 eo
2832 619 2921 689 qui
2961 632 3047 673 eos
3090 621 3281 674 vocavit
3336 620 3404 674 ad
3448 622 3689 692 gratiora,

2089 708 2157 764 ad
2184 707 2327 762 aliud
2354 708 2687 780 evangelium,
2738 710 2877 781 quod
2904 726 3005 765 non
3036 719 3109 765 est
3150 710 3315 778 aliud,-
3342 712 3441 767 niai
3482 713 3528 766 si
3571 717 3693 768 sunt

2089 799 2246 871 aliqui
2268 800 2355 871 qui
2399 815 2486 855 vos
2511 802 2813 856 conturbant
2841 811 2890 857 et
2934 802 3113 857 volunt
3135 810 3422 859 convertere
3454 790 3695 877 EvangeJ

2089 894 2215 950 linat
2238 892 2450 950 Christi.
2468 892 2594 960 Sed,
2627 891 2742 949 licet
2766 904 2855 949 aut
2875 911 2966 951 nos
2977 905 3065 950 aut
3078 896 3301 967 Angelus
3317 896 3381 950 de
3397 897 3525 953 caelo
3542 897 3695 954 aliter

2088 990 2355 1045 annuntiat
2393 996 2729 1060 praterquam
2755 989 2892 1061 quod
2930 991 3343 1046 annuntiavimus
3370 992 3530 1060 vobis,
3561 1004 3693 1049 unae

2091 1084 2259 1138 thema
2289 1084 2374 1139 sit.
2427 1082 2575 1138 Sicut
2599 1082 2953 1155 prtediximus,
2985 1094 3031 1138 et
3057 1100 3192 1139 nunc
3216 1086 3400 1140 iterum
3426 1085 3538 1141 dico
3562 1103 3583 1141 :
3628 1084 3697 1144 Si

2042 1212 2047 1215 -
2090 1178 2201 1249 quis
2238 1177 2375 1233 vobis
2420 1178 2795 1233 annuntiaverit
2836 1187 3174 1251 praeterquam
3218 1179 3354 1249 quod
3381 1180 3643 1252 accepistis
3672 1221 3687 1247 ,

2090 1274 2361 1329 anathema
2381 1273 2445 1329 sit
2474 1271 2616 1348 (Gal.
2646 1290 2682 1340 ι,
2713 1273 2860 1347 6-9).

2161 1364 2254 1422 XI.
2281 1364 2415 1421 Cum
2436 1376 2565 1437 ergo
2592 1378 2763 1437 neque
2792 1366 2904 1436 ipse
2932 1365 3223 1437 Apostolus
3249 1380 3427 1437 neque
3454 1366 3689 1439 Angelus

2090 1460 2159 1516 de
2181 1459 2322 1516 coelo
2365 1457 2683 1514 annuntiare
2708 1459 2878 1529 possit
2914 1459 3070 1515 aliter
3097 1467 3189 1515 aut
3222 1459 3421 1517 docere
3460 1469 3688 1532 praeter-

2090 1566 2251 1623 quam
2272 1550 2414 1623 quod
2443 1551 2609 1607 semel
2627 1550 2876 1606 Christus
2903 1549 3086 1607 docuit
3108 1556 3162 1608 et
3180 1551 3424 1623 Apostoli
3452 1553 3569 1624 ejus
3588 1569 3685 1609 an-

2092 1644 2495 1711 nuntiaverunt,
2524 1644 2695 1699 miror
2714 1641 2845 1699 satis
2870 1644 3015 1700 unde
3036 1643 3141 1700 hoc
3166 1646 3482 1716 usurpatum
3513 1645 3583 1701 sit
3608 1652 3687 1715 ut,

2090 1743 2275 1792 contra
2306 1735 2666 1806 evangelicatn
2688 1743 2742 1792 et
2793 1735 3139 1806 apostolicam
3182 1734 3542 1807 disciplinam,
3575 1738 3691 1809 qui-

381 1831 931 1890 commemorationem.
989 1826 1165 1886 Simili
1213 1832 1364 1884 modo
1412 1829 1440 1868 ά
1494 1840 1539 1885 et
1586 1832 1815 1901 calicem,
1844 1840 1984 1904 post-
2016 1835 2064 1897 B
2093 1828 2320 1885 busdam
2349 1828 2402 1883 in
2447 1828 2580 1882 locis
2625 1841 2761 1898 aqua
2792 1826 3047 1882 offeratur
3086 1825 3141 1881 in
3171 1827 3451 1883 Dominico
3477 1827 3643 1885 calice
3670 1871 3687 1898 ,

384 1942 543 1999 quam
556 1937 827 1992 cenatum,
856 1933 930 1981 est
950 1928 1143 1997 accepit
1170 1927 1340 1983 dicens
1364 1942 1382 1978 :
1404 1925 1508 1982 Hic
1523 1927 1663 1982 calix
1686 1942 1869 1981 novum
1889 1935 1985 1981 tes-

387 2028 665 2078 tamentum
689 2028 713 2057 °
739 2027 813 2075 est
840 2020 893 2073 in
920 2034 1028 2075 meo
1041 2018 1432 2091 sanguine.Hoc
1455 2021 1627 2093 facite,
1651 2019 1984 2091 quotiescum-

386 2127 481 2183 que
503 2109 745 2178 biberitia,
771 2109 825 2164 in
845 2124 1011 2165 meam
1047 2111 1599 2166 commemorationem.
1636 2110 1987 2177 Quotiescum-

386 2219 481 2275 que
502 2203 635 2258 enim
659 2202 866 2258 oderitis
895 2214 1075 2272 panem
1096 2203 1253 2257 istum
1276 2206 1325 2258 et
1347 2203 1555 2258 calicem
1577 2202 1820 2269 biberitis,
1845 2219 1983 2257 mor-

387 2305 485 2351 tem
512 2294 718 2389 Domini
746 2295 1113 2389 annuntiabitis
1136 2295 1466 2367 quoadusque
1492 2296 1658 2351 ueniat
1696 2297 1718 2369 (
1740 2295 1761 2350 l
1780 2294 1983 2389 Corn

386 2386 631 2460 25-26).
661 2383 814 2457 Quod
845 2388 1033 2443 sieta
1080 2386 1311 2444 Domino
1358 2388 1667 2459 praecipitur
1723 2386 1769 2455 ι,
1817 2370 2021 2444 (ξι-ἶς’(

386 2482 645 2553 Apostoio
697 2480 813 2552 ejus
839 2481 941 2537 hoc
988 2479 1130 2537 idem
1175 2480 1526 2537 conﬁrmatur
1569 2488 1625 2537 et
1652 2481 1898 2549 traditur,
1930 2488 1989 2536 ut

387 2574 823 2647 quotiescumque
855 2574 1175 2643 biberimus,
1210 2574 1263 2630 in
1285 2576 1851 2631 commemorationem
1888 2574 1990 2630 Do-

386 2666 515 2723 mini
545 2664 649 2725 hoc
676 2665 932 2722 iaciamus
965 2668 1109 2738 quod
1163 2665 1289 2723 fecit
1333 2675 1388 2723 et
1442 2667 1719 2736 Dominus,
1777 2667 1989 2723 inveni-

384 2773 507 2815 mus
532 2768 556 2807 ε
583 2774 690 2814 non
711 2757 983 2815 observari
1011 2775 1041 2815 a
1074 2759 1227 2816 nobis
1247 2759 1390 2832 quod
1418 2761 1724 2816 mandatum
1750 2769 1853 2829 est,
1884 2760 1988 2815 nisi

390 2852 582 2909 eadem
615 2866 735 2923 qum
791 2853 1045 2910 Dominus
1075 2849 1201 2911 fecit
1251 2864 1350 2910 nos
1380 2866 1593 2925 quoque
1623 2853 1903 2918 faciamus,
1936 2848 2007 2910 et

385 2946 609 3004 calicem
638 2945 849 3002 Domini
904 2948 1015 3018 pari
1066 2945 1096 2987 ¹³
1144 2950 1351 3005 ratione
1394 2949 1682 3017 miscentes
1727 2962 1757 3002 a
1807 2947 1991 3004 divino

384 3040 698 3112 magisterio
719 3054 825 3095 non
846 3041 1180 3099 recedamus.
1200 3041 1284 3100 Ab
1305 3042 1631 3113 evangelicis
1649 3050 1827 3098 autem
1852 3055 1992 3113 prae—

386 3131 559 3202 ceptis
579 3133 799 3187 omnino
826 3124 1182 3189 recedendum
1211 3135 1328 3188 non
1348 3146 1469 3190 esse
1494 3133 1538 3201 ί,
1569 3134 1831 3191 eteadem
1869 3147 1992 3205 qum

2088 1935 2210 1993 quae
2263 1920 2377 1977 sola
2426 1918 2628 1975 Christi
2660 1918 2976 1990 sanguinem
3028 1933 3136 1974 non
3168 1919 3337 1989 possit
3365 1918 3684 1990 exprimere.

2086 2012 2255 2084 Cujus
2280 2012 2356 2069 rei
2380 2019 2779 2068 sacramentum
2806 2024 2907 2067 nec
2952 2011 3005 2066 in
3025 2010 3253 2066 Psalmis
3287 2016 3429 2068 tacet
3459 2011 3693 2083 Spiritus

2088 2117 2309 2164 sanctus
2335 2106 2536 2162 iaciens
2556 2106 2883 2162 mentionem
2901 2103 3157 2161 dominici
3175 2104 3361 2161 calicis
3381 2115 3433 2160 ct
3462 2104 3649 2162 dicens
3672 2122 3688 2160 :

2090 2199 2239 2255 Catia:
2270 2208 2384 2254 tuus
2421 2194 2676 2255 inebrians
2710 2214 2951 2269 perquam
2997 2196 3217 2269 Optimus
3262 2193 3283 2235 1
3327 2194 3500 2269 (Paul.
3550 2212 3687 2266 χιιι,

2090 2294 2170 2365 5).
2198 2291 2347 2349 Calix
2383 2300 2561 2349 autem
2608 2292 2698 2364 qui
2759 2291 3032 2360 inebriat,
3080 2292 3264 2363 utique
3311 2291 3437 2347 vino
3492 2291 3691 2348 mixtus

2091 2392 2173 2442 cst
2202 2395 2242 2422 ω
2267 2405 2281 2441 :
2313 2400 2486 2457 neque
2515 2387 2659 2442 enim
2685 2400 2819 2457 aqua
2846 2384 3113 2442 inebriare
3139 2398 3463 2458 quemquam
3490 2394 3687 2458 potest.

2093 2478 2182 2536 Sic
2210 2488 2388 2534 autem
2419 2478 2556 2535 calix
2590 2478 2897 2534 Dominicus
2924 2476 3157 2535 inebriat
3188 2486 3245 2533 ut
3270 2486 3325 2534 et
3351 2476 3465 2535 Noe
3493 2479 3547 2534 in
3578 2477 3688 2534 Ge-

2090 2573 2207 2628 nesi
2234 2573 2417 2627 vinum
2460 2572 2652 2629 bibens
2682 2571 2975 2629 inebriatus
3004 2583 3107 2628 est.
3151 2571 3278 2641 Sed,
3310 2572 3431 2644 quia
3459 2570 3692 2629 ebrietas

2092 2664 2354 2721 Dominici
2385 2665 2567 2721 calicis
2592 2673 2646 2721 et
2673 2664 2946 2737 sanguinis
2990 2680 3094 2720 nou
3125 2671 3207 2721 est
3236 2665 3355 2729 talis
3385 2665 3559 2736 qualis
3610 2664 3694 2722 est

2092 2757 2325 2814 ebrietas
2354 2758 2463 2812 vini
2492 2757 2785 2823 saecularis,
2820 2773 2940 2813 cum
2968 2756 3169 2815 diceret
3199 2756 3431 2829 Spiritus
3472 2766 3693 2813 sanctus

2093 2859 2145 2910 in
2176 2855 2411 2923 Psalma,
2444 2854 2595 2912 Catia:
2622 2854 3033 2923 tuusincbriana,
3055 2853 3258 2910 addidit
3281 2869 3524 2924 perquam
3560 2854 3695 2925 opti-

2092 2946 2376 3019 mus,q‘uod
2396 2948 2750 3003 scilicetcalix
2767 2948 3076 3003 Dominicus
3098 2946 3175 3001 sic
3192 2944 3440 3000 bibentes
3461 2944 3694 3000 inebriat

2092 3048 2153 3097 ut
2175 3039 2383 3097 sobrios
2411 3038 2591 3105 iaciat,
2624 3045 2682 3095 ut
2722 3047 2932 3094 mentes
2957 3039 3021 3092 ad
3050 3036 3343 3108 spiritalem
3370 3035 3691 3106 sapientiam

2093 3135 2320 3207 redigat,
2348 3141 2459 3189 uta
2485 3138 2677 3205 sapore
2705 3132 2808 3188 isto
2845 3130 3087 3187 saeculari
3137 3130 3203 3186 ad
3233 3126 3565 3187 intellectum
3599 3126 3693 3186 Del

385 3225 642 3296 magister
670 3225 854 3283 docuit
877 3236 931 3282 et
986 3227 1109 3283 iecit
1133 3227 1430 3300 discipulos
1453 3244 1667 3301 quoque
1693 3228 1990 3287 observare
2016 3239 2063 3305 (ξ
2094 3229 2460 3301 unusquiSquc
2496 3227 2794 3299 resipiscat,
2836 3234 2890 3283 et
2917 3223 3369 3299 quemadmodum
3413 3223 3538 3279 vino
3585 3222 3693 3279 isto

1583 3336 1969 3403 LECTIONES
2009 3340 2423 3402 VARIANTES.

450 3458 478 3523 ξ
499 3455 769 3523 Dominum
790 3457 918 3523 Bod.
943 3458 993 3520 '5,
1015 3458 1062 3523 47.
1090 3457 1238 3523 Ebor.
1266 3458 1376 3523 NG.
1399 3459 1447 3523 1,
1472 3459 1521 3511 2.
1548 3458 1653 3511 Lin.

446 3516 479 3557 ι)
501 3520 649 3572 Ponit
670 3529 721 3571 et
741 3520 858 3571 dicit
876 3516 1009 3571 Lani.
1038 3521 1169 3583 Bod.
1192 3521 1240 3583 1,
1259 3521 1307 3571 2.

451 3586 474 3613 ε
496 3582 690 3635 Gratias
725 3584 832 3646 egit
861 3590 914 3635 et
952 3584 1084 3634 Lam.
1112 3582 1258 3636 Ebor.
1284 3584 1395 3637 NG.
1421 3586 1467 3647 1,
1495 3584 1542 3636 2.
1578 3586 1749 3650 Agens
1765 3587 1914 3652 fregit
1932 3590 1985 3638 et

391 3648 551 3698 Oxon.

453 3706 742 3783 ῗξέἓηίηίβτ
758 3709 893 3783 [ἐπέ
977 3771 988 3783 .
1018 3776 1027 3783 .
1054 3782 1057 3783 ν
1098 3777 1109 3783 -
1266 3773 1295 3783 ..
1334 3774 1356 3783 -
1388 3750 1391 3753 ·

458 3774 481 3803 ε
505 3770 601 3823 Hic
624 3770 844 3822 estcalix
880 3771 991 3821 novi
1016 3773 1301 3825 testamenti
1327 3774 1461 3825 Laut.
1487 3772 1594 3827 Litt.
1619 3773 1764 3826 Ebor.

459 3831 478 3870 ί
499 3832 821 3897 Przecipiatur
843 3832 972 3887 Bod.
992 3834 1043 3885 3.

2153 3465 2178 3504 8
2205 3463 2526 3514 Inveniemus
2549 3460 2678 3513 Bod.
2700 3460 2748 3514 1.

2148 3525 2573 3598 ξι,ςειίοειη,ι›πί
2592 3524 2789 3598 1304.3,
2811 3523 2862 3587 2,
2887 3525 2934 3577 δ.
2964 3523 3099 3577 Lam.
3141 3524 3263 3578 Ebor
3290 3524 3396 3578 NC.
3418 3523 3464 3588 ι,
3486 3523 3534 3574 2.
3553 3521 3660 3577 Lin.

2152 3587 2170 3628 ἱ
2198 3588 2300 3639 Non
2327 3596 2403 3639 est
2428 3587 2561 3638 Lam.
2584 3587 2712 3638 Bod.
2733 3587 2781 3638 2.

2154 3662 2168 3702 t
2199 3651 2385 3701 Beatus
2401 3649 2582 3701 Paulus
2597 3649 2744 3699 docet
2760 3648 2863 3701 Litt.

2152 3714 2180 3785 ξι
2202 3713 2574 3785 ’[ηιιεῑοτὶηιὶῐῄ
2599 3711 2779 3785 NC

2155 3774 2175 3812 ι
2207 3777 2361 3849 Quam
2378 3778 2685 3846 pet-optimus
2710 3776 2866 3825 Oxon.
3013 3837 3023 3846 .
3415 3835 3425 3847 .

2152 3839 2192 3869 ω
2216 3839 2400 3889 Mixtus
2420 3847 2484 3889 Sit
2506 3842 2726 3900 Oportet.
2743 3836 2921 3899 Neque
2947 3848 3077 3886 etum
3101 3849 3226 3899 aqua
3249 3836 3352 3887 sola
3372 3838 3476 3889 Lm.

1635 3938 1872 4000 STEPH.
1917 3941 2187 4001 BALUZII
2227 3940 2450 3999 ΝΟΤιλΕ.

464 4056 673 4126 ()IIerri.
696 4056 879 4114 Codex
908 4056 1341 4115 MOnasteriensis
1372 4058 1520 4114 addit
1545 4068 1637 4113 aut
1659 4070 1706 4113 el
1723 4060 1994 4114 celebrari.

466 4130 525 4185 Si
549 4130 677 4184 desit
697 4130 888 4185 vinum.
922 4130 1101 4188 Codex
1128 4129 1413 4196 Fuxensis,
1471 4130 1570 4183 nisi
1622 4131 1795 4184 uinum
1838 4130 1996 4185 calici

392 4201 681 4258 misceatur.

467 4271 610 4326 X.—
636 4270 849 4327 Gratias
876 4273 992 4343 egit.
1017 4272 1142 4328 Hinc
1159 4283 1243 4329 est
1263 4274 1423 4328 lectio
1436 4272 1673 4326 omnium
1694 4271 1993 4328 editionum

393 4358 513 4413 qua:
540 4343 904 4413 Pamelianam
934 4351 1363 4400 antecesserunt.
1409 4343 1675 4399 Pamelius
1706 4355 1882 4396 autem
1927 4359 1995 4399 ex

394 4410 555 4470 unico
581 4410 771 4498 codice
791 4414 1467 4498 Camberoneiisi_mtttavit
1514 4424 1567 4497 et
1605 4414 1776 4498 edidit
1801 4416 1993 4498 gratias

397 4501 563 4557 agens
583 4486 756 4557 [regit
786 4484 903 4553 Quo
931 4487 1092 4557 etiam
1121 4487 1281 4541 modo
1313 4500 1412 4557 nos
1454 4486 1711 4555 scriptum
1764 4484 1997 4542 vidimus

399 4555 453 4611 in
506 4555 752 4629 Eligiano
776 4557 916 4629 etin
942 4556 1192 4613 Rcmcnsi
1238 4556 1411 4614 sancti
1458 4557 1717 4629 Dionysii.
1755 4557 1828 4611 At
1874 4574 1993 4612 cum

401 4641 605 4699 omnes
642 4626 763 4699 fere,
799 4627 919 4683 libri
962 4630 1131 4685 nostri
1181 4640 1391 4684 veteres
1441 4637 1495 4683 et
1536 4626 1695 4683 etiam
1726 4629 2004 4699 Anglicani

403 4712 435 4769 p
456 4697 1037 4774 rmierant__l_ectionem
1068 4716 1226 4770 quam
1261 4700 1528 4774 Pamelius
1562 4701 1785 4774 reiecit,
1821 4697 2010 4756 existi-

400 4785 452 4823 m
472 4769 689 4827 av'imus
720 4770 862 4824 illam
884 4784 1005 4826 esse
1046 4769 1421 4827 revocandam.
1471 4769 1576 4826 Sed
1604 4769 1717 4827 sive
1752 4771 1874 4839 hoc,
1898 4774 2012 4829 sive

399 4839 516 4894 alio
552 4839 718 4895 modo
739 4841 908 4915 legas,
932 4856 1126 4900 sensus
1148 4852 1229 4913 est
1252 4843 1394 4900 idem
1417 4860 1432 4910 ;
1459 4842 1703 4915 adeoque
1732 4843 2012 4900 retinenda

401 4925 460 4966 er
476 4921 530 4966 at
562 4921 718 4966 vetus
739 4912 918 4967 lectio.

487 4983 653 5059 Aliter
682 4984 966 5059 annuntiet.
998 4984 1056 5041 ln
1077 4985 1266 5043 codice
1280 4985 1634 5056 Seguieriano
1658 4988 1912 5059 scriptum
1931 4994 2015 5043 est

394 5053 842 5109 evanaelizaverit.

394 5195 407 5207 .
470 5123 648 5207 XI.-—.
671 5123 952 5207 Perquam.
986 5126 1061 5207 ita
1092 5128 1212 5207 istic
1234 5134 1290 5185 et
1312 5128 1474 5207 paulo
1504 5137 1623 5207 post
1642 5129 1901 5207 scripturn
1924 5136 2009 5185 est

392 5196 445 5270 in
473 5196 797 5270 octodecim
817 5199 1214 5268 exemplaribus
1236 5201 1436 5256 nostris
1452 5196 1517 5254 et'
1535 5199 1590 5254 in
1631 5215 1723 5255 sex
1750 5196 2002 5270 Anglicao

390 5267 496 5342 nis.
531 5267 649 5337 Quo
677 5270 843 5342 etiam
878 5267 1053 5342 modo
1113 5271 1308 5342 legisse
1334 5267 1998 5342 JoachimumVadianum

388 5338 576 5413 videre
602 5348 707 5413 _est
750 5340 800 5395 iu
832 5339 971 5396 libro
992 5358 1027 5396 tt
1058 5338 1641 5413 Apiforisutorumejus
1669 5341 1737 5397 de
1763 5342 1978 5397 Eucha-

388 5408 560 5464 ristia.
602 5410 927 5481 [tagquoque
971 5408 1168 5468 habent
1216 5413 1477 5469 editiones
1505 5408 1811 5469 Pantcliana
1839 5414 1981 5469 anti-

389 5481 628 5550 quiores.
680 5479 952 5558 Pameiius
1004 5484 1186 5558 itaque
1226 5487 1465 5558 omnium
1540 5486 1743 5558 primus
1807 5486 1983 5558 posuit

388 5567 543 5625 quam
584 5555 913 5625 peroptimus,
964 5555 1114 5612 aiens
1165 5557 1454 5612 verisimile
1505 5555 1625 5612 esse
1680 5555 1821 5613 hanc
1863 5558 1982 5613 esse

389 5624 675 5702 genuinam
705 5624 955 5702 Cypriani
988 5628 1295 5689 lectionem.
1322 5628 1431 5702 Sed
1452 5644 1559 5702 ego
1584 5638 1712 5699 puto
1759 5629 1905 5685 illum
1928 5630 1981 5702 in

389 5693 493 5749 hoc
517 5693 1047 5772 errasse.'Perquant
1098 5702 1298 5757 etenim
1349 5693 1661 5756 adveibium
1704 5709 1791 5759 est
1839 5700 1982 5772 quod

388 5765 665 5839 emphasis
700 5783 861 5834 causa
891 5765 1132 5845 orationi
1168 5772 1322 5841 solet,
1362 5778 1417 5829 et
1440 5786 1545 5842 quo
1581 5785 1711 5834 usus
1750 5765 1985 5843 est'Cy-

2103 4060 2323 4133 prianus
2350 4059 2521 4130 Epist.
2554 4075 2631 4127 ιιι,
2655 4073 2772 4133 pag.
2797 4058 2831 4114 8
2839 4076 2866 4133 ε
2886 4057 3141 4125 Perquam
3159 4059 3289 4114 enim
3306 4076 3459 4133 grave
3477 4065 3694 4133 est,etin

2101 4130 2339 4200 Epistula
2373 4129 2518 4193 aut,
2544 4145 2663 4201 pag.
2696 4131 2799 4186 45:
2827 4129 3080 4202 Perquam
3100 4134 3233 4186 enim
3253 4129 3396 4187 nobis
3410 4129 3695 4190 ctinvidio-

2099 4220 2213 4259 sum
2226 4212 2271 4256 et
2300 4218 2568 4257 onerosum
2595 4202 2809 4267 videtur,
2832 4202 2992 4258 etiam
3021 4202 3072 4257 in
3096 4203 3330 4258 editione
3358 4205 3598 4261 Pamelii.
3632 4208 3697 4262 Et

2100 4283 2158 4328 ut
2173 4275 2415 4343 exempla
2435 4288 2713 4328 sumamus
2735 4274 2804 4329 de
2822 4274 3061 4343 smculari
3088 4274 3406 4333 litteratura.
3426 4275 3616 4330 Cicero
3640 4277 3693 4332 in

2101 4345 2236 4399 libro
2265 4360 2303 4399 tt
2330 4342 2399 4400 de
2426 4344 2641 4399 Oratore
2667 4345 2807 4399 dixit
2838 4360 2850 4397 :
2884 4342 3137 4415 Perquain
3177 4346 3402 4414 optanda
3437 4346 3580 4399 nobis
3604 4363 3695 4400 ca-

2099 4417 2255 4470 rietas
2280 4425 2327 4470 et
2353 4414 2665 4471 incredibilis
2693 4416 2787 4470 illa
2809 4416 2881 4470 vis
2906 4414 3107 4469 dicendi
3123 4415 3422 4470 Carneadis.
3450 4416 3691 4473 Valerius

2102 4485 2390 4553 Maximus,
2419 4487 2511 4543 lib.
2543 4500 2639 4554 Vit,
2666 4501 2767 4557 cap
2785 4487 2853 4541 ιιι
2881 4484 3134 4556 Perquant
3163 4490 3351 4556 optimo
3364 4503 3543 4556 genere
3570 4492 3694 4541 ran-

2108 4559 2232 4613 silii.
2277 4559 2343 4612 Α.
2394 4558 2618 4625 Gellius,
2674 4558 2769 4612 lib.
2816 4557 3096 4625 t,cap.4:
3154 4559 3404 4611 Antonius
3455 4557 3698 4614 Julianus

2110 4629 2283 4685 rhetor
2308 4646 2548 4700 perquam
2581 4630 2678 4699 fuit
2707 4629 2899 4701 Itoneati
2933 4639 3079 4695 atque
3102 4629 3287 4701 (ξηιαβηί
3315 4629 3522 4701 ingenii.
3562 4627 3697 4701 Vide

2114 4701 2276 4756 etiam
2303 4697 2728 4768 Quintilliaimm,
2762 4700 2852 4754 lib.
2879 4714 2991 4765 vttt,
3018 4701 3069 4752 in
3098 4697 3386 4768 Prooemio,
3403 4709 3458 4755 et
3480 4714 3529 4755 c.
3562 4699 3615 4764 5.
3645 4708 3699 4755 et

2115 4772 2188 4827 lib
2213 4788 2293 4836 ts,
2322 4787 2371 4827 c.
2400 4776 2456 4828 1.
2484 4770 2932 4826 liissimulandum
2962 4771 3173 4826 interim
3196 4787 3300 4826 non
3324 4782 3405 4828 est
3431 4780 3585 4827 nsunt
3613 4787 3700 4827 nte

2116 4858 2236 4899 esse
2261 4854 2489 4915 quatuor
2522 4842 2916 4915 exemplaribus
2944 4844 3175 4915 antiquis
3229 4844 3281 4898 in
3313 4844 3527 4915 quibus
3558 4844 3696 4898 seri—

2117 4913 2368 4986 ptumi”
2388 4925 2467 4971 est
2498 4930 2647 4986 quam
2664 4985 2669 4986 γ
2686 4913 3016 4983 peroptimus.
3047 4914 3215 4970 Porro
3240 4913 3379 4986 quod
3401 4916 3476 4970 ait
3504 4914 3695 4968 Pame-

2117 4984 2219 5041 lius
2242 4984 2577 5060 Remittilttim
2603 4984 2765 5038 fuisse
2784 4986 3013 5054 primum
3043 4986 3129 5057 qtti
3144 4984 3428 5060 scripserit
3456 5000 3698 5060 perquam

2116 5060 2359 5131 optimus,
2394 5057 2621 5131 idicerte
2647 5047 2830 5131 verum
2861 5070 2965 5131 non
2994 5047 3096 5131 esi.
3141 5047 3284 5131 Nam'
3306 5073 3367 5131 ea
3401 5047 3567 5113 lectio
3598 5047 3695 5110 lia-

2109 5122 2266 5184 betur
2296 5129 2350 5183 in
2378 5126 2618 5199 editione
2652 5122 2891 5195 Spirensi
2930 5138 2982 5182 et
3012 5129 3063 5183 in
3108 5130 3273 5185 veteri
3315 5128 3541 5196 Veneta,
3578 5142 3696 5199 qua:

2109 5200 2279 5256 multo
2308 5198 2636 5269 antiquiores
2667 5207 2789 5269 sunt
2817 5213 2880 5254 ea
2907 5212 3064 5269 quam
3092 5200 3404 5256 Remboltus
3429 5198 3626 5255 emisit.

2182 5270 2418 5340 Redigat.
2442 5268 2635 5325 Codex
2667 5268 2707 5324 F
2713 5268 2933 5325 uxensis
2954 5278 3008 5324 et
3045 5270 3558 5340 unus-Bodleianus,
3608 5285 3692 5325 re-

2106 5344 2278 5398 ducat.
2307 5336 2458 5399 Unus
2498 5352 2651 5397 meus
2702 5344 2756 5395 et
2805 5336 3260 5409 Monasterieusis,
3312 5342 3379 5396 ad
3412 5336 3694 5415 spiritalem

2084 5428 2312 5471 antorem
2342 5414 2559 5486 redigat.

2159 5486 2380 5557 Sapore.
2442 5482 2661 5541 Diverse
2687 5488 2939 5543 scribitur
2967 5485 3054 5541 hic
3074 5488 3244 5544 locus.
3267 5484 3328 5541 ln
3358 5482 3688 5549 editionibus

2087 5559 2389 5615 Pameliana
2409 5559 2822 5629 antiquioribus,
2843 5561 2895 5615 in
2914 5573 3104 5615 novem
3128 5559 3277 5615 libris
3323 5559 3522 5615 nostris
3540 5564 3690 5611 vete-

2087 5631 2255 5697 ribus,
2281 5631 2334 5684 in
2364 5630 2536 5685 tribus
2564 5630 2890 5699 Anglicanis,
2922 5632 2973 5685 in
3010 5629 3430 5688 Camberouensi
3467 5643 3688 5701 quoque

2089 5716 2247 5775 quem
2308 5701 2487 5775 laudat
2542 5701 2837 5767 Pamelius,
2887 5702 3079 5775 legitur
3124 5719 3326 5774 sapore.
3382 5706 3452 5759 At
3503 5715 3686 5772 sapore

2088 5770 2383 5844 praeierunt
2415 5773 2514 5833 alia
2546 5787 2740 5836 novem
2798 5770 2980 5836 vetera
3027 5770 3357 5846 exemplaria
3405 5770 3588 5837 nostra
3632 5779 3690 5828 et
