4332 6292
578 334 687 398 385

1985 336 2123 397 DIVI
2159 335 2484 396 CYPRIANI

3776 343 3882 400 584

581 459 854 516 communi
881 469 1031 514 mens
1058 453 1284 511 solvitur
1313 461 1368 510 et
1395 452 1572 510 anima
1618 453 1892 510 relaxatur
1919 461 1974 510 et
2003 454 2168 511 tristi-
2199 452 2254 515 Α
2277 453 2501 521 Quando
2524 459 2702 509 autem
2728 453 2779 508 in
2819 451 2985 508 calice
3013 451 3137 508 vino
3185 467 3322 524 aqua
3359 453 3633 525 miscetur,
3665 456 3883 516 Christo

580 553 652 609 tia
681 552 856 609 omnis
897 549 1202 620 exponitur,
1252 547 1347 615 ita,
1372 556 1585 618 epotato
1619 557 1643 584 α
1676 547 1934 618 sanguine
1963 547 2176 602 Domini

581 653 635 701 ct
663 644 852 714 poculo
882 640 1126 708 salutari,
1155 650 1455 710 exponatur
1489 641 1746 696 memoria
1779 641 1978 696 veteris
2007 640 2176 696 homi-

583 737 687 800 nis,
719 744 774 789 et
803 731 896 787 ﬁat
921 732 1118 788 oblivio
1145 733 1572 788 conversationis
1603 733 1839 803 pristina:
1883 733 2174 797 surcularis,

581 836 640 886 et
668 837 916 882 maestum
947 835 1134 897 pectus
1159 840 1224 881 ac
1269 826 1444 893 triste,
1478 825 1618 896 quod
1651 825 1796 896 prius
1825 825 2054 896 peccatis
2083 840 2179 878 an-

582 920 831 994 gentibus
864 918 1228 992 premebatur,
1260 919 1456 975 divinae
1504 918 1848 988 indulgentia:
1878 917 2060 972 laetitia
2096 932 2181 971 re-

582 1013 840 1077 solvatur;
869 1011 1010 1082 quod
1033 1019 1159 1066 tunc
1182 1011 1396 1066 demum
1425 1019 1599 1081 potest
1631 1008 1900 1064 lzctificare
1919 1009 1970 1063 in
1999 1008 2182 1062 Eccle-

582 1104 662 1160 sia
690 1103 898 1158 Domini
942 1103 1236 1171 bibentem,
1269 1102 1313 1157 si
1343 1101 1496 1172 quod‘
1527 1100 1726 1156 bibitur
1753 1101 1820 1132 ¹⁰⁸
1850 1100 2181 1156 Dominicam

582 1202 763 1250 teneat
797 1193 1098 1249 veritatem.

659 1285 777 1344 XII.
817 1284 985 1354 Quam
1014 1301 1142 1342 vero
1193 1301 1506 1358 perversum
1537 1294 1619 1342 est
1667 1301 1934 1357 quamque
1973 1294 2186 1341 contra-

585 1381 723 1437 rium
741 1391 817 1448 ut,
838 1396 957 1436 cum
985 1381 1241 1436 Dominus
1265 1382 1316 1436 in
1345 1382 1543 1450 nuptiis
1571 1380 1641 1436 de
1668 1396 1804 1452 aqua
1827 1381 2006 1436 vinum
2039 1381 2186 1437 fece-

585 1474 658 1530 rit
687 1473 868 1548 (Joan.
889 1489 947 1541 ιι,
974 1472 1052 1544 7),
1085 1489 1184 1528 nos
1226 1473 1292 1528 dc
1317 1473 1442 1527 vino
1466 1489 1654 1544 aquam
1674 1471 2080 1539 faciamus,cum
2103 1489 2187 1529 sa—

585 1575 921 1623 cramentmn
961 1581 1174 1636 quoque
1205 1566 1282 1621 rei
1322 1566 1469 1620 illius
1498 1566 1790 1621 admonere
1839 1575 1894 1622 et
1921 1567 2190 1623 instruere

588 1675 686 1713 nos
725 1658 919 1714 debeat
967 1667 1022 1712 ut
1053 1659 1103 1712 in
1134 1658 1410 1713 sacriﬁciis
1448 1658 1736 1714 Dominicis
1790 1659 1972 1714 vinum
2014 1661 2190 1730 potius

587 1751 896 1808 offeramus.
930 1749 1085 1818 Nam,
1112 1756 1234 1823 quia
1283 1751 1421 1822 apud
1469 1751 1684 1808 .ludaeos
1729 1751 1997 1808 defecerat
2022 1756 2190 1824 gratia

590 1842 867 1913 spiritalis,
913 1841 1106 1897 defecit
1152 1853 1206 1898 et
1233 1843 1411 1898 vinum
1439 1861 1450 1896 :
1481 1843 1634 1898 vinea
1678 1843 1820 1898 enim
1851 1843 2060 1898 Domini
2105 1859 2191 1899 sa-

589 1936 752 1991 baoth
781 1936 972 1991 domus
999 1946 1115 1991 erat
1163 1936 1322 1992 Israél
1354 1935 1492 2009 (lsa.
1523 1953 1576 2004 v,
1607 1935 1684 2008 7).
1715 1936 1959 1992 Christus
1984 1947 2186 2005 autem,

590 2028 791 2084 docens
823 2037 879 2084 et
920 2027 1210 2084 ostendens
1237 2030 1474 2100 gentimn
1508 2029 1758 2098 populant
1797 2029 2105 2096 succedere,
2138 2040 2192 2084 et

593 2120 645 2175 in
668 2121 841 2175 locum
899 2135 1056 2188 quem
1097 2119 1270 2176 Judaei
1321 2119 1663 2191 perdiderant
1709 2135 1805 2176 nos
1849 2121 2190 2192 postmodum

590 2212 784 2269 merito
812 2211 932 2267 fidei
957 2212 1258 2282 pervenire,
1289 2213 1356 2268 de
1384 2228 1522 2282 aqua
1553 2213 1734 2268 vinum
1767 2212 1911 2281 fecit,
1951 2212 2004 2268 id
2056 2226 2140 2269 εει
2172 2257 2188 2282 ,

590 2305 736 2376 quod
763 2307 827 2360 ad
855 2307 1071 2376 nuptias
1095 2303 1291 2361 Christi
1321 2316 1376 2362 et
1404 2306 1897 2373 EcclesizeJudceis
1925 2309 2188 2364 cessanti-

593 2399 717 2465 bus,
751 2399 899 2470 plebs
923 2399 1091 2470 magis
1119 2399 1356 2470 gentium
1383 2401 1679 2455 conflueret
1703 2407 1758 2455 et
1774 2401 2084 2456 conveniret
2103 2414 2189 2455 os-

598 2491 788 2548 tendit.
831 2493 1012 2558 Aquas
1054 2506 1283 2561 namque
1305 2492 1534 2562 populos
1585 2492 1882 2563 signiﬁcare
1909 2493 1936 2530 ι)
1964 2492 2190 2562 ἰιιΑρο-

594 2585 796 2657 calypsi
826 2584 1099 2655 Scriptura
1126 2584 1304 2639 divina
1338 2584 1576 2640 declarat
1620 2584 1804 2640 dicens
1831 2603 1843 2638 :
1872 2585 2031 2655 Aqua:
2064 2602 2191 2654 quas

593 2679 785 2746 vidisti,
814 2695 965 2748 super
992 2695 1116 2748 quas
1143 2679 1280 2733 sedet
1306 2678 1542 2732 meretrix
1561 2678 1673 2742 illa,
1700 2678 1940 2748 populi'et
1968 2679 2128 2734 turba:
2147 2687 2193 2733 et

595 2780 766 2844 gentes
782 2771 1095 2826 ethnicorum
1121 2779 1294 2826 suntet
1317 2771 1505 2840 lingua:
1523 2769 1702 2840 (Apoc.
1733 2787 1862 2836 xvii,
1910 2770 2019 2843 15).
2039 2771 2191 2838 Quod

595 2865 800 2923 scilicet
822 2864 1174 2937 perspicimus
1195 2873 1249 2920 et
1271 2863 1323 2918 in
1346 2873 1682 2919 sacramento
1700 2864 1882 2920 calicis
1903 2865 2186 2921 contineri.

667 2960 806 3018 XIII.
848 2961 1004 3027 Nam,
1026 2964 1149 3034 quia
1182 2976 1278 3018 nos
1316 2979 1506 3022 omnes
1535 2963 1781 3030 portabat
1806 2961 2068 3028 Chrisuts,
2103 2959 2193 3030 qui

594 3061 651 3110 et
677 3064 888 3124 peccata
914 3064 1092 3110 nostra
1123 3056 1388 3126 portabat,
1419 3058 1664 3114 videmus
1690 3059 1741 3113 in
1766 3074 1900 3130 aqua
1939 3060 2191 3130 p0pulum

597 3144 855 3218 intelligi,
891 3148 943 3202 in
972 3149 1098 3204 vino
1149 3165 1277 3205 vero
1303 3151 1511 3207 ostendi
1556 3161 1576 3189 ε
1629 3152 1942 3222 sanguinem
1969 3151 2187 3209 Christi.

2282 546 2508 617 pOpulus
2561 545 2844 610 adunatur,
2897 552 2948 600 ct
2975 543 3310 600 credentium
3342 545 3495 616 plebs
3520 549 3570 603 ei
3623 548 3674 602 in
3717 564 3879 620 quem

2280 637 2532 694 credidit‘
2559 637 2839 707 copulatur
2865 645 2920 692 ct
2960 637 3319 709 conjungitur.
3350 639 3480 707 Qua:
3525 642 3796 712 copulatio
3821 654 3878 702 et

2280 731 2586 801 conjunctio
2612 745 2764 800 aqua:
2789 738 2843 784 et
2870 730 2974 784 vini
3004 731 3082 786 sic
3109 731 3363 786 miscetur
3389 731 3441 786 in
3470 731 3636 790 calice
3667 735 3878 794 Domini

2281 833 2342 880 ut
2359 823 2668 880 commixtio
2687 822 2776 878 illa
2801 838 2913 896 non_
2923 823 3086 892 possit
3109 823 3178 878 ab
3199 823 3424 880 invicem
3442 828 3698 896 separari.
3723 828 3879 887 Unde

2283 926 2337 973 et
2362 915 2680 982 Ecelesiam,
2713 915 2763 970 id
2803 891 3122 986 est.plebem
3151 916 3202 970 in
3229 915 3471 973 Ecclesia
3504 891 3876 998 constitutam,

2284 1008 2514 1064 fideliter
2530 1017 2584 1063 et
2607 1008 2829 1063 firmiter
2843 1006 2896 1062 in
2914 1022 2979 1063 eo
3000 1007 3141 1079 quod
3166 1007 3396 1064 credidit
3419 1024 3878 1083 perseverantem,

2287 1100 2430 1156 nulla
2457 1115 2544 1156 res
2571 1115 2820 1170 separare
2861 1102 3056 1172 poterit
3109 1117 3138 1155 a
3167 1101 3382 1156 Christo
3433 1107 3720 1174 quominus
3766 1106 3881 1162 hrc-

2288 1205 2402 1252 reat
2427 1209 2639 1264 semper
2655 1202 2708 1249 ct
2728 1202 2940 1249 maneat
2961 1193 3232 1249 individua
3251 1193 3486 1250 dilectio.
3511 1196 3600 1252 Sic
3633 1208 3812 1254 autem
3830 1201 3882 1254 in

2288 1287 2671 1344 sanctihcando
2707 1286 2873 1343 calice
2902 1283 2929 1323 (1
2975 1287 3182 1342 Domini
3226 1287 3406 1344 offerri
3437 1303 3572 1360 aqua
3621 1291 3735 1345 sola
3777 1307 3885 1347 non

2290 1389 2486 1452 potest,
2509 1378 2893 1450 quomodonec
2917 1377 3097 1433 vinum
3128 1379 3300 1433 solum
3328 1389 3524 1447 potest.
3553 1379 3709 1450 Nam,
3735 1383 3781 1437 si
3807 1383 3889 1438 vi-

2291 1488 2417 1528 num
2448 1482 2651 1526 tantum
2690 1471 2811 1542 quis
2841 1469 3051 1536 offerat,
3085 1471 3299 1540 sanguis
3326 1470 3524 1526 Christi
3557 1473 3744 1544 incipit
3767 1489 3888 1532 esse

2294 1567 2407 1622 sine
2434 1565 2586 1620 nobis
2615 1583 2628 1620 :
2655 1566 2699 1620 si
2756 1579 2885 1620 vero
2911 1580 3048 1635 aqua
3099 1564 3168 1620 sit
3197 1565 3333 1631 sola,
3374 1567 3528 1636 plebs
3558 1567 3741 1638 incipit
3770 1585 3889 1626 esse

2294 1660 2411 1714 sine
2435 1659 2671 1713 Christo.
2702 1657 2928 1724 Quando
2976 1667 3155 1712 autem
3204 1665 3490 1728 utrumque
3539 1659 3791 1716 miscetur
3836 1669 3893 1717 et

2295 1753 2618 1808 adunatione
2661 1750 2885 1807 confusa
2916 1751 3016 1806 sibi
3049 1750 3276 1805 invicem
3319 1750 3621 1820 copulatur,
3651 1760 3774 1808 tunc
3807 1768 3891 1808 sa-

2295 1852 2627 1899 cramentum
2669 1843 2907 1914 spiritale
2949 1851 3004 1898 et
3047 1841 3268 1898 caeleste
3313 1841 3604 1912 perﬁcitur.
3644 1843 3734 1899 Sic
3762 1860 3892 1901 vero

2297 1938 2435 1992 calix
2463 1937 2668 1992 Domini
2704 1953 2808 1992 non
2840 1946 2921 1992 est
2950 1951 3085 2007 aqua
3113 1937 3224 1991 sola
3246 1936 3529 1990 autviuum
3561 1937 3757 2005 solum,
3788 1938 3890 1993 nisi

2297 2039 2580 2102 utrumque
2615 2030 2718 2086 sibi
2767 2030 3074 2093 misceatur,
3108 2028 3378 2100 quomodo
3426 2045 3522 2084 nec
3548 2044 3744 2100 corpus
3787 2031 3891 2085 Do-

2295 2126 2424 2180 mini
2450 2133 2622 2195 potest
2646 2138 2765 2180 esse
2792 2123 2961 2178 farina
2989 2122 3102 2178 sola
3127 2130 3218 2177 aut
3235 2136 3369 2192 aqua
3393 2121 3527 2188 sola,
3560 2121 3658 2177 nisi
3684 2131 3891 2178 utrum-

2295 2232 2398 2288 que
2430 2216 2721 2272 adunatnm
2745 2215 2902 2272 fuerit
2921 2225 2975 2272 et
2998 2215 3302 2286 copulatum
3317 2224 3370 2270 et
3393 2215 3544 2285 panis
3564 2216 3719 2271 unius
3743 2230 3891 2271 cont-

2299 2325 2430 2382 page
2476 2311 2787 2366 solidatum.
2846 2310 2963 2379 Quo
3006 2321 3059 2366 et
3116 2309 3232 2380 ipso
3282 2318 3620 2366 sacramento
3664 2310 3892 2381 populus

2297 2412 2478 2457 noster
2521 2401 2820 2457 ostenditur
2839 2402 3126 2468 adunatus;
3155 2410 3230 2466 ut,
3261 2401 3710 2472 quemadmodum
3726 2417 3894 2472 grana

2295 2496 2460 2550 multa
2495 2495 2544 2550 in
2575 2511 2736 2549 unum
2787 2495 3014 2551 collecta
3059 2504 3114 2550 et
3163 2495 3471 2550 commolita
3497 2503 3552 2551 et
3604 2495 3892 2550 commixta

2295 2603 2485 2658 panem
2519 2603 2680 2642 unum
2711 2587 2928 2654 faciunt,
2959 2589 3036 2642 sic
3089 2587 3143 2642 in
3187 2586 3423 2653 Christo,
3484 2587 3572 2657 qui
3618 2596 3701 2642 est
3741 2588 3894 2656 panis

2296 2681 2552 2746 cmicstis,
2580 2696 2742 2734 unum
2789 2681 3022 2736 sciamus
3068 2695 3187 2736 esse
3211 2695 3432 2751 corpus,
3461 2679 3547 2736 cui
3581 2662 3896 2751 conju‘nctus

2296 2775 2365 2829 sit
2393 2783 2574 2828 noster
2598 2789 2850 2829 numerus
2875 2783 2930 2828 et
2952 2773 3234 2829 adunatus.

2369 2867 2508 2923 XlV.
2551 2866 2668 2922 Non
2699 2877 2956 2938 estergo,
2982 2866 3147 2922 frater
3166 2866 3506 2932 charissime,
3539 2866 3679 2936 quod
3707 2866 3897 2936 aliquis

2298 2961 2908 3033 existimetscquendam
2923 2976 3042 3017 esse
3055 2960 3408 3032 quorumdam
3433 2961 3893 3036 consuetudinem,

2298 3059 2343 3116 si
2377 3058 2465 3128 qui
2494 3057 2544 3111 in
2577 3036 2904 3126 prietcritum
2932 3054 2983 3108 in
3015 3054 3182 3109 calice
3205 3053 3484 3109 Dominico
3505 3069 3698 3124 aquam
3725 3055 3898 3109 solam

2299 3149 2629 3208 offerendam
2683 3155 3020 3218 putaverunt.
3063 3144 3423 3222 Quaerendum
3474 3153 3558 3200 est
3602 3145 3744 3201 enim
3797 3144 3898 3216 ipsi

1802 3265 1931 3320 LEC
1945 3265 2190 3323 TIONES
2228 3264 2643 3324 VARIANTES.

666 3352 773 3423 1ἕΕὶ
808 3357 971 3423 potato
990 3353 1518 3423 Ltnn.__1::bo[._Iitpoto
1543 3357 1662 3405 Ver.
1681 3356 1866 3407 Bencd.
1895 3358 2077 3409 Potaus
2096 3357 2200 3410 Lin.
2229 3359 2274 3423 C

598 3412 754 3478 Potus
778 3412 1069 3478 sanguinem
1105 3417 1210 3466 NC.
1235 3417 1283 3465 2.
1309 3412 1464 3467 Eooto
1485 3418 1642 3470 Oxon.

669 3473 698 3514 ι»
724 3473 941 3541 Αςιυιεῖ..
987 3478 1258 3539 Significari
1277 3480 1384 3530 .Ivc.
1409 3479 1458 3528 2.

2371 3361 2396 3420 9
2431 3353 2856 3420 Οεῑειιιϋῐᾼῌίριιι]ἶ

2374 3419 2402 3458 ιι
2426 3418 2636 3470 Calicem
2657 3415 2760 3468 Lin'.
2780 3416 2888 3468 ΝΟ.
2916 3416 2962 3477 1,
2983 3415 3033 3464 2.

1821 3565 2064 3622 STEPII.
2110 3566 2385 3626 BALUZII
2423 3567 2647 3624 NOTAE.

601 3657 708 3712 duo
735 3657 944 3712 laudata
968 3672 996 3710 a
1021 3656 1281 3712 Patnclio.
1315 3657 1618 3712 Dubitatum
1649 3667 1828 3713 autem
1860 3659 2022 3715 fuisse
2064 3661 2192 3715 olim

601 3745 830 3800 quonam
876 3729 1034 3784 modo
1081 3729 1422 3785 scribendum
1455 3738 1609 3800 esset
1649 3730 1823 3800 colligi
1874 3732 2085 3786 videtur
2129 3749 2194 3787 ex

601 3799 709 3856 uno
741 3801 874 3857 libro
897 3815 1018 3856 meo
1039 3813 1242 3863 vetere,
1282 3802 1334 3854 in
1363 3815 1468 3869 quo
1511 3799 1793 3868 scriptum’
1813 3812 1894 3856 est
1938 3819 2117 3867 sopore
2144 3812 2198 3856 et

602 3887 760 3940 supra
810 3872 1004 3928 lineam
1052 3876 1132 3927 vel
1152 3888 1353 3940 sapore.
1405 3870 1648 3926 Prmtulit
1695 3881 1871 3928 autem
1927 3873 2196 3928 Pamelius

603 3959 784 4006 sapore
810 3959 874 3996 ex
904 3945 1210 4008 conjectura
1235 3945 1359 3998 olim
1384 3958 1497 4007 sua,
1523 3958 1677 4011 quam
1704 3945 1916 4012 gavisus
1939 3954 2019 3999 est
2050 3946 2197 4000 inve-

607 4016 856 4087 nissese
888 4015 1256 4087 ctinIirmatam
1314 4015 1633 4068 auctoritate
1684 4014 1926 4069 codicum
1976 4016 2197 4087 Afﬂigeo

604 4083 810 4138 mensis
837 4093 887 4136 et
919 4085 1272 4140 Coloniensis.

680 4151 999 4226 Dominicam
1083 4165 1243 4209 teneat
1318 4159 1594 4209 veritatem.
1665 4155 1846 4211 Codex
1902 4155 2199 4226 Fuxensis,

606 4222 877 4278 Dominicu
905 4235 1069 4280 mente
1098 4235 1258 4280 teneat
1289 4228 1560 4280 veritatem.

682 4295 792 4350 XII.
820 4326 890 4336 —
919 4297 1072 4366 Apud
1111 4296 1338 4352 Judwos.
1397 4297 1498 4350 Ista
1549 4313 1668 4365 qum
1713 4298 1891 4352 statim
1913 4309 2207 4367 sequuntur

609 4383 779 4436 usque
805 4367 871 4421 ad
899 4369 961 4419 de
997 4386 1128 4438 aqua
1156 4369 1326 4421 vinum
1353 4367 1545 4423 desunt
1563 4369 1614 4422 iu
1640 4369 1773 4423 libro
1800 4369 2054 4424 Beccensi
2078 4382 2131 4425 et
2152 4373 2204 4426 in

607 4455 792 4492 eorum
819 4438 936 4492 loco
955 4440 1052 4492 ista
1075 4440 1244 4507 posita
1268 4449 1412 4494 sunt.
1435 4439 1570 4492 Nam
1591 4456 1704 4508 qua:
1723 4441 1860 4510 apud
1883 4438 2094 4494 Judwos
2123 4443 2204 4510 of-

607 4511 900 4582 ferebantur
929 4511 1242 4580 Spiritualem
1293 4511 1598 4564 intellectum
1637 4511 2015 4582 signiﬁcabant.
2071 4513 2200 4580 Qum

605 4579 780 4634 Judaei
805 4582 855 4634 in
884 4579 1032 4634 veteri
1063 4591 1354 4636 testamento
1375 4579 1862 4647 o/ferebtmt,omnia
1892 4599 2024 4636 nunc
2057 4579 2200 4636 com-

2298 3663 2592 3717 commixtio
2630 3662 2722 3715 illa
2761 3677 2862 3714 non
2896 3659 2958 3712 ub
2985 3659 3196 3713 invicem
3241 3668 3500 3724 separetur
3545 3667 3592 3711 et
3621 3658 3790 3713 unitas
3817 3659 3899 3711 in-

2301 3736 2561 3804 telligatur
2587 3733 2848 3795 Ecclesite,
2867 3731 2920 3784 id
2940 3741 3011 3784 est
3041 3729 3198 3804 plebis
3221 3731 3273 3783 in
3292 3728 3522 3804 Ecclesia
3549 3729 3903 3804 constituta,isi

2300 3800 2520 3874 ﬁdeliter
2548 3815 2590 3857 et
2635 3803 2851 3872 ﬁrmiter
2887 3804 2940 3855 in
2973 3818 3030 3856 eo
3059 3801 3195 3872 quod
3239 3800 3451 3854 credidit
3490 3803 3897 3874 perseveraverit,

2299 3870 2451 3946 quam
2494 3870 2641 3929 nulla
2670 3891 2749 3928 res
2791 3890 3030 3943 separare
3073 3870 3370 3946 'potcritAut
3421 3888 3510 3946 nec
3554 3887 3624 3946 ea:
3659 3887 3717 3925 eo
3765 3870 3901 3942 quod

2303 3942 2471 4001 minus
2501 3958 2609 4000 erat
2640 3962 2838 4008 semper
2867 3956 3066 3998 maneat
3107 3944 3366 3997 individua
3396 3942 3678 3996 dilectione.

2383 4019 2660 4072 lndividua
2681 4017 2906 4071 dilectio.
2931 4017 3080 4070 Hanc
3101 4017 3400 4077 lectionem,
3421 4029 3538 4083 qua:
3567 4022 3649 4066 cst
3676 4012 3899 4078 Optima,

2311 4092 2483 4157 reperi
2519 4091 2568 4144 in
2592 4089 2998 4158 quatuordecim
3029 4087 3180 4141 libris
3204 4085 3474 4140 veteribus
3495 4083 3638 4158 etin
3668 4083 3903 4158 editione

2311 4155 2556 4224 Patnelii,
2583 4155 2669 4228 q'ni
2705 4160 2907 4227 primus
2949 4160 3089 4212 illam
3117 4159 3356 4228 protulit.
3388 4158 3456 4228 At
3483 4155 3750 4228 editiones
3789 4155 3903 4228 Ma-

2313 4233 2444 4285 nutii
2473 4245 2524 4286 ct
2550 4225 2769 4286 illorellii
2800 4243 2852 4284 et
2875 4230 3043 4284 eotlex
3072 4225 3356 4282 Beccensis
3410 4226 3608 4280 habent
3640 4225 3904 4278 individua

2313 4304 2598 4357 dilectione.
2635 4303 2853 4355 Veteres
2880 4302 3145 4354 editiones
3176 4308 3229 4352 et
3253 4309 3477 4366 quatuor
3506 4297 3624 4351 libri
3658 4307 3899 4359 veteres,

2311 4377 2364 4427 in
2411 4375 2582 4428 divina
2613 4373 2900 4426 dilectione.
2939 4373 3006 4425 Ea
3038 4371 3194 4424 lectio
3241 4369 3428 4422 melior
3473 4377 3554 4422 est
3601 4383 3760 4436 quam
3806 4382 3905 4436 ego

2314 4447 2530 4498 retinui.
2563 4446 2692 4498 Nam
2716 4456 2768 4497 et
2810 4445 2859 4495 in
2888 4442 3120 4510 Epismla
3155 4456 3280 4506 t.vu,
3315 4455 3431 4510 pag.
3466 4439 3534 4495 96
3570 4460 3582 4494 :
3617 4437 3905 4492 Perseverct

2306 4518 2444 4584 apud
2475 4516 2746 4569 Dominum
2769 4523 2942 4567 nostra
2969 4513 3190 4584 dilectio.

2384 4586 2520 4640 Nam
2545 4590 2589 4642 si
2621 4589 2808 4641 vinum.
2839 4585 2974 4638 Puto
3006 4582 3346 4637 Paschasium
3391 4582 3740 4642 Ratlhertum.
3783 4595 3903 4634 cum

609 4651 744 4727 pleta
774 4655 1062 4727 suntLquia
1103 4655 1186 4727 lea:
1210 4664 1346 4706 vetus
1370 4653 1552 4727 umbra
1581 4653 1696 4727 fuit.
1731 4652 2064 4727 Postmodum
2092 4655 2198 4708 Do-
2225 4650 2278 4709 D
2306 4674 2372 4714 eo
2395 4659 2513 4714 loco
2549 4670 2810 4718 uteretur,
2840 4655 3094 4727 Cypriani
3123 4656 3298 4727 verba
3326 4665 3578 4727 νιιιιιιίιδξε
3627 4652 3807 4727 utilla
3833 4653 3907 4704 fa-

609 4718 775 4775 ntinus
800 4726 850 4776 in
884 4718 1084 4777 Novum
1107 4718 1478 4778 Testamentum
1523 4718 1587 4777 in
1617 4722 1758 4779 Cana
1790 4723 2002 4779 Galilea.’
2027 4742 2198 4780 coram

607 4791 806 4864 Juda’is
832 4793 895 4847 de
922 4811 1072 4864 aqua,
1098 4803 1203 4850 etc.
1901 4832 1908 4839 -

685 4863 749 4917 Et
779 4863 1087 4937 tu_rbre.rlsta
1123 4882 1225 4919 non
1275 4865 1537 4922 habentur
1561 4866 1612 4920 in
1640 4866 1813 4935 capite
1843 4880 1948 4920 xvtt
1991 4868 2201 4937 Apoca-

608 4934 795 5006 lypsis.
826 4935 992 4989 Porro
1047 4953 1140 5006 pro
1195 4947 1241 4990 et
1286 4937 1445 4991 turba:
1489 4938 1658 4993 codex
1700 4934 1984 4993 Remensis
2029 4934 2199 4994 sancti

610 5005 844 5074 Dionysii
870 5006 1028 5061 habet
1049 5005 1093 5060 et
1115 5008 1294 5062 tribus.

683 5075 899 5150 Xllil.—
913 5076 1151 5150 Videmus
1181 5081 1231 5132 in
1261 5095 1414 5146 aqua.
1450 5079 1574 5135 Ha'c
1595 5079 1774 5136 verba.
1798 5096 1914 5150 qua)
1932 5090 2080 5135 certo
2095 5097 2198 5136 non

609 5159 732 5218 sunt
763 5149 884 5204 Julii
917 5148 1092 5218 Papae,
1117 5165 1181 5203 ex
1205 5150 1344 5203 Julio
1373 5161 1548 5205 tamen
1579 5152 1743 5206 refert
1768 5148 2036 5218 Eugenius
2061 5151 2127 5206 IV
2149 5153 2202 5207 in

611 5217 936 5294 Confessione
951 5217 1109 5294 missa
1133 5221 1201 5273 ad
1231 5223 1474 5294 Arme_nos
1485 5223 1631 5294 apud
1652 5217 1945 5294 Odoricutu
1965 5222 2202 5294 Baynal-

607 5287 735 5344 dum
763 5304 849 5343 an.
878 5291 1038 5354 M59.
1072 5289 1099 5361 §
1135 5294 1217 5348 l5.
1253 5293 1318 5344 At
1368 5287 1701 5362 Regiumlib.
1729 5308 1766 5357 l,
1796 5307 1917 5362 cap.
1959 5287 2205 5360 66,'citat

611 5376 679 5417 ex
713 5362 940 5416 concilio
959 5362 1369 5422 Wortnaciensi.
1397 5377 1496 5432 cap
1521 5363 1705 5428 29,nhi
1730 5374 1905 5418 exstat
1929 5365 1980 5418 in
1999 5379 2204 5420 canone

610 5443 803 5500 quarto
826 5433 875 5486 in
905 5433 1226 5489 cditiouibus
1257 5434 1627 5490 conciliorum.
1657 5433 1787 5490 Vide
1821 5445 1973 5491 notas
2002 5435 2068 5491 ad
2098 5435 2205 5491 Rc-

611 5504 884 5574 ginonem,
919 5520 1037 5573 pag.
1070 5504 1196 5561 5:50.

683 5573 1005 5629 Credentium
1057 5575 1216 5644 plebs.
1259 5575 1442 5632 Codex
1499 5579 1831 5642 veronensis,
1897 5579 2205 5634 credentium

611 5645 753 5729 plebi.
766 5647 1006 5729 sanguini
1036 5649 1146 5719 ejus
1175 5648 1226 5701 in
1259 5664 1407 5718 quem
1445 5649 1657 5704 credidit
1696 5648 1967 5720 capulatur
2007 5659 2054 5704 et
2081 5668 2204 5705 con-

611 5727 858 5784 iungitur.

690 5785 754 5840 Ut
781 5788 1091 5845 commixtio.
1121 5789 1176 5845 lu
1207 5789 1394 5848 codice
1425 5791 1675 5851 Bccceusi
1708 5791 1969 5862 scriptum
2005 5801 2105 5862 est,
2150 5801 2205 5848 ut

2306 4739 2452 4784 ceret
2478 4746 2593 4784 sua.
2624 4730 2712 4784 Sic
2739 4720 3092 4796 enim'posuit
3120 4726 3393 4796 inucapite
3420 4742 3470 4778 xu
3525 4723 3742 4796 libride
3768 4720 3904 4775 Cor-

2308 4816 2439 4870 pore
2469 4810 2523 4854 ct
2552 4799 2821 4870 Sanguine
2854 4794 3075 4870 Domini
3113 4794 3300 4870 :VNam
3321 4798 3365 4850 si
3407 4798 3579 4870 uinum
3603 4795 3906 4870 sinenaqun

2305 4864 2570 4937 ὸΙῙεγίιιιιν,
2605 4864 2813 4942 sanguis
2835 4868 3029 4942 Christi
3050 4869 3225 4942 incipit
3251 4883 3359 4921 esse
3382 4869 3489 4920 sine
3524 4864 3904 4942 n_obis.__._8'i_nu-

2307 4935 2565 5011 lentaqua
2592 4935 2722 5006 sola:
2771 4943 2884 5012 jam
2930 4939 3068 5010 plebs
3120 4935 3316 4993 videtur
3366 4955 3472 4992 esse
3500 4939 3632 5012 sine
3682 4935 3902 4988 Christo.

2309 5007 2529 5080 Quando
2553 5025 2721 5066 autent
2743 5007 3008 5077 utrumque
3034 5012 3271 5065 miscetur
3298 5020 3345 5063 et
3391 5007 3736 5078 coniungitur,
3787 5015 3906 5075 tunc

2304 5094 2435 5138 recte
2464 5085 2751 5154 mysterium
2786 5082 3029 5136 Ecclesia:
3057 5083 3354 5154 spiritaliter
3381 5080 3658 5154 perﬁcitur.

2378 5148 2585 5210 Caeleste
2616 5155 2894 5227 per/icitur.
2925 5148 3147 5227 Reliqua
3180 5153 3330 5208 istius
3369 5148 3608 5221 epistolae
3636 5148 3904 5217 descripta

2307 5243 2412 5282 non
2442 5237 2566 5282 sunt
2595 5226 2645 5281 in
2671 5227 2809 5281 libro
2837 5226 3114 5281 Beccensi.

2379 5320 2786 5386 Sanctiﬁcundo.
2820 5319 2931 5372 Duo
2963 5317 3084 5371 libri
3114 5316 3283 5371 nostri
3313 5323 3525 5371 veteres
3574 5322 3630 5370 et
3653 5313 3762 5369 duo
3799 5313 3906 5366 An-

2306 5391 2502 5463 glicani
2538 5392 2826 5460 praeferunt
2846 5389 3210 5459 sacriﬁcando.

2383 5483 2556 5539 Grana
2598 5485 2775 5538 multa.
2821 5481 2982 5547 Infra,
3020 5482 3189 5552 Epist.
3221 5469 3398 5545 ux'vr,
3435 5493 3553 5548 pag.
3585 5476 3690 5552 155
3721 5494 3732 5530 :
3766 5473 3906 5552 Nam

2309 5557 2512 5626 quando
2533 5554 2782 5610 Dominus
2807 5571 2992 5622 corpus
3019 5549 3166 5607 suum
3202 5567 3383 5621 panem
3413 5559 3558 5605 vocat
3610 5549 3674 5602 de
3719 5549 3904 5601 multo-

2308 5645 2420 5682 rum
2447 5644 2723 5698 granorum
2755 5626 3070 5680 adunatione
3099 5634 3413 5694 congestum.

2382 5719 2451 5774 Et
2473 5719 2781 5773 commolita.
2800 5717 2925 5772 Haec
2941 5717 3138 5774 desunt
3159 5733 3210 5773 ιιι
3225 5714 3494 5785 cxcerptis
3513 5711 3680 5778 Flori,
3697 5717 3908 5768 exstant

2312 5801 2490 5850 tamen
2513 5791 2567 5849 in
2597 5789 2783 5853 codice
2806 5789 3178 5862 Seguicriano.
