4332 6292
384 317 506 380 .585

1772 316 2100 376 EPISTOLA
2141 319 2321 379 LXIII.

3600 325 3710 387 386

393 447 559 506 quem
589 432 697 489 sint
740 431 930 490 secuti.
965 429 1120 500 Nam,
1149 429 1194 488 si
1225 431 1276 486 in
1305 431 1574 488 sacriﬁcio
1591 431 1733 504 quod
1761 431 2006 488 Christus
2031 437 2082 498 Α
2110 443 2165 490 et
2194 435 2295 490 hoc
2341 434 2456 490 ﬁeri
2487 433 2539 490 in
2588 435 2670 491 sui
2721 435 3294 494 commemorationem
3348 435 3367 476 ί
3426 441 3704 510 praecepit,

395 528 610 592 obtulit,
659 542 763 582 non
794 525 894 582 nisi
942 525 1195 581 Christus
1222 525 1528 596 sequendus
1557 536 1639 580 est
1674 567 1688 590 ,
1731 527 1911 594 utique
1950 525 2000 580 id

396 635 496 676 nos
521 618 781 675 obaudire
807 626 860 673 et
896 616 1075 673 facere
1104 627 1318 688 Oportet
1351 617 1495 689 quod
1522 617 1769 674 Christus
1797 619 1918 674 fecit
1947 629 2003 674 et

393 711 539 782 quod
567 708 870 765 faciendum
897 723 1017 764 esse
1043 709 1335 776 mandavit,
1376 710 1588 780 quando
1619 712 1729 782 ipse
1753 712 1804 766 in
1828 712 2003 766 Evan-

394 801 811 876 geliodicat:Si
838 803 1058 874 feceritis
1095 803 1232 873 quod
1282 804 1470 858 mando
1518 805 1694 871 vobis,
1739 806 1853 877 jam
1902 823 2001 860 non

395 896 508 951 dico
539 905 565 932 ⁸
589 912 675 951 vos
699 911 888 959 servos,
916 895 1005 950 sed
1025 896 1216 972 amicos
1235 895 1416 968 (Joan.
1440 913 1530 965 xv,
1549 899 1637 964 14,
1656 898 1764 971 15).
1784 897 2002 969 thnod

394 990 640 1047 Christus
691 989 888 1046 debeat
928 990 1076 1045 solus
1124 990 1321 1056 audiri,
1375 991 1534 1047 Pater
1563 993 1724 1048 etiam
1749 992 1818 1048 de
1863 991 2002 1048 calo

392 1091 724 1140 contestatur
749 1081 966 1138 dicens:
995 1081 1109 1157 Hic.
1123 1093 1198 1137 est
1220 1082 1360 1152 filius
1390 1100 1533 1138 meus
1577 1085 1931 1140 dilectissimus
1972 1083 2000 1123 ι)

393 1177 447 1231 in
473 1193 572 1248 quo
595 1177 714 1230 bene
735 1181 890 1242 sensi,
917 1175 1086 1246 ipsum
1111 1175 1509 1248 audite(Matth.
1533 1193 1668 1244 xvii,
1693 1176 1770 1247 5).
1800 1177 1998 1245 Quare,

394 1271 437 1325 si
461 1269 607 1326 solus
622 1268 866 1324 Christus
878 1267 1177 1324 audiendus
1191 1278 1300 1336 “est,
1320 1284 1426 1324 non
1449 1269 1706 1326 debemus
1723 1269 2002 1325 attendere

394 1363 519 1434 quid
537 1361 672 1417 alius
699 1369 822 1416 ante
844 1377 943 1416 nos
971 1360 1273 1417 faciendum
1295 1375 1417 1417 esse
1439 1363 1725 1432 putaverit,
1755 1362 1848 1417 sed
1874 1361 1999 1432 quid

395 1455 484 1525 qui
509 1463 635 1510 ante
661 1468 852 1510 omnes
869 1461 953 1508 est
976 1452 1227 1508 Christus
1250 1453 1395 1522 prior
1417 1452 1623 1509 fecerit.
1649 1453 1835 1524 Neque
1856 1454 1999 1509 enim

395 1544 628 1602 hominis
653 1543 1100 1601 consuetudinem
1131 1546 1282 1615 sequi
1323 1555 1553 1616 oportet,
1573 1547 1664 1601 sed
1694 1546 1784 1600 Dei
1809 1546 2003 1602 verita-

397 1648 525 1707 tem,
558 1654 681 1694 cum
738 1654 833 1707 per
861 1638 1078 1693 Esaiam
1108 1637 1422 1708 prophetam
1463 1639 1604 1694 Deus
1645 1639 1895 1710 loquatur
1949 1647 2003 1693 et

396 1733 573 1788 dicat:
607 1732 732 1788 Sine
755 1748 909 1786 causa
937 1742 1105 1786 autem
1125 1733 1294 1786 colunt
1322 1749 1421 1799 me,
1453 1732 1692 1786 mandata
1735 1743 1780 1786 et
1809 1732 1999 1787 doctri-

397 1842 492 1879 nas
518 1825 777 1878 hominum
807 1823 1040 1878 docentes
1083 1821 1218 1896 (Isa.
1244 1839 1393 1889 xxxx,
1425 1822 1534 1896 1'5).
1560 1823 1628 1878 Et
1667 1825 1858 1880 iterum
1889 1824 2000 1880 Do-
2031 1834 2078 1895 Β

397 1916 577 1971 minus
598 1915 648 1969 in
664 1914 952 1986 Evangelio
967 1916 1067 1968 hoc
1081 1915 1221 1970 idem
1236 1923 1441 1985 repetat
1457 1915 1670 1970 dicens:
1693 1917 1756 1949 ¹⁰⁹
1775 1914 2003 1986 Rejicitis

397 2008 694 2064 mandatum
725 2006 854 2073 Dei,
878 2017 932 2062 ut
957 2008 1276 2062 traditionem
1314 2017 1529 2062 vestram
1547 2009 1778 2064 statuatis
1805 2008 1998 2081 (Marc.

397 2102 613 2172 vn,15).
651 2101 758 2159 Sed
789 2110 844 2158 et
873 2103 977 2157 alio
1010 2102 1064 2157 in
1095 2102 1215 2157 loco
1243 2103 1391 2172 ponit
1419 2116 1470 2158 et
1496 2102 1626 2158 dicit
1662 2121 1674 2156 :
1711 2103 1814 2168 Qui
1839 2104 2000 2158 solve-

398 2197 464 2251 rit
491 2213 649 2250 unum
676 2213 737 2250 ex
764 2195 1019 2250 mandatis
1048 2195 1160 2248 istis
1180 2195 1422 2258 minimis,
1457 2204 1503 2250 et
1543 2197 1614 2250 sic
1646 2194 1873 2250 docuerit
1899 2195 1996 2250 ho-

400 2291 579 2355 mines,
607 2291 846 2344 minimus
872 2289 1130 2343 vocabitur
1156 2290 1213 2344 in
1232 2307 1388 2360 regno
1403 2289 1646 2344 caelorum
1679 2289 1893 2361 (Matth.
1943 2305 1994 2357 v,

403 2383 516 2454 19).
549 2383 700 2450 Quod
727 2383 769 2438 si
798 2397 896 2438 nec
923 2383 1139 2438 minima
1167 2382 1235 2439 de
1261 2383 1527 2440 mandatis
1557 2384 1849 2439 Dominicis
1873 2383 1998 2438 licet

399 2479 630 2544 solvere,
661 2486 862 2548 quanto
893 2479 1062 2548 magis
1086 2487 1192 2531 tam
1218 2493 1430 2549 magna,
1463 2487 1567 2531 tam
1597 2477 1816 2546 grandia
1837 2519 1850 2539 ,
1886 2488 1995 2532 tam

402 2575 470 2629 ad
502 2574 674 2644 ipsum
711 2573 1000 2628 Daminicee
1023 2573 1288 2643 passionis
1313 2581 1367 2627 et
1394 2582 1592 2627 nostrm
1614 2571 1997 2641 redemptionis

399 2678 799 2724 sacramentum
852 2666 1168 2737 pertinentia
1199 2665 1279 2721 fas
1324 2682 1430 2722 non
1460 2674 1542 2720 cst
1573 2666 1883 2736 infringere,
1909 2674 1999 2718 aut

401 2760 456 2814 in
483 2759 625 2814 aliud
653 2775 810 2829 quam
835 2759 978 2828 quod
1011 2759 1268 2813 divinitus
1309 2758 1610 2813 institutum
1645 2758 1712 2811 sit
1773 2757 2001 2812 humana

402 2853 691 2908 traditione
740 2851 1163 2918 mutare?Nam,
1191 2851 1234 2905 si
1281 2850 1438 2906 Iesus
1471 2864 1490 2885 ε’
1523 2849 1768 2906 Christus
1820 2847 2003 2902 Domi-

401 2961 507 3003 nus
536 2956 590 3000 et
621 2946 760 3001 Deus
813 2955 996 3002 noster
1039 2945 1152 3015 ipse
1195 2955 1279 3001 est
1305 2959 1545 3000 summus
1581 2941 1887 2998 "sacerdos
1915 2943 2010 2998 Dei

2111 529 2294 600 utique
2347 529 2436 584 ille
2477 531 2729 586 sacerdos
2756 531 2872 586 vice
2902 530 3103 586 Christi
3158 546 3284 586 vere
3339 530 3575 602 fungitur
3615 533 3705 602 qni

2107 619 2160 674 id
2189 620 2332 691 quod
2355 619 2605 676 Christus
2628 621 2754 676 fecit
2782 623 3042 689 imitatur,
3071 629 3126 678 et
3153 622 3473 678 sacrificium
3512 640 3700 680 verum

2106 721 2160 766 et
2188 712 2407 782 plenum
2439 721 2564 768 tunc
2592 712 2750 768 otl‘ert
2772 713 2824 767 in
2847 712 3088 768 Ecclesia
3113 713 3223 769 Deo
3251 713 3416 782 Patri,
3441 714 3487 768 si
3518 716 3594 769 sic
3627 715 3707 770 in-

2105 803 2268 874 cipiat
2295 803 2494 860 oﬂ'erre
2520 805 2813 861 secundum
2837 805 2979 876 quod
3005 805 3178 876 ipsum
3215 805 3487 862 Christum
3530 806 3710 863 videat

2105 895 2385 952 obtulisse.

2178 987 2294 1042 XV.
2337 989 2604 1044 Caeterum
2643 989 2818 1045 omnis
2860 989 3135 1061 religionis
3177 997 3232 1045 et
3265 989 3504 1046 veritatis
3549 991 3712 1048 disci-

2105 1078 2246 1148 plina
2277 1080 2620 1146 subvertitur,
2671 1082 2772 1136 nisi
2812 1081 2863 1136 id
2887 1081 3026 1152 quod
3049 1082 3361 1152 spiritaliter
3401 1085 3710 1154 praccipitur

2105 1173 2337 1230 fideliter
2391 1183 2696 1230 reservetur
2725 1185 2748 1221 ϐ
2772 1216 2788 1242 ,
2832 1174 2933 1228 nisi
2960 1174 3004 1229 si
3046 1174 3098 1229 in
3130 1174 3408 1231 sacrificiis
3433 1178 3710 1234 matutinis

2105 1265 2209 1320 hoc
2243 1266 2363 1335 quis
2387 1275 2602 1321 veretur
2627 1281 2697 1321 ne
2739 1281 2834 1336 per
2874 1280 3122 1337 saporem
3152 1268 3261 1322 vini
3289 1266 3534 1324 redoleat
3572 1284 3707 1325 san-

2103 1359 2320 1429 guinem
2347 1357 2566 1413 Christi.
2596 1358 2686 1414 Sic
2714 1371 2842 1428 ergo
2867 1357 3052 1429 incipit
3080 1367 3133 1414 et
3169 1374 3197 1413 a
3229 1359 3479 1428 passione
3506 1359 3708 1416 Christi

2104 1451 2158 1506 in
2189 1453 2648 1522 perseeutionibus
2671 1453 2981 1509 fraternitas
3008 1454 3289 1520 retardari,
3321 1453 3448 1509 dum
3471 1453 3523 1508 in
3554 1453 3709 1510 obla-

2107 1545 2340 1601 tionibus
2374 1545 2533 1602 discit
2559 1546 2625 1601 de
2663 1547 2922 1616 sanguine
2967 1546 3084 1616 ejus
3121 1557 3175 1602 et
3212 1561 3406 1602 cruore
3431 1547 3706 1604 confundi.

2105 1639 2275 1696 Porro
2297 1649 2474 1695 autem
2508 1640 2763 1694 Dominus
2795 1638 2848 1692 in
2879 1639 3170 1710 Evangelio
3200 1639 3327 1694 dicit
3359 1657 3372 1694 :
3408 1639 3508 1704 Qui
3527 1644 3709 1712 confu-

2104 1750 2190 1788 sus
2267 1749 2347 1788 me
2395 1735 2580 1804 fuerit,
2632 1731 2974 1802 confundetur
3018 1730 3043 1768 ιι
3076 1749 3190 1787 eum
3248 1732 3420 1787 Filius
3469 1734 3707 1790 hominis.

2109 1823 2300 1897 (Marc.
2318 1841 2434 1888 vni,
2460 1823 2572 1896 38).
2601 1824 2666 1878 Et
2692 1823 2978 1893 Apostolus
2996 1839 3209 1894 quoque
3236 1825 3468 1895 loquitur
3487 1825 3668 1881 dicens
3693 1841 3708 1884 :

2109 1918 2171 1972 Si
2219 1917 2505 1971 hominibus
2557 1917 2808 1987 placerem
2842 1958 2855 1980 ,
2912 1915 3100 1972 Christi
3152 1933 3324 1971 servus
3376 1934 3479 1972 non
3553 1933 3712 1974 essem

2107 2013 2249 2085 (Cal.
2304 2031 2340 2077 ι,
2369 2015 2480 2085 10).
2501 2012 2783 2081 Quomodo
2799 2020 2976 2067 autem
2999 2027 3284 2083 possumus
3311 2025 3527 2084 propter
3553 2013 3710 2069 Chri-

2103 2115 2244 2160 stum
2267 2105 2579 2172 sanguinem
2608 2102 2852 2170 fundere,
2878 2103 2968 2173 qui
3000 2103 3316 2175 sanguinem
3341 2103 3543 2161 Christi
3583 2119 3709 2159 eru-

2101 2198 2372 2256 beseimus
2409 2199 2592 2253 bibere
2607 2197 2634 2270 ?‘

2177 2291 2316 2347 XVI.
2363 2292 2442 2346 An
2470 2291 2560 2346 illa
2589 2290 2690 2345 sibi
2718 2290 2911 2361 aliquis
2928 2292 3382 2362 contemplatione
3407 2291 3699 2358 blanditur,

2099 2385 2261 2456 quod,
2287 2385 2387 2439 etsi
2421 2398 2578 2438 mane
2598 2397 2736 2454 aqua
2763 2383 2875 2438 sola
2899 2382 3077 2438 oll‘erri
3099 2384 3330 2448 videtur,
3355 2394 3554 2450 tamen,
3579 2399 3702 2440 cum

2101 2478 2166 2532 ad
2199 2475 2525 2533 cantandum
2565 2476 2845 2540 venimus,
2887 2474 3110 2530 mixtum
3142 2475 3364 2531 calicem
3409 2475 3706 2534 oderimus.

2100 2571 2206 2626 Sed
2247 2584 2370 2624 cum
2407 2583 2688 2624 emnamus
2747 2567 2814 2622 ad
2851 2566 3154 2622 convivium
3195 2579 3439 2624 nostrum
3498 2570 3707 2637 plebem

2101 2677 2400 2718 convocare
2450 2679 2556 2718 non
2607 2675 2925 2731 possumus,
2970 2670 3028 2714 ut
3070 2661 3390 2716 sacramenti
3431 2661 3708 2717 veritatem

2109 2756 2441 2810 fraternitate
2483 2755 2625 2809 omni
2659 2762 2929 2825 prmsente
2955 2754 3309 2810 celebremus.
3344 2753 3558 2810 Atenim
3599 2768 3706 2808 non

2111 2861 2290 2913 mane,
2325 2847 2417 2901 sed
2460 2856 2578 2916 post
2607 2861 2842 2913 coenam,
2871 2846 3102 2912 mixtum
3130 2847 3349 2902 calicem
3381 2847 3572 2902 obtulit
3602 2845 3712 2901 Do-

2116 2943 2314 2999 minus.
2357 2939 2625 3010 Numquid
2661 2955 2790 3010 ergo
2817 2938 3156 2996 Dominicum
3189 2949 3306 3009 post
3332 2953 3540 2995 cmnam
3570 2940 3715 2994 cele-

404 3043 602 3110 Patris,
628 3051 682 3096 et
708 3041 1027 3097 sacriﬁcium
1044 3039 1190 3096 Patri
1219 3054 1278 3096 se
1309 3040 1480 3111 ipsum
1506 3039 1710 3110 primus
1739 3037 1930 3094 obtulit
1957 3046 2002 3103 ο,
2032 3020 2077 3084 C
2113 3037 2274 3092 brare
2299 3032 2578 3099 debemus,
2612 3041 2668 3088 ut
2696 3033 2774 3088 sic
2798 3031 3020 3088 mixtum
3044 3032 3267 3089 calicem
3309 3031 3712 3104 frequentandis

1641 3153 1931 3212 LECTION
1941 3153 2022 3211 ES
2052 3150 2470 3210 VARIANTES.

470 3273 494 3300 “
512 3269 618 3320 Non
643 3270 802 3320 dicam
828 3269 962 3318 Lam.
990 3267 1114 3318 Bod.
1143 3267 1190 3324 1,
1213 3267 1261 3315 2.
1284 3265 1388 3316 ΝΟ.
1410 3266 1455 3315 2.
1483 3268 1627 3317 Ebor.

468 3331 498 3370 1³
524 3334 746 3383 Dilectus
769 3331 896 3382 Bod.
919 3332 969 3381 2.
996 3330 1144 3380 Ebor.
1168 3330 1276 3380 ΝΟ.
1303 3331 1350 3390 1,
1374 3329 1422 3377 2.

471 3400 493 3427 α
521 3396 638 3444 Nam
657 3395 806 3445 Jesus
825 3393 950 3445 Bod.
978 3393 1026 3442 1.

473 3459 500 3497 τὶ
527 3458 636 3520 Ipse
660 3471 876 3507 summus
910 3455 1034 3506 Bod.
1063 3455 1108 3520 1.

475 3525 496 3551 υ
521 3515 630 3570 Deo
650 3521 775 3583 patri
798 3521 1016 3583 seipsum
1051 3516 1230 3568 obtulit
1254 3518 1389 3568 Lam.
1410 3515 1552 3569 Ebor.
1576 3517 1683 3568 ΝΟ.
1714 3518 1757 3566 1.

2177 3261 2198 3299 ί
2227 3263 2699 3314 Commemoratlone
2722 3260 2847 3311 Bod.
2874 3261 2917 3320 1,
2936 3262 2990 3324 2.
3019 3259 3123 3324 Lin.
3140 3261 3284 3313 Ebor.
3314 3263 3421 3314 ΝΟ.
3446 3264 3544 3324 1,2.

2184 3328 2210 3366 F
2235 3325 2528 3388 Specialiter
2553 3325 2821 3388 percipitur
2846 3330 2898 3373 et
2919 3323 3139 3388 ﬁdeliter
3158 3325 3450 3388 observatur
3483 3331 3596 3378 ναι.

2175 3387 2204 3426 h
2245 3385 2482 3439 Confusus
2526 3385 2606 3435 me
2653 3385 2847 3446 t‘uerit,
2895 3398 3058 3436 coram
3128 3385 3404 3439 hominibus
3453 3389 3718 3442 confundet

2120 3464 2235 3502 eum
2263 3448 2383 3500 Bod.
2424 3449 2599 3500 2.NC.
2627 3448 2673 3498 1.
2700 3447 2845 3498 Ebor.

1641 3619 1885 3679 STEPII.
1930 3617 2204 3676 BALUZII
2243 3617 2470 3676 NOTE.

479 3723 757 3780 XIV.-—Si
779 3723 916 3777 solus
935 3721 1185 3777 Christus.
1204 3720 1344 3775 Citat
1358 3720 1497 3773 hunc
1514 3719 1689 3773 locum
1713 3715 2000 3772 Gratianus

409 3796 532 3869 (list.
564 3797 618 3863 8,
651 3812 768 3869 cap.
796 3795 856 3869 Si
885 3795 1022 3869 solus
1041 3836 1055 3859 ,
1081 3807 1199 3861 cap.
1233 3791 1765 3869 Siconsuetudinem,
1793 3799 1845 3869 et
1866 3801 1997 3869 cap.

409 3860 754 3922 Consuetudo.
780 3866 859 3919 Ad
891 3867 1064 3920 locum
1092 3860 1274 3938 autem
1307 3863 1467 3916 istum
1491 3861 1764 3938 Cypriani,
1790 3860 1878 3912 ubi
1916 3860 1999 3938 tli-

409 3941 481 3993 cit
511 3941 682 3994 solum
705 3939 979 3992 Christum
1005 3935 1331 3990 audiendum
1372 3949 1514 3996 esse,
1538 3929 1790 3988 'Joannes
1829 3929 2003 3984 cardi-

411 4012 544 4064 nalis
575 4011 640 4066 de
661 4009 1072 4064 Turrecremata
1096 4007 1169 4059 ait
1209 4020 1395 4059 vocem
1427 4006 1566 4059 solus
1589 4018 1695 4057 non
1717 4001 2005 4056 excludere

412 4097 603 4150 papam
647 4081 731 4136 vel
761 4081 1007 4152 praelatos
1035 4077 1120 4132 vel
1161 4078 1293 4152 alios
1323 4076 1590 4152 doctores
1613 4082 1709 4152 aut
1745 4071 2014 4143 praedica-

413 4143 558 4207 iares
582 4143 774 4217 bonos;
802 4151 896 4206 sed
933 4157 1136 4204 tantum
1181 4147 1544 4211 antichristos,
1578 4143 1631 4199 id
1684 4157 1766 4198 est
1795 4152 2008 4197 contra-

413 4227 526 4278 rios
551 4223 787 4287 Christo,
821 4221 909 4290 qui
937 4219 1206 4275 contraria
1246 4217 1558 4288 praedicant.

483 4295 758 4348 Atiusante
784 4287 893 4346 nos.
930 4287 1271 4360 ltascriptum
1301 4287 1885 4360 reperimusinseptem
1921 4297 2014 4339 co-

410 4364 623 4419 dicibus
638 4362 883 4433 antiquis.
910 4357 1434 4433 Veteres'editiones.
1458 4359 1617 4415 etiam
1637 4357 2016 4433 Manutianaet

411 4426 900 4505 Murelliana,quod
919 4433 1099 4503 aliquis
1117 4443 1358 4505 antenos.
1401 4431 1678 4505 Itactiam
1726 4428 1894 4505 codex
1942 4426 2011 4505 ξεί

2105 3715 2221 3769 cuia
2248 3712 2546 3787 propinquis
2568 3711 2756 3779 offerre
2771 3713 2922 3787 etiam
2957 3714 3226 3787 necessitas
3255 3725 3380 3782 erat,
3423 3727 3478 3770 nt
3510 3717 3714 3787 Spiritu

2095 3784 2474 3855 judicarentur.
2513 3784 2571 3836 At
2604 3801 2736 3837 nunc
2771 3784 2825 3837 in
2867 3785 3067 3848 feminis
3097 3801 3206 3854 prce
3231 3787 3346 3840 vino
3370 3784 3563 3841 nullum
3591 3791 3716 3844 libe-

2106 3875 2220 3910 rum
2273 3867 2345 3910 est
2400 3855 2649 3908 osculum.
2713 3855 2953 3924 Respicit
3001 3857 3066 3908 ad
3121 3871 3302 3911 mores
3355 3857 3714 3917 llotnanarum

2108 3929 2417 3990 mulierum,
2452 3925 2646 3996 quibus
2685 3941 2790 3979 non
2832 3925 3028 3979 licebat
3059 3926 3245 3982 bibere
3287 3929 3488 3996 vinum,
3527 3939 3586 3986 ut
3614 3931 3715 3987 do-

2109 4011 2233 4054 cent
2258 3995 2606 4070 Plinittﬁlib.
2636 4013 2745 4059 xlv,
2771 3997 2944 4070 c.15_,
2974 4009 3028 4070 et
3051 3999 3090 4052 A
3121 3996 3342 4061 Gellius,
3379 3995 3481 4054 lib.
3505 4019 3556 4068 x,
3589 4019 3708 4070 cap.

2108 4069 2201 4144 25.
2255 4069 2328 4144 De
2380 4067 2613 4144 Moribus
2667 4076 2845 4144 autem
2896 4065 3346 4144 Christianorum,
3394 4071 3461 4126 de
3523 4065 3716 4144 quibus

2114 4142 2288 4210 agitur
2319 4141 2369 4193 in
2403 4138 2503 4192 hoc
2523 4138 2774 4210 Cypriani
2799 4139 2936 4205 loco,
2970 4139 3092 4194 vide
3136 4140 3338 4196 Petavii
3377 4138 3716 4202 anim.idver-

2115 4214 2295 4266 siones
2321 4211 2387 4265 ad
2419 4210 2800 4282 Epiphanium,
2834 4210 3091 4282 pag.7265
3115 4228 3130 4277 ;
3158 4221 3212 4266 et
3232 4212 3529 4282 .losephum
3556 4217 3716 4274 Vice-

2122 4284 2396 4348 comitem,
2436 4281 2530 4335 lih.
2568 4297 2627 4354 ut
2647 4282 2710 4335 de
2741 4281 2915 4336 Missae
2945 4281 3179 4349 Ritibus,
3214 4299 3336 4354 pag.
3368 4281 3495 4340 256.

2193 4355 2292 4420 Qui
2316 4354 2576 4420 confusus.
2609 4351 2682 4407 Ita
2710 4354 2948 4422 plerique
2978 4354 3098 4408 libri
3142 4351 3371 4410 veteres.
3413 4358 3482 4411 At
3529 4357 3580 4411 in
3609 4372 3715 4413 uno

2119 4426 2457 4495 Retnigiano,
2513 4425 2564 4477 in
2620 4424 2950 4489 Divionensi,
3002 4433 3056 4478 et
3115 4425 3164 4478 in
3220 4424 3716 4493 GratianOpolitano

413 4470 1421 4562 "Car-iiii't‘e‘ris‘i'swe'twditti
1449 4501 1570 4556 libri
1600 4511 1809 4554 veteres
1835 4497 2017 4552 laudat
2040 4470 2093 4530 D
2120 4470 2315 4567 legito?
2347 4470 2478 4562 :Qtii
2497 4511 2576 4567 me
2594 4499 2861 4567 confessus
2892 4470 3043 4564 fuerit
3071 4511 3241 4548 coram
3268 4470 3717 4562 hominilius,con-

413 4581 466 4633 in
500 4579 734 4634 editione
775 4576 1100 4631 Pameliana.
1125 4575 1178 4628 In
1218 4574 1448 4630 Fuxensi
1481 4572 1735 4640 scriptum
1766 4579 1847 4624 est
1886 4569 2018 4622 otius

415 4651 610 4720 aliquid
623 4659 771 4713 ante,
802 4649 854 4702 in
882 4645 1178 4701 Turonensi
1211 4647 1355 4700 aliud
1399 4638 1601 4715 aliquis,
1626 4643 1678 4696 in
1699 4638 2014 4697 Corbeiensi

415 4723 546 4793 alius
571 4723 774 4793 aliquis.
889 4787 918 4793 _
974 4787 987 4793 _
1086 4787 1134 4793 __
1356 4787 1367 4793 _
1477 4787 1488 4793 _
1724 4785 1734 4793 .
1817 4783 1827 4793 .

489 4783 666 4863 Nequé
692 4792 845 4845 enim.
864 4787 1056 4863 Codex
1086 4787 1542 4863 quaster’rensis,
1573 4801 1661 4840 nec
1684 4783 1890 4838 alterius
1917 4783 2010 4836 ho-

412 4863 566 4917 minis
584 4861 1008 4917 consuetudinem
1037 4861 1175 4928 sequi
1203 4875 1502 4930 quemquam
1536 4865 1753 4930 oportet.

489 4934 782 4990 Traditione
811 4942 1026 4986 mutare.
1057 4925 1397 4987 Unuscodex
1431 4925 1609 5000 regitis
1633 4927 1791 4982 habet
1821 4925 2016 4980 ratione

415 5005 756 5075 pra’cipitare.

488 5067 681 5132 Χνζ-
696 5076 944 5132 Redoleat
975 5076 1291 5132 sanauinem.
1326 5073 1514 5128 Postea
1539 5070 1705 5125 codex
1721 5067 2012 5124 Corbeien-

490 5093 681 5132 )LV.—
696 5093 943 5132 ιίεαοιεαι
975 5093 1066 5130 san
1103 5093 1291 5129 ument.
1326 5093 1514 5128 rosxca
1539 5093 1705 5125 cuucx
1721 5093 2010 5124 uurucwu-

413 5147 489 5202 sis
513 5148 679 5216 addit,
708 5149 1009 5218 ﬂagrantem
1033 5093 1101 5201 ag
1120 5146 1316 5216 inﬁdeli
1333 5143 1637 5198 conscientia
1666 5139 2010 5218 odor_m_nbris

413 5210 678 5292 matutinis
708 5210 863 5292 fuerit
894 5220 1096 5292 agnitus
1118 5210 1532 5292 et'cognoscatur
1560 5229 1666 5292 esse
1689 5210 2011 5292 Christianus

414 5291 536 5344 dum
559 5307 650 5344 nos
675 5285 1126 5362 sanguine'Clnfisti
1149 5289 1525 5362 confundimur.
1553 5285 1702 5362 Quod
1725 5298 1823 5352 ego
1836 5285 2012 5362 miror

411 5353 844 5417 animadversum)
877 5376 982 5416 non
1029 5361 1190 5433 luisse
1221 5353 1556 5433 a'_Rigaltio.-
1594 5353 2014 5433 Ha_nc_additio-

412 5448 536 5506 nem
568 5435 746 5489 inveni
773 5435 936 5506 etiam
960 5423 1558 5506 in‘codice'l‘uronensi
1589 5435 1642 5481 et
1669 5427 1720 5479 in
1753 5423 2006 5506 Fuxensi.

411 5504 518 5559 Sed
543 5520 647 5559 non
683 5506 908 5559 habetur
927 5504 976 5557 in
1001 5501 1350 5572 Seguieriano
1367 5501 1604 5555 omnium
1621 5501 2009 5572 vetustissimo.

410 5573 772 5645 Hieronymus
802 5575 854 5628 in
897 5564 1134 5645 Epistoia
1170 5575 1237 5626 ad
1268 5572 1614 5645 Nepotianum
1642 5567 1710 5623 de
1743 5567 1859 5645 Yita

412 5634 685 5700 ricorum:
720 5634 1016 5717 Numqucim
1054 5646 1224 5700 vinum
1263 5634 1512 5717 redoleas,
1543 5657 1605 5717 ne
1658 5639 1840 5717 audias
1883 5634 2015 5717 illud

412 5717 749 5788 philosOphi:
783 5709 895 5771 Hoc
923 5735 1023 5772 non
1052 5726 1124 5771 est
1152 5716 1381 5788 osculum
1419 5712 1693 5788 porrigere,
1721 5709 1808 5788 sed
1846 5710 2015 5762 vinum

412 5781 710 5866 propinare.
743 5787 1180 5847 Tertullianusin
1211 5781 1594 5859 Apologetico':
1622 5781 1824 5837 Idcirco
1853 5789 1900 5837 et
1931 5794 2016 5834 os-

2120 4566 2340 4637 fitebitur
2385 4583 2498 4620 eum
2544 4566 2680 4634 [ilius
2727 4566 2966 4619 hominis.
3015 4567 3104 4637 Sic
3131 4567 3290 4620 etiam
3333 4567 3384 4619 in
3434 4568 3714 4625 Pithmano

2120 4635 2223 4693 nisi
2248 4637 2390 4708 quod
2423 4638 2530 4708 illic
2578 4639 2769 4706 legitur
2810 4635 3595 4708 confundetiproconfitebitur.
3650 4643 3717 4695 At

2119 4711 2174 4764 in
2215 4706 2350 4782 libro
2375 4708 2437 4782 de
2467 4707 2671 4782 Lapsis,
2713 4722 2768 4778 p.
2802 4707 2927 4782 19D,
2941 4707 3139 4782 scribit
3173 4725 3185 4760 :
3220 4706 3320 4774 Qui
3343 4725 3421 4763 me
3447 4715 3710 4782 confusus,

2120 4791 2224 4836 etc.
2252 4779 2382 4835 Vide
2411 4776 2632 4834 Pamelii
2663 4776 2816 4832 notas
2846 4776 2912 4831 ad
2941 4777 3082 4832 hunc
3112 4777 3310 4833 locum.

2192 4850 2409 4908 XVI.—-
2429 4849 2753 4904 Dominicum
2776 4846 3045 4912 celebrare,
3066 4847 3116 4903 id
3144 4861 3227 4904 est
3251 4851 3510 4907 sacriﬁcia
3537 4852 3715 4909 divina

2118 4922 2334 4982 offerre,
2363 4921 2686 4990 sacrificare,
2733 4929 2789 4990 ut
2817 4928 2963 4990 reete
2989 4921 3218 4990 explicat
3246 4920 3537 4978 Parnelius.
3575 4926 3716 4980 Alibi

2115 4994 2448 5049 Dominicum
2465 4988 3032 5060 signiﬁcatEcclesiam
3048 4988 3098 5046 in
3115 4994 3562 5060 quamCltristiani
3582 5011 3716 5050 con-

2113 5064 2399 5119 veniebant
2419 5061 2484 5116 ad
2506 5060 2824 5134 celebranda
2849 5060 3270 5134 mysteria.Vide
3302 5065 3612 5130 Baronium,
3645 5066 3713 5121 ad

2113 5136 2254 5190 diem
2282 5134 2354 5190 25
2382 5133 2729 5206 Decembris,
2766 5132 3102 5206 Cardinalem
3132 5136 3354 5202 Bonam,
3389 5137 3479 5192 lib.
3522 5154 3558 5202 ι,
3593 5153 3713 5206 cap.

2115 5209 2226 5263 Set
2282 5207 2347 5261 19
2389 5204 2577 5258 Rerum
2598 5203 2996 5275 Liturgicarum,
3045 5217 3097 5262 et
3126 5203 3717 5276 glossartumLatinuin

2115 5277 2322 5348 Cangii.
2361 5278 2490 5331 Acta
2537 5285 2834 5348 martyrum
2883 5277 3304 5332 Donastistarum
3357 5279 3409 5331 in
3462 5280 3598 5334 libro
3655 5295 3714 5346 tt,

2114 5348 2577 5404 Illiscellaneorum
2610 5358 2940 5418 nostrorum,
2961 5363 3079 5418 pag.
3117 5350 3183 5402 66
3217 5390 3230 5402 .
3265 5350 3342 5402 An
3375 5351 3555 5414 nescis,
3611 5351 3717 5406 Sa-

2116 5431 2284 5487 tanas,
2313 5421 2368 5474 in
2398 5418 2664 5474 Dominico
2689 5417 3103 5473 Christianum’et
3127 5421 3181 5473 in
3213 5420 3502 5475 Christiano
3529 5420 3716 5476 Domi-

2115 5493 2284 5545 nicum
2311 5490 2680 5545 constitutum?
2701 5488 2857 5543 Aliud
2884 5489 3094 5544 videtur
3134 5505 3256 5546 esse
3285 5492 3617 5547 Dominicum
3666 5495 3718 5548 in

2117 5562 2356 5636 Epistula
2393 5563 2519 5636 falsa
2564 5559 2760 5636 synodi
2809 5557 3039 5636 Nicaena:
3066 5561 3135 5614 ad
3168 5562 3486 5634 Sylvestrum
3515 5563 3720 5636 Papam

2116 5631 2256 5688 edita
2291 5635 2341 5687 in
2369 5631 2685 5686 collectione
2706 5631 2932 5686 ltlerlini.

2191 5703 2320 5780 Post
2344 5701 2738 5780 coenamzvide
2759 5701 3050 5761 Durantum
3077 5703 3174 5762 lib.
3207 5721 3266 5775 ιι,
3294 5720 3394 5780 cap
3421 5705 3483 5764 51
3516 5706 3578 5765 de
3622 5705 3719 5767 Ili-

2117 5774 2517 5850 tibus_Ecclesite
2535 5772 2830 5832 Catholicw.
2923 5845 2941 5853 ν
