4250 6282
495 298 663 384 387‘

1928 308 2065 373 DIVI
2099 306 2425 372 CYPRIAM

3718 308 3841 378 588

512 437 801 501 dominicis
859 436 1188 495 aderamus?
1232 432 1508 491 Christum
1551 432 1746 491 oti‘erre
1803 432 2121 505 OPPOrlebat
2148 438 2200 501 Α
2226 444 2324 486 nes
2355 435 2412 486 et
2440 432 2816 487 testamentum
2847 422 3085 491 Domini,
3113 430 3169 486 et
3192 438 3304 485 non
3335 420 3436 487 hoc
3475 427 3615 487 idem
3645 429 3827 489 facere

510 534 657 593 circa
685 546 962 603 vesperam
989 529 1120 598 diei,
1147 536 1205 585 ut
1229 527 1362 586 hora
1388 528 1503 600 ipsa
1524 527 1775 585 sacriﬁcii
1805 526 2119 583 ostenderet

511 644 767 688 occasum
803 635 858 685 et
897 640 1179 698 vesperam
1225 625 1448 694 mundi,
1488 625 1628 681 sicut
1671 625 1726 679 in
1767 621 1955 679 Exodo
1985 622 2117 680 sori-

520 733 672 796 ptum
702 731 826 780 est:
876 720 943 777 Et
986 720 1213 777 occident
1250 721 1395 776 illum
1440 736 1589 777 omne
1627 722 1807 792 vulgus
1842 733 2118 791 synagoga:

512 815 738 887 ﬁliorum
764 814 935 869 Israel
958 813 1028 868 ad
1049 828 1308 885 uesperam
1331 812 1524 886 (Exod.
1553 810 1742 885 xn,6).
1768 813 1835 867 Et
1855 810 2114 868 iterumin

514 908 779 965 Psalmis:
809 906 1054 963 Allevatio
1068 923 1310 962 manuum
1329 924 1555 963 mearum
1582 906 1890 976 sacriﬁcium
1916 920 2116 975 vesper-

512 1001 677 1056 tinum
708 997 897 1072 (Prol:
918 1012 1043 1067 exc,
1074 992 1155 1071 2).
1200 997 1308 1055 Nos
1336 1007 1513 1056 autem
1538 996 1985 1054 resurrectionem
2012 995 2116 1051 Do-

512 1093 644 1148 mini
673 1105 831 1148 mane
855 1091 1215 1148 celebramus.

581 1182 746 1240 XV".
790 1184 857 1239 Et
880 1184 1003 1256 quia
1027 1182 1296 1255 passionis
1326 1182 1445 1254 ejus
1467 1183 1794 1239 mentionem
1827 1182 1878 1237 in
1907 1180 2115 1237 sacriﬁ-

507 1278 607 1335 ciis
632 1277 882 1334 omnibus
901 1276 1131 1333 facimus
1157 1277 1366 1348 (passio
1390 1284 1472 1333 est
1498 1278 1642 1332 enim
1672 1275 1882 1331 Domini
1911 1276 2114 1332 sacriﬁ-

506 1372 649 1427 cium
676 1370 821 1442 quod
847 1369 1169 1442 oFerimus),
1193 1370 1325 1425 nihil
1350 1369 1495 1424 aliud
1523 1384 1680 1439 quam
1717 1369 1857 1440 quod
1880 1369 1967 1424 ille
1989 1368 2115 1425 fecit

508 1462 689 1519 facere
715 1461 998 1518 debemus.
1047 1461 1323 1533 Scriptura
1356 1460 1497 1518 enim
1526 1460 1655 1517 dicit
1698 1480 1712 1515 :
1760 1460 2113 1529 Quotiescuma

506 1570 604 1625 que
624 1555 762 1609 enim
789 1555 996 1611 ederitis
1025 1570 1206 1624 panem
1234 1555 1389 1610 istum
1411 1566 1456 1611 et
1503 1555 1709 1609 calicem
1746 1556 1901 1609 istaut
1929 1554 2111 1609 biberi-

508 1648 603 1713 tis,
632 1656 844 1702 mortem
890 1644 1102 1701 Domini
1149 1646 1517 1702 annuntiabitis
1577 1647 1904 1717 quoadusque
1947 1646 2111 1701 veniat

508 1738 563 1812 (l
593 1736 712 1794 Cor.
736 1755 795 1807 ιι,
818 1738 939 1812 26).
953 1739 1407 1811 Quotiescumque
1417 1754 1545 1812 ergo
1565 1742 1784 1798 calicem
1808 1741 1860 1796 in
1875 1754 2111 1797 comme-

2220 521 2367 593 quod
2393 520 2581 578 fecerit
2608 520 2885 591 Dominus,
2913 521 3042 594 quid
3069 518 3214 577 aliud
3243 528 3328 578 est
3352 536 3512 594 quam
3542 535 3830 581 sermones

2218 614 2338 685 ejus
2366 613 2601 685 ahjicere
2641 623 2695 670 et
2719 613 3058 686 disciplinam
3083 612 3414 670 Dominieam
3445 622 3822 683 contemnere,

2221 721 2322 762 nec
2343 716 2555 762 terrena
2587 705 2682 762 sed
2706 707 2969 779 spiritalia
3011 706 3151 763 l'urta
3179 715 3236 763 et
3272 706 3536 764 adulteria
3575 707 3833 763 commit-

2218 806 2354 864 tere,
2381 796 2507 852 dum
2530 798 2650 868 quis
2670 796 2739 854 de
2767 797 3081 870 evangelica
3108 797 3339 856 veritate
3367 797 3579 855 furatur
3608 797 3832 855 Domini

2218 889 2387 945 nostri
2416 889 2577 946 verba
2599 900 2651 945 et
2680 890 2838 959 facta,
2870 893 3172 963 corrumpit
3196 900 3358 963 atque
3389 891 3659 949 adulterat
3684 905 3835 962 pra:-

2216 991 2372 1053 cepta
2397 981 2616 1039 divina?
2655 984 2805 1041 Sicut
2847 984 2989 1056 apud
3020 985 3350 1043 Hieremiam
3389 986 3650 1059 scriptum
3692 996 3830 1043 est:

2220 1076 2361 1144 Quid
2383 1087 2479 1147 est,
2513 1078 2713 1149 inquit,
2743 1080 2903 1148 paleis
2925 1080 2994 1136 ad
3024 1080 3292 1148 triticum?
3333 1079 3557 1153 Propter
3586 1081 3684 1136 hoc
3712 1094 3838 1136 ecce

2215 1186 2310 1238 ego
2337 1171 2407 1227 ad
2446 1173 2753 1243 prophetas,
2785 1173 2911 1229 dicit
2947 1172 3229 1244 Dominus,
3277 1174 3364 1248 qui
3399 1179 3642 1247 furantur
3673 1173 3839 1230 verba

2215 1281 2329 1320 mea
2355 1266 2699 1338 unusquisque
2726 1283 2760 1321 α
2799 1265 3033 1338 proximo
3056 1269 3150 1323 suo
3168 1309 3183 1335 ,
3214 1276 3261 1323 et
3299 1266 3544 1323 seducunt
3574 1265 3840 1339 populum

2216 1373 2382 1414 nterim
2397 1360 2452 1413 in
2477 1360 2752 1415 mendaciis
2775 1361 2881 1417 suis
2905 1370 2953 1416 et
2979 1363 3033 1416 in
3047 1357 3305 1416 erroribus
3322 1361 3430 1415 suis
3467 1358 3641 1435 (Hier.
3664 1373 3835 1428 χχιιι,

2214 1450 2307 1517 98,
2336 1451 2422 1519 50,
2455 1451 2569 1523 32).
2610 1451 2743 1507 ltem
2786 1453 2928 1525 apud
2953 1453 3207 1510 eumdem
3246 1453 3353 1509 alio
3388 1454 3506 1510 loco
3541 1472 3555 1512 :
3596 1453 3667 1508 Et
3695 1468 3838 1508 mae-

2213 1542 2366 1595 ehata
2393 1552 2496 1608 est,
2529 1542 2729 1614 inquit,
2791 1544 2846 1599 in
2895 1542 3091 1616 lignum
3140 1552 3191 1600 et
3225 1544 3449 1615 lapidem
3476 1552 3539 1612 ⁸,
3570 1552 3617 1600 et
3650 1545 3705 1598 in
3748 1544 3837 1600 his

2213 1635 2448 1690 omnibus
2482 1652 2584 1691 non
2628 1647 2703 1693 est
2728 1653 2929 1695 reversa
2956 1641 3028 1694 ad
3077 1654 3159 1694 me
3194 1637 3371 1711 (Hier.
3404 1652 3480 1703 rx,
3514 1636 3628 1711 l0).
3665 1637 3834 1707 Quod

2215 1724 2414 1784 furtum
2453 1736 2509 1785 et
2550 1729 2875 1787 adulterium
2908 1746 2977 1789 ne
3008 1732 3061 1789 in
3104 1747 3206 1789 nos
3241 1733 3405 1789 etiam
3431 1732 3590 1789 cadat
3621 1747 3828 1790 cavere

509 1834 865 1890 morationem
915 1832 1123 1890 Domini
1165 1841 1219 1889 et
1266 1833 1531 1909 passionis
1559 1833 1678 1904 ejus
1705 1833 2016 1899 oderimus.
2056 1831 2109 1889 id
2140 1834 2188 1898 Β
2217 1820 2447 1882 “male
2489 1833 2547 1882 θῑ
2593 1824 2780 1882 “mide
2825 1841 2891 1883 ⁸ο
2938 1827 3193 1899 relisiose
3217 1826 3509 1883 οδεετνατθ
3535 1826 3825 1884 debemus-

509 1927 652 1998 quod
677 1936 890 1985 constat
922 1929 1207 1985 Dominum
1234 1926 1427 1986 fecisse
1463 1927 1744 1986 faciamus.
1787 1929 1858 1987 Et
1898 1929 2108 1999 viderit,

510 2019 676 2076 frater
697 2019 1035 2089 charissima;
1055 2022 1100 2078 si
1125 2020 1248 2093 quis
1267 2021 1336 2078 de
1356 2023 1786 2080 antecessoribus
1812 2023 2007 2079 nostris
2027 2023 2112 2080 vel

511 2111 819 2182 ignoranter
844 2112 935 2168 vel
953 2112 1267 2184 simpliciter
1287 2128 1393 2169 non
1418 2113 1519 2170 hoc
1535 2114 1842 2171 observavit
1863 2122 1917 2171 et
1941 2112 2112 2171 tenuit

509 2204 652 2276 quod
688 2219 787 2261 nos
817 2206 1076 2262 Dominus
1114 2206 1290 2264 facere
1315 2209 1569 2280 exemplo
1599 2209 1665 2265 et‘
1681 2208 1988 2280 magisterio
2015 2225 2113 2267 suo

511 2296 714 2365 docuit,
746 2287 927 2369 potest
955 2297 1286 2371 simplicitati
1311 2299 1428 2371 ejus
1453 2299 1523 2356 de
1545 2300 1875 2373 indulgentia
1898 2301 2113 2360 Domini

510 2388 664 2446 venia
704 2389 948 2447 concedi.
993 2390 1159 2448 Nobis
1196 2406 1326 2448 vero
1365 2406 1472 2473 non
1503 2394 1703 2465 poterit
1735 2394 1983 2467 ignosci,
2024 2397 2115 2468 qui

511 2496 655 2537 nunc
680 2497 711 2537 a
751 2481 984 2538 Domino
1027 2483 1289 2540 admoniti
1315 2493 1372 2541 et
1393 2483 1645 2541 instructi
1685 2501 1871 2543 sumus
1900 2496 1957 2542 ut
1985 2486 2116 2543 cali-

509 2586 630 2630 cem
661 2572 996 2630 Dominicum
1018 2573 1147 2631 vino
1172 2575 1417 2645 mixtum,
1438 2577 1734 2634 secundum
1769 2579 1912 2649 quod
1935 2579 2116 2636 Domi-

512 2682 615 2725 nus
639 2666 855 2737 obtulit,
884 2667 1174 2727 oﬂ'eramns
1201 2686 1216 2738 ;
1243 2671 1391 2728 etde
1425 2671 1528 2728 hoc
1552 2687 1767 2744 quoque
1788 2673 1854 2729 ad
1881 2672 2115 2744 collegas

515 2771 732 2819 nostros
771 2762 976 2818 litteras
1004 2761 1299 2834 dirigamus
1321 2805 1336 2829 ,
1376 2773 1435 2820 ut
1465 2765 1665 2836 ubique
1692 2766 1775 2821 lex
1804 2767 2114 2838 evangelica

516 2862 571 2911 ct
601 2854 819 2911 traditio
839 2854 1113 2911 Dominica
1138 2864 1398 2924 servetur,
1425 2866 1481 2913 et
1508 2856 1576 2912 ab
1602 2872 1669 2915 eo
1698 2858 1841 2929 quod
1867 2857 2116 2915 Christus

516 2958 571 3005 et
596 2948 779 3004 docuit
796 2956 853 3003 et
872 2946 1001 3004 fecit
1026 2962 1134 3004 non
1156 2949 1459 3005 recedatur.

586 3040 774 3097 XVIII.
813 3040 947 3111 Qua:
992 3043 1131 3098 ultra
1183 3042 1295 3114 jam
1337 3049 1689 3100 contemnere
1735 3052 1790 3100 et
1832 3041 1885 3099 in
1933 3058 2117 3101 errore

512 3136 739 3208 pristino
758 3151 1133 3208 perseverare,
1150 3136 1275 3207 quid
1301 3136 1445 3193 aliud
1468 3148 1549 3194 est
1574 3153 1733 3208 quam
1756 3138 2032 3196 incurrere
2060 3140 2116 3195 in

2214 1914 2370 1984 Nam,
2401 1917 2447 1973 si
2470 1917 2778 1974 sacerdotes
2808 1918 2902 1974 Dei
2931 1926 2987 1975 et
3011 1919 3211 1976 Christi
3242 1933 3448 1988 sumus,
3469 1934 3574 1975 non
3605 1919 3828 1977 invenio

2215 2025 2376 2082 quem
2415 2012 2585 2083 magis
2615 2014 2766 2085 sequi
2814 2027 2975 2088 quam
3018 2014 3185 2070 Deum
3228 2023 3283 2069 et
3312 2012 3584 2069 Christum
3622 2012 3826 2069 debea-

2216 2119 2367 2172 mus,
2400 2105 2615 2176 quando
2651 2108 2765 2177 ipse
2807 2107 2858 2162 in
2887 2106 3181 2179 Evangelio
3217 2107 3447 2163 maxime
3473 2106 3615 2163 dicat
3648 2125 3662 2162 :
3694 2105 3813 2178 Ego

2216 2214 2330 2255 sum
2355 2201 2525 2256 lumen
2564 2200 2759 2256 swculi.
2793 2202 2893 2270 Qui
2917 2218 2998 2257 me
3019 2213 3219 2258 secutus
3245 2203 3430 2272 fuerit,
3456 2217 3558 2256 non
3583 2201 3822 2256 ambula-

2219 2293 2287 2348 bit
2313 2292 2340 2332 ι)
2366 2295 2420 2348 in
2450 2294 2698 2363 tenebris,
2731 2295 2817 2351 sed
2867 2295 3066 2351 habebit
3118 2297 3287 2351 lumen
3322 2297 3434 2350 oitte
3460 2294 3641 2369 (Joan.
3700 2308 3815 2362 vnt,

2223 2386 2338 2459 l2).
2368 2387 2447 2444 Ne
2475 2377 2607 2460 ergo
2632 2388 2687 2445 in
2718 2390 2957 2446 tenebris
2987 2390 3345 2457 ambulemus,
3366 2389 3640 2447 Christum
3670 2389 3824 2462 sequi

2222 2491 2278 2538 et
2308 2491 2576 2554 praecepta
2602 2483 2723 2553 ejus
2751 2484 3041 2541 observare
3065 2483 3358 2553 debemus,
3392 2484 3514 2555 quia
3543 2491 3599 2539 et
3625 2482 3739 2554 ipse
3764 2481 3825 2540 in

2220 2574 2324 2629 alio
2346 2574 2485 2641 loco,
2512 2576 2729 2631 mittens
2747 2575 3055 2647 Apostolus,
3087 2575 3220 2631 dixit
3247 2592 3260 2629 :
3291 2574 3429 2630 Data
3457 2582 3528 2629 est
3557 2573 3685 2627 mihi
3710 2588 3824 2627 om-

2224 2670 2305 2722 nis
2328 2677 2546 2737 potestas
2570 2668 2625 2723 in
2650 2669 2776 2723 caelo
2799 2670 2917 2723 etin
2942 2678 3099 2724 terra.
3125 2666 3204 2723 Ite
3227 2684 3346 2739 ergo
3373 2677 3423 2723 et
3446 2667 3618 2722 docete
3645 2678 3824 2722 omnes

2222 2759 2429 2830 Gentes,
2455 2761 2700 2832 tingentes
2727 2777 2811 2816 eos
2836 2762 2888 2816 in
2931 2762 3138 2817 nomine
3169 2759 3341 2816 Patris
3386 2770 3433 2816 et
3457 2759 3585 2815 Filii
3610 2767 3661 2815 et
3692 2758 3822 2830 Spi-

2219 2854 2347 2909 ritus
2373 2855 2570 2921 sancti,
2610 2856 2846 2911 docentes
2878 2873 2962 2913 eos
2988 2856 3252 2912 observare
3295 2857 3470 2912 omnia
3492 2868 3827 2928 quacumque

2218 2949 2438 3021 ρνιεσερί
2471 2957 2492 2987 ο
2518 2949 2657 3004 vobis
2705 2947 2919 3021 (Matth.
2967 2964 3119 3019 nm,
3153 2948 3365 3022 48420).
3395 2948 3573 3018 Quare
3595 2948 3641 3003 si
3665 2946 3823 3003 inlu-

2220 3042 2367 3099 mine
2395 3042 2598 3098 Christi
2630 3044 2909 3101 ambulare
2938 3044 3208 3113 volumus,
3245 3059 3274 3099 a
3303 3044 3589 3117 prmeeptis
3623 3050 3825 3126 etmo-

2221 3137 2348 3193 nitis
2373 3140 2493 3209 ejus
2518 3154 2624 3195 non
2652 3139 2993 3208 recedamus,
3020 3149 3242 3211 agentes
3264 3140 3465 3212 gratias
3490 3137 3655 3210 quod,
3693 3135 3823 3194 dum

512 3229 939 3301 objurgationem
973 3229 1041 3260 “°
1066 3229 1277 3286 Domini
1316 3230 1641 3301 increpantis
1661 3231 1714 3285 in
1735 3230 1950 3288 Psalmo
1972 3231 2121 3288 etdi-
2147 3233 2192 3298 C
2227 3228 2441 3285 instruit
2467 3231 2520 3285 in
2561 3230 2798 3289 futurum
2829 3233 2954 3304 quid
2976 3231 3154 3289 facere
3182 3230 3496 3299 debeamus,
3528 3229 3599 3286 de
3621 3237 3821 3300 practe-

514 3320 684 3377 centis
715 3339 730 3376 :
758 3321 837 3374 Ad
860 3320 985 3391 quid
1012 3321 1226 3392 exponis
1242 3321 1639 3392 justiﬁcationes
1665 3338 1804 3378 meas
1826 3334 1872 3378 et
1896 3324 2112 3387 assumis

516 3421 863 3470 testamentum
901 3429 1068 3469 meum
1098 3431 1187 3485 per
1215 3431 1271 3470 os
1302 3416 1483 3471 tuum?
1525 3414 1600 3471 Tu
1627 3429 1797 3475 autem
1827 3419 1978 3474 odisti
2006 3418 2113 3474 dis-

514 3505 782 3576 ciplinam,
818 3514 863 3561 et
904 3506 1134 3577 abjecisti
1169 3523 1422 3562 sermones
1450 3524 1586 3563 meos
1614 3519 1768 3564 retro.
1818 3510 1881 3565 Si
1912 3510 2113 3567 videbas

518 3600 684 3671 furem
706 3640 721 3665 ,
752 3597 1083 3653 concurrebas
1108 3599 1154 3653 ei
1168 3640 1184 3667 ,
1213 3608 1259 3655 et
1285 3600 1417 3655 inter
1442 3600 1665 3656 moechos
1690 3601 1991 3672 particulam
2019 3617 2115 3672 po-

514 3689 668 3748 nebas
691 3688 863 3764 (Psal.
889 3706 1035 3761 mx,
1064 3690 1284 3764 lii-l8).
1303 3690 1591 3764 Experiere
1613 3693 1761 3751 enim
1778 3693 2119 3765 justilicatio-

2223 3322 2328 3377 rito
2359 3322 2587 3393 ignoscit
2612 3323 2754 3393 quod
2785 3324 3099 3394 simpliciter
3118 3321 3440 3380 erravimus.
3470 3321 3534 3376 Et
3559 3319 3686 3391 quia
3706 3318 3822 3390 jam

2215 3415 2487 3471 secundus
2514 3416 2632 3486 ejus
2653 3415 2917 3473 adventus
2945 3415 3103 3473 nobis
3126 3414 3537 3490 appropinquat,
3562 3411 3732 3484 magis
3757 3422 3825 3468 ac

2218 3510 2388 3581 magis
2433 3510 2661 3583 benigna
2701 3512 2819 3583 ejus
2861 3520 2918 3568 et
2956 3511 3104 3583 larga
3141 3509 3380 3583 dignatio
3424 3506 3590 3567 corda
3636 3512 3823 3563 nostra

2216 3600 2339 3661 luce
2359 3602 2605 3663 veritatis
2633 3602 2919 3660 illuminat.

2291 3696 2436 3753 XIX.
2474 3697 2743 3770 Religioni
2769 3697 2937 3770 igitur
2973 3704 3176 3758 nostra:
3200 3694 3451 3771 congruit
3474 3701 3531 3755 et
3561 3691 3740 3752 timori
3767 3697 3824 3750 et

1754 3826 2138 3889 LECTIONES
2175 3829 2592 3891 VARIANTES.

580 3945 609 4006 9
633 3940 709 4006 De
732 3943 867 4006 ligno
890 3948 944 4006 et
967 3940 1130 4006 lapide
1153 3941 1261 3997 NG.
1279 3942 1331 3992 2.

580 4003 612 4046 δ
628 4004 736 4086 Non
757 4003 974 4058 ambulat
996 4003 1142 4058 Ebor.

2285 3948 2311 3979 ο
2339 3946 2563 4001 Mandavi
2586 3948 2695 4003 NG.
2742 3948 2791 3999 2.

1751 4109 1993 4169 STEPH.
2036 4110 2309 4175 BALUZII
2344 4115 2573 4179 NOTE.

590 4224 831 4283 XVII.—
856 4225 1129 4298 Scriptura
1151 4227 1304 4284 enim.
1329 4224 1591 4284 Uudccim
1609 4225 1730 4283 libri
1755 4237 2043 4293 veteres,ct
2059 4231 2112 4285 in

521 4299 605 4355 his
626 4300 1025 4367 Seguierianus,
1045 4300 1242 4357 omissa
1268 4304 1541 4355 mentione
1564 4300 1738 4369 panis,
1770 4301 1839 4355 ita
1872 4298 2116 4357 referunt

520 4373 664 4427 hunc
703 4372 877 4433 locum
908 4388 920 4424 :
958 4369 1229 4441 Scriptura
1267 4372 1421 4443 enim‘
1449 4371 1570 4425 dicit
1613 4381 1668 4425 ut
1711 4373 2116 4443 quotiescumque

516 4443 724 4514 calicem
748 4443 800 4496 in
827 4438 1354 4514 commemorationem
1384 4438 1592 4497 Domini
1626 4452 1672 4496 et
1697 4438 1967 4514 passionis,
2007 4438 2111 4499 etc.

592 4513 659 4568 Et
690 4513 888 4568 viderit.
944 4513 1180 4570 Rursum
1220 4514 1307 4569 hic
1332 4515 1484 4569 locus
1526 4513 1764 4570 ostendit
1811 4515 2111 4583 audaciam,

521 4586 899 4656 negligentiam
949 4593 1004 4641 et
1065 4586 1403 4643 oseitantiam
1446 4594 1688 4641 veterum
1748 4584 2112 4642 librariorum.

517 4649 743 4723 Quidam
782 4657 925 4712 enim
965 4657 1086 4713 libri
1132 4665 1348 4713 veteres
1375 4657 1575 4713 habent
1623 4666 1667 4711 et
1698 4657 1898 4725 viderit,
1926 4659 2037 4722 alii,
2071 4649 2197 4713 etD

519 4729 725 4800 videris,
764 4728 853 4782 sed
878 4728 1025 4800 vide,
1061 4729 1149 4783 sed
1175 4728 1381 4800 videris,
1445 4728 1533 4782 sed
1578 4728 1857 4783 videamus.
1901 4728 2123 4800 Aliquas

518 4800 661 4856 enim
695 4799 880 4854 harum
911 4799 1197 4855 lectionum
1227 4799 1386 4854 falsas
1412 4814 1532 4854 esse
1559 4814 1781 4855 necesse
1802 4810 1903 4854 est.

593 4869 780 4926 XVIII.
830 4900 903 4911 --
947 4869 1291 4941 Increpantis.
1322 4870 1562 4995 gnatum
1579 4872 1780 4942 antiqui
1804 4872 2020 4927 codices
2049 4871 2122 4928 ita

593 4942 872 4995 itintruunt.
892 4940 1294 4995 obiurnnlionem
1374 4941 1551 4995 omini.
1582 4940 1899 4995 htcrenantis
1921 4959 2018 4995 vos:
2046 4951 2120 4995 est

514 4942 872 5067 disgngluunt,
892 4940 1294 5015 objurgatione»:
1322 4940 1551 4997 Domini.
1582 4940 1899 5013 Increpantis
1921 4959 2018 4998 vos:
2046 4951 2120 4999 est

519 5029 570 5067 tn
646 5030 702 5067 sa
728 5030 828 5067 mo.

519 5029 570 5071 ιη
596 5029 828 5069 νδαιηπο.

587 5082 937 5141 Com-ambas
982 5085 1048 5141 ei.
1100 5084 1189 5142 Sic
1214 5085 1373 5157 etiam
1426 5086 1595 5157 Epist.
1652 5099 1798 5155 mu,
1831 5099 1952 5157 pag.
1987 5083 2113 5155 120,

587 5100 937 5141 concurrebas
982 5101 1048 5141 et.
1101 5100 1189 5142 me
1214 5100 1373 5140 etiam
1426 5100 1595 5157 upISI.
1652 5100 1798 5155 LXIII,
1831 5100 1952 5212 pag.
1987 5100 2113 5155 120,

519 5157 605 5212 ubi
638 5157 787 5213 locus
809 5159 909 5213 iste
933 5157 1183 5225 refertur,
1207 5156 1567 5212 Tertullianus
1594 5157 1645 5212 in
1667 5156 1802 5213 libro
1823 5158 1886 5211 de
1902 5155 2117 5228 .‘pecta-

514 5228 644 5284 culis
671 5239 726 5284 et
753 5229 968 5299 quidam
1003 5228 1126 5284 libri
1147 5237 1362 5285 veteres
1390 5230 1589 5284 habent
1625 5231 1957 5283 concurrebas
1998 5244 2115 5285 cum

513 5316 592 5355 eo.
626 5300 743 5372 Quo
771 5298 932 5355 etiam
957 5299 1129 5372 modo
1148 5299 1338 5372 legitur
1363 5300 1413 5354 in
1465 5299 1702 5370 Epistula
1736 5298 1911 5372 Siricii
1952 5301 2114 5371 Papa

514 5372 582 5425 ad
633 5371 939 5427 Himerium.
996 5370 1222 5441 Quidam
1267 5371 1355 5426 alii
1392 5372 1545 5426 simul
1595 5371 1831 5429 currebas
1877 5387 1993 5427 cum
2030 5370 2110 5427 eo.

514 5444 686 5511 Quam
732 5444 1012 5500 lectionem
1044 5441 1315 5500 Pamelius
1353 5442 1427 5499 ait
1454 5458 1515 5500 se
1537 5444 1804 5503 invenisse
1833 5443 1888 5499 in
1923 5442 2112 5502 codice

515 5514 883 5587 Affligemensi
907 5516 1036 5587 etin
1061 5512 1391 5587 Coloniensi.

583 5585 927 5642 Parta-utam.
954 5586 1013 5643 in
1048 5585 1363 5659 quibusdam
1393 5586 1789 5659 exemplaribus
1836 5587 2104 5658 antiquis,

510 5657 708 5731 Legitur
734 5660 1039 5730 portionem.
1073 5658 1193 5731 Quo
1216 5661 1381 5717 etiam
1408 5657 1569 5717 modo
1614 5660 1884 5731 scriptum
1929 5657 2015 5718 est
2052 5661 2108 5716 in

511 5728 752 5800 Epistula
782 5745 965 5799 cxvtn,
994 5737 1051 5800 et
1070 5730 1124 5785 in
1156 5728 1390 5800 Epistula
1425 5731 1621 5788 Siticii.

582 5800 665 5860 Ad
687 5800 994 5877 Prophetas.
1023 5799 1309 5860 Induobus
1331 5802 1479 5863 libris
1527 5803 1798 5864 veteribus
1851 5802 2112 5878 scriptun!

2218 4244 2300 4308 est
2332 4235 2819 4308 pseudopmphetas.
2850 4234 3006 4308 Quod
3032 4233 3277 4308 fortassis
3299 4306 3305 4308 _
3327 4240 3412 4291 est
3449 4229 3672 4308 melius:
3689 4231 3825 4289 Nam

2220 4305 2593 4378 Cyprianus'in
2622 4305 2757 4365 libro
2782 4308 2847 4363 de
2872 4305 3081 4364 Unitate
3109 4306 3374 4374 Ecclesia,
3427 4320 3548 4377 pag.
3573 4305 3700 4373 197,
3717 4376 3724 4378 _
3741 4320 3826 4360 re-

2218 4376 2399 4450 ferens
2421 4380 2586 4435 alium
2617 4380 2792 4436 locum
2815 4395 2882 4436 ex
2903 4380 3093 4437 eodem
3117 4381 3293 4450 capite
3316 4376 3601 4450 Hieremiae
3626 4376 3819 4448 legitur

2220 4448 2420 4507 dixisse
2452 4468 2467 4504 :
2500 4450 2680 4507 Nolite
2709 4451 2889 4506 audire
2930 4448 3197 4508 sermones
3236 4448 3823 4521 pseudoprophetarum.

2293 4540 2489 4599 Lumen
2512 4543 2709 4603 seculi.
2739 4543 2959 4601 Retinui
2991 4542 3132 4599 hanc
3157 4541 3472 4609 lectionem,
3495 4541 3646 4612 quia
3677 4539 3825 4594 illam

2223 4613 2403 4696 inveni
2430 4615 2484 4670 in
2512 4615 2800 4696 sexdecim
2821 4613 3099 4696 codicibus
3127 4613 3380 4696 antiquis.
3408 4610 3635 4696 Alioqui
3680 4624 3824 4696 prae-

2228 4685 2471 4766 tulissem
2495 4702 2613 4742 eam
2641 4702 2761 4766 quae
2786 4685 3067 4766 habetlua:
3093 4684 3295 4749 mundi,
3314 4697 3494 4766 quam
3536 4692 3601 4764 et.
3616 4693 3826 4766 veteres

2226 4757 2500 4841 editiones
2518 4766 2573 4815 et
2599 4752 2837 4841 quinque
2857 4757 2978 4813 libri
3006 4752 3521 4841 veteresexhilbent,
3537 4752 3671 4841 Bisi
3682 4752 3823 4841 quod

2225 4828 2279 4882 in
2307 4824 2635 4886 Carnotensi
2665 4824 2922 4899 scriptum
2962 4838 3047 4886 est
3084 4825 3265 4899 mundi
3293 4824 3588 4899 uelsteeuli.
3634 4826 3830 4899 Κᾷσμον

2223 4900 2390 4976 enim,
2419 4902 2563 4976 quod
2588 4909 2673 4976 est
2699 4901 2751 4976 in
2774 4895 2988 4976 δι’πῇ
3013 4898 3278 4976 signiﬁcat
3309 4895 3823 4976 prapriemundum.

2226 4966 2383 5026 Unde
2411 4966 2457 5026 ei
2502 4970 2896 5047 Grtrci,__inquit
2945 4966 3325 5047 Tertullianus'
3341 4968 3393 5022 in
3410 4966 3823 5047 '_Apologetico,

2222 5056 2404 5098 nomen
2452 5043 2643 5118 mundo
2686 5038 2878 5118 Κρσμίᾳρν
2932 5040 3489 5118 accommodaperunl."
3521 5038 3597 5118 l_ta
3653 5038 3825 5118 etiam

2220 5121 2439 5170 sanctus
2465 5113 2720 5182 Hilarius,
2742 5105 2800 5170 in
2817 5115 2954 5170 libro
2983 5129 3003 5171 ι
3030 5113 3095 5169 de
3119 5109 3392 5167 Trinitate.
3407 5108 3640 5182 Plinius,
3653 5105 3749 5163 lib.
3764 5122 3825 5182 tt,

2216 5198 2338 5253 cap.
2365 5185 2439 5241 ιε
2468 5183 2610 5241 Nam
2636 5178 2783 5257 quem
2825 5188 3017 5257 Κόσμον
3065 5182 3235 5240 erci
3278 5180 3485 5257 nomine
3543 5178 3829 5257 ornamenti

2215 5250 2621 5326 appellauerunt,
2648 5250 2760 5313 eam
2779 5267 2829 5312 et
2846 5250 2941 5313 nos
2960 5274 2994 5311 a
3010 5258 3240 5327 perfecto
3261 5250 3828 5327 agbsolutaqucelegan-

2215 5322 2296 5382 tia
2314 5328 2578 5384 mundum.
2603 5322 2739 5386 Vide
2753 5322 3085 5385 Ludovicum
3104 5322 3174 5359 ‘3'
3192 5323 3417 5383 Caelium
3438 5322 3826 5393 Rhodiginum,

2216 5397 2311 5473 lib.
2347 5415 2388 5467 ι,
2417 5415 2536 5471 cap.
2567 5399 2621 5455 5.
2650 5400 2983 5473 Quamquam
3009 5412 3197 5473 verum
3227 5404 3312 5453 est
3330 5394 3623 5473 scriptores
3652 5393 3830 5451 eccle-

2212 5470 2462 5528 siasticos
2484 5466 2637 5542 saepe
2657 5466 2918 5543 usurpare
2944 5470 3203 5528 szcculum
3226 5481 3328 5541 pro
3350 5466 3575 5523 mundo.

2283 5561 2578 5636 Tingentes.
2610 5563 2859 5636 Quinque
2886 5563 3010 5621 libri
3059 5570 3274 5621 veteres
3324 5569 3383 5616 et
3425 5556 3828 5636 Al’lligemensis

2212 5632 2506 5708 apamelio
2534 5632 2787 5693 laudatus
2812 5636 3011 5693 habent
3049 5636 3396 5708 baptizontes,
3423 5632 3619 5708 eodem
3635 5643 3823 5708 sensu.

2214 5704 2306 5763 Sic
2335 5708 2535 5785 placuit
2556 5709 2797 5785 librariis
2827 5717 3037 5769 mutare
3052 5702 3152 5785 pro
3177 5704 3404 5764 arbitrio
3429 5719 3529 5766 suo
3554 5702 3825 5769 dictiones

2213 5776 2384 5838 «seu
2403 5776 2685 5855 Cypriani.
