4332 6292
412 308 534 371 589

1816 305 2151 376 EPISTOLA
2186 308 2374 376 LXIV.

3625 318 3737 386 390

425 428 528 499 ipsi
552 426 674 483 loco
700 430 861 497 atque
887 422 1066 481 officio
1091 425 1377 483 sacerdotii
1408 427 1599 496 nostri,
1629 426 1796 484 frater
1814 429 2023 485 charis-
2050 433 2101 493 Α
2128 432 2303 488 ritatis
2348 433 2600 506 magister
2628 435 2846 507 existat,
2892 442 2948 495 et
2978 437 3071 512 qui
3111 452 3220 496 non
3249 437 3430 497 docuit
3455 439 3650 497 fratres
3678 443 3733 499 in

426 521 587 586 sime,
613 519 668 574 in
701 518 982 574 Dominico
1011 519 1180 575 calice
1212 519 1489 577 miscendo
1518 531 1572 576 et
1600 520 1881 585 ollercndo
1904 538 2030 581 cus-

426 612 604 668 todire
632 610 936 666 traditionis
963 610 1256 667 Dominictc
1277 613 1587 681 veritatem,
1614 621 1669 670 et
1693 614 1836 686 quod
1875 615 2027 686 prius

426 707 568 780 apud
620 706 881 777 quosdam
933 706 1143 763 videtur
1191 716 1451 776 erratum,
1494 708 1721 765 Domino
1754 719 2025 777 monente,

426 799 730 871 corrigere;
778 807 856 865 ut,
887 812 1008 854 cum
1037 798 1088 853 in
1129 798 1374 855 claritate
1400 812 1496 854 sua
1527 809 1580 857 et
1606 800 1885 871 majestate
1913 815 2026 857 coe-

423 890 548 949 loeti
576 890 763 947 venire
795 890 1053 961 coeperit,
1101 889 1340 947 inveniat
1373 905 1473 947 nos
1512 902 1696 949 tenere
1741 892 1884 965 quod
1915 909 2031 948 mo-

422 982 562 1048 nuit,
585 981 888 1039 observare
909 982 1051 1053 quod
1077 981 1302 1052 docuit,
1334 983 1513 1042 facere
1537 985 1680 1056 quod
1709 985 1852 1043 fecit.
1890 987 2029 1059 Opto

424 1085 500 1146 te,
528 1077 695 1134 frater
716 1076 1052 1144 charissime,
1076 1091 1291 1149 semper
1320 1078 1457 1135 bene
1487 1080 1687 1136 valere.

946 1190 1281 1247 EPISTULA
1314 1191 1499 1250 LXIV.

422 1281 657 1349 (Erasm,
681 1296 716 1349 ι,
740 1282 1011 1352 7.Pamel_.,
1035 1282 1237 1352 Rigalt,
1263 1284 1449 1347 Balnz.,
1477 1300 1604 1352 cur.
1641 1286 1843 1352 Pariss.,
1891 1304 2026 1344 Lxm.

950 1345 1138 1421 onni,
1170 1348 1327 1412 Lips,
1353 1345 1492 1413 va.)

426 1451 494 1493 ω
530 1449 833 1493 EPICTETUI
871 1451 940 1491 ΕΤ
977 1452 1186 1492 Ριεθεκ
1225 1451 1687 1506 Αεευιιιτλκοιιωι,
1718 1456 1785 1496 D8
1826 1455 2028 1497 ιτοιιτυο

684 1542 923 1585 ΝΑΊΊΔΜ)
957 1543 1210 1593 ρυοιωλιι
1248 1544 1429 1586 εοιιωί
1468 1545 1739 1588 Εριεοονο.

424 1622 819 1679 Αισωιιιστωι.
846 1650 916 1663 --
948 1621 1123 1677 Monet
1149 1621 1438 1694 Epictetum
1466 1633 1513 1677 et
1540 1624 1734 1694 plebem
1763 1626 2025 1681 Assur-ita-

499 1731 682 1771 norum
713 1725 770 1771 ut
809 1714 1275 1785 Fortunatianum,
1304 1719 1564 1783 quondam
1589 1722 1903 1791 episcopum,
1937 1723 2024 1776 scd

2134 527 2324 596 praelia
2351 527 2558 585 fortiter
2588 536 2756 597 stare,
2785 530 2977 587 doceat
3004 546 3100 589 eos
3123 533 3212 604 qui
3240 532 3367 589 victi
3389 543 3442 589 et
3472 534 3729 607 prostrati

2134 627 2260 673 sont
2286 634 2383 674 nec
2411 635 2632 690 rogare,
2666 637 2787 677 cum
2816 624 3072 680 Dominus
3096 625 3269 681 dicat:
3294 625 3414 681 Illis
3438 627 3643 696 fudistis
3670 628 3735 683 li-

2133 708 2361 777 bamina,
2393 720 2441 764 et
2461 711 2567 766 illis
2591 713 2904 783 imposuistis
2929 714 3224 786 sacriﬁcia;
3245 733 3397 789 super
3422 718 3529 773 lucc
3555 719 3728 776 omnia

2132 818 2251 874 ergo
2275 809 2300 840 ⁸
2329 819 2430 858 non
2446 804 2779 876 indignabar?
2805 806 2928 861 dicit
2953 805 3203 865 Dominus
3223 808 3357 881 (ιω.
3390 826 3515 880 LVII,
3549 810 3628 883 ϐ).
3658 811 3729 870 Ει

2133 896 2238 952 alio
2270 896 2429 953 loco:
2464 898 2781 965 Sacriﬁcans
2834 900 2933 958 diis
2979 903 3337 974 eradicabitur,
3371 904 3472 962 nisi
3506 904 3732 963 Domino

2132 989 2230 1043 soli
2255 987 2448 1060 (Exod.
2479 1007 2616 1059 χχιι,
2650 990 2761 1065 l9).
2783 994 2910 1050 Item
2938 994 3197 1052 Dominus
3224 994 3401 1055 denuo
3425 996 3659 1070 loquitur
3678 1007 3735 1057 et

2131 1083 2261 1139 dicit
2292 1102 2306 1139 :
2338 1085 2691 1143 Adoraverunt
2728 1105 2813 1143 eos
2838 1104 2963 1159 quos
2993 1090 3219 1162 fecerunt
3250 1092 3394 1165 digiti
3448 1109 3652 1162 eorum,
3684 1103 3735 1151 et

2132 1187 2369 1235 curvatus
2394 1189 2466 1235 est
2493 1180 2642 1236 homo
2679 1191 2729 1236 et
2781 1180 3081 1239 humiliatus
3110 1194 3183 1240 est
3210 1185 3308 1252 vir,
3346 1195 3394 1239 et
3420 1201 3522 1240 non
3548 1185 3734 1242 laxabo

2129 1270 2234 1326 illis
2262 1271 2396 1343 (Isa.
2440 1288 2498 1341 ιι,
2526 1274 2580 1341 8,
2599 1273 2675 1347 9).
2698 1273 2752 1330 ln
2766 1274 3087 1348 Apocalypsi
3115 1291 3328 1349 quoque
3354 1263 3579 1349 legimus
3599 1278 3733 1335 iram

2131 1363 2342 1420 Domini
2371 1367 2751 1423 comminantis
2793 1374 2849 1424 et
2876 1362 3104 1425 dicentis
3135 1387 3150 1423 :
3184 1370 3248 1426 Si
3272 1370 3386 1439 quis
3415 1370 3595 1426 adorat
3621 1371 3733 1428 bes-

2130 1460 2253 1512 tiam
2297 1469 2345 1514 et
2389 1460 2661 1532 imaginem
2696 1464 2844 1533 ejus,
2878 1471 2924 1518 et
2948 1465 3133 1535 accipit
3157 1473 3329 1520 notam
3367 1464 3423 1520 in
3449 1467 3617 1537 fronte
3640 1483 3735 1523 sua
3796 1484 3801 1489 δ

2129 1559 2176 1605 ct
2202 1552 2258 1606 in
2287 1568 2474 1620 manu,
2502 1551 2633 1608 bibet
2658 1561 2705 1609 et
2733 1554 2843 1624 ipse
2870 1554 2934 1610 de
2958 1556 3075 1612 vino
3110 1558 3205 1612 irre
3229 1555 3329 1612 Dei
3356 1557 3516 1613 mixto
3554 1559 3609 1613 in
3634 1575 3733 1632 po-

2130 1644 2246 1699 culo
2273 1644 2367 1700 ira:
2393 1646 2538 1718 ejus,
2586 1655 2633 1702 et
2663 1647 2901 1718 punietur
2931 1650 3049 1721 igne
3084 1659 3130 1705 et
3161 1650 3408 1723 sulphure
3444 1652 3535 1707 sub
3573 1653 3733 1711 oculis

2129 1748 2419 1793 sanctorum
2460 1739 2771 1811 Angelorum
2801 1752 2847 1795 et
2888 1741 2979 1795 sub
3006 1743 3167 1802 oculis
3197 1744 3331 1816 Agni
3348 1787 3362 1812 ,
3398 1755 3444 1800 et
3475 1749 3645 1819 fumus
3670 1749 3735 1804 de

499 1807 700 1906 ιιξξιωξι
720 1848 735 1873 ›
762 1807 831 1862 σά
852 1809 1392 1906 ξρίκοραικηι-νεάῐνε
1437 1827 1539 1865 κοπ
1570 1812 1895 1882 Familiam;
1918 1822 2025 1868 mm
2054 1828 2101 1890 B
2132 1830 2391 1885 tormentis
2416 1807 2587 1886 eorum
2606 1833 2661 1887 in
2690 1833 2877 1888 sa'cula
2904 1835 3203 1890 saeculorum
3234 1807 3488 1906 dscendet,
3520 1856 3610 1894 nec
3638 1841 3735 1895 Ita-

499 1898 617 1955 aliis
635 1898 701 1956 de
723 1900 908 1966 causis,
936 1910 1044 1955 tum
1077 1903 1217 1972 quod
1253 1911 1497 1959 statutum
1517 1914 1644 1960 esset
1703 1920 1767 1959 ne
1799 1906 2026 1977 episcopi

497 1992 631 2061 lapsi
651 1992 721 2046 ad
740 1993 961 2062 priorem
988 1993 1203 2064 gradum
1221 1996 1628 2053 admitterentur.

494 2101 537 2158 Ι.
584 2102 886 2175 Cyprianus
928 2105 1173 2177 Epicteto
1227 2106 1376 2163 fratri
1415 2116 1470 2164 et
1510 2108 1650 2180 plebi
1713 2110 1939 2168 Assuras
1998 2121 2023 2150 α

421 2198 737 2254 consistenli
764 2200 1012 2257 salutem.
1036 2199 1287 2259 Graviter
1310 2211 1366 2259 et
1394 2203 1642 2261 dolenter
1668 2216 1847 2262 motus
1877 2222 2021 2273 sum,

424 2287 621 2347 fratres
660 2292 984 2360 cbarissimi,
1023 2293 1164 2366 quod
1203 2299 1548 2367 cognoverim
1579 2297 2024 2356 Fortunatianum

422 2383 689 2454 quondam
720 2385 860 2458 apud
896 2402 994 2443 vos
1030 2388 1343 2459 episcopum
1383 2399 1507 2459 post
1548 2405 1767 2462 gravem
1814 2392 2024 2462 lapsum

423 2479 593 2533 ruina:
614 2492 727 2534 sua:
755 2493 854 2551 pro
881 2480 1093 2550 integro
1129 2496 1272 2537 nunc
1302 2496 1463 2555 agere
1491 2483 1632 2541 velle
1658 2491 1711 2539 et
1740 2484 2026 2556 episcopa-

421 2580 537 2628 tum
563 2573 665 2629 sibi
690 2572 958 2629 vindicare
982 2575 1231 2645 coepisse.
1272 2574 1403 2642 Quae
1430 2591 1521 2633 res
1546 2578 1884 2635 contristavit
1914 2594 2023 2649 me,

421 2666 597 2736 primo
626 2676 845 2737 propter
887 2666 1085 2737 ipsum,
1115 2668 1205 2738 qui
1228 2669 1416 2735 miser,
1451 2672 1535 2726 vel
1567 2670 1761 2727 diaboli
1795 2672 2028 2729 tenebris

421 2759 476 2814 in
505 2767 677 2815 totum
709 2770 1043 2827 exctecatus,
1078 2761 1166 2816 vel
1209 2764 1564 2832 quorumdam
1594 2765 1855 2835 sacrilega
1905 2782 2029 2837 per-

420 2854 677 2909 suasione
701 2852 959 2923 deceptus
989 2896 1005 2921 ,
1033 2868 1155 2909 cum
1190 2854 1384 2912 debeat
1412 2857 1723 2917 satisfacere
1742 2870 1800 2917 et
1821 2860 1887 2917 ad
1919 2862 2029 2917 Do-

421 2948 634 3002 minum
673 2945 1007 3002 exorandum
1044 2946 1234 3004 diebus
1278 2964 1344 3007 ac
1390 2950 1645 3008 noctibus
1683 2952 1935 3026 lacrymis
1974 2963 2029 3010 et

426 3039 492 3072 1“
516 3038 851 3095 orationibus
876 3048 929 3095 et
950 3040 1197 3110 precibus
1218 3040 1836 3109 incumbere,audetsibi
1857 3045 2032 3103 adhuc

426 3130 786 3190 sacerdotium
844 3132 988 3203 quod
1034 3133 1266 3203 prodidit
1328 3135 1602 3194 vindicare
1628 3181 1641 3205 ,
1688 3139 1841 3210 quasi
1912 3151 2033 3211 post

2129 1921 2314 1977 bebunt
2340 1924 2561 1995 requiem
2582 1926 2664 1979 die
2689 1942 2749 1980 ac
2776 1935 2921 1981 nocte
2947 1927 3033 1998 qui
3055 1928 3271 1983 adorant
3296 1929 3507 1986 bestiant
3531 1940 3580 1987 et
3604 1932 3736 1987 ima-

2128 2013 2295 2085 ginem
2315 2016 2425 2087 ejus
2454 2015 2634 2088 (Apoc.
2661 2032 2774 2087 xw,
2798 2017 2974 2091 9-H).

2202 2106 2267 2163 Il.
2299 2105 2433 2163 Cum
2462 2124 2589 2180 ergo
2617 2110 2734 2168 haec
2759 2121 3043 2179 tormenta,
3088 2111 3204 2169 hac
3230 2111 3489 2186 supplicia
3544 2112 3598 2171 in
3643 2113 3732 2172 die

2125 2199 2313 2269 judicii
2353 2202 2607 2258 Dominus
2632 2205 2989 2261 comminetur
3016 2205 3081 2261 iis
3126 2207 3216 2276 qui
3252 2205 3469 2263 diabolo
3517 2206 3733 2263 obtem-

2130 2304 2320 2364 perant
2350 2303 2405 2351 et
2434 2294 2590 2351 idolis
2614 2297 2940 2365 sacrificant,
2985 2297 3255 2370 quomodo
3282 2314 3341 2355 se
3383 2308 3531 2372 putat
3574 2313 3736 2371 posse

2130 2402 2290 2459 agere
2317 2404 2413 2460 pro
2441 2389 2533 2445 Dei
2562 2389 2844 2448 sacerdote
2875 2390 2965 2463 qui
2991 2391 3385 2463 obtemperavit
3406 2403 3462 2449 et
3510 2395 3732 2450 servivit

2130 2481 2331 2539 diaboli
2376 2484 2744 2542 sacerdotibus
2773 2485 2799 2539 ’ἶ
2853 2495 2943 2542 aut
2992 2485 3261 2557 quomodo
3311 2495 3463 2558 putat
3512 2504 3730 2547 manum

2131 2589 2283 2631 suam
2313 2576 2593 2633 transferri
2633 2592 2795 2650 posse
2823 2576 2889 2634 ad
2930 2578 3023 2634 Dei
3055 2576 3083 2616 ι’
3130 2578 3453 2635 sacrificium
3509 2587 3566 2636 et
3609 2596 3733 2652 pre-

2133 2683 2250 2724 cem
2285 2669 2494 2726 Domini
2519 2686 2638 2741 qum
2659 2672 2865 2744 captiva
2896 2671 3057 2729 fuerit
3087 2672 3370 2746 sacrilegio
3396 2685 3450 2730 et
3477 2674 3727 2743 crimini,

2132 2762 2347 2831 quando
2372 2766 2424 2819 in
2450 2765 2743 2836 Scripturis
2768 2766 2968 2823 divinis
2996 2768 3134 2824 Deus
3156 2768 3222 2824 ad
3252 2767 3575 2826 sacrificium
3601 2784 3731 2841 pro-

2134 2853 2315 2911 bibeat
2342 2857 2600 2915 accedere
2640 2859 2950 2916 Sacerdotes
2978 2861 3221 2918 etiamin
3268 2864 3455 2919 leviori
3505 2864 3732 2920 crimine

2135 2949 2470 3017 constitutos,
2502 2957 2555 3004 et
2602 2950 2655 3004 in
2704 2949 2928 3006 Leuitico
2962 2951 3104 3007 dicat
3133 2953 3276 3024 (χιι,
3309 2951 3403 3025 17)
3437 2969 3453 3006 :
3486 2952 3656 3011 Homo
3676 2955 3732 3009 in

2136 3059 2236 3113 quo
2293 3042 2445 3111 fuerit
2510 3037 2687 3095 vitium
2763 3051 2810 3096 et
2884 3042 3086 3097 macula
3137 3060 3242 3098 non
3284 3044 3486 3100 accedet
3546 3044 3733 3113 oﬁ‘erre

2137 3133 2272 3189 dona
2296 3132 2427 3189 Deo.
2486 3133 2615 3191 Item
2656 3134 2707 3189 in
2741 3133 2924 3189 Exodo
2980 3135 3112 3206 (xxx,
3153 3134 3246 3205 22)
3282 3152 3296 3189 :
3327 3135 3396 3191 Et
3449 3139 3732 3194 sacerdotes

427 3238 549 3280 aras
576 3223 775 3280 diaboli
812 3225 1071 3281 accedere
1098 3225 1165 3281 ad
1194 3227 1366 3283 altare
1405 3229 1499 3284 Dei
1543 3228 1620 3285 las
1658 3232 1746 3297 sit,
1785 3239 1879 3288 aut
1917 3249 2022 3289 non
2049 3224 2097 3289 C
2131 3248 2138 3277 ι

2021 3224 2097 3289 ,C
2131 3227 2217 3295 qui
2279 3224 2526 3280 accedunt
2566 3225 2635 3280 ad
2682 3225 2958 3280 Dominum
3005 3225 3170 3282 Deum
3219 3228 3619 3297 sanctiﬁcantur,
3668 3247 3732 3287 ne

431 3318 695 3388 majorem
725 3317 780 3373 in
818 3331 877 3374 se
908 3317 1040 3373 iram
1079 3327 1136 3374 et
1159 3318 1582 3391 indignationem
1612 3321 1825 3379 Domini
1855 3324 1910 3380 in
1935 3324 2025 3383 die

428 3406 614 3477 jndicii
645 3418 923 3480 provocet,
947 3411 1059 3481 qui,
1092 3425 1213 3468 cum
1245 3410 1369 3469 fidei
1396 3421 1449 3469 et
1467 3412 1680 3492 virtutis
1709 3414 1818 3471 dux
1846 3415 2028 3474 fratri-

428 3503 532 3559 bus
558 3516 680 3560 esse
724 3518 834 3560 non
870 3504 1135 3576 potuerit,
1167 3506 1406 3577 perﬁdiae
1434 3515 1488 3566 et
1512 3507 1750 3566 audacia:
1779 3519 1835 3566 et
1864 3517 2031 3569 teme-

2136 3322 2268 3392 forte
2291 3319 2607 3390 derelinquat
2649 3318 2768 3374 illos
2807 3318 3079 3379 Dominus.
3110 3320 3178 3376 Et
3203 3320 3437 3377 iterum:
3470 3320 3675 3378 Etcum
3706 3334 3729 3365 α

2138 3414 2383 3469 accedunt
2424 3412 2713 3470 ministrare
2760 3412 2830 3467 ad
2879 3413 3042 3468 altare
3089 3413 3272 3480 sancti,
3323 3431 3427 3471 non
3480 3416 3734 3474 adducent

2136 3510 2192 3566 in
2218 3508 2551 3576 sedelictunt,
2574 3524 2638 3563 ne
2662 3506 2946 3565 moriantur
2961 3504 3015 3580 (1
3021 3507 3128 3564 bid.
3161 3524 3309 3579 xxrx,
3340 3505 3454 3583 45).
3482 3508 3586 3580 Qui
3604 3525 3735 3585 ergo

1660 3641 2044 3704 LECTIONES
2071 3641 2485 3703 VARIANTES.

492 3756 875 3873 ἓῗέῗιῖἓεέὴιὲ
1052 3757 1189 3812 F088.
1209 3757 1355 3813 Corb.

2199 3761 2226 3792 ο
2252 3759 2349 3820 Qui
2366 3758 2610 3810 accedunt
2631 3758 2758 3811 Bod.
2791 3760 2838 3823 i,
2876 3758 2926 3808 2.
2952 3759 3089 3813 Lam.
3114 3759 3260 3812 Ebur.
3285 3760 3449 3824 no.1,
3473 3760 3523 3812 2.
3560 3758 3667 3814 Litt.

1665 3905 1905 3963 STEPH.
1949 3906 2225 3966 BALUZII
2260 3904 2486 3963 NOTAE.

499 4019 717 4080 XlX.—
732 4020 866 4095 Opta
894 4031 962 4076 te.
994 4020 1161 4095 Vetus
1190 4019 1534 4095 Remigianus
1558 4018 1804 4090 :Semper
1822 4023 1935 4077 uale
1962 4023 2018 4077 in
2121 4019 2331 4095 mtlphi,
2349 4034 2472 4076 cum
2485 4018 2743 4089 scriptum
2773 4019 3345 4095 fuissetapepiscopum
3372 4021 3633 4095 scriptum
3650 4030 3736 4081 est

432 4091 540 4152 Deo
566 4091 806 4162 Domina,
841 4097 997 4167 frater
1018 4092 1332 4167 citatissime.

2122 4106 2283 4161 supra
2297 4091 2495 4167 lineam
2516 4099 2801 4167 apostatam
2818 4092 3030 4167 eadem,
3051 4092 3360 4167 utvidetur,
3375 4091 3736 4167 matiu._Prop-

503 4168 679 4223 EPIST.
710 4160 852 4221 thvl
884 4165 1017 4237 --1ἵ
1066 4162 1319 4237 Epicteto,
1340 4164 1605 4237 episcopo!
1624 4163 1942 4237 Assuritano
1964 4164 2017 4220 in
2123 4160 3211 4237 tereaergoCypr'ianus_eumaitquondam
3225 4160 3727 4237 episcopumluissé,

469 4238 707 4295 rovincia
738 4232 1124 4306 proconsulari.
1156 4235 1234 4292 illi
1268 4237 1320 4290 in
1338 4232 1398 4291 ea
1415 4232 1671 4290 cathedra
1696 4236 2023 4292 successisse
2127 4249 2267 4290 nunc
2289 4232 2395 4289 non
2412 4232 2554 4290 esse.
2577 4232 2819 4290 Similem
2842 4232 3092 4305 loquendi
3118 4232 3339 4292 modum
3357 4232 3733 4295 adnotavimus

430 4255 707 4365 Q’ictorem
731 4308 899 4365 liuuet
929 4322 995 4362 ex
1020 4306 1253 4363 concilio
1280 4306 1686 4365 Cartlmttinensi
1715 4308 1887 4362 sancti
1910 4305 2022 4365 Cv-
2125 4305 2180 4361 in
2197 4306 2433 4365 Epistula
2452 4321 2563 4365 th.
2580 4320 2633 4365 ι).
2667 4306 2758 4365 97.
2777 4306 2846 4361 de
2858 4305 3077 4363 Victore
3101 4308 3371 4365 quondam
3388 4307 3731 4365 presttero.

480 4311 707 4365 ictorem
731 4305 899 4375 liquet
929 4322 995 4362 ex
1020 4306 1253 4363 concilio
1280 4306 1686 4375 Cartlmginensi
1715 4308 1887 4362 sancti
1910 4305 2022 4378 Cy-

432 4379 628 4451 priani.
646 4378 707 4432 In
728 4378 957 4433 concilio
969 4378 1246 4447 Bagaiensi
1268 4378 1551 4451 damnatus
1564 4387 1649 4433 est
1670 4378 2023 4451 Praetextatus

428 4449 717 4521 episcopus
738 4450 1081 4521 Assuritataus
1097 4492 1112 4515 ,
1136 4451 1188 4503 in
1210 4450 1362 4521 cujus
1379 4451 1499 4521 loco
1518 4449 1809 4521 Donatista:
1831 4464 2026 4521 postie-

2125 4305 2180 4375 in
2197 4306 2433 4378 Epistula
2452 4321 2563 4367 Lux.
2580 4320 2633 4375 p.
2662 4306 2758 4378 >97,
2777 4306 2846 4361 de
2858 4305 3077 4363 Victore
3101 4308 3371 4377 quondam
3387 4307 3731 4378 presbytero.

2202 4369 2353 4442 Quod
2372 4369 2617 4446 prodidii.
2644 4376 2830 4435 Codex
2856 4389 3025 4434 sancti
3053 4369 3314 4448 Aruulplii
3341 4369 3585 4447 perdidit:

2200 4448 2355 4503 Fidei
2382 4458 2430 4502 et
2466 4448 2683 4503 uirtutis.
2728 4449 2983 4517 Quamvis
3015 4449 3132 4504 base
3153 4450 3340 4513 lectio,
3373 4457 3611 4519 quamet
3643 4463 3734 4506 vc-

429 4517 554 4595 rimt
591 4517 877 4595 litigatum;
908 4517 1723 4595 ianollatione‘Carthaginiensi
1756 4517 1896 4595 inter
1919 4518 2025 4575 Ca-
2051 4535 2106 4595 1)
2133 4529 2276 4595 teres
2299 4519 2563 4595 editiones
2586 4529 2641 4575 et
2677 4520 2961 4577 duodecim
3004 4521 3125 4595 libri
3176 4517 3729 4595 vetcrcs‘prwlcrunt,

430 4590 766 4649 tholicos’et
792 4590 1086 4648 donatistas
1137 4590 1308 4663 adluit
1359 4591 1690 4662 Evangelus,
1743 4593 2029 4663 episcopus

431 4664 675 4722 ecclesia:
701 4664 1029 4721 Assuritana:
1052 4662 1380 4718 Catholicus.

506 4733 717 4818 Fratres
745 4734 1072 4818 .ciaarissitui.
1111 4733 1249 4818 :l‘res
1303 4735 1427 4818 libri
1463 4742 1684 4818 veteres
1735 4733 2030 4818 praeierunt

431 4811 592 4879 frater
612 4806 927 4862 citatissime.
958 4805 1087 4872 Quae
1110 4805 1270 4860 lectio
1300 4815 1476 4875 potest
1495 4821 1617 4861 esse
1636 4806 1797 4862 bona.
1816 4807 2029 4876 Quippe

431 4879 655 4960 epistola
676 4878 874 4947 scripta
902 4884 992 4960 est
1017 4876 1086 4931 ad
1115 4878 1428 4960 episcopum
1450 4886 1504 4933 et
1520 4877 1752 4960 plebem,
1774 4887 1833 4934 et
1858 4879 2030 4959 potuit

431 4945 731 5032 gyprianns
767 4945 833 5004 eo
860 4947 1025 5032 modo
1050 4947 1288 5032 scribere
1305 4945 1418 5018 quo
1444 4945 1730 5030 scripsisse
1759 4945 2028 5032 reperitur

431 5016 601 5090 Epist.
646 5035 776 5085 Lvu,
825 5018 895 5073 ad
954 5016 1275 5076 Cornelium:
1314 5016 1434 5090 qua:
1464 5016 1586 5076 cum
1624 5016 1838 5090 scripta
1859 5021 1931 5076 sit
1960 5035 2028 5076 ex

432 5106 587 5162 aequo
617 5093 684 5147 ad
721 5090 1029 5148 Cornelium
1060 5100 1117 5147 et
1149 5091 1215 5147 ad
1245 5105 1458 5147 omnem
1498 5090 1794 5147 Ecclesiam
1824 5090 2028 5148 Roma-

432 5178 591 5226 nam.
622 5173 800 5221 tamen
838 5162 1010 5232 inquit
1046 5163 1387 5234 cognouimus
1426 5166 1583 5234 frater
1619 5163 1945 5228 charissima,
1975 5172 2031 5219 et

431 5249 557 5317 mox
579 5235 774 5317 stylum
805 5234 1071 5317 convertit
1093 5232 1395 5317 Qyprianus
1426 5232 1491 5291 ad
1520 5236 1856 5317 o_mnes,‘qu_i‘
1873 5248 2032 5317 prop.

433 5315 576 5361 terea
612 5304 805 5363 fratres
833 5304 1424 5361 charissimi'vocantur
1444 5307 1603 5376 paulo
1636 5313 1776 5375 post.
1815 5304 1891 5359 Ea
1921 5305 2030 5360 dis-

432 5378 703 5459 crepantia
729 5378 1018 5460 lectionum
1042 5376 1399 5460 in'gyprianlo
1428 5376 1640 5460 videtur
1664 5385 1783 5460 orta
1803 5391 1933 5460 esse
1953 5391 2030 5460 ,ει

432 5446 595 5503 notis.
614 5456 751 5504 Nam
767 5448 1121 5511 anidtnaverti
1137 5446 1297 5519 frater
1318 5450 1613 5515 charissime
1631 5456 1688 5503 et
1710 5446 1894 5517 fratres
1915 5448 2033 5500 cha-

432 5521 621 5601 rissimi
650 5519 980 5601 Quandoque
1022 5521 1090 5575 ita
1131 5522 1293 5601 scribi
1321 5521 1372 5575 in
1401 5520 1632 5601 antiquis
1660 5518 1938 5601 codicibus
1966 5518 2028 5572 F.

434 5588 501 5645 Κ.
537 5598 594 5646 et
649 5588 756 5645 FF.
801 5588 908 5648 CC.
943 5608 1010 5648 eo
1056 5592 1219 5648 modo
1246 5607 1352 5664 quo
1383 5588 1699 5647 dilectissimi
1740 5589 1851 5645 vidi
1888 5603 2035 5660 saepe

435 5660 695 5716 scriptum
721 5661 831 5716 ω).

435 5669 695 5719 scriptum
722 5669 831 5716 ιω.

568 5734 966 5801 orttmatiauum,
982 5749 1144 5805 quem
1160 5734 1433 5805 apostasia,
1445 5733 1716 5805 deiecerat
1728 5732 1799 5787 ab
1825 5734 2037 5802 episco-

445 5813 594 5881 patu,
613 5819 735 5862 cum
747 5803 1102 5865 sacriﬁcasset
1122 5804 1298 5863 idolis.
1320 5803 1472 5863 Unde
1487 5803 1539 5860 in
1556 5804 1740 5863 codice
1755 5805 1923 5862 sancti
1937 5806 2040 5861 Ar-

2131 4592 2202 4646 sit
2221 4591 2444 4662 optima,
2473 4590 2635 4647 silere
2661 4600 2838 4647 tamen
2868 4606 2976 4646 non
3004 4590 3178 4648 debeo
3206 4591 3496 4662 editionem
3541 4589 3732 4646 Morel-

2133 4660 2329 4717 lianam
2362 4672 2416 4717 et
2435 4662 2847 4732 quinquelibros
2870 4673 3077 4718 veteres
3093 4662 3290 4732 habere
3308 4660 3504 4716 virtutis
3516 4670 3563 4715 et
3583 4662 3729 4731 fidei.

2210 4733 2274 4789 ll.
2307 4764 2379 4774 ——
2412 4731 2614 4787 Diaboli
2641 4734 3006 4789 sacerdotibus.
3030 4732 3214 4790 Codex
3227 4731 3268 4787 F
3272 4733 3508 4802 mensis,
3530 4733 3734 4791 diabolo

2131 4805 2598 4887 aut‘sace‘rdotibus
2623 4806 2754 4887 ejus.

2205 4877 2488 4947 Sacrilegio
2512 4885 2557 4931 et
2580 4873 2799 4929 crimini.
2827 4873 3009 4948 Codex
3040 4875 3586 4948 Gratianopolitanus,
3615 4892 3730 4948 quat

2132 4958 2283 5018 capta
2303 4944 2471 5018 fuerat
2499 4948 2767 5017 sacrilegio
2784 4956 2830 5001 et
2866 4946 3095 5017 rrimine.
3129 4944 3492 5016 Corbeiensis,
3524 4944 3730 5006 sacrile-

2133 5021 2333 5091 giorum
2344 5029 2393 5073 et
2418 5019 2701 5091 criminum.
2723 5018 3030 5091 Quarieclio
3058 5018 3268 5091 videtur
3293 5034 3414 5078 esse
3444 5020 3653 5083 melior,
3687 5019 3733 5074 si

2135 5089 2239 5146 vox
2267 5091 2467 5159 captiva
2493 5089 2806 5161 retineatur.
2846 5089 3129 5147 Hieremiae
3158 5106 3279 5161 cap.
3328 5106 3470 5156 sux,
3504 5091 3731 5160 captivos

2134 5162 2362 5230 ﬁliorum
2387 5161 2609 5215 Aumon.
2638 5158 2826 5230 Neque
2860 5162 3003 5217 enim
3031 5158 3239 5220 dicitur
3266 5178 3455 5219 servus
3486 5158 3728 5229 domino,

2134 5229 2436 5315 Sed-servus
2460 5231 2687 5315 domini.
2710 5229 2845 5288 Hinc
2860 5232 3001 5315 apud
3027 5229 3341 5315 Ciceronem
3367 5233 3508 5315 servi
3531 5233 3730 5315 legum,

2132 5303 2479 5376 seditionum,
2502 5302 2869 5373 cupiditatum.
2898 5302 3342 5363 ldemdiccndum
3372 5304 3441 5361 de
3464 5302 3731 5376 captivis,

2134 5375 2224 5445 qui
2253 5375 2333 5429 sui
2358 5375 2496 5444 juris
2526 5390 2631 5430 non
2661 5383 2806 5431 sunt.

2207 5444 2289 5499 Ad
2314 5448 2479 5500 altare
2498 5447 2683 5501 sancti.
2710 5445 2781 5500 Ita
2805 5459 2994 5502 onmes
3014 5444 3133 5503 iere
3151 5448 3270 5503 libri
3301 5454 3541 5516 veteres,
3572 5449 3733 5505 etiam

2139 5518 2455 5586 Anglicani,
2486 5526 2542 5572 et
2578 5516 2839 5587 editiones
2866 5532 3059 5576 omnes
3099 5527 3226 5577 ante
3262 5519 3596 5577 Erasmicam
3621 5559 3636 5587 ,
3677 5521 3737 5580 in

2140 5602 2243 5656 qua
2269 5587 2462 5662 legitur
2488 5588 2557 5641 ad
2589 5586 2751 5662 altare
2786 5597 3035 5662 sanctum.
3064 5589 3401 5662 Quamquam
3428 5590 3569 5647 hanc
3596 5586 3733 5661 quo-

2140 5672 2245 5732 que
2270 5657 2869 5732 lectionempraelernat
2887 5660 2996 5732 duo
3016 5661 3140 5719 libri
3164 5657 3389 5719 veteres.
3420 5657 3686 5732 Rigalti'us
3714 5703 3731 5730 ,

2142 5731 2340 5785 antisse
2367 5744 2497 5786 voce
2518 5730 2701 5796 altare,
2730 5732 2907 5799 posuit
2930 5731 2998 5787 ad
3024 5742 3273 5796 sanctum,
3305 5730 3640 5799 amaritate,
3670 5741 3731 5795 ut

2145 5801 2259 5874 ipse
2284 5800 2376 5872 ait,
2407 5800 2605 5859 codicis
2631 5799 2979 5873 Veronensis,
3012 5803 3154 5878 quod
3182 5819 3282 5879 ego
3310 5813 3484 5864 tamen
3511 5820 3617 5863 non
3649 5805 3727 5871 in.
