4250 6282
494 265 603 324 395

1876 251 2019 316 DIVI
2053 250 2375 318 CYPBIANI

3686 255 3799 320 396

498 377 718 437 audierit
735 376 1276 447 timebit,etnonagent
1296 372 1453 445 impie
1468 372 1619 429 etiam
1634 370 2088 442 nunc(Deut.xvn,
2117 373 2171 434 Α
2197 378 2401 438 noster,
2433 369 2604 443 usque
2630 369 2700 429 sd
2744 368 3014 442 passionis
3065 352 3211 427 diem
3256 372 3489 430 serram
3530 371 3789 433 honorem

502 468 690 542 12).Et
706 470 1000 526 utsciamus
1016 465 1250 522 hancDei
1264 463 1643 521 vocemmcum
1661 477 1785 520 vera
1803 470 2088 523 et-summa

499 564 782 633 majestate
799 561 915 631 ejus
942 569 969 597 ιι
998 558 1324 629 processisse
1342 557 1407 613 ad
1448 556 1792 621 honorandos
1823 572 1886 613 ac
1912 555 2088 613 vindi-

497 654 700 713 candos
735 650 1042 708 sacerdotes
1068 664 1216 717 suos,
1245 664 1366 706 cum
1394 648 1657 705 adversus
1686 650 1867 705 Aaron
1896 662 2084 704 sacer-

499 746 680 803 dotem
705 754 816 801 tres
836 744 905 801 de
922 744 1215 817 ministris,
1239 742 1418 800 Chore
1438 751 1491 799 et
1521 742 1727 798 Datltan
1774 750 1828 798 et
1862 742 2087 809 Abiron,

495 838 610 894 ausi
662 844 786 893 sunt
812 835 1131 907 superbisse
1168 845 1222 892 et
1258 836 1522 892 cervicem
1560 849 1711 890 suam
1742 832 1999 889 extollere
2036 841 2093 887 et

501 930 770 987 sacerdoti
795 929 1082 1001 praposito
1102 943 1161 985 se
1186 928 1493 999 adaequare,
1526 927 1672 983 hiatu
1703 936 1860 982 terrae
1895 924 2089 980 absor-
2118 928 2121 931 '

498 1023 577 1093 pti
608 1036 671 1078 ac
698 1020 961 1088 devorati,
992 1034 1179 1091 poenas
1208 1020 1388 1074 statim
1411 1019 1685 1089 sacrilegae
1711 1017 1947 1073 audacia:
1970 1031 2095 1087 pcr-

500 1113 796 1169 solverunt.
828 1111 938 1168 Nec
969 1112 1069 1167 soli
1098 1111 1194 1175 illi,
1227 1110 1322 1166 sed
1352 1120 1407 1165 et
1432 1109 1612 1163 caeteri
1659 1108 1880 1163 ducenti
1929 1107 2091 1179 quiu-

500 1205 751 1277 quaginta
779 1204 869 1274 qui
912 1203 992 1259 eis
1017 1202 1241 1258 comites
1286 1202 1351 1257 ad
1389 1201 1662 1257 audaciam
1690 1199 1925 1267 fuerunt,
1976 1217 2096 1270 pro-

498 1306 828 1366 rumpentea
847 1294 1077 1349 Domino
1107 1294 1227 1364 igne
1256 1290 1555 1362 consumpti
1577 1299 1720 1356 sunt,
1750 1300 1805 1344 ut
1835 1290 2095 1361 probare-

432 1416 437 1421 ο
497 1395 586 1444 tur
614 1387 922 1443 sacerdotes
944 1387 1039 1442 Dei
1060 1387 1210 1441 abeo
1231 1384 1321 1455 qui
1363 1384 1672 1440 sacerdotes
1710 1382 1836 1438 facit
1856 1383 2096 1438 vindica-

496 1479 563 1535 ri.
584 1479 640 1534 in
661 1479 800 1534 libro
828 1492 1038 1549 quoque
1055 1477 1384 1548 Regnorum.
1428 1491 1548 1531 cum
1568 1474 1789 1533 Samuel
1844 1475 2099 1531 sacerdos

499 1586 529 1626 a
568 1569 875 1626 .ludaeorum
903 1569 1104 1641 populo
1143 1569 1214 1624 ob
1257 1576 1608 1632 senectutem,
1655 1568 1791 1647 sicut
1830 1573 1883 1621 tu
1914 1566 2095 1631 modo,

506 1671 975 1731 contemneretur,
1006 1661 1326 1718 exclamavit
1356 1661 1523 1715 iratus
1552 1659 1812 1714 Dominus
1842 1667 1899 1714 et
1926 1658 2093 1713 dixit:

2193 462 2535 536 pontiﬁcibus
2559 471 2614 520 et
2632 462 3025 532 sacerdotibus,
3044 462 3291 532 quamvis
3319 458 3395 520 illi
3419 478 3522 521 nec
3544 466 3793 525 timorem

2195 558 2291 614 Dei
2317 573 2418 614 nec
2444 559 2771 628 agnitionem
2818 568 2842 595 ε
2872 556 3069 614 Christi
3100 566 3428 616 servassent.
3469 557 3603 614 Nam
3626 600 3641 626 ,
3670 574 3795 617 eum

2194 649 2464 722 leprosum
2493 650 2865 716 emundasset,
2899 650 3039 706 dixit
3067 649 3143 705 illi
3174 668 3189 708 ι
3222 648 3383 717 Vade,
3410 660 3457 707 et
3487 662 3717 709 monstra
3747 664 3795 710 te

2194 744 2466 812 sacerdoti,
2496 753 2545 800 et
2580 742 2709 811 oﬂ'cr
2729 744 2920 800 donum
2943 742 3157 815 (Matth.
3214 759 3331 810 vm.
3369 745 3449 816 ι).
3482 746 3799 804 Humilitate

2196 849 2259 891 ea
2286 848 2392 906 qua
2423 848 2521 891 nos
2555 849 2769 904 quoque
2813 848 2933 889 esse
2969 833 3199 893 humiles
3225 833 3429 902 docuit,
3453 836 3799 893 sacerdotem

2196 925 2373 981 adhuc
2393 925 2698 995 appellabat
2725 940 2884 996 quem
2914 925 3119 983 sciebat
3144 942 3267 983 esse
3296 927 3639 999 sacrilegum.
3666 929 3803 986 Item

2182 1019 2298 1074 .sub
2356 1018 2464 1076 ictu
2521 1017 2539 1057 ί
2585 1018 2852 1088 passionis
2889 1034 3011 1074 cum
3050 1020 3261 1091 alapam
3301 1024 3631 1093 accepisset.
3662 1032 3726 1080 el.
3749 1024 3806 1082 ei

2199 1108 2489 1177 diceretur,
2523 1108 2614 1165 Sic
2640 1111 2916 1189 respondes
2938 1112 3188 1181 pontiﬁci,
3232 1110 3366 1169 nihil
3399 1114 3488 1170 ille
3512 1124 3810 1173 contume-

2201 1200 2333 1256 liose
2376 1201 2589 1258 locutus
2632 1212 2715 1258 est
2759 1203 2811 1256 in
2836 1215 3140 1273 personam
3180 1205 3471 1275 pontiﬁcis,
3494 1207 3589 1264 sed
3620 1209 3809 1278 magis

2200 1293 2561 1348 innocentiam
2590 1308 2741 1349 suam
2782 1295 2943 1367 tuitus
2974 1303 3059 1351 est
3084 1296 3274 1352 dicens
3300 1314 3315 1352 :
3347 1297 3410 1353 Si
3431 1298 3566 1354 male
3591 1300 3804 1355 locutus

2200 1402 2335 1452 sum,
2386 1387 2635 1456 emprobra
2689 1396 2714 1435 δ
2758 1386 2822 1441 de
2866 1387 3023 1443 malo.
3060 1388 3120 1443 Si
3149 1398 3321 1445 autem
3364 1391 3506 1457 bene,
3548 1377 3673 1459 quid
3718 1401 3805 1449 me

2202 1480 2357 1533 catdis
2380 1476 2561 1552 (Jaan.
2592 1495 2743 1546 xvut,
2764 1480 2894 1550 23)?
2925 1480 3057 1549 Qum
3080 1483 3261 1538 omnia
3293 1484 3362 1539 ab
3389 1499 3456 1540 eo
3494 1484 3617 1542 ideo
3656 1486 3799 1543 facta

2203 1583 2326 1625 sunt
2357 1572 2626 1625 humiliter
2649 1579 2809 1642 atque
2840 1572 3104 1641 patienter
3135 1582 3193 1629 ut
3231 1588 3331 1629 nos
3373 1575 3687 1632 humilitatis
3735 1592 3803 1635 ac

2204 1663 2474 1733 patientiae
2504 1662 2829 1719 haberemus
2852 1664 3182 1733 exemplum.
3214 1664 3403 1721 Docuit
3432 1667 3576 1722 enim
3607 1681 3795 1723 sacer-

503 1755 624 1812 Non
654 1765 701 1811 te
728 1763 1042 1826 spreverunt,
1074 1755 1162 1809 sed
1188 1770 1267 1807 me
1291 1761 1583 1823 spreverunt
1628 1750 1692 1825 (l
1720 1751 1848 1822 Reg.
1880 1766 1994 1819 vui,
2020 1751 2095 1822 'i).
2129 1767 2178 1828 Β
2205 1756 2358 1812 doles
2388 1773 2545 1813 veros
2588 1756 2826 1828 legitime
2868 1767 2923 1814 et
2967 1757 3131 1829 plene
3170 1758 3448 1828 honorari,
3469 1758 3597 1815 dum
3651 1760 3795 1817 circa

500 1850 568 1904 Et
587 1857 648 1905 ut
668 1848 769 1904 ho’c
787 1848 1165 1913 ulcisceretur,
1188 1847 1437 1901 excitavit
1452 1845 1530 1900 eis
1541 1844 1666 1900 Saul
1688 1845 1983 1915 regem,qui
2002 1860 2095 1900 eos

498 1938 710 2009 injuriis
738 1938 990 2010 gravibus
1019 1936 1298 2009 afﬂigeret,
1326 1945 1380 1993 et
1404 1950 1499 2007 per
1523 1950 1713 1992 omnes
1738 1936 2093 2005 contumelias

500 2039 554 2085 et
582 2044 770 2100 prunas
809 2029 1096 2099 superbum
1124 2029 1374 2099 populum
1423 2028 1655 2084 calcaret
1682 2035 1738 2083 et
1774 2038 2045 2098 premeret
2076 2071 2090 2095 ,

498 2132 559 2179 ut
583 2130 921 2193 contemptus
963 2122 1219 2180 sacerdos
1260 2123 1328 2179 de
1378 2123 1611 2192 superbo
1660 2123 1857 2193 populo
1894 2123 2098 2178 ultione

500 2216 680 2273 divina
706 2215 1089 2271 vindicaretur.

571 2309 637 2364 ll.
652 2308 758 2365 Sed
778 2317 830 2364 et
845 2308 1097 2365 Salomon
1116 2307 1168 2363 in
1181 2307 1380 2379 Spiritu
1402 2317 1586 2363 sancto
1599 2308 1918 2363 constitutus
1938 2315 2100 2362 testa-

502 2412 588 2457 tur
605 2410 659 2456 ct
684 2401 841 2456 docet
864 2416 983 2471 quae
1005 2400 1074 2457 sit
1106 2401 1451 2459 sacerdotalis
1467 2402 1755 2456 auctoritas
1768 2411 1819 2456 et
1837 2409 2095 2471 potestas,

502 2491 834 2550 dicenszEx
866 2503 970 2547 tota
1009 2494 1180 2547 anima
1219 2504 1308 2547 tua
1343 2495 1462 2547 time
1488 2492 1676 2561 Deum,
1722 2502 1769 2547 et
1811 2490 2100 2547 sacerdotes

500 2587 610 2667 ejus
636 2586 917 2655 sanctiﬁca.
950 2586 1016 2641 Et
1056 2587 1247 2642 iterum
1293 2586 1321 2624 ι)
1386 2605 1399 2641 :
1436 2585 1650 2641 Honora
1675 2586 1862 2648 ,Denm
1903 2601 1966 2640 ea:
1996 2593 2102 2639 tota

498 2681 672 2734 animo
701 2680 811 2748 tua,
833 2689 879 2735 et
903 2681 1184 2751 honoriﬁca
1233 2692 1254 2720 ο
1295 2682 1579 2737 sacerdotes
1629 2683 1739 2753 ejus
1793 2681 1978 2754 (Eccli.
2007 2697 2099 2746 vn,

502 2770 595 2838 29,
619 2773 733 2842 51).
762 2770 1003 2839 Quorum
1033 2781 1420 2843 praeceptorum
1448 2788 1656 2827 memor
1682 2774 1869 2828 beatus
1890 2782 2107 2845 aposto-

504 2864 591 2919 lus
619 2863 837 2928 Paulus,
884 2864 1175 2919 secundum
1206 2865 1346 2935 quod
1378 2866 1429 2920 in
1459 2866 1682 2922 Actibus
1721 2866 2105 2941 Apostolorum

501 2957 752 3030 legimus,
779 2972 898 3012 cum
930 2956 980 3012 ei
1024 2956 1333 3014 diceretur:
1366 2959 1456 3013 Sic
1503 2958 1669 3013 insitis
1697 2959 1753 3011 in
1784 2959 2106 3025 _sacerdotem

506 3053 603 3107 Dei
651 3054 1024 3121 maledicendo,
1056 3053 1318 3124 respondit
1364 3062 1409 3105 et
1451 3052 1579 3106 dixit
1618 3050 1643 3088 ά
1702 3071 1715 3106 :
1773 3052 2103 3124 Nesciebam,

2200 1849 2363 1904 falsos
2384 1847 2695 1905 sacerdotes
2725 1852 2838 1919 ipse
2859 1849 2980 1905 talis
3006 1850 3232 1906 exstitit.

2276 1941 2363 1996 lli.
2417 1940 2726 1997 Meminisse
2769 1950 2948 1998 autem
3017 1941 3229 1998 diaconi
3287 1942 3487 1999 debent
3543 1945 3796 2015 quoniam

2203 2034 2522 2103 Apostolos,
2548 2034 2600 2087 id
2631 2043 2715 2089 est
2753 2035 3035 2104 episcopos
3070 2045 3123 2090 et
3154 2036 3468 2106 praepositos
3489 2078 3504 2103 ,
3536 2037 3803 2094 Dominus

2204 2124 2388 2194 elegit,
2413 2124 2670 2179 diaconos
2696 2134 2896 2192 autem,
2922 2133 3043 2196 post
3065 2140 3348 2185 ascensum
3375 2127 3583 2183 Domini
3612 2128 3665 2184 in
3683 2144 3798 2186 cm-

2202 2216 2307 2281 los,
2340 2216 2584 2286 Apostoli
2613 2217 2713 2272 sibi
2737 2218 3127 2273 constituerunt
3150 2218 3489 2290 episc0patus
3516 2220 3601 2276 sui
3627 2230 3681 2277 et
3702 2222 3805 2277 Ec-

2202 2309 2380 2364 clcsia:
2412 2308 2708 2364 ministros.
2750 2308 2902 2377 Quod
2943 2311 2989 2367 si
3021 2324 3121 2369 nos
3150 2309 3350 2381 aliquid
3375 2309 3578 2367 audere
3603 2320 3793 2367 contra

2203 2400 2371 2454 Deum
2399 2415 2701 2469 possumus,
2718 2401 2806 2471 qui
2820 2400 3104 2473 episcopos
3128 2401 3270 2469 facit,
3295 2411 3520 2472 possunt
3539 2412 3594 2457 et
3614 2412 3799 2458 contra

2206 2504 2304 2547 uos
2334 2493 2529 2548 audere
2557 2491 2792 2561 diaconi,
2824 2509 2851 2547 a
2896 2494 3094 2564 quibus
3122 2493 3275 2549 fiunt.
3312 2494 3378 2549 Et
3426 2492 3549 2550 ideo
3587 2502 3801 2565 Oportet

2204 2585 2487 2641 diaconum
2545 2583 2570 2621 ¹³
2620 2586 2686 2641 de
2734 2602 2842 2657 quo
2868 2586 3061 2643 scribis
3091 2601 3249 2658 agere
3288 2586 3525 2644 audaciae
3549 2603 3661 2644 sua:
3687 2605 3805 2661 pte-

2207 2677 2512 2745 nltentiam,
2545 2687 2595 2733 et
2614 2678 2872 2735 honorem
2892 2679 3188 2736 sacerdotis
3210 2686 3569 2750 agnoscereet
3592 2680 3806 2751 episco-

2207 2788 2277 2845 po
2306 2773 2598 2847 prtcposito
2627 2787 2726 2828 suo
2763 2772 2919 2842 plena
2967 2772 3267 2827 humilitate
3313 2771 3643 2829 satisfacere.
3674 2774 3802 2831 Haec

2206 2876 2333 2945 sunt
2358 2867 2501 2921 enim
2549 2866 2694 2921 initia
2724 2867 3101 2921 haereticorum
3133 2874 3186 2919 et
3214 2875 3364 2923 ortus
3393 2875 3552 2939 atque
3579 2876 3802 2923 conatus

2209 2958 2679 3017 schismaticorum
2707 2957 2847 3017 male
2870 2957 3257 3028 cogitantium,
3287 2966 3347 3017 ut
3374 2957 3477 3014 sibi
3514 2958 3794 3028 placeant,

2210 3064 2270 3109 ut
2291 3051 2633 3123 praepositum
2681 3049 2914 3120 superbo
2960 3061 3169 3104 tumore
3207 3059 3571 3105 contemnant.
3619 3049 3710 3107 Sic
3739 3050 3806 3107 dc

502 3150 688 3217 fratres
711 3189 726 3214 ,
757 3147 877 3217 quia
926 3145 1156 3216 pontifex
1184 3154 1276 3199 est.
1308 3144 1566 3215 Scriptum
1592 3154 1671 3219 est
1696 3146 1829 3199 cnim
1859 3161 1878 3200 :
1913 3145 2110 3200 Princi-
2138 3151 2183 3215 ι]
2218 3144 2458 3199 Ecclesia
2482 3141 2771 3209 receditur,
2804 3142 2881 3196 sic
2925 3141 3094 3195 altare
3145 3140 3425 3210 profanum
3470 3140 3602 3197 foris
3630 3142 3799 3198 collo-

500 3256 617 3311 pem
637 3241 815 3312 populi
841 3240 912 3294 tui
936 3255 1034 3293 non
1060 3238 1327 3293 maledices
1356 3237 1492 3308 (Act.
1546 3253 1703 3302 χχιιι,
1730 3238 1804 3309 4).
1838 3237 2097 3297 Dominus

502 3335 665 3397 etiam
691 3342 875 3390 noster
894 3332 1011 3403 ipse
1033 3330 1190 3391 Jesus
1213 3330 1481 3396 Christus,
1512 3346 1605 3388 rex
1629 3339 1683 3388 ct
1706 3330 1874 3401 iudex
1891 3340 1945 3387 et
1959 3330 2099 3388 Deus

2205 3245 2379 3302 catur,
2409 3235 2487 3290 sic
2513 3241 2703 3289 contra
2723 3246 2910 3303 pacem
2935 3231 3131 3287 Christi
3157 3240 3212 3287 et
3229 3231 3623 3288 ordinationem
3645 3242 3804 3303 atque

2212 3329 2472 3397 unitatem
2505 3325 2597 3382 Dei
2624 3324 2932 3383 rebellatur.
2964 3321 3119 3393 Quod
3149 3322 3195 3379 si
3223 3322 3363 3380 ultra
3387 3332 3439 3381 te
3461 3318 3805 3382 contumeliis

1738 3465 2120 3526 LECTIONES
2153 3462 2563 3529 VARIANTES.

560 3586 1203 3699 ;‘B’il§t%51m'.'nod.
1229 3644 1277 3706 ι,
1322 3644 1370 3694 s.

566 3714 589 3743 ο
618 3710 683 3762 Et.
701 3711 888 3761 honora
928 3708 1047 3767 Bod,
1073 3708 1119 3757 1.

566 3774 596 3814 ει
618 3772 892 3837 Respondit
911 3772 1086 3825 dicens
1106 3770 1232 3821 Bod.
1276 3768 1326 3829 ί,
1367 3769 1501 3820 Lam.

2273 3585 2297 3614 ο
2318 3581 2666 3682 Dig‘q‘atiouem
2690 3581 2810 3633 sed.
2838 3578 2883 3631 ι.

2275 3642 2295 3682 ι
2324 3645 2391 3682 Qu
2465 3652 2561 3682 ring
2589 3644 2672 3682 Lm

2276 3644 2295 3682 ί
2324 3644 2561 3694 ἓιιΜίιιιε
2583 3644 2690 3694 Litt.

2276 3706 2693 3776 illestimOni‘um
2718 3704 2939 3776 inproba
2962 3705 3102 3776 ιλιηιἱ
3118 3704 3289 3776 ,Εῡωη
3313 3703 3505 3763 Best}.
3528 3706 3635 3760 ΝΟ.
3664 3708 3709 3771 t,
3725 3706 3774 3761 2.

2268 3766 2299 3808 ιι
2332 3768 2541 3833 Oportet
2563 3766 3051 3823 Cassiumiliaconum
3074 3766 3181 3821 Litt.

1749 3895 1991 3954 STEPH.
2032 3896 2303 3957 BALUZII
2339 3896 2569 3955 ΝΟΤᾸΞ.

508 4014 706 4072 veteris
730 4014 783 4069 in
812 4011 1046 4068 editione
1075 4010 1366 4081 Anglicana
1392 4007 1589 4081 laudati
1620 4016 1763 4081 certa
1791 4008 1896 4073 est,
1924 4010 2104 4067 diaco-

509 4103 608 4141 nus
644 4086 733 4140 ille
784 4085 1072 4138 vocabatur
1106 4077 1353 4151 Cassius.
1406 4077 1644 4134 Concilio
1692 4079 2104 4151 Cartliagineusi

509 4158 609 4211 sub
642 4154 910 4226 Cypriano
952 4150 1193 4207 interfuit
1237 4150 1455 4206 Cassius
1498 4152 1781 4223 episcotius
1836 4150 2103 4208 Maeonia—

508 4227 731 4284 diensis.

587 4294 927 4368 Superbisse.‘i
945 4291 1396 4368 lianc‘lectionem
1426 4292 1602 4368 inveni
1628 4292 1871 4368 intribus
1900 4300 2103 4368 tantum

513 4363 677 4423 libris
693 4367 981 4422 veteribus.
1018 4363 1254 4417 Ilabetur
1292 4372 1468 4418 tamen
1514 4365 1569 4417 in
1598 4366 1829 4430 antiquis
1853 4364 2105 4420 editioni-

516 4441 637 4494 bus.
669 4436 935 4492 Manutius
966 4434 1144 4507 posuit
1169 4435 1370 4503 superbi
1418 4450 1543 4489 esse.
1592 4435 1679 4507 Sic
1708 4436 1865 4507 etiam
1899 4447 2104 4507 septem

2209 4010 2458 4137 tli'st.c93.
2488 4008 2843 4094 Cor-rectores
2884 4010 3113 4067 Romani
3140 4010 3526 4083 suppleverunt
3550 4025 3614 4067 ex
3645 4006 3808 4083 Epis-

2231 4098 2313 4137 oa
2384 4096 2612 4137 vortam.

2208 4092 2313 4137 tota
2341 4092 2612 4137 Cvurtani.

2282 4098 2816 4224 gitlbygiiflp'nssionis.
2852 4151 3213 4209 Tertullianus
3240 4153 3292 4209 in
3320 4152 3458 4209 libro
3484 4146 3549 4208 de
3566 4153 3815 4209 Oratione

2209 4224 2343 4279 dixit
2380 4223 2472 4279 sub
2496 4223 2737 4296 instantia
2765 4225 3052 4294 passionis,
3093 4231 3153 4278 ut
3195 4232 3342 4280 recte
3383 4226 3592 4280 monuit
3631 4225 3813 4296 Rigal-

2212 4297 2346 4366 tius,
2382 4296 2470 4366 qui
2500 4295 2663 4366 refert
2696 4296 2872 4366 locum
2898 4296 3126 4351 similem
3155 4311 3222 4351 ex
3246 4310 3496 4351 sermone
3523 4310 3613 4350 vm
3635 4295 3807 4352 sancti

2211 4364 2413 4423 Leonis
2436 4364 2499 4419 de
2528 4364 2775 4420 Passione
2799 4364 3027 4420 Domini.
3061 4368 3130 4421 At
3170 4367 3439 4422 Pamclius
3485 4367 3655 4423 edidit
3695 4367 3813 4422 sub-

2214 4438 2400 4509 stantia
2431 4438 2699 4509 passionis.
2729 4441 2847 4509 Quo
2871 4437 3032 4491 etiam
3064 4438 3224 4493 modo
3248 4440 3505 4509 scriptum
3541 4451 3624 4495 est
3651 4438 3703 4493 in
3743 4437 3813 4492 li-

517 4511 637 4564 libri
670 4509 839 4564 nostri
885 4504 1095 4562 veteres
1137 4513 1191 4560 et
1232 4514 1437 4575 septem
1490 4504 1791 4577 Anglicani.
1842 4504 2111 4562 Morellius
2135 4505 2189 4565 D
2217 4507 2313 4562 bro
2341 4504 2603 4577 Agt’ibardi
2636 4508 2973 4563 bibliothecae
3002 4509 3181 4577 regiae.

515 4579 728 4648 scripsit
767 4578 1042 4648 superbire.

592 4645 922 4706 Probaretur.
980 4647 1056 4702 ita
1100 4645 1380 4701 duodecim
1430 4647 1549 4701 libri
1600 4646 1767 4701 nostri
1811 4654 2021 4703 veteres
2060 4656 2115 4703 et

518 4732 722 4792 septem
752 4719 1049 4792 Anglicani.
1079 4716 1298 4792 Veteres
1325 4716 1585 4792 editiones
1608 4727 1733 4791 ante
1754 4717 2110 4792 Pameliauam

519 4784 718 4846 habent
744 4784 1094 4862 probarentur.
1127 4787 1244 4858 ipse
1275 4787 1575 4862 emendavit
1607 4784 1675 4843 ex
1705 4800 1933 4862 quatuor
1953 4788 2111 4862 codi-

519 4865 669 4917 cibus
691 4858 1065 4931 manuscriptis
1092 4868 1146 4931 et
1172 4861 1335 4912 veteri
1365 4873 1564 4931 excuso
1588 4875 1683 4931 pro
1703 4874 1768 4913 eo
1791 4858 1939 4931 quod
1953 4859 2112 4914 Rem-

518 4934 698 4989 boltus
727 4928 977 4987 ediderat
996 4929 1347 5001 probarentur.
1388 4930 1443 4983 In
1471 4944 1577 5001 quo
1617 4928 1894 5001 falsus'est
1919 4930 2109 4985 Pamc.

520 5004 639 5057 lius.
689 5002 820 5057 Nam
852 5001 1015 5057 editio
1056 5015 1266 5071 quoque
1309 5000 1577 5070 Spirensis
1620 5007 1674 5055 ct
1722 5000 1922 5055 Veneta
1962 5010 2110 5056 vetus

519 5072 719 5129 habent
747 5073 989 5128 eamdem
1023 5071 1339 5139 legionem;
1371 5086 1594 5140 eamque
1625 5086 1723 5124 nos
1751 5072 1909 5125 etiam
1958 5071 2111 5128 inve-

519 5147 697 5199 nimus
734 5146 784 5197 in
812 5153 933 5198 octo
964 5140 1359 5209 exemplaribus
1390 5142 1790 5209 manuscriptis.

590 5160 697 5199 mus
735 5159 784 5197 In
812 5156 933 5198 octo
964 5157 1115 5195 exem
1162 5156 1359 5195 Iartnus
1390 5156 1790 5209 manuscrtpus.

590 5214 656 5269 ΙΙ.
685 5243 755 5254 —-
774 5212 961 5281 Papuii
989 5213 1075 5266 tui.
1108 5156 1322 5281 Septem
1351 5212 1471 5265 libri
1497 5224 1705 5267 veteres
1734 5212 1931 5266 habent
1959 5212 2114 5281 plebis

590 5232 656 5269 ιι.
685 5243 755 5254 ——
774 5232 850 5268 ιό
874 5232 960 5266 mu
989 5232 1075 5266 tm.
1108 5232 1322 5281 DepL'ln
1351 5232 1471 5265 ituri
1498 5232 1705 5267 veteres
1734 5232 1931 5266 nancnt
1959 5232 2110 5281 piceis

520 5294 638 5339 tute.
670 5287 739 5340 At
762 5286 815 5338 in
846 5232 1080 5354 [Epistula
1113 5297 1199 5354 t_._v,
1232 5297 1348 5354 pag.
1384 5282 1482 5347 80,
1514 5291 1568 5335 ct
1599 5283 1650 5336 in
1676 5283 1915 5354 Epistula
1946 5298 2077 5337 1.th
2097 5325 2110 5348 ,

519 5372 639 5427 pag.
676 5355 798 5421 1‘22,
830 5351 1089 5427 οιῖΙιὺηιιι
1114 5351 1555 5427 Testimoniorum,
1580 5353 1823 5427 eap._i‘2,
1858 5356 2113 5423 scriptum

516 5423 612 5482 est
631 5427 806 5496 populi
836 5426 926 5479 tui.
974 5424 1063 5480 Sic
1092 5423 1253 5479 etiam
1302 5425 1493 5495 legitur
1539 5425 1590 5477 in
1641 5425 1874 5496 editione
1904 5428 2113 5495 vulgata

519 5495 649 5552 Novi
668 5497 1054 5624 ‘gislamcnti,
1108 5510 1226 5565 cap.
1270 5511 1405 5550 xxut
1437 5496 1713 5551 Actorum.
1765 5495 1898 5550 Vide
1959 5510 2117 5568 supra

520 5584 637 5624 nan.
785 5609 795 5619 .

554 5585 637 5625 ιιιι.
668 5585 795 5624 ωδ.

518 5584 844 5694 Ρθῆὶοῖἓέιισ
874 5639 1047 5693 etiam.
1087 5636 1241 5693 Hunc
1282 5636 1457 5693 locum
1503 5637 1655 5693 valde
1684 5638 2021 5694 decurtatum
2063 5648 2119 5694 et

518 5712 763 5771 mutilum
808 5711 972 5768 reicrt
1014 5708 1113 5769 Juo
1144 5716 1290 5781 parte
1322 5725 1385 5777 v,
1431 5723 1549 5781 cap.
1584 5710 1718 5780 555,
1748 5720 1801 5767 et
1830 5708 2116 5768 Gratianus

2289 4577 2577 4649 Exprobra.
2607 4579 2710 4649 _Sic
2740 4578 2982 4649 etiamin
3023 4579 3259 4647 Epitola
3290 4593 3413 4633 Lm
3432 4619 3446 4644 ,
3480 4579 3550 4633 ad
3589 4579 3810 4634 Floren-

2216 4650 2341 4702 tium
2374 4647 2491 4719 pag.
2531 4647 2651 4703 122.
2700 4648 2853 4719 Apud
2904 4647 3289 4719 Hieronymum
3320 4649 3417 4706 lib.
3450 4665 3519 4715 ιι,
3569 4652 3813 4705 adversus

2216 4717 2529 4789 Pelagianos
2556 4717 2933 4790 icgitnr‘argue
2952 4717 3016 4771 de
3042 4717 3150 4772 zelo
3176 4735 3264 4773 seu
3284 4720 3346 4773 de
3375 4732 3601 4788 peccato.

2290 4790 2644 4916 Quacﬂpmnia.
2707 4790 2836 4846 Vide
2884 4800 3037 4844 notas
3098 4799 3312 4844 nostras
3353 4792 3419 4844 ad
3470 4791 3813 4864 Agohardum

2254 4863 2494 4923 ag.107.

2218 4877 2804 4987 pail.l.IE—Ll}iaconi....
2830 4929 3062 5001 Apostoii
3087 4929 3474 5001 constituerunt.
3510 4930 3646 4988 Vide
3672 4924 3811 4988 Ter-

2218 5004 2494 5058 tullianum
2524 5005 2574 5057 in
2598 5002 2733 5056 libro
2760 5003 2823 5056 de
2852 5000 3219 5056 Exhortatione
3242 5000 3521 5055 Castitatis.

2287 5074 2583 5128 Ascensum.
2626 5072 2699 5125 ita
2730 5073 3002 5129 sexdecim
3024 5073 3142 5127 libri
3171 5082 3398 5128 veteres.
3420 5072 3668 5129 Editione
3683 5087 3811 5129 san-

2216 5145 2377 5215 tiquac
2402 5156 2454 5198 et
2484 5146 2642 5199 etiam
2671 5144 2977 5215 Morelliana
3000 5143 3201 5199 habent
3234 5159 3528 5215 ascensum,
3560 5158 3628 5199 eo
3652 5145 3815 5215 modo

2218 5214 2323 5285 quo
2349 5215 2708 5286 Tertulliauus
2733 5224 2787 5269 ct
2811 5214 3110 5286 Cyprianus
3138 5214 3377 5269 scribere
3411 5215 3586 5269 solent
3622 5214 3814 5270 defen-

2220 5284 2359 5339 sam.
2390 5301 2485 5356 pro
2532 5284 2947 5341 defensionc‘et
2996 5287 3276 5341 remissam
3330 5298 3425 5354 pro
3470 5286 3809 5342 remissione.

2219 5356 2415 5411 Verum
2447 5372 2631 5411 vocem
2661 5372 2920 5429 ascensam
2958 5356 3080 5429 istic
3106 5371 3228 5429 non
3258 5356 3430 5426 reperi
3474 5357 3575 5411 nisi
3604 5358 3655 5412 in
3683 5372 3813 5429 qua-

2225 5436 2345 5498 tuor
2375 5429 2604 5498 antiquis
2633 5428 2926 5482 codicibus.
2958 5426 3108 5498 Unus
3147 5427 3308 5498 habet
3342 5426 3703 5483 ascensionem.

2297 5497 2362 5552 Et
2390 5497 2629 5552 honorem
2652 5498 2947 5553 sacerdotis.
2988 5497 3168 5553 Codex
3197 5497 3482 5553 Becceusis
3501 5540 3516 5563 ,
3544 5507 3595 5552 et
3628 5509 3684 5553 ut
3715 5499 3817 5553 Ito-

2223 5585 2396 5623 norem
2439 5570 2712 5623 sacerdotis
2748 5578 3009 5639 agnoscat.
3050 5568 3429 5635 Carnotensis,
3476 5579 3532 5623 ut
3575 5570 3818 5626 honorent

2223 5641 2497 5699 sacerdotis
2529 5649 2787 5715 agnoscat.
2820 5639 3073 5696 Metensis
3105 5639 3276 5696 sancti
3315 5639 3577 5715 Arnulphi
3598 5682 3615 5715 ,
3650 5649 3696 5698 et
3724 5642 3817 5701 Im

2223 5725 2397 5766 norem
2425 5710 2700 5769 sacerdotis
2736 5721 2997 5786 agnoscat.
