4250 6282
476 244 583 301 599

481 459 614 513 tium
663 458 907 525 fratrum,
947 471 1213 531 tamquam
1254 461 1489 519 decimas
1540 482 1605 521 ex
1637 466 1894 523 fructibus
1928 471 2070 524 acci-

476 552 706 621 pientes,
735 552 805 606 ab
828 552 982 606 altari
1022 560 1075 607 et
1105 553 1380 612 sacrificiis
1407 573 1511 614 non
1540 562 1813 631 recedant,
1843 564 1937 618 sed
1980 564 2067 621 die

476 660 539 700 ac
568 654 724 699 nocte
767 645 1075 701 coelestibus
1116 648 1277 703 rebus
1317 660 1373 706 et
1416 652 1781 723 spiritualibus
1811 660 2064 715 serviant.

550 735 614 790 Il.
636 735 789 803 Quod
813 737 1046 808 episcopi
1072 748 1444 799 antecessores
1472 746 1639 801 nostri
1663 748 1911 819 religiose
1937 765 2069 807 con-
2120 796 2121 803 η

473 826 775 883 sideranles
818 836 871 882 et
897 829 1185 887 salubriter
1220 834 1587 903 providentes,
1629 850 1955 895 censuerunt
1998 858 2066 899 ne

473 918 594 989 quis
627 919 793 975 frater
818 920 1085 977 excedens
1114 923 1181 978 ad
1214 926 1432 981 tutelam
1462 929 1547 983 vel
1592 943 1778 985 curam
1810 933 2062 989 clericum

471 1009 797 1078 nominaret,
821 1025 883 1065 ac
911 1011 954 1065 si
984 1013 1105 1081 quis
1135 1013 1236 1070 hoc
1260 1015 1504 1085 fecisset,
1536 1035 1640 1075 non
1668 1021 1950 1079 offerretur
1968 1041 2066 1097 pro
2134 1018 2138 1023 ’

472 1116 538 1156 eo
567 1098 595 1138 ι’
626 1140 641 1165 ,
697 1117 797 1157 nec
818 1103 1136 1159 sacrificium
1165 1122 1262 1177 pro
1278 1109 1599 1167 dormitione
1621 1114 1737 1183 ejus
1757 1115 2078 1174 celebrarc-.

472 1203 578 1248 tur.
606 1191 788 1263 Neque
816 1195 959 1249 enim
1007 1197 1145 1265 apud
1182 1198 1350 1255 altare
1394 1201 1486 1279 Dei
1530 1213 1768 1261 meretur
1802 1208 2067 1265 nominari

469 1285 523 1339 in
555 1287 893 1342 sacerdotum
919 1304 1078 1358 prece
1104 1291 1194 1360 qui
1221 1292 1291 1346 ab
1314 1292 1467 1348 altari
1495 1298 1800 1353 sacerdotes
1822 1310 1875 1354 et
1905 1302 2065 1357 mini-

470 1385 615 1431 stros
640 1377 807 1432 voluit
830 1393 1077 1435 avocare.
1105 1380 1173 1435 Et
1205 1382 1535 1453 ideoVictor,
1566 1403 1708 1453 cum,
1740 1400 1925 1445 contra
1951 1393 2065 1447 for-

468 1484 611 1523 mam
631 1485 801 1539 nuper
835 1472 885 1524 iu
929 1473 1158 1527 concilio
1188 1489 1219 1528 a
1261 1477 1631 1534 sacerdotibus
1660 1480 1860 1547 datam,
1885 1484 2068 1541 Gemi-

468 1560 616 1615 nium
647 1561 959 1617 Faustinum
987 1564 1359 1636 presbyterum
1413 1570 1480 1600 ¹¹⁵
1526 1586 1687 1627 ausus
1732 1575 1801 1629 sit
1834 1586 2065 1634 tutorem

468 1654 838 1723 constituere,
870 1670 975 1711 non
1013 1666 1095 1711 est
1122 1658 1264 1727 quod
1293 1675 1392 1730 pro
1430 1661 1751 1721 dormitione
1781 1668 1901 1737 ejus
1927 1671 2066 1740 apud

1786 250 1808 317 ξ
1871 250 2009 311 DIVI
2044 250 2360 316 CYPRIANI
2411 284 2416 297 ι

478 362 827 420 saecularibus
863 365 1164 437 alligentur,
1206 369 1301 424 sed
1344 368 1396 424 in
1425 369 1628 427 honore
1684 382 1709 427 ἐι
1766 376 2071 443 sportulan-
2096 376 2153 437 Α

3669 272 3776 335 400

2539 380 2604 414 ¹¹⁷
2662 380 2993 440 EPISTOLA
3035 369 3272 439 LXVIII.

2178 494 2496 559 (Erasmqu,
2541 495 2838 557 4.Pamel.,
2885 496 3069 559 Rigalt.
3096 529 3111 553 ,
3148 497 3338 559 Baluz.,
3380 512 3540 549 vam.
3588 497 3767 559 Paris,

2421 557 2600 683 )0xon.,
2629 559 2781 623 Lips,
2820 557 2971 611 LXVIII
2994 559 3174 611 Routh.
3202 557 3330 611 Rell.
3365 560 3496 623 Sen,
3541 577 3609 624 ut,
3634 578 3681 627 p.
3707 557 3768 614 77

2236 634 2265 669 e
2406 661 2415 670 .

2174 739 2243 778 AD
2280 739 2487 779 (ΖΜ-311011
2530 739 2597 778 ΕΤ
2638 739 2835 781 PLEBES
2873 741 2924 781 IN
2966 742 3207 783 HISPANIA
3244 742 3659 795 CONSISTENTES,
3698 746 3771 786 DE

2626 833 2861 875 BASILIDE
2900 835 2969 874 ET
3009 835 3273 875 MARTIALE
3282 859 3295 873 .

2173 931 2566 988 Ancuuexwu.
2588 963 2659 973 —
2676 931 2802 986 Cum
2831 931 3083 988 Basilides
3123 941 3171 987 et
3211 930 3492 999 Martialis,
3519 932 3770 1004 episcopi,

2245 1022 2378 1094 lapsi
2402 1034 2561 1078 essent
2596 1033 2643 1079 et
2695 1024 2875 1079 libellis
2928 1024 3235 1079 idololatria?
3271 1025 3623 1091 contaminati,
3654 1026 3774 1079 latt-

2244 1116 2333 1170 dat
2346 1117 2381 1170 Γ
2383 1135 2415 1188 y
2420 1118 2564 1187 prian
2573 1134 2629 1171 us
2640 1134 2754 1171 cum
2775 1118 3082 1187 coepiscopis
3097 1118 3288 1172 clerum
3305 1127 3350 1171 et
3369 1117 3560 1187 plebem
3579 1115 3779 1187 Hispa-

2243 1211 2463 1275 niarum,
2495 1210 2633 1281 quod
2661 1211 2715 1265 in
2756 1210 2927 1264 locum
2968 1226 3139 1265 eorum
3181 1209 3433 1266 Sabinum
3465 1219 3512 1265 et
3548 1204 3807 1264 Felicem.

2246 1302 2469 1373 legitima
2511 1303 2754 1357 electione
2821 1302 3228 1367 substituissent;
3298 1302 3579 1374 praesertim
3629 1319 3773 1368 cum,

2237 1395 2389 1465 juxta
2414 1395 2637 1450 Cornelii
2666 1404 2931 1460 statutum,
2983 1396 3210 1468 episcOpi
3253 1396 3386 1466 lapsi
3412 1397 3481 1450 ad
3518 1397 3775 1468 paeniten-

2247 1489 2370 1540 tiam
2400 1485 2605 1557 quidem
2631 1488 2883 1558 agendam
2909 1488 3107 1541 admitti
3137 1500 3361 1559 possent,
3404 1489 3494 1561 sed
3533 1507 3565 1543 α
3598 1505 3777 1545 sacer-

2244 1577 2403 1632 dotali
2442 1580 2633 1633 honore
2678 1579 3093 1650 prohiberentur,
3136 1581 3298 1635 obiter
3338 1578 3491 1636 etiam
3533 1584 3772 1653 quaedam

2243 1671 2493 1741 attingens
2527 1671 2591 1725 de
2623 1673 2774 1726 veteri
2824 1674 3079 1727 electionis
3116 1675 3469 1744 episcoporum
3497 1675 3620 1731 ritu.
3661 1677 3770 1733 Sub

470 1759 566 1801 vos
608 1745 698 1800 fiat
728 1746 950 1813 oblatio,
990 1758 1080 1803 aut
1120 1750 1431 1820 deprecatio
1460 1755 1635 1826 aliqua
1684 1762 1902 1818 nomine
1939 1764 2058 1833 ejus
2085 1765 2135 1826 B
2234 1764 2499 1838 Stephano
2525 1776 2695 1820 autem
2722 1766 2965 1836 scriptam
2990 1782 3117 1835 esse,
3150 1776 3411 1822 contextus
3454 1766 3667 1823 indicat.

466 1838 520 1892 in
567 1838 807 1893 Ecclesia
846 1837 1232 1909 frequentetur,
1277 1853 1331 1897 ut
1362 1847 1698 1904 sacerdotum
1734 1863 1755 1889 ο
1784 1853 2061 1914 decretum

464 1929 719 1999 religiose
745 1939 800 1985 et
825 1933 1130 1987 necessarie
1161 1933 1357 1990 factum
1380 1948 1624 1995 servetur
1645 1956 1676 1996 a
1704 1944 1880 2015 nobis,
1904 1930 2059 2006 Simul

464 2031 521 2077 ct
543 2024 756 2078 czrteris
780 2022 1034 2079 fratribus
1060 2025 1216 2082 detur
1237 2031 1537 2101 exemplum
1572 2051 1639 2090 ne
1664 2039 1784 2107 quis
1809 2044 2059 2099 sacerdo-

467 2123 550 2167 tes
566 2122 631 2168 σει
657 2113 933 2169 ministros
955 2115 1051 2171 Dei
1093 2117 1246 2172 altari
1292 2120 1408 2189 ejus
1434 2134 1489 2177 et
1518 2124 1777 2185 Ecclesia:
1806 2145 2059 2192 vacantes

466 2204 533 2259 ad
565 2205 854 2261 saeculares
879 2206 1159 2263 molestias
1194 2209 1439 2268 devocet.
1483 2213 1767 2275 Observari
1807 2225 1949 2279 enim
1992 2227 2061 2284 de

469 2307 669 2353 caetero
689 2298 985 2369 poteritne
1014 2300 1153 2356 ultra
1181 2301 1283 2358 boc
1307 2304 1400 2360 fiat
1424 2307 1564 2363 circa
1591 2325 1878 2380 personam
1900 2318 2059 2373 cleri-

463 2405 674 2456 corum,
699 2391 909 2461 siquod
946 2408 1090 2449 nunc
1133 2394 1333 2451 factum
1378 2407 1461 2454 est
1501 2398 1663 2457 fuerit
1706 2405 2056 2471 vindicatum.

462 2480 491 2518 ιι
546 2484 685 2553 Opto
740 2499 855 2551 vos,
884 2484 1078 2542 fratres
1102 2486 1427 2559 cbarissimi,
1451 2507 1665 2566 semper
1688 2498 1828 2556 bene
1857 2506 2055 2563 valere.

959 2616 1321 2699 EPISTOLA_
1346 2623 1559 2682 vau.

463 2721 697 2814 (Εἷῗῗῗθῖ
717 2741 793 2814 31':
836 2727 1202 2814 ίιξζηίλληῖἷιζέ-
1212 2731 1672 2814 Ῑῖἷὲῧῖξίξηβτίὶιξῑεν-
1696 2757 1844 2814 “‘1’”-
1882 2748 2058 2814 Ρὲτίεο,

519 2787 829 2913 ὶξέιρῐῧρῗ,
854 2788 1034 2852 Oxon.,
1059 2787 1218 2844 vatu.
1246 2787 1518 2861 Constant,
1543 2787 2059 2865 Ense—licini

459 2970 529 3009 an
567 2968 906 3026 srernmuu,
947 2974 1015 3013 ne
1052 2968 1320 3018 mancum
1359 2981 1720 3037 susurrans“
1770 2974 1858 3038 Qtit
1897 2993 2063 3036 nova-

1009 3065 1169 3108 TIANO
1204 3068 1507 3113 CONSENSIT.

458 3160 852 3216 ARGUIENTUII.
883 3190 956 3201 —--
982 3160 1110 3217 Cum
1136 3161 1445 3237 Martianus,
1506 3172 1817 3233 Arelatensis
1861 3183 2057 3249 episco-

535 3266 652 3327 pus,
696 3252 978 3308 Novatiani
1015 3265 1201 3309 sectam
1227 3268 1424 3316 secutus
1463 3266 1650 3322 multos
1677 3273 1976 3347 seduxisset,
2014 3289 2060 3334 et

536 3358 590 3396 se
617 3346 973 3399 communione
998 3355 1294 3405 cwterorum
1321 3353 1675 3425 episcOporum
1725 3380 1815 3434 per
1841 3368 2061 3427 schisma

482 3480 483 3483 η
535 3444 837 3503 separasset,
866 3449 1032 3493 monet
1069 3441 1408 3515 Stephanum,
1439 3467 1693 3507 summum
1738 3454 2059 3530 Pontiﬁcem,

539 3534 595 3580 ut
622 3543 715 3597 pro
752 3545 847 3583 sua
879 3534 1196 3604 auctoritate,
1231 3538 1431 3595 absente
1458 3543 1570 3611 illo,
1596 3546 1754 3601 alium
1799 3551 1854 3605 in
1897 3553 2062 3611 locum

535 3622 644 3691 ejus
669 3624 959 3693 substituat,
988 3638 1035 3682 et
1062 3637 1166 3685 tum
1193 3632 1353 3704 lapsis
1381 3644 1487 3691 tum
1503 3655 1593 3709 per
1630 3641 1779 3697 illum
1807 3647 2048 3717 seductis,

534 3723 651 3768 acta
694 3717 1005 3785 paenitentia,
1031 3738 1133 3791 pax
1174 3725 1342 3796 detur,
1369 3737 1416 3781 et
1445 3731 1515 3783 ad
1539 3730 1822 3791 Ecclesium
1866 3742 2055 3798 reditus

531 3806 852 3862 concedatur.

2634 1922 2696 1952 ¹²¹
2746 1918 3082 1976 EPISTOLA
3120 1912 3309 1976 LXIX.

2164 2036 2394 2100 (Erasm,
2418 2050 2481 2097 tv,
2506 2035 2555 2086 9.
2579 2034 3368 2103 Pamcl.,1ligat_t.,Baluz.,‘r.xrx.
3406 2034 3561 2103 Paris.
3583 2070 3598 2098 ,
3631 2050 3759 2087 mn.

2694 2097 2880 2159 Oxon.,
2904 2097 3061 2163 Lips.,
3084 2098 3236 2159 vat.)

2270 2221 2337 2259 AD
2366 2219 2707 2260 FLORENTIUM
2734 2219 3017 2270 PUPIANUM,
3051 2219 3118 2258 DE
3147 2217 3667 2260 OBTRECTA'I‘ORIBUS.

2163 2323 2561 2378 Auouueuruu.
2582 2352 2655 2362 ——
2672 2320 2870 2392 Purgat
2894 2337 2948 2375 se
2967 2320 3106 2393 apud
3125 2320 3445 2375 Florentium
3470 2321 3766 2394 Pupianunt

2245 2412 2535 2484 Cyprianus
2570 2414 2635 2467 de
2679 2414 2830 2468 variis
2873 2414 2936 2468 ab
2980 2415 3071 2469 illo
3109 2415 3319 2485 objectis
3362 2415 3691 2483 criminibus;
3719 2404 3766 2472 et

2235 2511 2393 2564 animi
2432 2511 2543 2580 ejus
2573 2510 2828 2566 levitatem
2849 2512 3039 2584 arguit,
3069 2513 3207 2584 quod
3247 2502 3350 2568 tam
3383 2525 3567 2569 temere
3593 2517 3764 2571 obtre-

2237 2602 2513 2657 ctatoribus
2540 2604 2830 2658 crediderit.
2851 2588 2935 2659 Ea:
2959 2622 3017 2659 eo
3047 2616 3215 2661 autem
3249 2606 3386 2678 quod
3432 2607 3551 2661 dicit
3577 2624 3630 2662 se
3648 2608 3765 2679 jam

2231 2706 2336 2749 tum
2372 2713 2463 2750 sea:
2505 2698 2653 2751 annis
2674 2698 2965 2769 episcopatu
3006 2699 3256 2769 functum,
3300 2700 3428 2754 satis
3454 2708 3648 2754 constat
3671 2699 3763 2754 sub

2239 2788 2504 2859 Stephano
2526 2792 2791 2861 scriptam.

2239 2905 2277 2959 1,
2303 2904 2721 2978 Cyprianus,qui
2744 2913 2797 2961 et
2819 2903 3104 2970 Thascius,
3134 2905 3432 2972 Florentio,
3462 2906 3550 2962 cui
3579 2914 3634 2962 et
3658 2904 3764 2960 Pu-

2164 2997 2343 3068 piano,
2367 2997 2516 3052 fratri
2544 2996 2793 3052 salutem.
2825 2996 2941 3067 Ego
2970 3008 3039 3063 te,
3073 2996 3260 3065 frater,
3291 2997 3626 3068 credideram
3649 3010 3764 3057 tan-

2165 3092 2290 3148 dem
2326 3092 2436 3163 jam
2463 3091 2531 3147 ad
2557 3092 2929 3162 paenitentiam
2956 3094 3221 3159 converti,
3253 3093 3395 3164 quod
3426 3095 3479 3150 iu
3519 3096 3764 3166 praeteri-

2167 3199 2276 3244 tum
2304 3197 2412 3242 tam
2460 3187 2694 3253 infanda,
2729 3196 2838 3243 tam
2874 3188 3077 3259 turpia,
3109 3198 3217 3257 tam
3271 3189 3433 3244 etiam
3471 3189 3766 3259 gentilibus

2165 3279 2463 3336 execranda
2512 3288 2603 3333 aut
2650 3279 2897 3334 audisses
2946 3279 3015 3335 de
3045 3280 3199 3335 nobis
3242 3289 3444 3336 temere
3470 3291 3560 3335 aut
3585 3281 3762 3336 credi-

2166 3374 2361 3429 disses.
2388 3373 2558 3427 Porro
2586 3380 2764 3427 autem
2785 3373 2945 3427 etiam
2978 3386 3119 3426 nunc
3152 3372 3203 3427 in
3226 3372 3418 3428 litteris
3449 3373 3554 3427 tuis
3582 3374 3759 3429 anim-

2167 3464 2392 3521 adverto
2416 3463 2665 3519 eumdem
2697 3473 2748 3519 te
2792 3463 2965 3519 adhuc
2994 3477 3118 3520 esse
3136 3464 3225 3534 qui
3260 3465 3406 3535 prius
3436 3463 3635 3531 fueras,
3667 3482 3760 3523 ea-

2167 3559 2290 3615 dem
2320 3566 2371 3612 te
2412 3557 2478 3611 de
2525 3556 2682 3611 nobis
2730 3556 2965 3619 credere.
2983 3567 3037 3611 et
3081 3558 3132 3611 in
3171 3572 3238 3613 eo
3283 3559 3425 3628 quod
3463 3560 3759 3617 credideris

2159 3663 2525 3721 perseverare,
2556 3657 2630 3714 et,
2664 3661 2731 3703 ne
2758 3645 2896 3701 forte
2923 3647 3179 3703 claritatis
3218 3659 3272 3702 et
3311 3652 3554 3724 martyrii
3585 3653 3659 3707 tui
3679 3653 3760 3708 di-

2160 3746 2334 3817 gnitas
2366 3749 2548 3805 nostra
2584 3740 3070 3796 communicatione
3123 3742 3440 3809 maculetur,
3471 3742 3525 3798 in
3571 3760 3753 3801 mores
3785 3740 3795 3747 ’

2161 3845 2379 3892 nostros
2423 3832 2709 3903 diligenter
2740 3832 3029 3907 inquirere,
3055 3841 3109 3887 et
3139 3842 3259 3904 post
3287 3833 3454 3891 Deum
3493 3835 3753 3906 judicem,

1679 3961 2054 4031 LECTIONES
2088 3974 2179 4031 VA
2188 3972 2500 4031 RIANTES.
2522 4003 2526 4007 ε

528 4057 557 4087 ⁸
579 4056 789 4107 Donaria
821 4059 925 4109 ΝΟ.
951 4060 999 4110 2.

525 4116 776 4196 ξιξ-θέε
812 4120 1117 4196 sacriﬁcium,
1156 4138 1253 4176 nec
1293 4141 1382 4191 pro
1408 4130 1704 4187 dormitione
1728 4139 1860 4191 Lam.
1902 4118 2047 4196 libor.

464 4180 862 4232 Bod.2.NC.1.
896 4182 944 4231 2.

525 4218 787 4293 E'oiiéiiB'
815 4218 978 4307 aliqua
1021 4249 1217 4299 nomine
1241 4251 1349 4314 ejus
1392 4254 1441 4303 in
1482 4255 1719 4324 Ecclesia,
1742 4268 1797 4314 ut
1819 4268 2047 4320 sacerdo-

2153 4094 2258 4155 tum
2282 4086 2408 4155 Ijod.
2428 4086 2476 4155 1.
2501 4082 2626 4135 Thu.
2652 4083 2751 4155 Aut
2776 4085 3042 4155 _deleggtio
3064 4088 3221 4155 aliqua
3246 4091 3442 4155 nomine
3477 4092 3587 4155 ejus
3611 4095 3751 4145 (ἔοι-ὑ.

2215 4148 2255 4220 αἱ.
2289 4150 2468 4220 Qesunt
2489 4159 2625 4220 seqq.
2671 4148 2724 4218 in
2762 4148 2900 4217 .Lam.
2924 4148 3069 4220 Ebor.
3250 4153 3313 4213 i;
3361 4159 3406 4202 et
3431 4152 3628 4220 quidem
3652 4157 3757 4220 for-

2154 4210 2289 4262 mula
2308 4210 2401 4261 ista
2422 4208 2735 4261 valedictoria
2754 4208 2807 4259 in
2828 4222 2944 4262 mss.
2986 4210 3231 4279 plerisque
3252 4208 3483 4279 perpetuo
3504 4210 3653 4271 abest.

1706 4366 1944 4424 STEPH.
1988 4371 2259 4432 BALUZII
2298 4372 2527 4430 NOTAE.
2654 4362 2662 4372 ’

531 4461 1453 4557 Ili-:2£rq_dprmitione._llocloco
1473 4488 1682 4557 rursum
1712 4479 2046 4557 observanda
2077 4487 2131 4546 D
2159 4487 2317 4557 tiquis
2340 4484 2618 4541 codicibus
2642 4486 2739 4555 qui
2775 4487 3054 4545 continent
3098 4491 3235 4546 vitas
3272 4502 3601 4552 sanctorum.
3620 4497 3755 4554 Nota

461 4541 547 4589 est
575 4533 784 4589 inscitia
811 4535 1092 4609 etincuria
1142 4549 1377 4595 veterum
1404 4533 1768 4603 librariorum.
1794 4533 2048 4609 Duolibwri

460 4613 670 4684 veteres
716 4619 815 4674 pro
845 4607 1159 4684 dormitione
1199 4610 1396 4684 habent
1440 4617 1758 4672 ordinatione
1782 4662 1795 4684 ,
1831 4607 2053 4680 falsoﬁcl

459 4674 642 4743 inepto
690 4677 1070 4761 s_ensu._ldem_
1111 4679 1394 4737 dicendum
1446 4686 1515 4761 de
1566 4702 1696 4761 voce
1737 4674 2047 4761 deprecatio,

456 4759 578 4824 quae
597 4746 751 4824 paulo
782 4757 905 4824 post
923 4752 1192 4824 sequitur,
1226 4768 1320 4824 pro
1360 4770 1460 4824 qua
1491 4758 1541 4810 in
1571 4758 1708 4813 libro
1736 4746 2051 4821 corbeiensi

458 4823 513 4869 et
567 4816 617 4869 in
676 4815 907 4898 Fuxeusi
961 4815 1475 4898 le'gitur_de_lega'tio.
1506 4828 1662 4898 Angli
1711 4815 2050 4891 monent‘ita

457 4899 672 4967 quoque
698 4893 970 4967 .scriptum
999 4905 1119 4967 esse
1166 4893 1218 4945 in
1250 4893 1490 4950 Tliuano.
1528 4893 1683 4965 Quod
1706 4917 1897 4956 verum
1942 4922 2051 4962 non

456 4966 558 5039 est.
608 4957 953 5039 Quippe-dite.
993 4960 1112 5015 dum
1152 4977 1331 5039 voces,
1378 4978 1466 5021 aut
1508 4957 1821 5039 dEprecatio,
1856 4976 1907 5029 in
1946 4957 2048 5033 illo

456 5024 675 5107 desunt,
695 5024 992 5107 etnihiljn
1017 5045 1198 5107 earum
1228 5024 1347 5090 loco
1370 5024 1600 5107 positum
1633 5050 1734 5095 est.

526 5095 865 5180 Dormitione.
896 5099 1090 5180 {fortis
1123 5118 1318 5160 nomen
1345 5095 1451 5172 ,'ut
1499 5110 1565 5163 ad
1604 5111 1902 5180 Epistolam
1937 5125 2046 5172 ter-

457 5166 584 5250 tiam
613 5169 867 5250 observat
894 5170 1181 5241 Rigaltius,
1209 5166 1465 5250 quantum
1495 5166 1747 5249 poterant
1772 5166 2047 5243 evitabaut

450 5237 741 5321 μὴτ-ἰδιίθηί
768 5240 838 5294 ob
854 5237 1004 5310 spem
1029 5237 1438 5321 resurrectionis
1455 5237 1511 5304 et-
1529 5252 1651 5305 vitm
1677 5237 2043 5321 sempiterntc.

449 5307 637 5393 Itaque
663 5325 763 5380 pro
780 5307 996 5367 mortuo
1022 5314 1270 5393 dicebant
1299 5321 1653 5389 prmmissum,
1674 5333 1729 5377 et
1750 5307 2046 5393 pio'ﬁid'iie'

450 5377 680 5464 obitum,
726 5395 1029 5464 excessum,
1051 5377 1475 5464 domuitionem,
1516 5377 2042 5464 etgas'sun‘tptioinem',

449 5450 529 5530 uti
560 5450 900 5540 facile‘esset
944 5459 1175 5540 probare
1220 5450 1540 5540 testimoniis
1563 5450 2049 5540 Τθτιυιιίεηιὶξᾶᾖί

449 5520 665 5644 Eriaui,
700 5520 1034 5603 Ilieronyiui,
1085 5536 1141 5581 ct.
1182 5530 1429 5586 aliorum.
1476 5533 1610 5590 Vide
1662 5520 2046 5597 annotati'oncs

503 5606 662 5644 rasmt
717 5609 769 5644 111
800 5605 960 5644 canut
984 5613 1034 5644 IX
1064 5597 1236 5644 [.Ilmp,
1280 5606 1704 5644 Accnmntimmm
1750 5607 1887 5644 Das“:
1952 5627 2040 5644 am,

503 5597 662 5677 rasmj
717 5597 769 5647 in
800 5605 1037 5677 caputh
1062 5597 1240 5677 Lucae.
1277 5606 1705 5674 Assumptionem
1748 5607 1923 5677 Petri,
1951 5627 2044 5667 as-

451 5668 813 5736 sumptionem
847 5668 994 5723 Pauli
1027 5676 1084 5727 et
1125 5682 1441 5729 caeterorum
1472 5668 1616 5749 'szepe
1657 5681 1837 5750 reperi
1866 5668 1922 5737 in
1942 5698 2041 5739 an-

2161 4568 2243 4611 est
2262 4557 2631 4611 controversia
2675 4571 2796 4625 qua:
2832 4573 2953 4611 :evo
2980 4571 3166 4615 nostro
3193 4566 3414 4619 emersit
3442 4567 3494 4620 in
3526 4570 3753 4624 ecclesia

2158 4627 2448 4708 Rarisieusi
2478 4635 2695 4708 propter
2722 4630 3160 4708 Assumptionem
3187 4632 3512 4708 beatissima:
3534 4640 3755 4708 virginis

2159 4698 2361 4752 Marize.
2393 4696 2508 4753 Non
2553 4696 2636 4751 est
2665 4698 2821 4767 hujus
2844 4696 2944 4753 loci
2981 4716 3100 4756 eam
3124 4713 3437 4763 retractare.
3464 4706 3600 4763 Illud
3618 4696 3750 4764 Ian-

2162 4777 2272 4845 tum
2300 4769 2469 4845 dicam
2502 4786 2525 4845 ε⁸
2544 4767 2803 4845 Joannem
2817 4770 3017 4845 Papam
3029 4773 3403 4845 XXIIputasse
3430 4778 3577 4833 illam
3611 4797 3752 4835 non-

2158 4839 2285 4893 dum
2338 4840 2387 4892 iu
2423 4838 2618 4895 coelum
2676 4840 2838 4897 ivisse
2882 4838 2937 4897 et
2990 4844 3133 4898 illam
3164 4838 3269 4900 rion
3331 4848 3647 4905 intraturam
3697 4853 3752 4906 in

2157 4909 2407 4979 gaudium
2438 4909 2637 4985 doinini
2667 4911 2773 4985 ‘sui
2822 4922 2947 4968 ante
2994 4914 3135 4970 diem
3171 4915 3380 4985 judicii.
3409 4918 3545 4974 Vide
3596 4933 3755 4976 notas

2153 4990 2368 5060 nostras
2393 4979 2473 5060 ad
2493 4980 2634 5035 vitas
2662 4981 2925 5060 Paparum
2950 4979 3426 5060 avenionensium,
3457 5005 3578 5060 pag.
3615 4990 3741 5047 789.

2223 5051 2531 5126 Sacerdotes
2552 5060 2600 5126 et
2639 5053 2913 5126 ministros.
2942 5055 3125 5111 Codex
3175 5051 3473 5126 Fuxensis;
3508 5051 3751 5116 sacerdo-

2152 5129 2225 5198 tes
2245 5131 2292 5175 et
2319 5119 2416 5198 Dei
2448 5121 2704 5198 ministros
2722 5124 2793 5198 ab
2831 5125 3016 5198 altario
3038 5128 3148 5198 ejus
3170 5137 3217 5182 et
3246 5119 3457 5184 ecclesia
3495 5142 3748 5187 evacuant

2151 5191 2222 5245 ad
2243 5192 2512 5246 saeculares
2537 5193 2789 5251 molestias
2815 5191 3076 5251 devocant'.

2226 5261 2513 5316 Ministros.
2544 5261 2820 5319 Editioncs
2846 5266 3052 5322 Erasmi
3081 5277 3135 5325 et
3154 5269 3377 5325 Morellii
3398 5271 3596 5327 addunt
3628 5289 3750 5329 suos

2153 5332 2349 5405 levitas.
2397 5332 2694 5405 Ego‘hanc
2740 5335 3031 5405 Epistulam
3092 5340 3269 5395 iuveni
3313 5347 3364 5396 in
3409 5359 3504 5398 χιχ
3560 5359 3748 5400 exem-

2155 5403 2392 5482 plaribus
2433 5401 2690 5482 antiquis,
2719 5401 2855 5460 et'in
2901 5410 3045 5482 nullo
3083 5426 3272 5466 eorum
3316 5415 3492 5482 reperi
3521 5414 3624 5470 hoc
3651 5415 3749 5470 ad-

2151 5473 2529 5550 ditamentum.
2583 5474 2751 5532 Recte
2799 5491 2928 5550 ergo
2972 5478 3216 5537 fecerunt
3261 5473 3529 5540 Manutius
3571 5496 3627 5541 et
3652 5485 3747 5542 alii

2152 5544 2280 5599 illud
2309 5544 2645 5612 abjicientes.
2714 5590 2731 5599 -

2220 5613 2295 5647 ⁸⁸³
2343 5616 2518 5694 Erts'r.
2564 5631 2710 5694 Lx_tx_.
2747 5650 2817 5662 --
2845 5618 2882 5673 ι.
2918 5619 3177 5694 Pupiano.
3199 5623 3433 5683 Joannes
3468 5626 3748 5682 Tristanus

2146 5701 2177 5743 a
2207 5694 2393 5744 sancto
2421 5686 2674 5746 Amantio
2690 5689 2745 5746 in
2772 5700 2920 5748 tomo
2943 5686 3180 5751 secundo
3220 5695 3743 5771 Commentariorum
