4250 6282
475 400 575 457 401

1820 356 2157 461 EPISTOLA
2191 401 2375 462 LXIX.

3666 417 3774 476 802

476 498 565 586 qui
615 512 925 572 sacerdotes
955 514 1082 572 facit
1109 556 1124 581 ,
1165 523 1218 573 te
1260 516 1397 573 velle
1422 559 1436 585 ,
1486 512 1595 573 non
1652 517 1829 575 dicam
1877 518 1945 574 de
1986 533 2074 575 me
2100 517 2329 588 Abere,
2352 520 2474 590 quia
2502 528 2557 578 et
2602 522 2863 580 Dominus
2889 535 2943 580 et
2973 524 3214 597 Apostoli
3241 526 3357 597 ejus
3400 527 3635 586 humiles
3655 530 3773 589 fue-

470 610 729 683 (quantus
759 610 904 666 enim
936 626 1037 682 ego
1064 596 1180 666 sum
1230 620 1254 649 ³
1285 610 1305 685 )
1336 614 1350 667 ι
1406 609 1500 668 sed
1540 611 1609 667 de
1649 611 1742 668 Dei
1788 621 1844 668 et
1877 612 2075 668 Christi

469 702 676 774 judicio
696 702 961 774 judicare.
990 704 1104 759 Hoc
1133 712 1216 760 est
1247 705 1299 759 in
1331 705 1498 761 Deum
1550 720 1656 760 non
1702 704 1943 769 credere,
1973 703 2076 761 hoc

473 803 555 849 est
586 794 843 850 rebellem
898 795 1158 852 adversus
1196 795 1469 852 Christum
1496 808 1548 853 et
1588 796 1847 853 adversus
1896 796 2073 852 Evan-

471 884 673 955 gelium
718 886 835 956 ejus
874 887 1126 953 existere,
1157 896 1214 943 ut
1247 903 1369 943 cum
1414 887 1506 944 ille
1526 888 1668 944 dicat
1702 906 1715 943 :
1750 887 1935 943 Nonne
1971 891 2072 944 duo

472 993 703 1046 passeres
732 994 845 1032 asse
868 988 1097 1033 uaneunt
1119 980 1144 1034 Σ)
1169 989 1216 1034 et
1249 989 1423 1034 neuter
1450 996 1626 1035 eorum
1650 981 1785 1035 cadit
1804 982 1857 1035 in
1888 980 2072 1036 teriam

470 1069 580 1124 sine
612 1068 781 1125 Patris
828 1072 1085 1126 voluntate
1128 1071 1339 1145 (Matt/1.
1371 1088 1429 1139 ἰ,
1456 1072 1551 1145 29)
1571 1114 1587 1141 ,
1621 1082 1674 1128 et
1703 1073 2072 1146 probetmaje-

470 1168 584 1216 stas
609 1161 728 1232 ejus
754 1170 811 1218 et
840 1163 1043 1218 veritas
1086 1165 1205 1219 sine
1246 1164 1573 1219 conscientia
1605 1174 1659 1220 et
1685 1166 1949 1236 permissu
1974 1168 2066 1225 Dei

469 1252 632 1308 etiam
664 1254 873 1309 minora
913 1269 1020 1310 non
1049 1254 1185 1323 fieri,
1223 1265 1278 1311 ιιι
1317 1255 1594 1311 existimes
1637 1256 1945 1313 sacerdotes
1971 1258 2066 1315 Dei
2094 1242 2119 1270 ⁸

467 1351 586 1408 sine
615 1353 946 1409 conscientia
976 1352 1093 1423 ejus
1123 1354 1174 1408 in
1204 1353 1449 1409 Ecclesia
1477 1326 1757 1409 ordiriari'!
1789 1352 1922 1408 Nam
1944 1369 2066 1410 cre-

468 1444 597 1502 dere
618 1446 761 1517 quod
805 1446 1007 1518 indigni
1034 1454 1088 1503 et
1114 1448 1302 1503 incesti
1330 1449 1438 1503 sint
1466 1448 1558 1519 qui
1578 1447 1915 1515 ordinantur,
1939 1449 2064 1518 quid

467 1538 613 1594 aliud
650 1548 736 1595 est
778 1555 937 1610 quam
965 1538 1187 1596 credere
1232 1538 1259 1577 ι)
1304 1539 1446 1611 quod
1498 1556 1603 1595 non
1642 1555 1672 1594 a
1705 1540 1814 1596 Deo
1844 1555 1944 1596 nec
1972 1555 2067 1611 per

470 1635 640 1691 Deum
670 1636 979 1693 sacerdotes
1007 1638 1124 1706 ejus
1144 1636 1196 1689 in
1215 1634 1454 1691 Ecclesia
1478 1635 1872 1689 constituantur
1896 1634 1920 1687 ?

546 1727 608 1782 ll.
631 1728 712 1782 An
744 1737 895 1798 putas
926 1728 1100 1798 majus
1149 1742 1273 1783 esse
1321 1726 1388 1781 de
1437 1740 1524 1781 me
1554 1741 1733 1781 meum
1784 1741 1942 1811 quam
1969 1725 2077 1815 Dei,

474 1822 860 1905 testimonium,
889 1839 1014 1880 cum
1058 1823 1319 1879 Dominus
1348 1827 1463 1893 ipse
1491 1823 1683 1879 doceat
1709 1833 1763 1879 et
1793 1824 1936 1879 dicat
1981 1834 2061 1880 te-

2182 620 2327 679 runt,
2360 611 2713 669 humilitatem
2741 630 2916 671 meam
2945 625 3001 672 et
3031 608 3223 673 fratres
3242 633 3431 675 omnes
3456 627 3512 676 et
3540 623 3772 692 gentiles

2179 724 2391 780 quoque
2419 711 2621 781 optime
2652 720 2849 767 norunt
2876 719 2932 767 et
2951 712 3215 783 diligunt;
3248 723 3303 769 et
3328 722 3383 770 tu
3412 731 3626 787 quoque
3672 733 3770 774 no-

2177 817 2332 859 veras
2363 812 2417 858 et
2441 803 2720 874 diligebas,
2752 806 2819 837 ¹²²
2849 819 2971 860 eum
2994 805 3169 862 adhuc
3199 807 3254 861 in
3279 806 3518 864 Ecclesia
3547 824 3696 866 esses
3717 823 3772 867 et

2176 909 2386 951 mecum
2427 896 2873 953 communicares.
2924 898 3055 966 Quis
3099 908 3277 956 autem
3326 911 3571 957 nostrum
3612 905 3768 976 longe

2176 994 2260 1040 est
2284 988 2351 1042 ab
2396 986 2719 1057 humilitate,
2750 997 3003 1045 utrumne
3030 1004 3156 1062 ego,
3188 992 3280 1062 qui
3318 994 3559 1063 quotidie
3586 995 3765 1053 fratri-

2176 1079 2276 1134 bus
2319 1081 2518 1149 servio,
2552 1090 2605 1136 et
2631 1083 2909 1137 venientes
2934 1081 3003 1138 ad
3032 1081 3329 1139 Ecclesiam
3353 1086 3590 1156 singulos
3612 1089 3740 1147 boni

2173 1186 2277 1241 gne
2302 1181 2356 1227 ct
2380 1187 2502 1228 cum
2530 1181 2656 1228 voto
2677 1182 2732 1229 et
2759 1173 2954 1244 gaudio
2978 1174 3237 1246 suscipio?
3254 1190 3325 1230 an
3357 1177 3537 1246 tu,qui
3566 1186 3619 1234 te
3648 1187 3763 1250 epl-

2172 1277 2395 1333 scopum
2423 1265 2662 1336 episcopi
2717 1275 2771 1320 et
2812 1264 3045 1335 iudicem
3087 1266 3281 1337 judicis
3322 1276 3346 1314 ϐ
3392 1267 3459 1323 ad
3487 1276 3695 1340 tempus
3734 1287 3766 1325 ιι

2171 1359 2284 1415 Deo
2313 1361 2421 1415 dati
2452 1363 2734 1417 constituis
2758 1363 2784 1416 ‘?
2826 1378 2949 1419 cum
2976 1364 3235 1420 Dominus
3259 1365 3401 1422 Deus
3431 1367 3483 1420 in
3506 1366 3768 1425 Deutero-

2171 1452 2353 1507 nomio
2372 1453 2513 1508 dicat
2538 1469 2553 1506 :
2584 1453 2647 1507 Et
2675 1455 2827 1509 homo
2855 1456 3156 1528 quicumque
3179 1458 3353 1528 fecerit
3381 1462 3433 1513 in
3454 1462 3692 1530 superbia
3713 1479 3770 1516 ιιτ

2170 1559 2272 1598 non
2291 1546 2531 1600 exaudiat
2558 1547 2870 1602 sacerdotem
2899 1559 2991 1602 aut
3002 1551 3251 1620 judicent,
3278 1554 3575 1624 quicumque
3614 1557 3767 1628 fuerit

2166 1640 2221 1692 in
2241 1638 2415 1693 diebus
2438 1640 2565 1707 illis,
2587 1642 2832 1695 morietur
2856 1642 3007 1696 homo
3024 1643 3132 1712 ille,
3155 1654 3200 1698 et
3220 1646 3385 1700 omnis
3409 1647 3629 1716 populus
3649 1664 3765 1703 cum

2167 1731 2385 1785 audierit
2412 1731 2619 1798 timebit,
2643 1741 2688 1786 et
2726 1748 2827 1787 non
2853 1743 3002 1804 agent
3038 1735 3190 1804 impie
3206 1737 3356 1790 etiam
3386 1754 3523 1791 nunc
3582 1738 3761 1812 (Deut.

2163 1837 2296 1888 XVII,
2326 1822 2413 1889 12,
2441 1822 2555 1894 13).
2582 1822 2654 1877 Et
2673 1823 2865 1879 iterum
2890 1824 2958 1879 ad
2986 1825 3290 1882 Samuelem
3342 1827 3575 1899 loquitur
3600 1840 3653 1886 et
3677 1832 3762 1887 di-

471 1904 779 1970 stimonium
810 1930 914 1972 non
960 1929 1081 1971 esse
1129 1931 1314 1971 verum
1357 1916 1401 1971 si
1433 1916 1554 1987 quis
1584 1916 1699 1987 ipse
1723 1916 1791 1971 de
1819 1931 1878 1972 se
1907 1917 2055 1973 testis
2085 1904 2133 1964 Β
2160 1915 2234 1969 Cit
2264 1930 2277 1965 :
2313 1914 2435 1969 Non
2468 1925 2515 1971 te
2540 1926 2852 1986 spreverunt,
2884 1918 2972 1972 sed
3012 1935 3091 1972 me
3142 1931 3433 1990 spreverunt
3486 1922 3578 1993 (ΙΙΙ
3627 1923 3759 1997 Reg.

468 2004 682 2071 existat,
709 2019 778 2061 eo
804 2006 945 2076 quod
978 2006 1341 2076 unusquisque
1384 2006 1565 2078 utique
1618 2007 1718 2063 sibi
1771 2007 1947 2063 faveat
1995 2020 2016 2047 ο
2041 2050 2055 2076 ,

466 2111 566 2153 nec
590 2107 780 2153 contra
828 2112 889 2153 se
919 2099 1111 2168 aliquis
1152 2098 1345 2154 infesta
1375 2109 1429 2153 et
1483 2099 1706 2155 adversa
1750 2098 2055 2170 depromat,

463 2188 601 2245 fides
654 2204 785 2246 vero
837 2190 1043 2246 sincera
1076 2191 1146 2246 sit
1168 2192 1404 2247 veritatis
1436 2189 1484 2259 ει,
1509 2191 1627 2246 siin
1656 2192 2049 2260 praedicationi-

466 2278 564 2335 bus
581 2281 783 2337 nostris
820 2282 956 2337 alius
994 2282 1064 2338 sit
1086 2283 1402 2353 praedicator
1426 2298 1490 2339 ac
1518 2286 1708 2339 testis:
1734 2284 1797 2339 Si
1830 2286 2053 2340 testimo-

465 2375 625 2443 nium,
651 2377 844 2447 inquit,
874 2377 1049 2432 dixero
1072 2378 1135 2433 de
1163 2394 1261 2444 me,
1293 2378 1632 2432 testimonium
1667 2396 1831 2434 meum
1858 2397 1960 2436 non
1986 2389 2059 2434 est

465 2487 658 2527 verum.
682 2472 830 2527 Alius
855 2482 925 2526 est
948 2473 1079 2526 enim
1107 2472 1195 2542 qui
1216 2472 1353 2526 testis
1378 2481 1450 2526 est
1472 2471 1535 2526 de
1560 2489 1638 2526 me
1682 2471 1862 2546 (Joan.
1886 2491 1940 2541 v,
1966 2476 2052 2543 3i,

465 2562 578 2633 52).
602 2563 756 2632 Quod
787 2565 830 2618 si
858 2565 972 2633 ipse
1000 2562 1278 2628 Dominus,
1320 2564 1497 2619 omnia
1531 2574 1554 2599 θ
1608 2565 1945 2635 postmodum
1965 2566 2055 2637 ju-

465 2652 736 2719 dicaturus
796 2653 842 2722 τ,
891 2654 1062 2709 noluit
1105 2653 1174 2710 de
1218 2655 1524 2709 testimonio
1576 2670 1675 2710 suo
1726 2657 1828 2712 sibi
1884 2658 2053 2727 credi,

464 2745 557 2799 sed
578 2747 762 2801 maluit
782 2746 852 2802 de
867 2746 1071 2816 judicio
1088 2761 1150 2801 ac
1178 2736 1491 2802 testimonio
1511 2747 1600 2803 Dei
1620 2748 1796 2804 Patris
1817 2751 2054 2818 probari,

463 2851 668 2909 quanto
695 2843 863 2913 magis
901 2841 1003 2897 hoc
1034 2857 1218 2898 servos
1247 2843 1363 2913 ejus
1394 2844 1683 2901 observare
1703 2856 1933 2915 oportet,
1966 2848 2055 2914 qui

466 2920 1075 3000 judicioac'tesumonio
1105 2934 1195 2989 Dei
1239 2949 1344 2989 non
1377 2935 1673 3005 probantur
1702 2944 1928 3003 tantum,
1960 2939 2058 2995 sed

466 3022 628 3077 etiam
649 3022 958 3094 gloriantur.
1000 3026 1286 3082 Praevaluit
1306 3038 1483 3083 autem
1511 3028 1652 3097 apud
1685 3037 1736 3085 te
1765 3042 1949 3085 contra
1977 3032 2057 3087 di--

470 3113 649 3168 vinam
680 3117 995 3197 sententiam
1035 3128 1089 3173 et
1133 3128 1318 3173 contra
1364 3120 1744 3176 conscientiam
1791 3132 2054 3190 nostram,

466 3206 588 3262 fidei
620 3222 731 3262 sua:
761 3210 963 3265 viribus
998 3212 1197 3278 nixam,
1245 3212 1581 3268 inimicorum
1604 3222 1658 3269 et
1701 3216 2056 3287 malignorum

2163 2024 2258 2075 vn,
2292 2008 2367 2079 7).
2402 2008 2469 2063 Et
2495 2007 2671 2064 adhuc
2699 2008 2952 2065 Dominus
2980 2011 3047 2085 {in
3079 2009 3391 2083 Evangelio,
3421 2028 3543 2070 cum
3588 2018 3636 2074 ei
3681 2018 3763 2073 di-

2162 2112 2307 2159 ctum
2330 2113 2495 2168 esset,
2518 2104 2607 2158 Sic
2647 2104 2923 2173 respondes
2954 2103 3218 2173 Pontiﬁci,
3247 2106 3557 2165 custodiens
3582 2120 3639 2187 et
3664 2110 3759 2167 do-

2161 2211 2290 2251 cens
2337 2194 2725 2251 sacerdotalem
2768 2194 2799 2232 h
2827 2195 3086 2250 honorem
3107 2197 3310 2252 servari
3333 2206 3756 2267 oportere,con-

2164 2296 2243 2343 tra
2274 2287 2591 2344 Pontilicem
2641 2287 2775 2343 nihil
2817 2286 3032 2353 dixerit,
3060 2287 3157 2343 sed
3202 2288 3562 2346 innocentiam
3608 2310 3760 2350 suam

2164 2380 2536 2436 tantummodo
2560 2395 2792 2450 purgans
2816 2378 3158 2459 responderit
3189 2379 3375 2437 dicens
3401 2399 3415 2436 :
3443 2382 3505 2438 Si
3534 2385 3666 2439 male
3694 2387 3764 2440 lo-

2161 2480 2305 2527 cutus
2335 2489 2472 2540 sum,
2499 2471 2747 2541 eaprobra
2777 2471 2840 2525 de
2880 2470 3035 2525 malo.
3069 2469 3131 2525 Si
3153 2480 3322 2525 autem
3361 2465 3504 2539 bene,
3532 2475 3656 2543 quid
3683 2494 3763 2531 nte

2159 2567 2313 2623 caedis
2333 2566 2523 2639 (Joan;
2545 2565 2726 2637 xvnt)?
2751 2563 2881 2620 Item
2917 2563 3103 2619 beatus
3128 2564 3434 2635 Apostolus,
3465 2582 3583 2622 cum
3613 2570 3660 2623 ei
3678 2570 3761 2625 di-

2159 2667 2304 2714 ctum
2337 2666 2501 2723 esset,
2533 2657 2624 2713 Sic
2648 2656 2886 2711 insilisiu
2928 2656 3240 2711 sacerdotem
3280 2656 3377 2711 Dei
3415 2660 3761 2716 maledicendo

2161 2751 2299 2824 (Act.
2331 2765 2481 2814 mn,
2511 2748 2568 2813 4,
2593 2749 2671 2819 5),
2698 2747 2835 2802 nihil
2880 2746 3269 2803 contumeliose
3301 2748 3509 2806 locutus
3557 2753 3627 2808 sit
3668 2753 3763 2808 ad-

2160 2856 2349 2897 versus
2372 2838 2730 2905 sacerdotem,
2753 2838 2966 2909 quando
2995 2850 3047 2893 et
3087 2840 3323 2908 potuerit
3364 2856 3425 2898 se
3452 2855 3762 2901 constanter

2159 2947 2385 2988 exerere
2432 2931 2697 2987 adversus
2724 2946 2817 2987 eos
2843 2931 2935 3001 qui
2966 2929 3250 2985 Dominum
3276 2933 3673 2992 cruciﬁxissent
3706 2928 3762 2993 et

2159 3028 2251 3101 qui
2284 3030 2396 3102 jam
2448 3027 2614 3082 Deum
2659 3034 2714 3081 et
2748 3025 3018 3079 Christum
3059 3031 3114 3076 et
3138 3024 3392 3092 templum
3422 3035 3482 3082 et
3508 3029 3763 3085 sacerdo-

2163 3121 2291 3175 tium
2342 3119 2701 3190 perdidissent
2746 3117 2759 3154 ί
2792 3136 2806 3184 ;
2839 3121 2954 3184 sed,
2989 3113 3229 3193 quamvis
3271 3123 3326 3177 in
3370 3120 3515 3174 falsis
3551 3130 3607 3175 et
3630 3136 3760 3192 spo-

2161 3214 2304 3269 liatis
2335 3212 2701 3269 sacerdotibus
2730 3212 2974 3269 umbram
3005 3224 3183 3275 tamen
3209 3219 3381 3289 ipsam
3421 3214 3636 3269 inanem
3669 3229 3758 3270 sa-

463 3309 848 3367 commentum,
880 3304 1030 3374 quasi
1076 3305 1215 3374 apud
1257 3305 1433 3375 lapsos
1462 3315 1518 3362 et
1567 3308 1818 3377 profanos
1860 3321 1916 3367 et
1964 3328 2056 3367 ex-
2083 3290 2128 3353 (ἶ
2162 3306 2448 3362 cerdotalis
2473 3306 2701 3361 nominis
2727 3307 2967 3377 cogitans
2992 3309 3189 3366 dixerit
3220 3328 3233 3364 :
3276 3298 3610 3374 Nesciebam,
3654 3312 3764 3380 fra-

464 3404 542 3449 tra
574 3394 869 3451 Ecclesium
899 3397 1124 3468 positos,
1157 3399 1224 3453 de
1254 3416 1480 3470 quorum
1523 3402 1834 3471 pectoribus
1857 3420 2051 3461 exces-

465 3488 594 3543 serit
620 3487 854 3559 Spiritus
902 3501 1139 3557 sanctus,
1171 3505 1292 3547 esse
1340 3492 1485 3547 aliud
1531 3497 1702 3563 possit
1740 3494 1843 3550 nisi
1898 3512 2052 3553 mens

460 3595 628 3652 prava
650 3591 705 3637 et
738 3582 897 3637 fallax
946 3582 1124 3654 lingua
1155 3593 1209 3639 et
1228 3583 1348 3638 odia
1396 3594 1657 3642 venenata
1697 3596 1751 3642 et
1778 3590 2052 3662 sacrilega

462 3675 776 3743 mendacia;
806 3678 998 3747 quibus
1050 3679 1138 3748 qui
1187 3668 1378 3746 credit,
1417 3695 1541 3736 cum
1572 3680 1679 3737 illis
1724 3698 1946 3741 necesse
1970 3696 2054 3744 est

449 3749 765 3823 inveniatur
784 3783 905 3824 cum
928 3768 1116 3839 judicii
1140 3768 1256 3825 dies
1285 3772 1517 3828 venerit.

530 3864 621 3920 ΙΙΙ.
649 3862 803 3935 Quod
828 3880 960 3922 vero
986 3865 1167 3923 dixisti
1195 3867 1505 3925 sacerdotes
1528 3868 1758 3927 humiles
1802 3888 1925 3931 esse
1954 3875 2051 3932 de-

2165 3409 2285 3462 tres,
2312 3399 2453 3469 ‘quia
2482 3399 2710 3469 pontifex
2738 3408 2832 3453 est.
2875 3400 3138 3472 Scriptum
3167 3413 3239 3458 est
3265 3386 3434 3457 enimi
3466 3399 3763 3472 Principent

2158 3493 2335 3563 populi
2364 3492 2377 3543 ἱ
2417 3493 2490 3546 tui
2515 3508 2615 3546 non
2642 3493 2910 3548 maledices
2929 3492 3123 3566 (Exod.
3144 3492 3405 3567 xxu,25).
3835 3571 3841 3575 μ

2231 3585 2319 3641 1V.
2347 3585 2459 3640 Nisi
2488 3586 2531 3640 si
2573 3584 2824 3641 sacerdos
2870 3587 2965 3641 tibi
3009 3586 3082 3642 fui
3123 3598 3248 3643 ante
3308 3587 3755 3658 persecutionem,

2157 3678 2370 3748 quando
2421 3692 2631 3733 meeum
2687 3679 3145 3745 communicabas,
3177 3688 3297 3749 post
3319 3679 3752 3749 persecutionem

2158 3771 2414 3828 sacerdos
2443 3784 2563 3826 esse
2591 3768 2780 3823 desivi.
2810 3768 3121 3824 Persecutio
3160 3769 3304 3825 enim
3336 3769 3559 3824 veniens
3601 3776 3655 3824 te
3681 3767 3750 3822 ad

2158 3885 2422 3934 summam
2465 3865 2709 3936 martyrii
2756 3862 3139 3920 sublimitatem
3169 3861 3432 3933 provexit,
3464 3877 3552 3922 me
3576 3870 3757 3919 autem

1634 4006 2013 4069 LECTIONES
2050 4005 2467 4075 VARIANTES.

448 4112 453 4115 ’
526 4117 553 4182 ξι
587 4115 706 4182 Sum
724 4118 858 4182 deest
879 4119 929 4168 in
954 4119 1091 4182 Spir.
1115 4120 1309 4182 Innom.
1336 4122 1526 4173 Erasm.

526 4177 553 4215 δ
586 4178 915 4247 Οοιιιθιιόθιῄθ.
1164 4180 1309 4233 Ebor.
1344 4182 1492 4244 Bod.,
1527 4184 1575 4233 2.
1610 4184 1716 4235 ΝΟ.
1759 4186 1805 4245 1,
1844 4187 1893 4237 2.
1932 4190 2056 4240 Ben.

461 4241 945 4356 natura?
973 4246 1092 4294 νεν-

524 4365 552 4404 d
586 4345 784 4417 διήιἑὲῑὲ
955 4370 1136 4419 veritas
1156 4367 1264 4420 Lin.

527 4434 550 4460 ε
584 4427 702 4480 Cum
743 4430 902 4480 omnia
949 4431 1083 4482 Lam.
1107 4430 1217 4483 Nt‘.
1266 4432 1432 4492 1.Qui
1454 4432 1615 4482 omnia
1637 4435 1779 4485 Pem.
1802 4435 1930 4486 Bod.
1980 4436 2027 4486 1.

2228 4122 2250 4161 ί
2287 4122 2599 4172 Judicaturus
2639 4118 2705 4168 sit
2741 4117 2875 4166 Lam.
2897 4112 3167 4174 Lin.Bod.,
3193 4115 3304 4175 1,2.
3329 4116 3476 4169 Ebor.
3499 4118 3608 4171 ΝΟ.
3635 4119 3682 4177 1,
3707 4119 3757 4171 2.

2226 4190 2252 4228 s
2290 4185 2582 4249 Episcopum
2621 4180 2871 4244 episcopo,
2917 4186 2971 4229 et
2991 4177 3525 4243 judicemjudieiBod.
3549 4182 3598 4232 2.
3622 4182 3759 4234 Lam.

2159 4248 2309 4300 Ebor.
2702 4300 2714 4312 ,

2224 4311 2256 4350 h
2289 4304 2905 4375 sacerdotibusLtnLAN
2941 4302 2992 4352 2.

2230 4375 2246 4412 ί
2287 4372 2582 4421 Amisissent
2605 4367 2709 4416 Litt.
2731 4367 2841 4417 ΝΟ.
2865 4367 2915 4417 2.

2233 4436 2247 4486 i
2289 4434 2460 4485 Plebis
2505 4428 2631 4481 Bod.
2679 4429 2727 4490 1,
2747 4428 2795 4479 2.
2830 4429 2962 4480 Lam.
2988 4427 3133 4479 Ebor.
3160 4425 3263 4477 Lt'n.
3290 4426 3398 4480 ΝΕ.
3424 4428 3473 4489 1,
3498 4427 3546 4478 2.

1697 4537 1920 4593 STEPH
1929 4580 1943 4592 .
1990 4539 2267 4598 BALUZII
2303 4536 2535 4595 NOTIE.

461 4662 677 4726 suorum
703 4664 822 4726 pag.
856 4652 961 4726 495
980 4651 1280 4726 suspicatur
1304 4652 1406 4726 legi
1436 4652 1559 4709 beic
1578 4668 1737 4723 posse
1759 4653 2045 4723 Pupienus.
2073 4658 2128 4719 D
2155 4668 2203 4714 et
2233 4657 2464 4726 Apostoli
2484 4647 2702 4710 humiles
2733 4656 2956 4726 fuerunt.

462 4720 665 4806 quialiIn
710 4720 939 4806 Historia
970 4720 1196 4806 Anug‘itsta
1230 4720 1433 4806 invenit
1455 4720 1670 4806 “plures”
1686 4720 2049 4806 itamOmifna-

462 4798 563 4878 tog:
592 4789 945 4878 (Crediderim
993 4789 1290 4878 Ptipianum
1328 4789 1900 4878 invidisseuCypriano

458 4860 564 4915 cilii
592 4860 786 4934 nomen
819 4874 873 4918 et
902 4880 996 4934 per
1025 4860 1387 4934 contemptum
1415 4865 1627 4922 Thascii
1658 4860 1810 4923 titulo
1826 4868 2050 4924 salutas-

458 4946 673 5007 se._q_uo
703 4933 847 5007 inter
869 4936 1096 5005 gentiles
1123 4933 1461 4992 noscebatur.
1493 4936 1690 5007 Oxon.)

456 5047 462 5068 ἲ
531 5002 757 5057 Minora.
813 5002 990 5061 Codex
1020 5007 1388 5064 Carno‘tensis.
1422 5009 1652 5062 minima.

530 5073 829 5130 Il.-Fides
864 5092 978 5131 vero
1003 5078 1217 5132 sincera.
1246 5076 1426 5133 Codex
1448 5080 1891 5147 sanctiArnulphi
1916 5101 1928 5136 :
1965 5079 2054 5135 Fi-

461 5145 549 5198 des
568 5161 683 5201 vero
712 5147 903 5202 incerta
929 5151 993 5203 sit
1024 5149 1268 5213 ueritatis,
1301 5149 1397 5202 nisi
1426 5149 1559 5203 alius
1580 5151 1641 5202 sit
1674 5145 1980 5218 prwdicator
2006 5162 2052 5207 et

461 5217 619 5269 testis.

536 5286 697 5359 testis
728 5299 799 5344 est
829 5289 893 5345 de
922 5307 1018 5344 me.
1075 5289 1251 5345 Codex
1287 5290 1569 5357 Fuxensis,
1604 5293 1837 5359 testi/ient
1865 5295 1927 5346 de
1952 5309 2049 5346 me.

533 5357 684 5412 Fidei
724 5376 833 5415 sua:
877 5362 1078 5415 viribus.
1136 5360 1209 5415 ita
1254 5361 1355 5430 legi
1411 5363 1461 5416 in
1522 5357 1770 5418 undecim
1822 5363 2054 5430 antiquis

458 5430 860 5499 exemplaribus
895 5442 948 5485 et
989 5433 1038 5484 in
1087 5432 1409 5485 editionilms
1449 5432 1667 5499 Manutii
1707 5443 1760 5487 et
1803 5433 2049 5489 Morellii.

459 5498 751 5574 Spirensis,
783 5501 986 5557 Veneta
1016 5511 1189 5574 vetns,
1246 5498 1541 5574 Erasmica,
1591 5514 1646 5557 et
1683 5504 1783 5557 alia
1820 5505 2055 5574 quinque

459 5571 787 5637 exemplaria
826 5583 1001 5627 vetera
1029 5572 1226 5627 habent
1247 5572 1337 5627 Dei
1361 5572 1579 5639 furibus,
1611 5575 1748 5627 haud
1771 5571 1931 5629 du‘hie
1964 5571 2057 5641 per

462 5654 702 5693 errorem
724 5641 1094 5717 librariorum.
1119 5643 1249 5717 Nam
1276 5660 1421 5717 saepe
1449 5646 1500 5717 in
1530 5645 1759 5717 antiquis
1781 5645 2056 5702 codicibus

461 5709 847 5783 manuscriptis
896 5714 1000 5771 vidi
1055 5715 1310 5785 scriptum
1330 5709 1537 5785 juribus
1569 5709 1672 5787 pro
1702 5717 1891 5772 viribus
1936 5726 1989 5772 et
2026 5731 2058 5772 e

464 5793 750 5838 οοιινετεο.

532 5837 844 5921 ΙΙΙ.--Ωιιέα
868 5866 915 5911 et
946 5854 1216 5913 Dominus.
1235 5854 1413 5914 Codex
1441 5858 1612 5915 sancti
1644 5837 1927 5930 Arnulphi,
1942 5857 2060 5926 quia

2231 4722 2470 4784 Easerere.
2500 4727 2647 4782 Idem
2676 4722 2844 4777 codex
2872 4723 3112 4790 experiri.

2229 4798 2509 4866 Populum.
2555 4793 2771 4867 Retinui
2843 4794 2978 4867 hanc
3034 4793 3374 4867 lectionem,
3445 4797 3568 4867 quia
3619 4812 3756 4854 con-

2154 4863 2321 4925 venit
2371 4884 2493 4923 cum
2560 4865 2797 4936 pluribus
2844 4863 3075 4933 antiquis
3132 4863 3407 4936 codicibus
3438 4863 3479 4929 ,“
3520 4879 3574 4922 et
3634 4871 3757 4936 quia

2157 4941 2226 4995 ita
2287 4940 2477 5010 legitur
2508 4935 2831 5010 inAE_pistola
2889 4950 2985 5010 ων,Δ
3025 4948 3146 5010 pag.
3197 4935 3285 5001 81,
3337 4938 3477 5010 etin
3505 4937 3749 5008 Epistula

2157 5027 2282 5073 va,
2319 5005 2437 5079 pag.
2472 5005 2683 5079 115.E_t
2730 5005 3090 5079 tamenplebis
3132 5018 3233 5061 tute
3280 5005 3658 5077 scriptum'est
3703 5012 3756 5064 in

2159 5076 2443 5135 duodecim
2475 5076 2697 5132 vetustis
2722 5076 3120 5147 exemplaribus
3152 5079 3349 5134 nostris
3371 5076 3427 5133 et
3462 5080 3516 5133 in
3546 5090 3752 5147 septem

2159 5149 2487 5220 Anglicanis,
2520 5149 2573 5202 in
2606 5147 2876 5220 veteribus
2913 5146 3260 5212 editionibus,
3291 5160 3347 5205 et
3376 5151 3537 5206 etiam
3567 5146 3620 5206 in
3646 5151 3759 5206 Ma-

2158 5218 2372 5277 nnt‘iana
2402 5229 2457 5275 et
2482 5218 2813 5274 Morelliana.

2154 5330 2165 5340 .
2232 5291 2527 5345 Persecutio
2555 5290 2710 5343 enim.
2734 5287 2917 5345 Codex
2941 5290 3109 5345 sancti
3127 5290 3392 5361 Arnulphi
3420 5307 3435 5346 :
3460 5289 3757 5347 Persecutio

2158 5364 2291 5418 enim
2323 5372 2368 5415 te
2396 5362 2674 5416 venientem
2709 5361 2777 5412 ad
2806 5376 3076 5415 summam.

2232 5432 2486 5488 lV.—.ile
2513 5440 2701 5484 autem.
2724 5430 2942 5484 Multum
2967 5432 3173 5485 variant
3200 5432 3251 5485 in
3271 5430 3375 5488 hoc
3397 5433 3651 5488 locolihri
3676 5450 3761 5488 vc-

2161 5514 2326 5560 teres.
2353 5504 2410 5558 In
2441 5501 2747 5557 Divionensi
2777 5501 2995 5569 quippe,
3027 5501 3079 5554 in
3118 5501 3340 5556 Metensi
3366 5505 3758 5558 sanctiArmil-

2161 5576 2274 5646 phi.
2303 5584 2358 5629 et
2399 5573 2457 5628 In
2492 5572 2829 5646 ALamoniano
2870 5570 3125 5646 scriptum
3166 5582 3249 5626 est
3270 5590 3295 5646 Δε
3323 5572 3608 5646 Merentem
3638 5591 3760 5643 pro-

2161 5643 2451 5716 scriptionis
2482 5643 3128 5716 honpredepresgit,cunt
3146 5643 3306 5716 magis
3334 5643 3533 5716 publice
3559 5645 3757 5716 legere-

2164 5727 2246 5771 tur
2264 5710 2291 5769 ’τ
2320 5715 2381 5770 Si
2407 5715 2517 5784 quis
2561 5712 2624 5765 de
2670 5710 2811 5766 bonis
2855 5711 3046 5767 chilii
3081 5710 3343 5785 Cypriani
3382 5710 3627 5785 episcopi:
3664 5714 3759 5785 Sic

2162 5788 2323 5857 etiam
2356 5783 2469 5841 fere
2509 5799 2650 5839 unus
2676 5798 2833 5857 meus
2863 5792 3034 5857 vetus.
3079 5783 3599 5857 [litusjlemigianus
3628 5784 3709 5840 sic
3739 5803 3754 5838 :

2164 5855 2253 5913 Me
2280 5866 2450 5914 autem
2477 5871 2594 5911 cum
2637 5854 2941 5925 proscriptio
2984 5853 3172 5911 Ccecilii
3215 5853 3461 5929 Cypriani
3489 5856 3759 5927 legeretur,
