4250 6282
527 413 633 475 Δθὸ

1930 416 2073 484 DlVl
2110 416 2433 487 GMIANI

3707 436 3814 495 4οι

526 500 935 609 proscriptionis
947 550 1112 594 onere
1129 537 1553 610 deprcssit,eum
1572 534 2068 614 publicelegeretur
2099 562 2113 600 :
2142 557 2195 620 Α
2222 547 2349 602 tiam
2363 544 2651 617 iudicetur,
2684 561 2752 604 ne
2776 555 2854 604 tot
2878 545 3044 619 lapsis
3064 550 3119 603 et
3144 549 3529 622 pot-nitentibus
3556 567 3660 625 pax
3689 554 3815 614 data

534 648 554 683 ι
586 630 646 686 Si
681 630 801 700 quis
828 638 974 686 tenet
1002 632 1085 688 vel
1114 630 1353 702 possidet
1379 632 1448 688 de
1477 632 1634 688 benis
1673 633 1877 689 Caecilii
1895 632 2119 707 Cypria-

474 710 481 715 “
527 721 582 775 ni
609 720 846 792 episcopi
873 719 1301 779 Christianorum
1334 740 1349 791 ε
1383 743 1403 777 ι
1434 733 1497 779 ut
1537 725 1698 781 etiam
1733 726 1825 797 qui
1868 739 1975 781 non
2003 741 2121 782 cre-

527 812 726 868 debant
757 814 867 870 Deo
902 813 1220 887 episcopum
1246 817 1616 884 constituenti,
1654 819 1736 874 vel
1766 816 1981 875 diabolo
2003 834 2121 876 cre-

527 908 723 965 derent
772 920 797 948 ι
846 912 1160 981 episcopum
1215 914 1591 983 proscribenti.
1650 913 1760 967 Nec
1814 896 1930 968 [nec
1955 914 2118 983 jacto,

531 1004 627 1060 sed
657 1005 847 1061 dolens
874 1006 1113 1076 profero,
1140 1016 1264 1062 cum
1308 1015 1363 1062 te
1403 1007 1639 1077 judieem
1690 1007 1782 1061 Dei
1825 1008 2122 1062 'constituas

530 1110 582 1155 et
609 1088 924 1171 Chris‘ti,qui
944 1101 1075 1155 dicit
1098 1102 1162 1155 ad
1182 1101 1490 1170 Apostolos,
1507 1116 1569 1156 ac
1597 1116 1692 1171 per
1719 1102 1820 1155 hoc
1846 1100 1912 1155 ad
1933 1115 2122 1156 omnes

529 1191 851 1262 praepositos
901 1191 994 1261 qui
1035 1191 1307 1261 Apostotis
1334 1191 1530 1246 vicaria
1561 1191 1899 1247 ordinatione
1927 1206 2121 1247 suece-
2154 1250 2173 1271 ο

527 1283 698 1338 dunt:
733 1284 832 1349 Qui
855 1285 1128 1349 audit’uos,
1157 1300 1237 1337 me
1273 1283 1456 1347 audit;
1489 1292 1534 1336 et
1561 1284 1647 1351 qui
1672 1299 1751 1337 me
1787 1283 1951 1348 audit,
1982 1284 2124 1338 audit

529 1390 643 1429 eum
687 1376 774 1442 qui
816 1390 895 1429 me
922 1376 1078 1429 misit.
1110 1373 1177 1428 Et
1204 1375 1292 1445 qui
1325 1376 1488 1446 rejicit
1510 1390 1613 1444 vos,
1641 1390 1721 1429 me
1760 1378 1921 1444 reiicit
1943 1388 1988 1431 et
2010 1392 2126 1433 eum

527 1470 615 1536 qui
635 1484 714 1523 me
734 1471 869 1524 misit
891 1469 1044 1540 (an.
1074 1470 1172 1541 tu).

605 1561 666 1616 ν.
692 1561 820 1617 lude
845 1562 989 1617 enim
1020 1563 1309 1621 schismata
1341 1573 1395 1619 et
1422 1563 1662 1619 haereses
1689 1564 1893 1621 oborta;
1921 1576 2046 1627 sunt
2072 1576 2127 1623 et

528 1655 950 1723 oriuntur,dum
998 1657 1427 1728 episcopus,'qui
1457 1668 1595 1712 unus
1626 1667 1708 1713 est
1762 1668 1817 1713 et
1870 1659 2126 1742 Ecclesig:

527 1757 745 1817 praeest,
765 1748 1000 1819 superba
1014 1749 1365 1818 quorumdam
1384 1750 1800 1820 prmsumptioue
1821 1754 2125 1807 contemni.

528 1853 636 1907 tur,
664 1852 719 1897 et
774 1842 937 1897 homo
971 1843 1280 1913 dignatione
1312 1842 1402 1898 Dei
1428 1844 1723 1901 honoratus
1754 1845 2001 1917 indignus
2031 1827 2127 1900 lio-1

2223 650 2277 698 et
2320 640 2734 697 communicatio
2780 652 2966 698 nostra
3018 645 3415 703 examinatione
3452 662 3706 705 concessa
3731 651 3817 720 ju-

2224 732 2348 789 dicii
2388 732 2465 788 tui
2512 735 2828 790 auctoritate
2878 735 3136 793 solvatur.
3180 734 3386 811 iAunue
3441 740 3725 811 aliquando
3764 752 3819 799 ct

2225 826 2449 896 dignare
2488 827 2835 897 pronuntiare
2885 826 2953 884 de
2993 828 3147 885 nobis
3178 810 3255 885 ὀι
3304 810 3670 904 episcopatum
3722 851 3820 891 no-

2224 928 2395 991 strum
2426 918 2749 989 cognitionis
2797 927 2901 976 tute
2944 924 3265 979 auctoritate
3309 923 3548 991 firmare,
3580 936 3637 981 ut
3677 926 3819 985 Deus

2225 988 2544 1067 embristus
2573 1012 2687 1083 ejus
2709 1026 2872 1084 agere
2892 1012 2985 1069 tibi
3005 1016 3204 1084 gratias
3240 1016 3445 1085 possint
3480 988 3621 1087 quod
3651 1034 3745 1089 per
3766 1026 3819 1077 te

2227 1104 2293 1159 sit
2336 1104 2560 1158 antistes
2591 1113 2644 1159 et
2671 1114 2848 1160 rector
2868 1105 3025 1161 altari
3051 1122 3235 1162 eoruut
3262 1109 3464 1179 pariter
3490 1121 3543 1168 et
3565 1110 3703 1181 plebi
3736 1129 3821 1169 re-

2226 1196 2461 1252 stitutus.
3060 1216 3065 1219 η

2304 1288 2389 1343 γι.
2440 1289 2582 1359 Apes
2625 1287 2825 1356 habent
2869 1304 3049 1373 regem
3092 1302 3148 1348 et
3196 1288 3387 1350 ducem
3411 1280 3661 1365 pecudes,
3693 1299 3822 1355 etei

2228 1378 2386 1434 ﬁdem
2441 1388 2659 1435 servant
2690 1399 2702 1434 :
2730 1381 2965 1437 latrones
3025 1383 3253 1453 mancipi
3295 1380 3323 1420 ἀ
3355 1384 3614 1457 obsequio
3663 1387 3822 1459 pleno

2234 1472 2302 1503 ³³³
2336 1472 2648 1527 humilitatis
2694 1474 3086 1543 obtemperant.
3140 1473 3351 1543 Quanto
3380 1477 3739 1547 simpliciores
3767 1491 3823 1536 et

2231 1564 2482 1619 meliores
2512 1564 2661 1619 vobis
2689 1574 2815 1619 sunt
2845 1566 3015 1620 brut-.e
3032 1566 3265 1636 pecudes
3286 1577 3341 1622 et
3362 1578 3504 1623 muta
3535 1571 3810 1640 animalia,

2230 1664 2284 1709 et
2312 1655 2517 1709 cruenti
2563 1655 2687 1709 licet
2712 1669 2774 1710 ac
2815 1654 3053 1711 furentes
3080 1657 3222 1712 inter
3243 1657 3451 1728 gladios
3478 1668 3638 1731 atque
3680 1664 3823 1718 inter

2233 1762 2380 1801 arma
2414 1746 2693 1817 unedones
2716 1748 2739 1801 ?
2761 1747 3086 1820 Prteposittts
3109 1749 3223 1803 illic
3251 1752 3560 1820 agnoscitur
3581 1762 3634 1808 et
3665 1753 3825 1811 timc-

2214 1826 2320 1892 tur
2336 1852 2492 1908 quem
2522 1852 2628 1893 non
2652 1841 2921 1894 sententia
2946 1839 3128 1894 divina
3151 1843 3443 1907 constituit,
3471 1844 3564 1899 sed
3586 1845 3638 1901 in
3665 1861 3825 1917 quem

528 1937 761 1991 minibus
804 1937 1097 2007 judieatur.
1124 1937 1257 2004 Quis
1310 1939 1453 1993 enim
1500 1938 1587 1994 hic
1629 1948 1712 1995 est
1745 1940 2010 2010 superbia:
2042 1950 2126 1997 tu-
2157 1950 2205 2013 Β
2233 1929 2395 1984 “Clio
2426 1928 2634 1999 Perdita
2656 1939 2714 1984 ει
2742 1942 2944 1986 nocens
2963 1940 3179 1988 οηιοΐνει
3206 1936 3499 1991 consensu.

527 2042 669 2094 mor,
695 2043 815 2098 qttte
843 2029 1148 2098 arrogantia
1190 2029 1374 2096 animi,
1424 2044 1543 2101 qua:
1587 2030 1783 2085 mentis
1810 2030 2032 2097 inflatio,
2059 2032 2127 2086 ad

529 2121 887 2189 cognitionem
910 2134 1059 2175 suam
1078 2121 1393 2191 praepositos
1414 2129 1469 2177 et
1489 2122 1797 2178 sacerdotes
1825 2138 2034 2191 vocare,
2064 2139 2128 2181 ac

528 2214 632 2268 nisi
666 2212 807 2282 apud
834 2220 888 2268 te
916 2206 1413 2284 purgati'fuerimus
1453 2223 1509 2270 ct
1552 2215 1817 2271 sententia
1846 2224 1932 2269 tua
1961 2216 2121 2271 abso-

528 2305 646 2370 luti,
671 2320 797 2361 cece
823 2307 933 2376 jam
963 2321 1058 2362 sex
1086 2307 1243 2362 annis
1269 2321 1368 2362 nec
1398 2307 1706 2363 fraternitas
1734 2308 1981 2364 habuerit
2005 2311 2124 2381 cpi-

528 2410 773 2467 scOpmu.
804 2412 903 2451 nec
940 2397 1092 2467 plebs
1139 2398 1626 2469 prmpositum,nec
1653 2414 1786 2470 grex
1830 2410 2123 2471 pastorem,

529 2502 634 2544 nec
649 2489 882 2544 Ecclesia
899 2488 1325 2561 gubernatorem,
1351 2507 1451 2547 nec
1462 2492 1705 2549 Christus
1726 2495 2016 2550 antistitem
2054 2495 2081 2533 ι’
2106 2535 2123 2563 ,

530 2594 632 2635 nec
682 2581 823 2636 Deus
869 2582 1227 2640 sacerdotem.
1274 2585 1568 2640 Subveniat
1614 2587 1888 2656 Pupianus
1918 2595 1970 2643 et
2001 2602 2126 2643 sen-

530 2672 749 2727 tentiam
779 2674 923 2729 dicat
961 2684 1017 2730 et
1053 2676 1307 2745 iudicium
1337 2677 1430 2732 Dci
1461 2688 1515 2732 et
1536 2676 1737 2733 Christi
1768 2681 1820 2733 in
1845 2690 2123 2751 acceptum

530 2763 759 2831 referat,
792 2782 859 2821 nc
887 2775 1065 2821 tantus
1109 2769 1342 2824 ﬁdelium
1398 2781 1419 2809 ο
1465 2786 1741 2838 numerus,
1783 2773 1874 2842 qui
1900 2773 2002 2827 sub
2028 2789 2126 2828 no-

527 2856 613 2911 bis
641 2858 932 2914 arcessitus
967 2869 1069 2925 est,
1102 2861 1219 2916 sine
1247 2875 1344 2932 spe
1367 2863 1552 2917 salutis
1586 2872 1639 2918 et
1668 2864 1814 2933 pacis
1842 2865 2021 2920 exisse
2050 2865 2129 2919 vi-

529 2950 741 3017 deatur,
794 2965 893 3006 nec
940 2966 1109 3008 novus
1162 2953 1498 3010 credentium
1540 2955 1770 3026 populus
1801 2957 2000 3011 nullam
2035 2972 2129 3028 per

532 3055 633 3099 nos
657 3052 977 3102 consecutus
1002 3061 1123 3103 esse
1149 3030 1404 3119 Baptismi
1431 3056 1484 3105 et
1510 3050 1744 3120 Spiritus
1785 3052 1958 3106 sancti
2004 3066 2128 3122 gra-

2306 2018 2418 2075 νη.
2478 2019 2665 2075 Dixisti
2705 2034 2838 2077 sane
2878 2023 3189 2093 scrupulum
3248 2024 3344 2081 tibi
3381 2038 3503 2082 esse
3532 2026 3822 2084 tollendam

2231 2111 2315 2168 de‘
2348 2112 2551 2181 animo,
2582 2114 2636 2167 in
2664 2128 2825 2184 quem
2879 2114 3133 2171 incidisti.
3170 2115 3425 2187 incidisti,
3454 2120 3548 2175 sed
3592 2129 3681 2175 tua
3709 2135 3826 2178 cre-

2228 2207 2451 2263 dulitate
2476 2207 2795 2279 irreligiosa;
2820 2210 3072 2278 incidisti,
3100 2211 3194 2267 scd
3230 2222 3317 2267 tua
3348 2222 3528 2269 mente
3552 2223 3608 2269 et
3636 2214 3826 2271 volun-

2230 2310 2338 2356 tate
2356 2302 2638 2377 sacrilega,
2670 2301 2795 2356 dum
2831 2303 3055 2370 incesta,
3087 2303 3213 2359 dum
3240 2305 3423 2375 impia,
3443 2305 3569 2360 dum
3602 2305 3829 2363 nefanda

2229 2405 2414 2451 contra
2457 2396 2697 2463 fratrem,
2749 2405 2935 2451 contra
2993 2396 3325 2453 sacerdotem
3356 2397 3511 2455 facile
3553 2400 3725 2467 audis,
3760 2400 3829 2455 li-

2234 2488 2423 2543 benter
2451 2484 2659 2557 credis,
2701 2488 2874 2544 aliena
2903 2491 3184 2547 mendacia
3225 2493 3374 2563 quasi
3396 2496 3610 2565 propria
3638 2502 3691 2549 et
3715 2495 3827 2565 pri-
3856 2508 3863 2519 '

2233 2592 2350 2635 rata
2394 2579 2673 2648 defendis;
2702 2595 2800 2639 nec
2844 2582 3147 2638 recordaris
3197 2584 3453 2655 scriptum
3501 2600 3657 2641 esse:
3705 2586 3831 2659 Sepi

2230 2693 2380 2732 aures
2412 2688 2522 2731 tuas
2548 2678 2727 2748 spinis,
2755 2689 2799 2733 et
2833 2678 2939 2733 noli
2964 2679 3144 2733 audire
3189 2680 3419 2751 linguam
3456 2696 3667 2750 nequam
3698 2679 3828 2753 (Εεη

2231 2773 2318 2826 cli.
2357 2784 2549 2836 xxvnt,
2602 2768 2720 2841 28).
2769 2770 2839 2826 Et
2884 2772 3074 2826 iterum
3130 2791 3143 2827 :
3180 2771 3349 2826 Malus
3402 2773 3609 2827 obaudit
3642 2773 3830 2844 lingua:

2230 2867 2544 2938 iniquorum,
2585 2868 2759 2936 justus
2797 2876 3096 2922 autemnon
3143 2867 3356 2921 intendit
3385 2868 3530 2922 labiis
3568 2866 3830 2922 mendaci-

2234 2959 2323 3012 bus
2352 2957 2535 3028 (Prov.
2599 2973 2731 3024 xvu,
2762 2958 2843 3029 4).
2875 2958 3054 3025 Quare
3099 2959 3152 3013 in
3202 2957 3344 3014 hunc
3363 2959 3671 3031 scrupulum
3717 2974 3822 3014 non

2234 3050 2533 3107 inciderunt
2572 3059 2838 3123 martyres
2867 3058 3054 3107 sancto
3076 3050 3275 3122 Spiritu
3304 3050 3447 3121 pleni
3489 3059 3544 3107 et
3587 3050 3653 3105 ad
3701 3064 3828 3106 cou-

1778 3162 2170 3223 LECTIUNES‘
2197 3162 2611 3221 VARIANTES.

597 3277 964 3343 ferdebat...
1029 3282 1264 3330 crederet
1323 3280 1465 3332 Bod.’
1514 3282 1634 3343 1,2.
1672 3281 1977 3334 [θηλεων.
2020 3277 2127 3332 Litt.

428 3360 431 3363 ί
529 3341 712 3398 ΝΟΜ,
745 3338 794 3389 Ξ.

603 3400 631 3440 b
649 3390 877 3463 Spiritus
891 3390 1091 3455 sanctus
1106 3405 1376 3453 antistitem
1400 3403 1500 3454 Litt.

522 3496 528 3515 .
595 3467 617 3495 ο
656 3464 819 3516 Novus
860 3464 1167 3517 credentium
1204 3465 1401 3530 80d..1,
1450 3467 1498 3517 2.
1546 3465 1835 3517 Lamum.
1863 3468 1963 3520 Litt.
1989 3469 2120 3529 ΝΟ,

2234 3281 2423 3393 1’dg'Et
2466 3338 2610 3392 iidem
2650 3350 2848 3393 servant
2883 3340 3117 3401 latrones,
3163 3340 3369 3404 mancipi
3395 3340 3551 3393 Oxon.
3590 3332 3826 3402 Mancipia

2152 3389 2198 3453 C
2232 3389 2613 3466 ιαηιξὶὶοάζξὶς
2633 3389 2851 3457 sint:
2877 3389 2984 3457 ac.
3010 3406 3055 3454 t.

1765 3571 2005 3628 STEPll.
2050 3572 2327 3629 BALUZII
2361 3571 2591 3633 ΝΟΤᾸΞ.

537 3686 598 3743 Si
613 3689 727 3758 quis
741 3699 869 3757 tenpt
885 3690 1125 3761 possidet,
1148 3690 1338 3744 honore
1352 3692 1623 3758 depressit,
1641 3704 1757 3744 sum
1778 3691 1941 3761 magis
1967 3690 2135 3758 publi-

536 3776 591 3813 ce
616 3761 860 3833 legrrrlur
886 3760 908 3815 ξ
938 3762 998 3816 Si
1026 3763 1137 3833 quis
1164 3772 1293 3817 tenet
1312 3761 1378 3794 “3"
1407 3765 1470 3823 dc
1497 3764 1640 3816 bonis
1665 3762 1860 3815 Otacilii
1885 3760 2130 3831 Cypriani

535 3832 757 3903 episcopi
786 3832 1213 3903 Christianorum,
1243 3833 1609 3903 proscribatm',
1636 3844 1691 3885 ut
1719 3833 1893 3903 etiam,
1925 3843 2029 3886 etc.

614 3900 797 3955 (luere.
841 3902 947 3957 Sex
977 3903 1096 3957 libri
1144 3900 1313 3959 nostri
1355 3912 1565 3957 veteres
1604 3903 1711 3957 duo
1739 3902 2039 3973 Anglicani,
2072 3911 2131 3958 et

534 3974 693 4027 Veros
718 3976 859 4026 ensis
894 3975 1088 4027 habent
1115 3976 1323 4035 honore,
1357 3985 1412 4027 ιιι
1442 3975 1489 4026 in
1517 3975 1645 4027 locis
1678 3974 1833 4040 paulo
1858 3984 1982 4029 ante
2012 3976 2128 4028 lau-

532 4043 670 4098 dalis
699 4048 796 4095 tria
827 4045 1052 4096 horrore.
1086 4045 1219 4099 Vide
1248 4045 1649 4098 oltSt't'VnIinttes
1679 4043 1910 4109 Iiigultii.

607 4114 851 4179 Episcopi
879 4114 1302 4169 Christianorum.
1354 4116 1561 4168 Erasmi
1608 4115 1776 4168 editio
1817 4114 1964 4168 addit
2008 4129 2127 4184 pro-

531 4185 801 4239 scrilmtur.
834 4184 985 4250 Quod
1016 4198 1116 4254 ego
1160 4186 1401 4253 tutspiam
1436 4185 1618 4238 inveni
1648 4199 1808 4252 quam
1850 4186 1906 4238 in
1937 4185 2124 4239 [lenii-

532 4257 689 4324 ginno
727 4272 881 4322 quem
911 4256 1065 4318 paulo
1100 4265 1221 4309 auto
1266 4256 1492 4313 laudavi.
1522 4255 1626 4310 Sed
1656 4256 1764 4310 illic
1792 4256 1970 4310 omnia
2001 4268 2125 4311 sunt

529 4328 686 4380 valde
711 4327 928 4379 confusa
959 4337 1007 4379 et
1036 4328 1313 4395 permixta.

617 4396 814 4450 Victo-ia
843 4397 1182 4450 ordinatione.
1230 4397 1358 4467 Vide
1388 4404 1541 4467 notas
1583 4405 1793 4451 nostras
1819 4396 1884 4451 ad
1916 4395 2121 4467 Lupum

531 4466 908 4523 Fcrrariensem
938 4474 1055 4538 pag.
1089 4467 1216 4530 42⁸2,
1247 4466 1371 4533 425,
1401 4464 1529 4521 427.

608 4539 669 4593 ν.
689 4568 761 4578 -
786 4538 918 4592 Inde
946 4537 1099 4592 enim.
1132 4540 1353 4593 Veteres
1374 4540 1637 4594 editiones
1659 4548 1712 4593 et
1737 4537 2048 4595 Morettiana
2076 4548 2132 4596 et

540 4621 661 4665 octo
688 4621 866 4665 vetera
888 4610 1214 4679 exemplaria
1244 4611 1445 4663 habent
1478 4628 1490 4663 :
1528 4609 1675 4663 Unde
1700 4610 1829 4663 enim
1855 4611 2132 4665 schismata

542 4689 590 4751 et
630 4683 845 4735 lut'reses
872 4685 1062 4735 oborta:
1088 4692 1202 4735 sunt
1230 4692 1274 4735 et
1311 4682 1544 4751 oriuntur
1566 4681 1661 4751 nisi
1690 4680 1810 4733 dum
1840 4681 2129 4751 episcopus.

541 4750 652 4805 Nos
712 4752 879 4821 secuti
938 4766 1122 4807 sumus
1175 4749 1550 4807 auctoritatem
1613 4750 1841 4821 plurium
1892 4749 2135 4808 veterum

536 4820 945 4878 exemplarium.

608 4892 867 4950 ludianus
889 4892 1195 4947 hominibus.
1225 4892 1370 4949 lianc
1394 4892 1676 4948 lectionem
1695 4894 2014 4948 cmitrmant
2036 4911 2136 4950 un-

537 4961 715 5019 decim
736 4961 860 5018 libri
885 4975 1091 5018 veteres
1113 4973 1168 5018 et
1193 4965 1455 5019 editiones
1476 4963 1691 5018 Manutii
1721 4975 1770 5019 et
1794 4963 2031 5017 Mnrellii.
2060 4965 2131 5022 At

535 5035 771 5105 antiquae
801 5043 855 5089 et
884 5034 990 5089 duo
1034 5033 1154 5088 libri
1180 5036 1535 5105 manuscrlpti
1569 5034 1859 5105 pra-fciunt
1900 5037 1961 5088 ob
1991 5038 2127 5089 imii-

533 5106 648 5184 gnis
692 5104 997 5184 [renonibus
1027 5105 1130 5184 _Sic
1162 5104 1428 5184 Paulinus
1464 5104 2131 5184 episcopus_'l‘reve_rensis

531 5172 783 5244 indignus
834 5172 1074 5231 Ecclesia
1126 5174 1194 5229 ab
1251 5172 1517 5246 episcopis
1566 5172 1804 5246 Arrianis
1852 5178 2121 5245 judicatus

528 5256 633 5306 cat.
662 5255 717 5301 ut
742 5247 1043 5317 monuimus
1064 5246 1129 5301 ad
1160 5244 1367 5317 Lapum
1400 5244 1824 5317 Terrariensem,
1851 5244 2115 5316 pztg.486.

607 5316 719 5372 Nec
746 5308 1060 5387 fraternitas.
1092 5308 1273 5373 Codex
1299 5316 1585 5381 Fuxensls,
1618 5332 1707 5370 nec
1740 5308 1901 5371 clerus
1920 5308 2118 5373 ‘lmbue-

523 5395 590 5447 rit
624 5390 933 5459 episcopum.
964 5390 1134 5456 Quam
1167 5389 1450 5443 lectionem
1493 5403 1591 5457 ego
1619 5387 1866 5443 lubenter
1893 5389 2114 5457 pra-fcr-

519 5458 663 5524 rem,
710 5461 753 5513 si
783 5458 1013 5530 plurium
1056 5469 1294 5515 veterum
1321 5458 1579 5516 librorum
1619 5460 1936 5535 auctoritate
1980 5462 2117 5516 nite-

515 5542 689 5588 retur.

592 5602 659 5657 Et
696 5599 1402 5675 contmunicatio.__Quatuor
1449 5600 1570 5667 libri
1625 5608 1855 5667 veteres,
1904 5612 1950 5656 et
1998 5604 2107 5675 lege

516 5671 985 5729 communicationis
1007 5672 1213 5726 tradita.

590 5744 903 5816 Cognitionis
931 5753 1050 5816 tua:
1071 5744 1405 5816 auctoritate.
1434 5743 1568 5816 Tres
1605 5743 1728 5816 libri
1754 5748 1987 5816 veteres,
2022 5760 2107 5798 co-

513 5813 755 5886 gnitionis
795 5814 1111 5886 tntejudieio
1154 5816 1452 5886 reformare.
1501 5813 1624 5886 Duo
1645 5813 1755 5886 alii,
1804 5815 2105 5886 cognitionis

516 5882 620 5941 ina:
671 5886 843 5954 vigore
900 5882 1221 5955 reformaref
1248 5883 1325 5940 ita
1381 5885 1541 5944 etiam
1590 5882 1949 5955 Sorbonicus,
1999 5886 2103 5944 nisi

2176 5646 2181 5649 .
2217 5602 2346 5658 bent
2403 5622 2415 5658 :

2242 3690 2385 3759 quod
2438 3691 2491 3745 iu
2535 3705 2604 3745 eo
2631 3704 2731 3743 vox
2775 3689 2947 3760 uigore
2984 3686 3184 3742 excidit
3229 3686 3465 3742 librario.
3520 3685 3575 3760 lu
3603 3684 3826 3760 Timauo

2242 3758 2498 3843 scriptum
2522 3772 2612 3843 est.
2627 3758 2928 3843 cognitionis
2954 3771 3056 3814 tute
3076 3760 3259 3843 victore
3284 3763 3522 3841 formare.
3554 3758 3608 3843 in
3634 3758 3826 3813 Lana?-

2241 3828 2400 3886 niatio
2423 3828 2725 3902 cognitionis
2753 3844 2851 3887 tua:
2876 3832 3129 3885 victorem.
3158 3828 3289 3897 Qua:
3315 3833 3488 3902 omnia
3520 3828 3826 3902 viderentur

2240 3902 2465 3987 innuero
2486 3900 2773 3987 legentlmu
2808 3902 3013 3987 forteau
3044 3916 3161 3987 esse
3186 3901 3487 3987 cognitionis
3511 3911 3611 3953 tua:
3632 3900 3819 3981 vigore.

2315 3974 2399 4028 Vl.
2426 4005 2498 4014 —-
2518 3971 2587 4028 Et
2604 3976 2781 4027 ducem
2801 3975 3032 4042 pecudes.
3064 3972 3288 4038 Quidam
3320 3972 3436 4025 libri
3470 3983 3675 4023 veteres
3707 3971 3823 4024 istic

2234 4047 2489 4099 omittunt
2537 4058 2723 4098 vocem
2759 4041 2994 4113 pecudes,
3050 4054 3104 4097 et
3150 4042 3377 4111 judicent
3418 4042 3675 4110 scriptum
3726 4041 3815 4093 ha~

2233 4117 2356 4170 bent
2388 4132 2484 4185 pro
2512 4116 2710 4169 ducent.

2303 4180 2548 4240 Lua-oues
2597 4185 2841 4251 ntaucipi.
2902 4183 2957 4237 Id
3001 4190 3082 4236 est
3137 4181 3381 4251 principi,
3427 4180 3549 4235 duri
3580 4196 3695 4242 suo.
3725 4196 3818 4235 seu

2230 4261 2539 4324 praeposito,
2594 4266 2649 4309 ut
2691 4257 2832 4309 dicet
2880 4256 3036 4320 paulo
3068 4261 3187 4322 post
3232 4253 3554 4323 Cyprianus.
3608 4252 3820 4324 Lucifer

2229 4323 2579 4390 Calaritunus,
2616 4328 2668 4381 in
2704 4327 2959 4395 Apologia
2976 4325 3202 4379 secunda
3234 4339 3329 4395 pip
3355 4334 3538 4377 sancto
3584 4323 3819 4377 Athana-

2230 4401 2309 4469 sio
2341 4418 2352 4451 :
2389 4399 2469 4452 lia:
2503 4390 2902 4469 fructibtts'tuis',
2938 4390 3248 4469 ltitperatm"
3267 4390 3549 4457 Constanti,
3591 4410 3690 4448 non
3720 4410 3823 4448 esse

2238 4466 2557 4522 Christianus
2594 4468 2680 4522 sccl
2730 4467 2879 4538 plane
2924 4480 3158 4538 manceps
3205 4466 3456 4538 latronum
3503 4482 3608 4538 esse
3633 4481 3820 4538 cogno-

2233 4541 2407 4595 sceris.
2460 4536 2751 4609 Manelpctn
2795 4553 3079 4609 operarum
3125 4537 3261 4609 dixit
3301 4536 3587 4609 Suetonius
3628 4538 3686 4609 in
3721 4536 3821 4589 Ve-

2234 4612 2484 4681 spasiano
2511 4606 2646 4666 eum
2674 4611 2763 4680 qui
2795 4606 2860 4665 ex
2890 4609 3107 4665 Umbria
3136 4609 3187 4661 in
3214 4608 3428 4681 Sabinis
3466 4608 3532 4681 ad
3557 4606 3818 4681 Culturam

2158 4677 2486 4781 pugnorum
2540 4677 2825 4781 quqta'nnis
2893 4693 3197 4781 co‘mmeare
3245 4677 3819 4781 solebatal’rudentius

2244 4753 2291 4781 ι..
2366 4755 2570 4781 -.....:..-
2616 4768 2625 4781 ι.
2653 4770 2679 4781 ,ι
2733 4764 2916 4781 ..ι-..Δια
2978 4750 3226 4781 ’ἶηηηηιῖη
3269 4757 3500 4781 nun-lum
3544 4758 3709 4781 ι-ηοιιη
3735 4764 3816 4781 an:

2242 4747 2298 4808 iii
2320 4747 2571 4809 Carmine
2615 4753 2680 4808 de
2732 4764 2917 4809 sancto
2953 4750 3226 4805 Vincentio
3269 4757 3501 4818 martyre
3544 4747 3816 4803 custodem

2241 4825 2471 4880 carceris
2499 4834 2653 4878 vocat
2697 4826 2992 4893 tuancipcm
3025 4839 3038 4875 :
3073 4819 3203 4873 Tum
3244 4821 3352 4893 ipse
3386 4836 3621 4893 ntauceps
3650 4834 3821 4874 carce-

2239 4896 2311 4949 ris
2352 4902 2395 4949 et
2443 4895 2761 4949 vinculorum
2794 4890 3007 4960 junitor.
3056 4890 3425 4946 Cicero’libu
3470 4890 3814 4944 ()flieiorum:

2240 4963 2414 5019 Etiam
2440 4969 2571 5037 leges
2585 4967 2837 5037 latronum
2859 4981 2963 5037 esse
2979 4964 3219 5037 dicuntur
3234 4962 3414 5029 quibus
3439 4971 3667 5037 pareant,
3693 4977 3817 5030 quas

2240 5029 2516 5091 observari.
2552 5037 2681 5090 ltem
2709 5038 2759 5089 in
2791 5035 3044 5089 Oratione
3065 5048 3163 5103 pro
3191 5034 3351 5087 domo
3381 5047 3478 5086 sua
3500 5029 3517 5085 ἐ
3555 5029 3815 5103 Postremo

2236 5122 2298 5160 ne
2323 5109 2373 5160 in
2407 5107 2593 5179 pra'tlaz
2617 5106 2816 5189 quidem
2842 5100 3383 5190 societaté‘manc‘ipcm
3412 5114 3499 5184 aut
3529 5100 3817 5190 pt'wtlortetit

2237 5171 2431 5248 factum
2490 5171 2710 5248 reperire
2761 5187 2940 5248 potest.
2991 5175 3188 5229 (hellus
3242 5171 3595 5248 Calcaguiuus
3648 5171 3739 5225 lib.
3775 5188 3811 5237 ι,

2223 5245 2394 5317 Epist.
2441 5245 2556 5316 21,⁷
2578 5245 2850 5317 mancipes
2888 5246 3301 5317 interpretatur,’
3332 5245 3702 5317 conductores
3723 5256 3813 5317 re:

2221 5311 2639 5394 demptoresque
2685 5311 3455 5394 vectigaliumijidc___.lacobi
3499 5311 3813 5394 Gothofredi

2221 5383 2375 5445 notas
2433 5391 2501 5446 ad
2554 5383 2756 5446 librum
2796 5383 3026 5460 primum
3057 5386 3412 5453 Tertulliani,
3451 5386 3519 5439 ad
3564 5383 3815 5438 Nationes

2215 5475 2333 5532 cap.
2370 5462 2422 5517 9.

2292 5524 2493 5597 Quanto
2568 5530 2921 5601 simpliciores.
2971 5528 3220 5597 Quinque
3273 5526 3393 5601 libri
3447 5534 3659 5601 veteres
3711 5524 3809 5579 ha~

2474 5598 2677 5670 Quanto
2731 5601 3045 5670 simpliciora
3099 5611 3146 5656 et
3210 5600 3425 5654 meliora
3495 5598 3634 5652 vobis
3696 5604 3813 5651 sunt

2211 5672 2359 5727 bruta
2413 5685 2457 5729 et
2485 5672 2710 5727 crudeles
2759 5687 2820 5725 ac
2875 5672 3120 5741 furentes.
3181 5670 3241 5727 In
3294 5687 3399 5726 uno
3463 5685 3591 5725 vero
3622 5670 3675 5741 in
3704 5682 3811 5739 quo

2210 5745 2395 5799 eadem
2412 5745 2577 5801 lectio
2603 5739 3174 5815 reperitur'scriptum,
3206 5752 3290 5798 est
3318 5751 3457 5795 ntuta
3487 5755 3588 5815 pro
3630 5739 3801 5815 bruta.

2209 5816 2469 5942 Fuzetisis
2500 5834 2512 5870 :
2548 5811 2752 5884 Quanto
2789 5811 3199 5885 simplicioreth
3237 5815 3469 5871 mlieres
3490 5811 3644 5869 bruta
3682 5811 3797 5865 aul-

2209 5900 2289 5941 ma
2332 5904 2384 5942 a.
3145 5912 3155 5921 ο

2204 5900 2384 5945 malta.
3145 5912 3155 5921 '
