4250 6282
426 349 542 421 403

1823 354 2155 418 EPISTULA
2180 354 2366 417 LXIX.

3621 366 3725 424 406

433 481 677 544 spectum
694 469 785 528 Dei
806 468 1073 528 ctChristi
1088 469 1204 541 ejus
1218 469 1465 543 passione
1472 467 1582 543 jam
1601 472 2032 544 proxiuti,quiad
2060 475 2113 535 A
2141 473 2411 543 Numquid
2436 475 2711 543 inﬁdelitas
2738 475 2943 530 illorum
2978 476 3134 546 ﬁdem
3175 476 3276 533 Dei
3312 481 3609 555 suaenam?
3628 482 3731 538 Ab-

432 564 758 638 Cyprianum
783 560 1092 633 episcopum
1120 562 1324 618 litteras
1344 562 1412 618 de
1443 577 1658 620 carcere
1692 565 2021 632 direxerunt,

433 650 766 712 sacerdotem
794 652 889 709 Dei
912 660 1266 724 agnoscentes
1285 661 1339 710 et
1366 661 1729 712 contestantes
1757 658 1826 715 ei.
1849 656 2027 725 Quare

431 748 487 804 in
503 746 968 819 huncscrupulum
997 760 1107 803 non
1133 746 1432 803 inciderunt
1467 748 2027 821 totepiscopicollega:

434 840 562 906 mei,
590 838 682 910 qui
709 839 793 895 vel
815 853 936 894 cum
966 838 1036 895 de
1062 838 1255 895 medio’
1286 839 1606 896 recederent
1661 850 1685 877 ει
1746 842 2027 912 proscripti

430 930 683 999 sunt,vel
708 930 1034 1001 apprehensi
1081 930 1135 985 in
1166 944 1434 986 carcerem
1463 930 1690 1002 coniecti
1715 941 1767 988 et
1798 933 1853 987 in
1879 940 2025 988 cate-

429 1024 517 1080 nis
536 1022 865 1091 luerunt,aut
888 1022 998 1093 qui,
1022 1021 1076 1078 in
1103 1023 1324 1079 exilium
1350 1023 1594 1095 relegati,
1617 1024 1809 1081 illustri
1838 1025 2027 1082 itinere

428 1117 499 1174 ad
543 1116 829 1177 Dominum
878 1116 1104 1187 profecti
1128 1125 1286 1185 sunt,
1315 1126 1408 1174 aut
1445 1119 1536 1188 qui
1557 1117 1873 1189 quibusdam
1897 1122 2027 1177 locis

425 1208 794 1267 animadversi
831 1207 1079 1273 caelestes
1121 1223 1351 1267 coronas
1397 1209 1466 1267 de
1506 1210 1719 1266 Domini
1761 1212 2026 1269 clariﬁca-

426 1304 577 1360 tione
627 1313 996 1375 sumpserunt.
1045 1303 1221 1373 Quare
1268 1306 1323 1361 in
1367 1305 1509 1365 hunc
1558 1300 1868 1379 scrupulum
1916 1325 2024 1365 non

427 1394 734 1451 inciderunt
759 1394 828 1451 de
864 1394 1020 1467 plebe
1047 1395 1149 1453 ista
1192 1405 1377 1453 nostra
1409 1398 1529 1468 quie
1553 1399 1692 1469 apud
1714 1408 1813 1454 nos
1841 1410 1941 1467 est,
1972 1410 2028 1457 et

427 1488 585 1546 nobis
606 1488 674 1544 de
696 1487 797 1545 Dei
818 1487 1127 1560 dignatione
1143 1491 1429 1547 commissa
1459 1500 1567 1560 est,
1588 1500 1664 1548 tot
1688 1491 2025 1551 conlessores

429 1579 765 1652 quaestionati
808 1588 864 1636 et
891 1581 1031 1637 torti'
1061 1590 1117 1638 et
1159 1581 1447 1653 insignium
1493 1584 1773 1641 vulnerum
1798 1595 1851 1640 ct
1886 1586 2026 1643 cica-

431 1676 628 1733 tricum
681 1678 940 1733 memoria
989 1659 1239 1751 gloriosi,
1274 1687 1355 1734 tot
1383 1680 1616 1750 virgines
1663 1680 1901 1752 integrae,
1951 1690 2026 1736 tot

424 1767 728 1826 laudabiles
755 1768 946 1835 viduas,
972 1770 1216 1825 ecclesiae
1262 1770 1496 1842 denique
1538 1773 1802 1828 universa:
1826 1788 1919 1842 per
1946 1783 2025 1828 to-

2131 568 2216 621 sit.
2238 565 2329 622 Est
2359 569 2491 621 enim
2538 569 2677 624 Deus
2715 584 2889 636 uerax,
2930 572 3093 626 omnis
3134 580 3303 628 autem
3332 572 3482 629 Immo
3510 576 3729 632 mendax

2130 659 2310 729 (llam.
2337 676 2415 726 ill,
2444 663 2500 729 5,
2543 661 2623 733 4).
2657 661 2725 716 Ει
2772 652 3029 735 Dominus
3058 656 3269 736 quoque
3309 667 3362 721 in
3413 667 3723 740 Evangelia,
3758 656 3772 724 ί

2129 766 2251 807 cum
2293 768 2417 809 eum
2466 755 2778 825 loquentem
2820 755 3066 827 discipuli
3116 757 3568 830 derelinquerent,
3596 778 3725 818 con-

2130 858 2319 903 versus
2336 844 2401 900 ad
2428 844 2717 901 duodecim
2746 845 2880 901 dixit
2916 863 2928 901 :
2964 847 3232 919 Numquid
3251 858 3298 923 et
3317 865 3405 905 vos
3432 851 3583 906 vultis
3613 852 3726 907 ire?

2129 937 2417 1009 Respondit
2461 938 2506 992 ei
2556 937 2744 993 Petrus
2788 939 2960 994 dicens
2992 955 3011 994 :
3050 938 3302 1009 Domine,
3347 942 3417 997 ad
3455 960 3603 1011 quem
3633 944 3727 1001 ibi-

2129 1048 2240 1087 mus
2292 1033 2363 1085 οἵ
2407 1031 2621 1087 Verbum
2659 1034 2773 1087 vitte
2801 1029 2830 1070 ἀ
2869 1042 3071 1088 (Bleer
3124 1034 3276 1089 habes
3306 1051 3324 1087 :
3350 1044 3395 1091 et
3440 1052 3533 1092 nos
3561 1037 3727 1093 credi-

2129 1138 2241 1178 mus
2265 1134 2313 1177 et
2339 1125 2666 1195 cognouimus
2684 1126 2925 1197 quoniam
2951 1134 3002 1179 tu
3029 1142 3081 1179 es
3109 1124 3279 1181 Filius
3302 1125 3395 1181 Dei
3423 1127 3520 1182 vivi
3541 1127 3723 1191 (Jonn.

2128 1231 2203 1282 vr,
2239 1216 2353 1285 67).
2380 1215 2641 1288 Loquitur
2663 1217 2773 1271 illic
2802 1216 3012 1283 Petrus,
3038 1230 3201 1287 super
3222 1232 3379 1287 quem
3412 1216 3721 1277 cedilicauda

2129 1307 2302 1363 fuerat
2325 1308 2588 1373 Ecclesia,
2612 1307 2865 1364 Ecclesia:
2890 1308 3111 1363 nomine
3128 1307 3329 1366 docens
3353 1317 3406 1365 et
3434 1308 3724 1368 ostendens

2128 1400 2274 1469 quia,
2308 1401 2407 1454 etsi
2436 1409 2731 1455 contumax
2760 1414 2823 1454 ac
2866 1399 3096 1471 superba
3126 1399 3383 1456 obaudire
3426 1402 3721 1459 nolentium

2129 1492 2416 1548 multitudo
2446 1493 2706 1560 discedat,
2741 1488 2980 1548 Ecclesia
3010 1501 3187 1551 tamen
3215 1508 3244 1547 a
3270 1492 3487 1549 Christo
3511 1511 3615 1551 non
3639 1512 3723 1553 re-

2129 1588 2271 1641 cedit
2296 1628 2311 1653 ,
2340 1595 2394 1641 et
2422 1586 2502 1641 illi
2532 1586 2911 1642 suntEcclesia
2933 1585 3080 1657 plebs
3113 1587 3376 1643 sacerdoti
3407 1587 3638 1645 adunata
3671 1600 3725 1653 et

2129 1680 2326 1751 pastori
2367 1694 2465 1735 suo
2512 1694 2645 1750 grex
2671 1678 2973 1733 adhterens.
3011 1676 3165 1732 Unde
3214 1679 3352 1734 scire
3397 1672 3568 1736 debes
3610 1681 3724 1752 epi-

2128 1785 2349 1839 scOpum
2384 1770 2438 1823 in
2469 1769 2709 1824 Ecclesia
2742 1782 2864 1823 esse
2911 1774 2967 1822 et
3019 1766 3317 1822 Ecclesiam
3365 1768 3417 1822 in
3447 1770 3718 1842 eplSCOpO,

431 1869 546 1917 tum
591 1860 848 1918 mundum
897 1860 1181 1919 nobiscum
1229 1862 1451 1921 unitatis
1473 1864 1689 1921 vinculo
1714 1858 2100 1935 copulatas?B
2129 1864 2250 1919 etsi
2301 1863 2420 1933 quis
2468 1877 2590 1917 cum
2642 1862 2897 1931 episcopo
2950 1874 3055 1913 non
3104 1860 3202 1926 sit,
3250 1859 3306 1914 in
3334 1860 3574 1917 Ecclesia
3615 1879 3722 1920 non

428 1952 544 2010 Nisi
568 1952 614 2008 si
638 1968 828 2010 omnes
867 1952 896 1993 ι)
944 1954 1032 2009 isti
1060 1955 1522 2012 communicantes
1549 1951 1792 2021 mecum,
1821 1970 2019 2013 secun-

426 2044 552 2101 dum
584 2044 729 2117 quod
780 2045 1061 2115 scripsisti,
1096 2046 1298 2121 polluto
1342 2055 1528 2103 nostro
1550 2061 1646 2103 ore
1677 2047 1862 2118 polluti
1898 2049 2021 2104 s’unt

426 2146 482 2195 et
506 2152 658 2210 spem
690 2136 814 2192 vitae
837 2145 1052 2194 aeternae
1079 2136 1577 2195 communicationis
1607 2148 1806 2195 nostrae
1830 2148 2017 2195 conta-

424 2230 582 2302 gione
629 2226 998 2301 perdiderunt.
1028 2226 1298 2302 Pupianus
1326 2230 1476 2287 solus
1521 2231 1746 2303 integer,
1790 2231 2019 2288 inviola-

416 2332 528 2402 tus,
560 2316 800 2389 sanctus,
847 2321 1104 2393 pudicus,
1154 2321 1246 2394 qui
1291 2323 1446 2379 nobis
1486 2324 1716 2380 miscere
1740 2339 1798 2381 se
1825 2324 2014 2393 uoluit,

421 2416 477 2474 in
506 2415 753 2487 paradiso
791 2425 951 2488 atque
978 2417 1031 2472 in
1066 2432 1232 2489 regno
1261 2417 1524 2474 caelorum
1551 2419 1697 2474 solus
1732 2418 2014 2475 habitabit.

493 2507 627 2565 Vill.
653 2499 927 2580 Scripsisti
979 2522 1190 2580 quoque
1223 2507 1367 2581 quod
1414 2508 1658 2566 Ecclesia
1710 2525 1850 2566 nunc
1895 2524 2019 2581 pro-

423 2611 544 2677 pter
588 2618 676 2660 me
720 2602 1025 2674 portionem
1076 2602 1156 2657 sui
1186 2604 1239 2657 in
1279 2601 1526 2672 disperso
1564 2602 1774 2671 habeat,
1804 2606 2017 2676 quando

422 2697 596 2755 omnis
639 2694 896 2753 Ecclesiae
937 2695 1168 2768 populus
1218 2702 1273 2752 et
1302 2695 1563 2753 collectus
1587 2698 1732 2755 sitet
1756 2697 2015 2755 adunatus

422 2797 478 2846 et
506 2786 782 2845 individua
811 2787 1100 2845 concordia
1130 2788 1232 2845 sibi
1270 2789 1507 2860 junctus,
1532 2790 1632 2845 soli
1670 2790 1745 2845 illi
1776 2789 1905 2846 loris
1933 2807 2017 2847 re-

422 2880 725 2937 manserint
771 2879 883 2951 qui,
916 2881 1017 2937 etsi
1052 2883 1195 2936 intus
1241 2890 1446 2945 essent,
1478 2881 1726 2953 ejiciendi
1780 2882 2011 2950 fuerant,

422 2987 526 3030 nec
546 2972 777 3043 patiatur
797 2972 1072 3041 Dominus,
1118 2974 1296 3045 populi
1339 2975 1421 3030 sui
1468 2982 1743 3047 protector
1768 2985 1819 3032 et
1849 2983 2013 3043 tutor,

420 3064 660 3121 triticum
688 3061 760 3133 de
785 3076 908 3127 area
955 3079 1055 3121 sua
1083 3065 1279 3138 diripi,
1312 3066 1408 3122 sed
1439 3065 1570 3121 solm
1609 3067 1814 3137 possint
1846 3068 2016 3138 patere

424 3156 496 3213 de
541 3155 781 3213 Ecclesia
847 3157 1086 3227 separari
1128 3200 1144 3224 ,
1203 3157 1418 3228 quando
1486 3167 1541 3214 et
1595 3159 1886 3228 Apostolus
1929 3160 2015 3215 di-

2125 1969 2265 2021 esse;
2298 1963 2351 2010 et
2378 1952 2571 2010 frustra
2614 1954 2712 2008 sibi
2763 1950 2995 2008 blandiri
3017 1965 3112 2007 eos
3137 1951 3227 2022 qui
3258 1966 3443 2022 pacem
3470 1968 3590 2009 cum
3637 1969 3720 2009 sa-

2122 2038 2435 2105 cerdotibus
2481 2046 2576 2101 Dei
2615 2061 2720 2101 non
2769 2044 3031 2099 habentes
3078 2042 3341 2113 obrepunt
3389 2051 3445 2099 et
3494 2044 3724 2101 latenter

2123 2140 2265 2210 apud
2296 2137 2564 2210 quosdam
2592 2136 2993 2192 communicare
3018 2149 3079 2189 se
3106 2126 3350 2200 credidit,
3384 2134 3598 2206 quando
3623 2136 3724 2192 Ec-

2122 2232 2308 2295 ciesia,
2332 2245 2455 2301 quas
2482 2229 2751 2284 catholica
2799 2238 2851 2283 et
2884 2241 2989 2281 una
3017 2234 3135 2294 est,
3168 2226 3336 2282 scissa
3374 2242 3481 2282 non
3522 2227 3587 2283 sit
3623 2244 3719 2285 nc-

2121 2340 2228 2398 que
2277 2324 2477 2389 divisa,
2508 2322 2601 2377 sed
2630 2322 2700 2377 sit
2746 2321 2928 2392 utique
2967 2328 3207 2375 edunexa
3239 2327 3293 2374 et
3333 2318 3718 2377 cohaerentium

2125 2419 2193 2453 ¹²³
2218 2418 2317 2474 sibi
2348 2416 2577 2472 invicem
2601 2414 2938 2470 sacerdotum
2965 2412 3174 2485 glutino
3192 2413 3460 2484 copulata.

2192 2512 2283 2569 1X.
2312 2510 2706 2580 Quamobrem,
2755 2506 2938 2572 frater,
2983 2510 3029 2561 si
3078 2504 3587 2575 majestatem.Dei,
3629 2508 3722 2578 qui

2119 2605 2432 2662 sacerdotes
2478 2601 2722 2666 ordinat,
2751 2598 3091 2670 cogitaveris;
3122 2597 3167 2653 si
3196 2596 3469 2652 Christum
3531 2606 3554 2635 θ
3586 2640 3600 2665 ,
3629 2599 3721 2669 qui

2121 2696 2346 2752 arbitrio
2375 2704 2428 2750 et
2449 2700 2580 2749 nutu
2616 2705 2680 2746 ac
2704 2688 2991 2761 praesentia
3021 2702 3118 2743 sua
3144 2696 3201 2743 et
3231 2687 3551 2758 praepositos
3577 2687 3721 2759 ipsos

2121 2797 2176 2845 et
2201 2787 2497 2843 Ecclesium
2525 2799 2646 2840 cum
2679 2782 2982 2855 prrepositis
3009 2781 3295 2853 gubernat,
3319 2781 3605 2852 aliquando
3634 2797 3719 2838 rc-

2120 2880 2381 2953 spexeris,
2426 2879 2471 2935 si
2501 2877 2896 2949 de‘innocentia
2949 2873 3314 2940 sacerdotum,
3344 2888 3450 2928 non
3485 2874 3720 2929 humano

2121 2973 2268 3039 odio,
2297 2971 2391 3027 sed
2425 2970 2608 3025 divino
2659 2966 2863 3038 judicio
2899 2964 3214 3027 credideris,
3242 2963 3288 3019 si
3326 2964 3641 3019 temeritatis
3667 2973 3721 3020 et

2121 3063 2389 3136 superbiae
2419 3070 2578 3131 atque
2637 3057 2935 3113 insolentiae
2978 3064 3080 3109 tute
3110 3069 3271 3125 agere
3297 3054 3381 3109 vel
3402 3068 3525 3109 sero
3546 3056 3721 3125 pumi-

2124 3161 2344 3217 tentiam
2394 3152 2644 3225 coeperis,
2683 3152 2726 3206 si
2755 3151 2866 3204 Deo
2888 3156 2946 3204 et
2972 3146 3189 3203 Christo
3214 3146 3351 3216 ejus,
3385 3146 3578 3216 quibus
3607 3161 3721 3202 scr-

418 3258 544 3308 cat:
574 3250 710 3317 Quid
733 3250 866 3305 enim
910 3250 955 3305 si
984 3250 1279 3306 exciderunt
1306 3266 1337 3305 a
1367 3251 1472 3320 ﬁde
1517 3250 1725 3323 quidam
1769 3252 2023 3309 illorum?
2048 3249 2093 3313 C
2128 3255 2215 3311 vio
2257 3260 2312 3309 et
2340 3248 2531 3322 quibus
2560 3259 2696 3317 puro
2725 3251 2889 3313 atque
2934 3237 3275 3312 immaculato
3318 3252 3411 3293 ore
3458 3237 3720 3295 sacriﬁcia

1628 3369 2011 3431 LECTIONES
2049 3367 2456 3433 VARIANTES.

481 3485 509 3515 ⁸
537 3481 877 3533 Recesserunt
907 3481 1117 3533 Bod.'1.
1610 3524 1613 3529 .

480 3544 513 3615 1}
545 3545 651 3615 ljisi
673 3544 978 3615 omne
1009 3544 1151 3615 Ebor.
1174 3543 1433 3615 Lin.‘Bqd_.
1476 3544 1524 3596 2.
1550 3546 1656 3599 NC.
1684 3547 1732 3597 l.

482 3612 511 3642 ο
548 3608 683 3658 Imus
705 3605 884 3672 Rigalt.
909 3613 1077 3660 contra
1110 3622 1225 3660 mss.
1249 3612 1295 3658 et
1316 3607 1432 3659 edd.

2185 3485 2214 3525 εὶ
2246 3483 2416 3535 Verba
2436 3480 2550 3544 vita};
2575 3478 2749 3544 0x971;
2929 3534 2977 3544 -.

2184 3553 2209 3582 ε
2245 3531 2449 3598 ordinat
2501 3539 2678 3592 Christi
2719 3537 2855 3587 Lam.
2922 3534 3029 3586 Lin.
3084 3531 3231 3586 Ebor.
3268 3533 3377 3585 Nc.
3424 3534 3473 3584 1.
3502 3534 3631 3587 Bod.
3670 3536 3711 3586 l.

2117 3607 2259 3676 Spir.
2282 3609 2475 3659 Innom.

1653 3714 1898 3773 STEPH.
1941 3715 2216 3776 BALUZII
2250 3710 2484 3772 NOTAE.

474 3833 767 3896 Vll.—Tot
789 3830 1306 3908 episeopi.Revocavi
1327 3830 1616 3908 lectionem
1637 3844 1876 3889 veterum
1900 3830 2017 3888 edi-

422 3911 646 3978 tionum,
689 3904 827 3978 quae
844 3904 1194 3978 conﬁrmatur
1220 3904 1539 3978 auctoritate
1565 3916 1807 3964 veterum
1835 3912 2020 3978 erem-

421 3968 973 4056 pl:iriuui._hlanutius
999 3968 1352 4056 et_Morellius
1383 3989 1677 4056 pasuerunt
1710 3975 2015 4056 coepiscopi.

422 4046 552 4131 Quae
581 4048 740 4131 lectio
768 4050 1036 4131 reperitur
1065 4046 1116 4101 in
1144 4055 1348 4131 septem
1379 4051 1628 4131 antiquis
1649 4046 1941 4131 codicibus.

499 4115 855 4189 Qutestionatt'.
906 4117 963 4173 ld
1002 4130 1093 4191 erst»
1112 4117 1392 4191 quaestioni
1437 4115 1695 4191 appliciti.
1725 4115 2019 4191 Cat'tyﬁces

422 4186 683 4249 vocantur
698 4186 1139 4261 quu'stimmriiin
1155 4189 1322 4243 veteri
1341 4186 1590 4261 versione
1609 4187 1817 4246 concilii
1845 4186 2019 4261 Ephe-

426 4264 529 4320 sini
562 4274 615 4317 et
638 4256 777 4333 apud
810 4256 1577 4333 [larium_blercat0t‘etn._Vide
1605 4276 1785 4331 supra.
1806 4257 2017 4333 p._408.

500 4333 656 4389 Solus
674 4325 893 4403 integer.
926 4330 1016 4386 Sic
1045 4330 1400 4403 llicronyuius
1430 4331 1481 4403 in
1509 4325 1743 4403 Epistula
1771 4326 1835 4403 ad
1862 4325 2024 4382 Pant-

427 4405 721 4473 mucltium,
787 4399 1071 4473 allaqucns
1118 4399 1380 4473 Joannem
1435 4399 2020 4473 Hierosolymitanum,

427 4477 502 4530 ait
534 4495 545 4529 :
579 4473 660 4530 Tu
690 4470 1008 4529 beatissimus
1041 4470 1188 4543 Papa
1216 4472 1591 4543 elfustitliosus
1623 4470 1851 4535 antistes,
1884 4470 2024 4524 solus

433 4548 590 4611 dives,
624 4545 764 4599 solus
785 4545 1008 4614 sapiens,
1035 4542 1173 4597 solus
1201 4542 1382 4596 nobilis
1405 4561 1465 4597 ac
1496 4545 1736 4608 disertus,
1761 4557 2025 4596 conservos

434 4628 547 4672 tuos
569 4626 614 4670 et
642 4616 928 4687 redemptos
959 4617 1206 4687 sanguine
1232 4614 1440 4687 Domini
1473 4618 1546 4669 tui
1572 4625 1754 4687 rugata
1789 4615 1954 4680 fronte
1981 4621 2024 4687 et

435 4686 647 4758 obliquis
676 4682 837 4740 oculis
863 4682 1100 4758 despicis.
1124 4682 1423 4758 Cutitrariq
1436 4701 1594 4758 sensu
1616 4682 1865 4739 Socrates
1889 4682 2027 4752 apud

437 4748 731 4828 Apuleium
784 4758 834 4810 iu
882 4755 1018 4812 libro
1046 4757 1230 4828 primo
1278 4748 1768 4828 Mettimorpltost‘ou
1816 4748 2037 4807 vocatur

438 4826 670 4895 integer,
700 4841 886 4891 sanus,
921 4826 1222 4881 incolumis.

508 4893 663 4955 Vill.»
685 4897 1028 4969 —-Ejit‘iendi
1064 4900 1254 5021 (orent.
1284 4899 1505 4954 Ruliuus
1531 4897 1582 4954 in
1607 4895 1747 4953 Psal.
1776 4910 1923 4960 ΠΝ,
1958 4893 2037 4948 lo-

509 4989 603 5021 cus
623 4972 689 5021 de
724 4967 1035 5021 huiusmodi
1082 4969 1391 5021 nominibus.
1422 4971 1495 5021 ait
1523 4987 1534 5021 :
1569 4966 1689 5021 Non
1712 4966 1875 5021 solum
1903 4966 2035 5020 enim

435 4986 603 5041 quens
623 4972 689 5027 de
724 4966 1035 5041 huiusmodi
1064 4966 1391 5041 hominibus,
1422 4971 1495 5023 ait
1523 4987 1534 5022 ε
1569 4966 1689 5023 Non
1712 4966 1875 5021 solum
1903 4966 2035 5020 enim

437 5039 585 5113 foris,
615 5043 702 5097 sed
732 5039 887 5096 etiam
912 5040 963 5095 in
985 5039 1096 5110 ipsa
1121 5040 1256 5094 intus
1286 5039 1531 5097 Ecclesite
1560 5041 1910 5095 communione
1935 5054 2036 5093 non

434 5113 612 5168 desum
642 5113 854 5167 inimici.
1952 5134 1959 5141 '

505 5183 867 5253 xEdiﬁcanda.
903 5185 990 5239 Sic
1016 5181 1235 5239 omnino
1264 5181 1604 5253 scribendum
1629 5190 1749 5253 est.
1782 5179 2028 5253 Nondum

431 5257 574 5312 enim
600 5250 723 5311 cum
758 5255 873 5310 lucc
922 5257 1059 5310 dicta
1085 5271 1111 5307 a
1145 5254 1305 5310 Petro
1329 5263 1475 5320 sunt,
1514 5250 1760 5306 Christus
1790 5250 1839 5305 ei
1870 5266 2034 5320 spon-

432 5329 640 5382 sionem
670 5326 875 5382 fecerat
901 5327 966 5381 de
1014 5323 1326 5381 tediticanda
1372 5339 1533 5394 super
1566 5325 1737 5392 ipsum
1768 5320 2032 5394 Ecclesia.

430 5400 581 5455 Hauc
601 5408 784 5453 autem
819 5397 1099 5475 lectionem
1128 5398 1419 5475 prmleruut
1441 5391 1628 5475 plures
1653 5394 1857 5475 antiqui
1887 5391 2036 5475 codi-

431 5486 524 5526 ces
544 5479 599 5524 et
626 5478 840 5523 veteres
865 5462 1151 5523 editiones.
1178 5466 1313 5523 Vide
1340 5462 1715 5523 annbtatioues
1739 5462 1953 5520 Erasmi
1983 5462 2036 5517 in

432 5552 589 5607 caput
620 5555 708 5605 χνι
741 5538 996 5594 Μειιιιιειιί.

510 5604 581 5642 ‘9’
603 5604 851 5664 Ecclesia:
878 5611 1102 5665 nomine.
1130 5609 1261 5675 Quia
1292 5609 1486 5664 Petrus
1515 5606 1739 5679 gerebat
1753 5605 1916 5660 totius
1943 5604 2043 5679 Ec-

440 5681 620 5736 clesia-
642 5680 866 5750 ligurata
900 5681 1255 5751 generalitate
1297 5675 1604 5751 personam,
1625 5675 2043 5751 utaitdugusti-

439 5767 566 5808 nus.
625 5745 985 5808 inutiliter'se
1013 5758 1263 5823 torquent
1290 5745 1381 5821 qui
1410 5745 1786 5822 argumentum
1812 5745 1913 5809 hoc
1940 5745 2046 5802 alio

440 5823 736 5887 transferre
768 5832 1048 5883 conantur.

2054 4649 2107 4710 D

2183 3827 2457 3885 Obaudire
2489 3820 2790 3879 nolentium.
2836 3816 2925 3874 lta-
2946 3825 3164 3874 veteres
3201 3812 3465 3872 editiones
3495 3824 3551 3873 et
3577 3832 3716 3885 qua-

2125 3911 2245 3957 tuor
2274 3898 2394 3955 libri
2422 3903 2653 3973 vet_eres.
2683 3892 2758 3973 ita
2781 3892 2945 3973 etiam
2973 3886 3432 3973 apudE‘Nicolautn‘
3455 3886 3524 3973 de
3567 3886 3716 3973 ‘Cusa

2121 3955 2215 4027 lib.
2245 3985 2323 4035 χι,
2352 3982 2471 4039 cap.
2501 3967 2563 4039 lt
2594 3966 2656 4019 de
2678 3955 3354 4039 Δ(ΖοῃεοναιῃιῆαᾹζθᾳΙεώψ
3391 3955 3708 4039 Catholicae.

2120 4028 2382 4098 Manutius
2412 4028 2589 4100 posuit
2608 4033 2902 4089 volentium.
2941 4029 3094 4099 Quod
3119 4030 3282 4086 etiam
3307 4028 3501 4100 placuit
3523 4030 3716 4087 Morel-

2123 4113 2214 4178 lio,
2245 4099 2506 4175 Pamelio,
2555 4116 2608 4162 et
2636 4104 2887 4178 Rigaltio,
2918 4102 3008 4178 qui
3038 4109 3215 4178 tamen
3241 4099 3528 4173 injErratis
3553 4118 3721 4178 gmw-

2128 4171 2255 4238 tavit
2287 4171 2570 4251 legendqu
2588 4171 2731 4251 esse
2747 4171 3044 4251 nolentium.
3096 4171 3151 4228 ld
3184 4187 3310 4226 vero
3341 4188 3444 4227 non
3478 4172 3722 4227 animad-

2125 4241 2406 4309 verterunt
2445 4249 2635 4320 Angli,
2672 4248 2761 4320 qui
2788 4245 2985 4315 alioqui
3010 4241 3129 4320 fere
3164 4257 3379 4320 semper
3418 4252 3721 4320 sequuntur

2127 4325 2416 4382 editionem
2448 4313 2704 4389 Rigaltiif
2725 4313 3024 4373 Posuerunt
3045 4314 3187 4389 enim
3218 4313 3271 4366 in
3297 4327 3390 4389 sua
3420 4313 3715 4389 volentium.

2127 4381 2454 4452 Beinlmrtus
2470 4381 2749 4461 amplexus
2773 4384 3297 4461 est‘emendationem
3321 4381 3553 4453 Rigaltii.
3586 4382 3713 4437 Hmc

2130 4476 2308 4523 autem
2337 4475 2419 4520 est
2446 4455 2576 4517 vera
2598 4461 2778 4516 lectio.
2803 4455 2923 4512 Alia
2955 4457 3080 4512 lerri
3113 4470 3215 4508 non
3239 4462 3436 4523 potest.

2203 4536 2349 4593 Scire
2370 4533 2537 4589 debes.
2591 4528 2743 4600 Apud
2784 4526 3010 4600 Juonem
3060 4522 3290 4600 partes,
3315 4538 3449 4600 cap.
3477 4522 3629 4600 360,
3668 4532 3723 4600 et

2133 4609 2270 4680 apud
2293 4606 2601 4680 Gratianum
2620 4593 3023 4680 \fnLqJeitatur
3043 4593 3105 4651 ex
3121 4593 3633 4680 Epis‘tolaCypriaui
3657 4593 3725 4649 ad
3772 4650 3776 4655 ,

2139 4660 2431 4749 lfapia'num
2457 4675 2570 4730 sive
2592 4672 2656 4727 ad
2694 4660 3249 4749 Papinianu‘mtutalii
3282 4660 3567 4749 scripsere.
3594 4660 3725 4749 Cor-

2138 4740 2377 4806 rcctores
2407 4745 2632 4801 Romani
2661 4740 3079 4806 emendaveruut
3102 4744 3154 4789 ct
3176 4743 3499 4806 monuerunt
3514 4744 3726 4806 exstare

2140 4803 2219 4877 in
2243 4818 2481 4889 Epistola
2526 4815 2596 4889 ad
2636 4810 2958 4889 Florentium
2997 4805 3311 4889 Pupianum.
3365 4803 3445 4860 Ex
3476 4804 3579 4889 hoc
3606 4804 3725 4888 loco

2139 4876 2376 4949 Joannes
2413 4888 2479 4943 de
2525 4885 2694 4941 Turre
2718 4883 2964 4936 Cremata
2992 4876 3218 4949 sumpsit
3237 4877 3721 4949 argumentumm-

2142 4947 2372 5019 vehendi
2404 4959 2459 5013 in
2489 4957 2770 5026 episcopos
2801 4950 3061 5026 titularcs,
3096 4947 3185 5019 qui
3239 4947 3413 5019 neque
3438 4947 3727 5026 ecclesiam

2146 5034 2342 5090 habent
2365 5018 2537 5097 neque
2580 5018 2909 5097 plchcm,_de
2928 5018 3121 5092 quibus
3151 5032 3249 5097 nos
3274 5018 3724 5097 nuper-norinttlla

2141 5086 2273 5162 satis
2309 5086 2517 5155 curiosa
2546 5086 2777 5151 diximus
2791 5086 2897 5148 lib.
2923 5086 2999 5159 tit,
3031 5105 3130 5162 cap
3154 5086 3241 5156 i9,
3274 5086 3725 5162 liistoriae_Tute-

2135 5157 2321 5232 ieiisis.
2364 5171 2439 5227 Dc
2484 5168 2568 5223 his
2616 5165 2867 5221 tollendis
2896 5157 3205 5232 actum'est
3233 5175 3375 5232 anno
3427 5158 3586 5232 1547,
3640 5157 3728 5232 die

2139 5228 2343 5311 sabbati
2376 5242 2558 5311 quinta
2590 5235 2866 5311 Februarii
2893 5235 2945 5289 in
2979 5230 3208 5311 Concilio
3232 5228 3551 5311 Tridentino,
3582 5230 3725 5311 quod

2142 5299 2211 5373 ab
2230 5299 2293 5370 iis
2314 5299 2477 5369 multa
2504 5311 2696 5365 damna
2726 5317 2778 5362 et
2822 5302 3161 5361 incommoda
3188 5302 3447 5373 sustineat
3470 5299 3715 5356 Ecclesia

2140 5371 2199 5443 et
2223 5386 2419 5440 nullam
2452 5382 2536 5437 vel
2588 5378 2853 5435 modicam
2885 5375 3167 5429 utilitatem
3198 5371 3411 5443 recipit,
3451 5381 3596 5443 utcx
3629 5386 3728 5443 co—

2141 5440 2261 5514 dice
2296 5455 2415 5510 MS.
2458 5452 2659 5507 archivi
2696 5447 2933 5501 Vaticani
2977 5443 3158 5498 docuit
3186 5440 3461 5514 Odoricus
3485 5440 3730 5514 Bayual-

2146 5511 2358 5584 dusan.
2408 5524 2566 5589 i547,
2612 5520 2662 5593 §.
2700 5519 2790 5593 76.
2819 5518 2914 5593 ‘De
2956 5515 3021 5569 iis
3043 5515 3227 5593 etiam
3267 5511 3529 5593 tollendis
3551 5511 3728 5593 artum

2148 5581 2420 5670 pestrcmo
2465 5581 2651 5670 estad
2682 5588 2993 5670 relati-ouem
3042 5581 3731 5670 illustrissimimvfiri.Frau-

2149 5652 2273 5725 Eisci
2303 5665 2553 5736 Bosqueti
2570 5661 2805 5736 episcopi
2831 5656 3161 5736 Lodovensis
3181 5670 3319 5711 anno
3340 5652 3578 5736 165§Lin
3606 5668 3735 5736 gon-

2151 5723 2315 5797 ventu
2348 5723 2932 5793 Ecclesias'Galli'canm.
2962 5727 3096 5783 Vide
3126 5727 3273 5794 Acta,
3297 5741 3418 5797 pag.
3450 5723 3576 5797 300,
3607 5723 3732 5781 544.

2148 5796 2173 5835 δ
2228 5810 2540 5884 Episcopum
2565 5806 2616 5862 iu
2640 5801 2889 5884 Ecclesia.
2921 5796 3402 5858 Certissimum’es’t
3425 5796 3731 5869 episcopum

2739 5874 2767 5938 ί
