  <div class='ocr_page' id='page_1' title='image "/cluster/home/n/w/nwhite01/storage/ocr_20150623/4/hvd.32044048207708/209.png"; bbox 0 0 4250 6282; ppageno 0'>
   <div class='ocr_carea' id='block_1_1' title="bbox 528 389 635 446">
    <p class='ocr_par' dir='ltr' id='par_1_1' title="bbox 528 389 635 446">
     <span class='ocr_line' id='line_1_1' title="bbox 528 389 635 446; baseline -0.019 0"><span class='ocrx_word' id='word_1_1' title='bbox 528 389 635 446; x_wconf 78' lang='grc'><strong>407</strong></span> 
     </span>
    </p>
   </div>
   <div class='ocr_carea' id='block_1_2' title="bbox 534 595 2117 665">
    <p class='ocr_par' dir='ltr' id='par_1_2' title="bbox 534 595 2117 665">
     <span class='ocr_line' id='line_1_2' title="bbox 534 595 2117 665; baseline 0.001 -16"><span class='ocrx_word' id='word_1_2' title='bbox 534 596 722 663; x_wconf 68' lang='lat' dir='ltr'><strong>offero,</strong></span> <span class='ocrx_word' id='word_1_3' title='bbox 757 595 1065 665; x_wconf 49' lang='lat' dir='ltr'><strong>plenissime</strong></span> <span class='ocrx_word' id='word_1_4' title='bbox 1110 595 1466 657; x_wconf 84' lang='lat' dir='ltr'><strong>satisfeceris,</strong></span> <span class='ocrx_word' id='word_1_5' title='bbox 1495 596 1992 651; x_wconf 79' lang='lat' dir='ltr'><strong>communicationis</strong></span> <span class='ocrx_word' id='word_1_6' title='bbox 2016 608 2117 651; x_wconf 76' lang='lat' dir='ltr'><strong>tuze</strong></span> 
     </span>
    </p>
   </div>
   <div class='ocr_carea' id='block_1_3' title="bbox 535 688 2119 758">
    <p class='ocr_par' dir='ltr' id='par_1_3' title="bbox 535 688 2119 758">
     <span class='ocr_line' id='line_1_3' title="bbox 535 688 2119 758; baseline 0.002 -17"><span class='ocrx_word' id='word_1_7' title='bbox 535 688 829 756; x_wconf 78' lang='lat' dir='ltr'><strong>poterimus</strong></span> <span class='ocrx_word' id='word_1_8' title='bbox 884 688 1082 741; x_wconf 83' lang='lat' dir='ltr'><strong>habere</strong></span> <span class='ocrx_word' id='word_1_9' title='bbox 1130 688 1423 753; x_wconf 83' lang='lat' dir='ltr'><strong>rationem,</strong></span> <span class='ocrx_word' id='word_1_10' title='bbox 1464 698 1713 742; x_wconf 85' lang='lat' dir='ltr'><strong>manente</strong></span> <span class='ocrx_word' id='word_1_11' title='bbox 1751 700 1926 744; x_wconf 83' lang='lat' dir='ltr'><strong>tamen</strong></span> <span class='ocrx_word' id='word_1_12' title='bbox 1977 688 2119 758; x_wconf 90' lang='lat' dir='ltr'><strong>apud</strong></span> 
     </span>
    </p>
   </div>
   <div class='ocr_carea' id='block_1_4' title="bbox 531 779 2120 851">
    <p class='ocr_par' dir='ltr' id='par_1_4' title="bbox 531 779 2120 851">
     <span class='ocr_line' id='line_1_4' title="bbox 531 779 2120 851; baseline 0.002 -16"><span class='ocrx_word' id='word_1_13' title='bbox 531 793 632 835; x_wconf 88' lang='lat' dir='ltr'><strong>nos</strong></span> <span class='ocrx_word' id='word_1_14' title='bbox 662 779 857 834; x_wconf 71' lang='lat' dir='ltr'><strong>divinae</strong></span> <span class='ocrx_word' id='word_1_15' title='bbox 884 796 1124 839; x_wconf 67' lang='lat' dir='ltr'><strong>censura:</strong></span> <span class='ocrx_word' id='word_1_16' title='bbox 1169 791 1415 851; x_wconf 89' lang='lat' dir='ltr'><strong>respectu</strong></span> <span class='ocrx_word' id='word_1_17' title='bbox 1457 791 1513 837; x_wconf 90' lang='lat' dir='ltr'><strong>et</strong></span> <span class='ocrx_word' id='word_1_18' title='bbox 1539 791 1683 837; x_wconf 89' lang='lat' dir='ltr'><strong>metu</strong></span> <span class='ocrx_word' id='word_1_19' title='bbox 1706 823 1721 849; x_wconf 94' lang='lat'><strong>,</strong></span> <span class='ocrx_word' id='word_1_20' title='bbox 1752 790 1809 836; x_wconf 89' lang='lat' dir='ltr'><strong>ut</strong></span> <span class='ocrx_word' id='word_1_21' title='bbox 1850 782 1993 851; x_wconf 89' lang='lat' dir='ltr'><strong>prius</strong></span> <span class='ocrx_word' id='word_1_22' title='bbox 2017 784 2120 838; x_wconf 92' lang='lat' dir='ltr'><strong>Do-</strong></span> 
     </span>
    </p>
   </div>
   <div class='ocr_carea' id='block_1_5' title="bbox 535 870 2120 945">
    <p class='ocr_par' dir='ltr' id='par_1_5' title="bbox 535 870 2120 945">
     <span class='ocr_line' id='line_1_5' title="bbox 535 870 2120 945; baseline 0.003 -21"><span class='ocrx_word' id='word_1_23' title='bbox 535 870 737 925; x_wconf 87' lang='lat' dir='ltr'><strong>minum</strong></span> <span class='ocrx_word' id='word_1_24' title='bbox 772 886 946 925; x_wconf 88' lang='lat' dir='ltr'><strong>meum</strong></span> <span class='ocrx_word' id='word_1_25' title='bbox 978 871 1256 929; x_wconf 89' lang='lat' dir='ltr'><strong>consulam</strong></span> <span class='ocrx_word' id='word_1_26' title='bbox 1277 887 1343 927; x_wconf 89' lang='lat' dir='ltr'><strong>an</strong></span> <span class='ocrx_word' id='word_1_27' title='bbox 1376 874 1468 927; x_wconf 88' lang='lat' dir='ltr'><strong>tibi</strong></span> <span class='ocrx_word' id='word_1_28' title='bbox 1513 888 1700 945; x_wconf 90' lang='lat' dir='ltr'><strong>pacem</strong></span> <span class='ocrx_word' id='word_1_29' title='bbox 1750 873 1864 927; x_wconf 90' lang='lat' dir='ltr'><strong>dari</strong></span> <span class='ocrx_word' id='word_1_30' title='bbox 1891 882 1946 928; x_wconf 90' lang='lat' dir='ltr'><strong>et</strong></span> <span class='ocrx_word' id='word_1_31' title='bbox 1976 885 2026 929; x_wconf 90' lang='lat' dir='ltr'><strong>te</strong></span> <span class='ocrx_word' id='word_1_32' title='bbox 2052 875 2120 929; x_wconf 89' lang='lat' dir='ltr'><strong>ad</strong></span> 
     </span>
    </p>
   </div>
   <div class='ocr_carea' id='block_1_6' title="bbox 533 962 2121 1021">
    <p class='ocr_par' dir='ltr' id='par_1_6' title="bbox 533 962 2121 1021">
     <span class='ocr_line' id='line_1_6' title="bbox 533 962 2121 1021; baseline 0.003 -5"><span class='ocrx_word' id='word_1_33' title='bbox 533 962 1073 1017; x_wconf 81' lang='lat' dir='ltr'><strong>communicationem</strong></span> <span class='ocrx_word' id='word_1_34' title='bbox 1119 964 1373 1019; x_wconf 77' lang='lat' dir='ltr'><strong>Ecclesiae</strong></span> <span class='ocrx_word' id='word_1_35' title='bbox 1420 979 1531 1019; x_wconf 79' lang='lat' dir='ltr'><strong>suae</strong></span> <span class='ocrx_word' id='word_1_36' title='bbox 1570 964 1778 1019; x_wconf 87' lang='lat' dir='ltr'><strong>admitti</strong></span> <span class='ocrx_word' id='word_1_37' title='bbox 1820 980 1915 1020; x_wconf 84' lang='lat' dir='ltr'><strong>sua</strong></span> <span class='ocrx_word' id='word_1_38' title='bbox 1942 973 2121 1021; x_wconf 87' lang='lat' dir='ltr'><strong>osten-</strong></span> 
     </span>
    </p>
   </div>
   <div class='ocr_carea' id='block_1_7' title="bbox 532 1053 1476 1125">
    <p class='ocr_par' dir='ltr' id='par_1_7' title="bbox 532 1053 1476 1125">
     <span class='ocr_line' id='line_1_7' title="bbox 532 1053 1476 1125; baseline 0.002 -18"><span class='ocrx_word' id='word_1_39' title='bbox 532 1053 683 1107; x_wconf 87' lang='lat' dir='ltr'><strong>sione</strong></span> <span class='ocrx_word' id='word_1_40' title='bbox 707 1064 760 1109; x_wconf 91' lang='lat' dir='ltr'><strong>et</strong></span> <span class='ocrx_word' id='word_1_41' title='bbox 791 1054 1155 1111; x_wconf 84' lang='lat' dir='ltr'><strong>admonitione</strong></span> <span class='ocrx_word' id='word_1_42' title='bbox 1185 1056 1476 1125; x_wconf 88' lang='lat' dir='ltr'><strong>permittat.</strong></span> 
     </span>
    </p>
   </div>
   <div class='ocr_carea' id='block_1_8' title="bbox 605 1143 2119 1218">
    <p class='ocr_par' dir='ltr' id='par_1_8' title="bbox 605 1143 2119 1218">
     <span class='ocr_line' id='line_1_8' title="bbox 605 1143 2119 1218; baseline 0.004 -20"><span class='ocrx_word' id='word_1_43' title='bbox 605 1143 671 1198; x_wconf 78' lang='grc' dir='ltr'><strong>Χ.</strong></span> <span class='ocrx_word' id='word_1_44' title='bbox 718 1145 945 1207; x_wconf 68' lang='grc' dir='ltr'>Μειιιὶιιὶ</span> <span class='ocrx_word' id='word_1_45' title='bbox 995 1146 1135 1200; x_wconf 89' lang='lat' dir='ltr'><strong>enim</strong></span> <span class='ocrx_word' id='word_1_46' title='bbox 1190 1148 1320 1216; x_wconf 91' lang='lat' dir='ltr'><strong>quid</strong></span> <span class='ocrx_word' id='word_1_47' title='bbox 1360 1150 1471 1218; x_wconf 86' lang='lat' dir='ltr'><strong>jam</strong></span> <span class='ocrx_word' id='word_1_48' title='bbox 1525 1150 1655 1203; x_wconf 90' lang='lat' dir='ltr'><strong>mihi</strong></span> <span class='ocrx_word' id='word_1_49' title='bbox 1702 1149 1775 1203; x_wconf 91' lang='lat' dir='ltr'><strong>sit</strong></span> <span class='ocrx_word' id='word_1_50' title='bbox 1822 1158 2119 1215; x_wconf 90' lang='lat' dir='ltr'><strong>ostensum,</strong></span> 
     </span>
    </p>
   </div>
   <div class='ocr_carea' id='block_1_9' title="bbox 530 1236 2124 1310">
    <p class='ocr_par' dir='ltr' id='par_1_9' title="bbox 530 1236 2124 1310">
     <span class='ocr_line' id='line_1_9' title="bbox 530 1236 2124 1310; baseline 0.005 -21"><span class='ocrx_word' id='word_1_51' title='bbox 530 1236 700 1309; x_wconf 82' lang='lat' dir='ltr'><strong>immo</strong></span> <span class='ocrx_word' id='word_1_52' title='bbox 747 1238 873 1307; x_wconf 87' lang='lat' dir='ltr'><strong>quid</strong></span> <span class='ocrx_word' id='word_1_53' title='bbox 914 1237 985 1292; x_wconf 83' lang='lat' dir='ltr'><strong>sit</strong></span> <span class='ocrx_word' id='word_1_54' title='bbox 1038 1254 1196 1294; x_wconf 83' lang='lat' dir='ltr'><strong>servo</strong></span> <span class='ocrx_word' id='word_1_55' title='bbox 1247 1249 1274 1275; x_wconf 70' lang='grc' dir='ltr'><em>λ</em></span> <span class='ocrx_word' id='word_1_56' title='bbox 1332 1241 1649 1310; x_wconf 86' lang='lat' dir='ltr'><strong>obsequenti</strong></span> <span class='ocrx_word' id='word_1_57' title='bbox 1697 1249 1750 1295; x_wconf 90' lang='lat' dir='ltr'><strong>ct</strong></span> <span class='ocrx_word' id='word_1_58' title='bbox 1803 1240 2004 1296; x_wconf 89' lang='lat' dir='ltr'><strong>timenti</strong></span> <span class='ocrx_word' id='word_1_59' title='bbox 2056 1242 2124 1297; x_wconf 87' lang='lat' dir='ltr'><strong>de</strong></span> 
     </span>
    </p>
   </div>
   <div class='ocr_carea' id='block_1_10' title="bbox 536 1328 2126 1403">
    <p class='ocr_par' dir='ltr' id='par_1_10' title="bbox 536 1328 2126 1403">
     <span class='ocr_line' id='line_1_10' title="bbox 536 1328 2126 1403; baseline 0.003 -21"><span class='ocrx_word' id='word_1_60' title='bbox 536 1328 811 1384; x_wconf 89' lang='lat' dir='ltr'><strong>Dominica</strong></span> <span class='ocrx_word' id='word_1_61' title='bbox 844 1341 895 1384; x_wconf 91' lang='lat' dir='ltr'><strong>et</strong></span> <span class='ocrx_word' id='word_1_62' title='bbox 938 1332 1120 1385; x_wconf 83' lang='lat' dir='ltr'><strong>Divina</strong></span> <span class='ocrx_word' id='word_1_63' title='bbox 1160 1333 1476 1388; x_wconf 79' lang='lat' dir='ltr'><strong>auctoritate</strong></span> <span class='ocrx_word' id='word_1_64' title='bbox 1503 1343 1864 1402; x_wconf 70' lang='lat' dir='ltr'><strong>prrcceptum;</strong></span> <span class='ocrx_word' id='word_1_65' title='bbox 1909 1334 2020 1403; x_wconf 92' lang='lat' dir='ltr'><strong>qui,</strong></span> <span class='ocrx_word' id='word_1_66' title='bbox 2053 1334 2126 1387; x_wconf 88' lang='lat' dir='ltr'><strong>in-</strong></span> 
     </span>
    </p>
   </div>
   <div class='ocr_carea' id='block_1_11' title="bbox 535 1424 2127 1495">
    <p class='ocr_par' dir='ltr' id='par_1_11' title="bbox 535 1424 2127 1495">
     <span class='ocr_line' id='line_1_11' title="bbox 535 1424 2127 1495; baseline 0.004 -20"><span class='ocrx_word' id='word_1_67' title='bbox 535 1432 616 1476; x_wconf 88' lang='lat' dir='ltr'><strong>ter</strong></span> <span class='ocrx_word' id='word_1_68' title='bbox 636 1433 829 1476; x_wconf 62' lang='lat' dir='ltr'><strong>czetera</strong></span> <span class='ocrx_word' id='word_1_69' title='bbox 853 1439 971 1491; x_wconf 77' lang='lat' dir='ltr'><strong>quzc</strong></span> <span class='ocrx_word' id='word_1_70' title='bbox 1014 1424 1298 1478; x_wconf 88' lang='lat' dir='ltr'><strong>ostendere</strong></span> <span class='ocrx_word' id='word_1_71' title='bbox 1317 1434 1371 1479; x_wconf 90' lang='lat' dir='ltr'><strong>et</strong></span> <span class='ocrx_word' id='word_1_72' title='bbox 1392 1426 1632 1479; x_wconf 88' lang='lat' dir='ltr'><strong>revelare</strong></span> <span class='ocrx_word' id='word_1_73' title='bbox 1659 1426 1905 1495; x_wconf 85' lang='lat' dir='ltr'><strong>dignatus</strong></span> <span class='ocrx_word' id='word_1_74' title='bbox 1939 1437 2045 1491; x_wconf 90' lang='lat' dir='ltr'><strong>est,</strong></span> <span class='ocrx_word' id='word_1_75' title='bbox 2072 1435 2127 1482; x_wconf 90' lang='lat' dir='ltr'><strong>et</strong></span> 
     </span>
    </p>
   </div>
   <div class='ocr_carea' id='block_1_12' title="bbox 533 1512 2125 1585">
    <p class='ocr_par' dir='ltr' id='par_1_12' title="bbox 533 1512 2125 1585">
     <span class='ocr_line' id='line_1_12' title="bbox 533 1512 2125 1585; baseline 0.005 -20"><span class='ocrx_word' id='word_1_76' title='bbox 533 1514 637 1566; x_wconf 86' lang='lat' dir='ltr'><strong>hoc</strong></span> <span class='ocrx_word' id='word_1_77' title='bbox 676 1512 922 1567; x_wconf 82' lang='lat' dir='ltr'><strong>addidit:</strong></span> <span class='ocrx_word' id='word_1_78' title='bbox 965 1533 983 1565; x_wconf 74' lang='grc' dir='ltr'><strong>ι</strong></span> <span class='ocrx_word' id='word_1_79' title='bbox 1021 1513 1200 1584; x_wconf 87' lang='lat' dir='ltr'><strong>Itaque</strong></span> <span class='ocrx_word' id='word_1_80' title='bbox 1231 1517 1318 1585; x_wconf 90' lang='lat' dir='ltr'><strong>qui</strong></span> <span class='ocrx_word' id='word_1_81' title='bbox 1347 1516 1559 1571; x_wconf 84' lang='lat' dir='ltr'><strong>Christo</strong></span> <span class='ocrx_word' id='word_1_82' title='bbox 1589 1534 1694 1571; x_wconf 88' lang='lat' dir='ltr'><strong>non</strong></span> <span class='ocrx_word' id='word_1_83' title='bbox 1740 1518 1911 1572; x_wconf 85' lang='lat' dir='ltr'><strong>credit</strong></span> <span class='ocrx_word' id='word_1_84' title='bbox 1962 1516 1990 1555; x_wconf 74' lang='grc' dir='ltr'>ι)</span> <span class='ocrx_word' id='word_1_85' title='bbox 2035 1533 2125 1573; x_wconf 73' lang='lat' dir='ltr'><strong>sa-</strong></span> 
     </span>
    </p>
   </div>
   <div class='ocr_carea' id='block_1_13' title="bbox 534 1604 2127 1677">
    <p class='ocr_par' dir='ltr' id='par_1_13' title="bbox 534 1604 2127 1677">
     <span class='ocr_line' id='line_1_13' title="bbox 534 1604 2127 1677; baseline 0.003 -19"><span class='ocrx_word' id='word_1_86' title='bbox 534 1604 806 1659; x_wconf 87' lang='lat' dir='ltr'><strong>cerdotem</strong></span> <span class='ocrx_word' id='word_1_87' title='bbox 828 1604 1062 1672; x_wconf 77' lang='lat' dir='ltr'><strong>facienti,</strong></span> <span class='ocrx_word' id='word_1_88' title='bbox 1087 1618 1139 1661; x_wconf 90' lang='lat' dir='ltr'><strong>et</strong></span> <span class='ocrx_word' id='word_1_89' title='bbox 1168 1616 1349 1676; x_wconf 84' lang='lat' dir='ltr'><strong>postea</strong></span> <span class='ocrx_word' id='word_1_90' title='bbox 1377 1607 1598 1663; x_wconf 88' lang='lat' dir='ltr'><strong>credere</strong></span> <span class='ocrx_word' id='word_1_91' title='bbox 1628 1607 1845 1677; x_wconf 88' lang='lat' dir='ltr'><strong>incipiet</strong></span> <span class='ocrx_word' id='word_1_92' title='bbox 1894 1619 1916 1646; x_wconf 79' lang='grc' dir='ltr'><strong>ο</strong></span> <span class='ocrx_word' id='word_1_93' title='bbox 1950 1624 2127 1664; x_wconf 88' lang='lat' dir='ltr'><strong>sacer-</strong></span> 
     </span>
    </p>
   </div>
   <div class='ocr_carea' id='block_1_14' title="bbox 534 1694 2127 1768">
    <p class='ocr_par' dir='ltr' id='par_1_14' title="bbox 534 1694 2127 1768">
     <span class='ocr_line' id='line_1_14' title="bbox 534 1694 2127 1768; baseline 0.004 -19"><span class='ocrx_word' id='word_1_94' title='bbox 534 1694 713 1750; x_wconf 82' lang='lat' dir='ltr'><strong>dotem</strong></span> <span class='ocrx_word' id='word_1_95' title='bbox 740 1696 1047 1752; x_wconf 85' lang='lat' dir='ltr'><strong>vindicanti.</strong></span> <span class='ocrx_word' id='word_1_96' title='bbox 1069 1716 1089 1750; x_wconf 79' lang='grc'><strong>»</strong></span> <span class='ocrx_word' id='word_1_97' title='bbox 1113 1700 1445 1768; x_wconf 75' lang='lat' dir='ltr'><strong>Quamquam</strong></span> <span class='ocrx_word' id='word_1_98' title='bbox 1474 1701 1645 1755; x_wconf 86' lang='lat' dir='ltr'><strong>sciam</strong></span> <span class='ocrx_word' id='word_1_99' title='bbox 1674 1701 1881 1755; x_wconf 89' lang='lat' dir='ltr'><strong>somnia</strong></span> <span class='ocrx_word' id='word_1_100' title='bbox 1906 1700 2127 1756; x_wconf 88' lang='lat' dir='ltr'><strong>ridicula</strong></span> 
     </span>
    </p>
   </div>
   <div class='ocr_carea' id='block_1_15' title="bbox 536 1787 2127 1862">
    <p class='ocr_par' dir='ltr' id='par_1_15' title="bbox 536 1787 2127 1862">
     <span class='ocr_line' id='line_1_15' title="bbox 536 1787 2127 1862; baseline 0.006 -23"><span class='ocrx_word' id='word_1_101' title='bbox 536 1794 591 1839; x_wconf 86' lang='lat' dir='ltr'><strong>ct</strong></span> <span class='ocrx_word' id='word_1_102' title='bbox 619 1789 857 1841; x_wconf 86' lang='lat' dir='ltr'><strong>visiones</strong></span> <span class='ocrx_word' id='word_1_103' title='bbox 892 1787 1101 1857; x_wconf 90' lang='lat' dir='ltr'><strong>ineptas</strong></span> <span class='ocrx_word' id='word_1_104' title='bbox 1126 1790 1440 1860; x_wconf 81' lang='lat' dir='ltr'><strong>quihusdam</strong></span> <span class='ocrx_word' id='word_1_105' title='bbox 1466 1790 1666 1857; x_wconf 86' lang='lat' dir='ltr'><strong>videri,</strong></span> <span class='ocrx_word' id='word_1_106' title='bbox 1697 1792 1792 1846; x_wconf 88' lang='lat' dir='ltr'><strong>sed</strong></span> <span class='ocrx_word' id='word_1_107' title='bbox 1819 1792 2001 1862; x_wconf 89' lang='lat' dir='ltr'><strong>utique</strong></span> <span class='ocrx_word' id='word_1_108' title='bbox 2024 1791 2127 1849; x_wconf 89' lang='lat' dir='ltr'><strong>illis</strong></span> 
     </span>
    </p>
   </div>
   <div class='ocr_carea' id='block_1_16' title="bbox 1878 384 2378 446">
    <p class='ocr_par' dir='ltr' id='par_1_16' title="bbox 1878 384 2378 446">
     <span class='ocr_line' id='line_1_16' title="bbox 1878 384 2378 446; baseline -0.004 -1"><span class='ocrx_word' id='word_1_109' title='bbox 1878 386 2016 445; x_wconf 81' lang='lat' dir='ltr'><strong>DIVI</strong></span> <span class='ocrx_word' id='word_1_110' title='bbox 2052 384 2378 446; x_wconf 80' lang='lat' dir='ltr'><strong>CYPRIANI</strong></span> 
     </span>
    </p>
   </div>
   <div class='ocr_carea' id='block_1_17' title="bbox 528 500 2195 575">
    <p class='ocr_par' dir='ltr' id='par_1_17' title="bbox 528 500 2195 575">
     <span class='ocr_line' id='line_1_17' title="bbox 528 500 2195 575; baseline -0.002 -15"><span class='ocrx_word' id='word_1_111' title='bbox 528 514 586 560; x_wconf 86' lang='lat' dir='ltr'><strong>et</strong></span> <span class='ocrx_word' id='word_1_112' title='bbox 622 504 673 558; x_wconf 91' lang='lat' dir='ltr'><strong>in</strong></span> <span class='ocrx_word' id='word_1_113' title='bbox 722 502 1094 575; x_wconf 76' lang='lat' dir='ltr'><strong>persecutione</strong></span> <span class='ocrx_word' id='word_1_114' title='bbox 1123 501 1326 572; x_wconf 87' lang='lat' dir='ltr'><strong>pariter</strong></span> <span class='ocrx_word' id='word_1_115' title='bbox 1372 509 1427 556; x_wconf 91' lang='lat' dir='ltr'><strong>et</strong></span> <span class='ocrx_word' id='word_1_116' title='bbox 1464 500 1517 555; x_wconf 91' lang='lat' dir='ltr'><strong>in</strong></span> <span class='ocrx_word' id='word_1_117' title='bbox 1569 515 1698 571; x_wconf 86' lang='lat' dir='ltr'><strong>pace</strong></span> <span class='ocrx_word' id='word_1_118' title='bbox 1750 500 2115 558; x_wconf 88' lang='lat' dir='ltr'><strong>indesinenter</strong></span> <span class='ocrx_word' id='word_1_119' title='bbox 2141 505 2195 566; x_wconf 82' lang='grc' dir='ltr'><strong>Α</strong></span> 
     </span>
    </p>
   </div>
   <div class='ocr_carea' id='block_1_18' title="bbox 2186 592 3817 682">
    <p class='ocr_par' dir='ltr' id='par_1_18' title="bbox 2186 592 3817 682">
     <span class='ocr_line' id='line_1_18' title="bbox 2186 592 3817 682; baseline -0.004 -15"><span class='ocrx_word' id='word_1_120' title='bbox 2186 672 2189 675; x_wconf 30' lang='grc' dir='ltr'><strong><em>λ</em></strong></span> <span class='ocrx_word' id='word_1_121' title='bbox 2223 618 2512 682; x_wconf 75' lang='lat' dir='ltr'><strong>(Erasm.,_i,</strong></span> <span class='ocrx_word' id='word_1_122' title='bbox 2537 612 2821 682; x_wconf 68' lang='lat' dir='ltr'><strong>2.Pam_el.,</strong></span> <span class='ocrx_word' id='word_1_123' title='bbox 2841 592 3266 682; x_wconf 61' lang='lat' dir='ltr'><strong>Bigalt.,_Baluz.,</strong></span> <span class='ocrx_word' id='word_1_124' title='bbox 3299 610 3480 682; x_wconf 57' lang='lat'><strong>03:09:,</strong></span> <span class='ocrx_word' id='word_1_125' title='bbox 3513 609 3817 682; x_wconf 41' lang='lat' dir='ltr'><strong>Ligna“.</strong></span> 
     </span>
    </p>
   </div>
   <div class='ocr_carea' id='block_1_19' title="bbox 3709 381 3813 442">
    <p class='ocr_par' dir='ltr' id='par_1_19' title="bbox 3709 381 3813 442">
     <span class='ocr_line' id='line_1_19' title="bbox 3709 381 3813 442; baseline 0.019 -2"><span class='ocrx_word' id='word_1_126' title='bbox 3709 381 3813 442; x_wconf 77' lang='grc'><strong>408</strong></span> 
     </span>
    </p>
   </div>
   <div class='ocr_carea' id='block_1_20' title="bbox 2753 492 3299 554">
    <p class='ocr_par' dir='ltr' id='par_1_20' title="bbox 2753 492 3299 554">
     <span class='ocr_line' id='line_1_20' title="bbox 2753 492 3299 554; baseline -0.004 -1"><span class='ocrx_word' id='word_1_127' title='bbox 2753 492 3088 554; x_wconf 83' lang='lat' dir='ltr'><strong>EPISTOLA</strong></span> <span class='ocrx_word' id='word_1_128' title='bbox 3131 494 3299 552; x_wconf 85' lang='lat' dir='ltr'><strong>LXX.</strong></span> 
     </span>
    </p>
   </div>
   <div class='ocr_carea' id='block_1_21' title="bbox 2310 672 3690 737">
    <p class='ocr_par' dir='ltr' id='par_1_21' title="bbox 2310 672 3690 737">
     <span class='ocr_line' id='line_1_21' title="bbox 2310 672 3690 737; baseline -0.004 -10"><span class='ocrx_word' id='word_1_129' title='bbox 2310 705 2316 713; x_wconf 71' lang='grc' dir='ltr'><strong>ι</strong></span> <span class='ocrx_word' id='word_1_130' title='bbox 2370 672 2545 737; x_wconf 57' lang='lat' dir='ltr'><strong>Paris},</strong></span> <span class='ocrx_word' id='word_1_131' title='bbox 2573 690 2706 725; x_wconf 79' lang='lat' dir='ltr'><strong>LXIX.</strong></span> <span class='ocrx_word' id='word_1_132' title='bbox 2730 672 2934 737; x_wconf 50' lang='lat' dir='ltr'><strong>Routhf,</strong></span> <span class='ocrx_word' id='word_1_133' title='bbox 2958 673 3088 725; x_wconf 80' lang='lat' dir='ltr'><strong>Bell.</strong></span> <span class='ocrx_word' id='word_1_134' title='bbox 3112 689 3208 725; x_wconf 88' lang='lat' dir='ltr'><strong>scr.</strong></span> <span class='ocrx_word' id='word_1_135' title='bbox 3230 689 3298 735; x_wconf 89' lang='grc' dir='ltr'>ιιι,</span> <span class='ocrx_word' id='word_1_136' title='bbox 3323 689 3374 737; x_wconf 85' lang='lat' dir='ltr'><strong>p.</strong></span> <span class='ocrx_word' id='word_1_137' title='bbox 3399 674 3462 722; x_wconf 70' lang='lat'><strong>84</strong></span> <span class='ocrx_word' id='word_1_138' title='bbox 3485 680 3538 722; x_wconf 91' lang='lat' dir='ltr'><strong>et</strong></span> <span class='ocrx_word' id='word_1_139' title='bbox 3560 672 3690 735; x_wconf 78' lang='lat' dir='ltr'><strong>I55.)</strong></span> 
     </span>
    </p>
   </div>
   <div class='ocr_carea' id='block_1_22' title="bbox 2223 789 3818 843">
    <p class='ocr_par' dir='ltr' id='par_1_22' title="bbox 2223 789 3818 843">
     <span class='ocr_line' id='line_1_22' title="bbox 2223 789 3818 843; baseline -0.006 -4"><span class='ocrx_word' id='word_1_140' title='bbox 2223 799 2291 839; x_wconf 83' lang='grc' dir='ltr'><strong>ΔΙ)</strong></span> <span class='ocrx_word' id='word_1_141' title='bbox 2315 797 2609 838; x_wconf 71' lang='grc' dir='ltr'>ιΑΝυΑιιιυιί</span> <span class='ocrx_word' id='word_1_142' title='bbox 2634 797 2700 835; x_wconf 83' lang='grc' dir='ltr'><strong>ΕΤ</strong></span> <span class='ocrx_word' id='word_1_143' title='bbox 2719 795 2976 835; x_wconf 68' lang='lat' dir='ltr'><strong>CETEROS</strong></span> <span class='ocrx_word' id='word_1_144' title='bbox 2995 792 3271 834; x_wconf 76' lang='lat' dir='ltr'><strong>EPISCOPOS</strong></span> <span class='ocrx_word' id='word_1_145' title='bbox 3292 790 3615 843; x_wconf 63' lang='lat' dir='ltr'><strong>NUHIDASJDE</strong></span> <span class='ocrx_word' id='word_1_146' title='bbox 3633 789 3818 829; x_wconf 72' lang='grc' dir='ltr'><strong>ΒΑΡΤΙ-</strong></span> 
     </span>
    </p>
   </div>
   <div class='ocr_carea' id='block_1_23' title="bbox 2741 883 3288 927">
    <p class='ocr_par' dir='ltr' id='par_1_23' title="bbox 2741 883 3288 927">
     <span class='ocr_line' id='line_1_23' title="bbox 2741 883 3288 927; baseline -0.005 0"><span class='ocrx_word' id='word_1_147' title='bbox 2741 887 2925 927; x_wconf 74' lang='grc' dir='ltr'><strong>ΖΔΝΒΙὸ</strong></span> <span class='ocrx_word' id='word_1_148' title='bbox 2971 883 3288 926; x_wconf 59' lang='lat' dir='ltr'><strong>HJERETICE.</strong></span> 
     </span>
    </p>
   </div>
   <div class='ocr_carea' id='block_1_24' title="bbox 2225 979 3816 1058">
    <p class='ocr_par' dir='ltr' id='par_1_24' title="bbox 2225 979 3816 1058">
     <span class='ocr_line' id='line_1_24' title="bbox 2225 979 3816 1058; baseline -0.008 -12"><span class='ocrx_word' id='word_1_149' title='bbox 2225 993 2688 1046; x_wconf 69' lang='lat' dir='ltr'><strong>ARGUHENTUM.—</strong></span> <span class='ocrx_word' id='word_1_150' title='bbox 2706 987 3069 1058; x_wconf 84' lang='lat' dir='ltr'><strong>Argumentum</strong></span> <span class='ocrx_word' id='word_1_151' title='bbox 3089 986 3243 1050; x_wconf 81' lang='lat' dir='ltr'><strong>huius</strong></span> <span class='ocrx_word' id='word_1_152' title='bbox 3253 995 3296 1039; x_wconf 90' lang='lat' dir='ltr'><strong>et</strong></span> <span class='ocrx_word' id='word_1_153' title='bbox 3313 985 3567 1055; x_wconf 76' lang='lat' dir='ltr'><strong>sequentis</strong></span> <span class='ocrx_word' id='word_1_154' title='bbox 3586 979 3816 1051; x_wconf 66' lang='lat' dir='ltr'><strong>epistolae</strong></span> 
     </span>
    </p>
   </div>
   <div class='ocr_carea' id='block_1_25' title="bbox 2298 1071 3819 1151">
    <p class='ocr_par' dir='ltr' id='par_1_25' title="bbox 2298 1071 3819 1151">
     <span class='ocr_line' id='line_1_25' title="bbox 2298 1071 3819 1151; baseline -0.008 -16"><span class='ocrx_word' id='word_1_155' title='bbox 2298 1083 2447 1136; x_wconf 80' lang='lat' dir='ltr'><strong><em>habes</em></strong></span> <span class='ocrx_word' id='word_1_156' title='bbox 2488 1081 2633 1134; x_wconf 88' lang='lat' dir='ltr'><strong>tertia</strong></span> <span class='ocrx_word' id='word_1_157' title='bbox 2678 1088 2791 1151; x_wconf 87' lang='lat' dir='ltr'><strong>post</strong></span> <span class='ocrx_word' id='word_1_158' title='bbox 2826 1081 2958 1132; x_wconf 87' lang='lat' dir='ltr'><strong>hanc</strong></span> <span class='ocrx_word' id='word_1_159' title='bbox 3003 1077 3219 1147; x_wconf 87' lang='lat' dir='ltr'><strong>epistola</strong></span> <span class='ocrx_word' id='word_1_160' title='bbox 3265 1074 3332 1129; x_wconf 87' lang='lat' dir='ltr'><strong>ad</strong></span> <span class='ocrx_word' id='word_1_161' title='bbox 3384 1073 3707 1143; x_wconf 87' lang='lat' dir='ltr'><strong>Stephanum</strong></span> <span class='ocrx_word' id='word_1_162' title='bbox 3765 1071 3819 1123; x_wconf 84' lang='lat' dir='ltr'><strong>in</strong></span> 
     </span>
    </p>
   </div>
   <div class='ocr_carea' id='block_1_26' title="bbox 2286 1165 3819 1241">
    <p class='ocr_par' dir='ltr' id='par_1_26' title="bbox 2286 1165 3819 1241">
     <span class='ocr_line' id='line_1_26' title="bbox 2286 1165 3819 1241; baseline -0.007 -15"><span class='ocrx_word' id='word_1_163' title='bbox 2286 1174 2392 1227; x_wconf 79' lang='lat' dir='ltr'><strong>lucc</strong></span> <span class='ocrx_word' id='word_1_164' title='bbox 2408 1172 2595 1226; x_wconf 86' lang='lat' dir='ltr'><strong>verba:</strong></span> <span class='ocrx_word' id='word_1_165' title='bbox 2632 1190 2651 1222; x_wconf 77' lang='grc' dir='ltr'><strong>ι</strong></span> <span class='ocrx_word' id='word_1_166' title='bbox 2697 1169 3016 1241; x_wconf 85' lang='lat' dir='ltr'><strong>Baptismum</strong></span> <span class='ocrx_word' id='word_1_167' title='bbox 3039 1185 3140 1222; x_wconf 91' lang='lat' dir='ltr'><strong>non</strong></span> <span class='ocrx_word' id='word_1_168' title='bbox 3163 1184 3267 1221; x_wconf 87' lang='lat' dir='ltr'><strong>esse</strong></span> <span class='ocrx_word' id='word_1_169' title='bbox 3287 1182 3385 1235; x_wconf 86' lang='lat' dir='ltr'><strong>quo</strong></span> <span class='ocrx_word' id='word_1_170' title='bbox 3409 1165 3632 1219; x_wconf 73' lang='lat' dir='ltr'><strong>Iweretici</strong></span> <span class='ocrx_word' id='word_1_171' title='bbox 3664 1173 3819 1216; x_wconf 84' lang='lat' dir='ltr'><strong>utun-</strong></span> 
     </span>
    </p>
   </div>
   <div class='ocr_carea' id='block_1_27' title="bbox 2298 1254 3822 1334">
    <p class='ocr_par' dir='ltr' id='par_1_27' title="bbox 2298 1254 3822 1334">
     <span class='ocr_line' id='line_1_27' title="bbox 2298 1254 3822 1334; baseline -0.009 -15"><span class='ocrx_word' id='word_1_172' title='bbox 2298 1276 2399 1327; x_wconf 85' lang='lat' dir='ltr'><strong>tur,</strong></span> <span class='ocrx_word' id='word_1_173' title='bbox 2429 1280 2519 1318; x_wconf 90' lang='lat' dir='ltr'><strong>nec</strong></span> <span class='ocrx_word' id='word_1_174' title='bbox 2547 1279 2846 1334; x_wconf 88' lang='lat' dir='ltr'><strong>quemquam</strong></span> <span class='ocrx_word' id='word_1_175' title='bbox 2891 1261 3029 1331; x_wconf 87' lang='lat' dir='ltr'><strong>apud</strong></span> <span class='ocrx_word' id='word_1_176' title='bbox 3050 1276 3131 1313; x_wconf 89' lang='lat' dir='ltr'><strong>eos</strong></span> <span class='ocrx_word' id='word_1_177' title='bbox 3151 1260 3236 1327; x_wconf 85' lang='lat' dir='ltr'><strong>qui</strong></span> <span class='ocrx_word' id='word_1_178' title='bbox 3257 1255 3460 1314; x_wconf 85' lang='lat' dir='ltr'><strong>Christo</strong></span> <span class='ocrx_word' id='word_1_179' title='bbox 3486 1254 3822 1310; x_wconf 66' lang='lat' dir='ltr'><strong>adversaretur</strong></span> 
     </span>
    </p>
   </div>
   <div class='ocr_carea' id='block_1_28' title="bbox 2298 1348 3822 1426">
    <p class='ocr_par' dir='ltr' id='par_1_28' title="bbox 2298 1348 3822 1426">
     <span class='ocr_line' id='line_1_28' title="bbox 2298 1348 3822 1426; baseline -0.008 -16"><span class='ocrx_word' id='word_1_180' title='bbox 2298 1373 2388 1426; x_wconf 88' lang='lat' dir='ltr'><strong>per</strong></span> <span class='ocrx_word' id='word_1_181' title='bbox 2411 1356 2626 1426; x_wconf 84' lang='lat' dir='ltr'><strong>gratiam</strong></span> <span class='ocrx_word' id='word_1_182' title='bbox 2655 1354 2841 1407; x_wconf 88' lang='lat' dir='ltr'><strong>Christi</strong></span> <span class='ocrx_word' id='word_1_183' title='bbox 2863 1368 3011 1422; x_wconf 80' lang='lat' dir='ltr'><strong>posse</strong></span> <span class='ocrx_word' id='word_1_184' title='bbox 3066 1352 3327 1422; x_wconf 83' lang='lat' dir='ltr'><strong>pro/icere,</strong></span> <span class='ocrx_word' id='word_1_185' title='bbox 3361 1348 3632 1418; x_wconf 78' lang='lat' dir='ltr'><strong>diligenter</strong></span> <span class='ocrx_word' id='word_1_186' title='bbox 3663 1361 3822 1416; x_wconf 83' lang='lat' dir='ltr'><strong>nuper</strong></span> 
     </span>
    </p>
   </div>
   <div class='ocr_carea' id='block_1_29' title="bbox 2261 1437 3823 1519">
    <p class='ocr_par' dir='ltr' id='par_1_29' title="bbox 2261 1437 3823 1519">
     <span class='ocr_line' id='line_1_29' title="bbox 2261 1437 3823 1519; baseline -0.006 -16"><span class='ocrx_word' id='word_1_187' title='bbox 2261 1450 2588 1519; x_wconf 68' lang='lat' dir='ltr'><strong>[expressum</strong></span> <span class='ocrx_word' id='word_1_188' title='bbox 2616 1456 2689 1500; x_wconf 79' lang='lat' dir='ltr'><strong>est</strong></span> <span class='ocrx_word' id='word_1_189' title='bbox 2730 1446 2783 1499; x_wconf 90' lang='lat' dir='ltr'><strong>in</strong></span> <span class='ocrx_word' id='word_1_190' title='bbox 2835 1444 3049 1516; x_wconf 87' lang='lat' dir='ltr'><strong>epistola</strong></span> <span class='ocrx_word' id='word_1_191' title='bbox 3086 1458 3199 1514; x_wconf 68' lang='lat' dir='ltr'><strong>qua:</strong></span> <span class='ocrx_word' id='word_1_192' title='bbox 3239 1442 3306 1495; x_wconf 85' lang='lat' dir='ltr'><strong>ad</strong></span> <span class='ocrx_word' id='word_1_193' title='bbox 3349 1442 3623 1508; x_wconf 82' lang='lat' dir='ltr'><strong>Quintum,</strong></span> <span class='ocrx_word' id='word_1_194' title='bbox 3668 1437 3823 1493; x_wconf 88' lang='lat' dir='ltr'><strong>colle-</strong></span> 
     </span>
    </p>
   </div>
   <div class='ocr_carea' id='block_1_30' title="bbox 2299 1534 3825 1613">
    <p class='ocr_par' dir='ltr' id='par_1_30' title="bbox 2299 1534 3825 1613">
     <span class='ocr_line' id='line_1_30' title="bbox 2299 1534 3825 1613; baseline -0.008 -18"><span class='ocrx_word' id='word_1_195' title='bbox 2299 1559 2415 1613; x_wconf 85' lang='lat' dir='ltr'><strong>gam</strong></span> <span class='ocrx_word' id='word_1_196' title='bbox 2468 1551 2695 1595; x_wconf 86' lang='lat' dir='ltr'><strong>nostrum</strong></span> <span class='ocrx_word' id='word_1_197' title='bbox 2731 1539 2786 1591; x_wconf 89' lang='lat' dir='ltr'><strong>in</strong></span> <span class='ocrx_word' id='word_1_198' title='bbox 2820 1536 3138 1591; x_wconf 81' lang='lat' dir='ltr'><strong>Mauritania</strong></span> <span class='ocrx_word' id='word_1_199' title='bbox 3174 1534 3500 1589; x_wconf 85' lang='lat' dir='ltr'><strong>constitutum</strong></span> <span class='ocrx_word' id='word_1_200' title='bbox 3562 1547 3716 1601; x_wconf 87' lang='lat' dir='ltr'><strong>super</strong></span> <span class='ocrx_word' id='word_1_201' title='bbox 3764 1546 3825 1584; x_wconf 82' lang='lat' dir='ltr'><strong>ea</strong></span> 
     </span>
    </p>
   </div>
   <div class='ocr_carea' id='block_1_31' title="bbox 2298 1625 3827 1703">
    <p class='ocr_par' dir='ltr' id='par_1_31' title="bbox 2298 1625 3827 1703">
     <span class='ocr_line' id='line_1_31' title="bbox 2298 1625 3827 1703; baseline -0.007 -17"><span class='ocrx_word' id='word_1_202' title='bbox 2298 1633 2545 1703; x_wconf 85' lang='lat' dir='ltr'><strong>rescripta</strong></span> <span class='ocrx_word' id='word_1_203' title='bbox 2588 1643 2710 1697; x_wconf 89' lang='lat' dir='ltr'><strong>est;</strong></span> <span class='ocrx_word' id='word_1_204' title='bbox 2785 1631 2904 1685; x_wconf 82' lang='lat' dir='ltr'><strong>item</strong></span> <span class='ocrx_word' id='word_1_205' title='bbox 2974 1631 3028 1682; x_wconf 87' lang='lat' dir='ltr'><strong>in</strong></span> <span class='ocrx_word' id='word_1_206' title='bbox 3076 1629 3256 1683; x_wconf 73' lang='lat' dir='ltr'><strong>litteris</strong></span> <span class='ocrx_word' id='word_1_207' title='bbox 3301 1642 3427 1693; x_wconf 88' lang='lat' dir='ltr'><strong>quas</strong></span> <span class='ocrx_word' id='word_1_208' title='bbox 3485 1625 3691 1693; x_wconf 74' lang='lat' dir='ltr'><strong>collega:</strong></span> <span class='ocrx_word' id='word_1_209' title='bbox 3735 1639 3827 1677; x_wconf 82' lang='lat' dir='ltr'><strong>no-</strong></span> 
     </span>
    </p>
   </div>
   <div class='ocr_carea' id='block_1_32' title="bbox 2299 1716 3827 1793">
    <p class='ocr_par' dir='ltr' id='par_1_32' title="bbox 2299 1716 3827 1793">
     <span class='ocr_line' id='line_1_32' title="bbox 2299 1716 3827 1793; baseline -0.007 -13"><span class='ocrx_word' id='word_1_210' title='bbox 2299 1725 2391 1781; x_wconf 87' lang='lat' dir='ltr'><strong>stri</strong></span> <span class='ocrx_word' id='word_1_211' title='bbox 2436 1723 2504 1778; x_wconf 86' lang='lat' dir='ltr'><strong>ad</strong></span> <span class='ocrx_word' id='word_1_212' title='bbox 2549 1724 2813 1793; x_wconf 77' lang='lat' dir='ltr'><strong>episcopos</strong></span> <span class='ocrx_word' id='word_1_213' title='bbox 2858 1723 2909 1775; x_wconf 86' lang='lat' dir='ltr'><strong>in</strong></span> <span class='ocrx_word' id='word_1_214' title='bbox 2940 1720 3195 1775; x_wconf 87' lang='lat' dir='ltr'><strong>Numidia</strong></span> <span class='ocrx_word' id='word_1_215' title='bbox 3236 1719 3562 1789; x_wconf 62' lang='lat' dir='ltr'><strong>praesidentes</strong></span> <span class='ocrx_word' id='word_1_216' title='bbox 3599 1726 3716 1772; x_wconf 88' lang='lat' dir='ltr'><strong>aute</strong></span> <span class='ocrx_word' id='word_1_217' title='bbox 3752 1716 3827 1785; x_wconf 82' lang='lat' dir='ltr'><strong>fe-</strong></span> 
     </span>
    </p>
   </div>
   <div class='ocr_carea' id='block_1_33' title="bbox 2301 1808 3819 1883">
    <p class='ocr_par' dir='ltr' id='par_1_33' title="bbox 2301 1808 3819 1883">
     <span class='ocr_line' id='line_1_33' title="bbox 2301 1808 3819 1883; baseline -0.006 -14"><span class='ocrx_word' id='word_1_218' title='bbox 2301 1824 2475 1870; x_wconf 86' lang='lat' dir='ltr'><strong>cerunt</strong></span> <span class='ocrx_word' id='word_1_219' title='bbox 2509 1858 2523 1882; x_wconf 95' lang='lat'><strong>,</strong></span> <span class='ocrx_word' id='word_1_220' title='bbox 2581 1822 2725 1882; x_wconf 86' lang='lat' dir='ltr'><strong>cujus</strong></span> <span class='ocrx_word' id='word_1_221' title='bbox 2764 1816 3027 1883; x_wconf 70' lang='lat' dir='ltr'><strong>uti-iusque</strong></span> <span class='ocrx_word' id='word_1_222' title='bbox 3053 1812 3279 1882; x_wconf 74' lang='lat' dir='ltr'><strong>epistola:</strong></span> <span class='ocrx_word' id='word_1_223' title='bbox 3303 1810 3539 1878; x_wconf 65' lang='lat' dir='ltr'><strong>exempla</strong></span> <span class='ocrx_word' id='word_1_224' title='bbox 3564 1808 3819 1862; x_wconf 64' lang='lat' dir='ltr'><strong>subdidi.»</strong></span> 
     </span>
    </p>
   </div>
   <div class='ocr_carea' id='block_1_34' title="bbox 537 1882 3820 1977">
    <p class='ocr_par' dir='ltr' id='par_1_34' title="bbox 537 1882 3820 1977">
     <span class='ocr_line' id='line_1_34' title="bbox 537 1882 3820 1977; baseline 0.005 -40"><span class='ocrx_word' id='word_1_225' title='bbox 537 1882 885 1977; x_wconf 68' lang='lat' dir='ltr'><strong>quimalunt</strong></span> <span class='ocrx_word' id='word_1_226' title='bbox 917 1895 1099 1977; x_wconf 78' lang='lat' dir='ltr'><strong>contra</strong></span> <span class='ocrx_word' id='word_1_227' title='bbox 1137 1888 1444 1943; x_wconf 71' lang='lat' dir='ltr'><strong>sacerdotes</strong></span> <span class='ocrx_word' id='word_1_228' title='bbox 1495 1890 1717 1945; x_wconf 73' lang='lat' dir='ltr'><strong>credere</strong></span> <span class='ocrx_word' id='word_1_229' title='bbox 1756 1907 1913 1960; x_wconf 74' lang='lat' dir='ltr'><strong>quam</strong></span> <span class='ocrx_word' id='word_1_230' title='bbox 1945 1905 2124 1945; x_wconf 69' lang='lat'><strong>530°!&quot;</strong></span> <span class='ocrx_word' id='word_1_231' title='bbox 2154 1890 2200 1949; x_wconf 85' lang='grc' dir='ltr'><strong>Β</strong></span> <span class='ocrx_word' id='word_1_232' title='bbox 2304 1907 2576 1977; x_wconf 84' lang='lat' dir='ltr'><strong>Utriusque</strong></span> <span class='ocrx_word' id='word_1_233' title='bbox 2603 1907 2752 1960; x_wconf 86' lang='lat' dir='ltr'><strong>etiam</strong></span> <span class='ocrx_word' id='word_1_234' title='bbox 2783 1906 2841 1974; x_wconf 82' lang='lat' dir='ltr'><strong>ﬁt</strong></span> <span class='ocrx_word' id='word_1_235' title='bbox 2867 1882 3134 1959; x_wconf 64' lang='lat' dir='ltr'><strong>mentio‘in</strong></span> <span class='ocrx_word' id='word_1_236' title='bbox 3157 1903 3370 1973; x_wconf 86' lang='lat' dir='ltr'><strong>epistola</strong></span> <span class='ocrx_word' id='word_1_237' title='bbox 3390 1903 3458 1956; x_wconf 89' lang='lat' dir='ltr'><strong>ad</strong></span> <span class='ocrx_word' id='word_1_238' title='bbox 3484 1901 3820 1969; x_wconf 84' lang='lat' dir='ltr'><strong>Jubainnunt,</strong></span> 
     </span>
    </p>
   </div>
   <div class='ocr_carea' id='block_1_35' title="bbox 538 1970 2126 2052">
    <p class='ocr_par' dir='ltr' id='par_1_35' title="bbox 538 1970 2126 2052">
     <span class='ocr_line' id='line_1_35' title="bbox 538 1970 2126 2052; baseline 0.009 -28"><span class='ocrx_word' id='word_1_239' title='bbox 538 1970 673 2026; x_wconf 90' lang='lat' dir='ltr'><strong>doti.</strong></span> <span class='ocrx_word' id='word_1_240' title='bbox 703 1971 808 2028; x_wconf 89' lang='lat' dir='ltr'><strong>Sed</strong></span> <span class='ocrx_word' id='word_1_241' title='bbox 841 1976 973 2029; x_wconf 82' lang='lat' dir='ltr'><strong>nihil</strong></span> <span class='ocrx_word' id='word_1_242' title='bbox 1003 1978 1223 2045; x_wconf 86' lang='lat' dir='ltr'><strong>mirum;</strong></span> <span class='ocrx_word' id='word_1_243' title='bbox 1252 1980 1464 2049; x_wconf 89' lang='lat' dir='ltr'><strong>quando</strong></span> <span class='ocrx_word' id='word_1_244' title='bbox 1493 1980 1560 2036; x_wconf 89' lang='lat' dir='ltr'><strong>de</strong></span> <span class='ocrx_word' id='word_1_245' title='bbox 1596 1982 1792 2052; x_wconf 85' lang='lat' dir='ltr'><strong>Joseplt</strong></span> <span class='ocrx_word' id='word_1_246' title='bbox 1834 1982 2025 2038; x_wconf 79' lang='lat' dir='ltr'><strong>fratres</strong></span> <span class='ocrx_word' id='word_1_247' title='bbox 2044 1983 2126 2038; x_wconf 88' lang='lat' dir='ltr'><strong>sui</strong></span> 
     </span>
    </p>
   </div>
   <div class='ocr_carea' id='block_1_36' title="bbox 536 2063 2123 2150">
    <p class='ocr_par' dir='ltr' id='par_1_36' title="bbox 536 2063 2123 2150">
     <span class='ocr_line' id='line_1_36' title="bbox 536 2063 2123 2150; baseline 0.009 -32"><span class='ocrx_word' id='word_1_248' title='bbox 536 2063 787 2120; x_wconf 78' lang='lat' dir='ltr'><strong>dixerunt</strong></span> <span class='ocrx_word' id='word_1_249' title='bbox 813 2086 826 2121; x_wconf 90' lang='lat'><strong>:</strong></span> <span class='ocrx_word' id='word_1_250' title='bbox 861 2069 992 2123; x_wconf 73' lang='lat' dir='ltr'><strong>Ecce</strong></span> <span class='ocrx_word' id='word_1_251' title='bbox 1017 2073 1294 2143; x_wconf 80' lang='lat' dir='ltr'><strong>sonmiator</strong></span> <span class='ocrx_word' id='word_1_252' title='bbox 1318 2076 1405 2130; x_wconf 87' lang='lat' dir='ltr'><strong>ille</strong></span> <span class='ocrx_word' id='word_1_253' title='bbox 1424 2067 1556 2130; x_wconf 77' lang='lat' dir='ltr'><strong>venit</strong></span> <span class='ocrx_word' id='word_1_254' title='bbox 1590 2094 1609 2130; x_wconf 91' lang='lat'><strong><em>:</em></strong></span> <span class='ocrx_word' id='word_1_255' title='bbox 1637 2094 1772 2132; x_wconf 89' lang='lat' dir='ltr'><strong>nunc</strong></span> <span class='ocrx_word' id='word_1_256' title='bbox 1796 2094 1913 2150; x_wconf 84' lang='lat' dir='ltr'><strong>ergo</strong></span> <span class='ocrx_word' id='word_1_257' title='bbox 1935 2082 2123 2146; x_wconf 80' lang='lat' dir='ltr'><strong>venite,</strong></span> 
     </span>
    </p>
   </div>
   <div class='ocr_carea' id='block_1_37' title="bbox 537 2156 2128 2235">
    <p class='ocr_par' dir='ltr' id='par_1_37' title="bbox 537 2156 2128 2235">
     <span class='ocr_line' id='line_1_37' title="bbox 537 2156 2128 2235; baseline 0.011 -27"><span class='ocrx_word' id='word_1_258' title='bbox 537 2156 827 2213; x_wconf 85' lang='lat' dir='ltr'><strong>occidamus</strong></span> <span class='ocrx_word' id='word_1_259' title='bbox 852 2161 995 2214; x_wconf 83' lang='lat' dir='ltr'><strong>illum</strong></span> <span class='ocrx_word' id='word_1_260' title='bbox 1018 2162 1173 2232; x_wconf 78' lang='lat' dir='ltr'><strong>(Cen.</strong></span> <span class='ocrx_word' id='word_1_261' title='bbox 1222 2181 1434 2234; x_wconf 83' lang='lat' dir='ltr'><strong>xxxvn,</strong></span> <span class='ocrx_word' id='word_1_262' title='bbox 1471 2168 1560 2235; x_wconf 76' lang='grc'><strong>19,</strong></span> <span class='ocrx_word' id='word_1_263' title='bbox 1588 2168 1703 2235; x_wconf 74' lang='grc'><strong>20),</strong></span> <span class='ocrx_word' id='word_1_264' title='bbox 1730 2180 1785 2225; x_wconf 91' lang='lat' dir='ltr'><strong>et</strong></span> <span class='ocrx_word' id='word_1_265' title='bbox 1834 2172 2128 2226; x_wconf 90' lang='lat' dir='ltr'><strong>somniator</strong></span> 
     </span>
    </p>
   </div>
   <div class='ocr_carea' id='block_1_38' title="bbox 534 2251 2125 2328">
    <p class='ocr_par' dir='ltr' id='par_1_38' title="bbox 534 2251 2125 2328">
     <span class='ocr_line' id='line_1_38' title="bbox 534 2251 2125 2328; baseline 0.013 -30"><span class='ocrx_word' id='word_1_266' title='bbox 534 2257 722 2315; x_wconf 89' lang='lat' dir='ltr'><strong>postea</strong></span> <span class='ocrx_word' id='word_1_267' title='bbox 752 2251 893 2319; x_wconf 88' lang='lat' dir='ltr'><strong>quod</strong></span> <span class='ocrx_word' id='word_1_268' title='bbox 944 2255 1308 2311; x_wconf 87' lang='lat' dir='ltr'><strong>somniaverat</strong></span> <span class='ocrx_word' id='word_1_269' title='bbox 1334 2270 1651 2314; x_wconf 87' lang='lat' dir='ltr'><strong>consecutus</strong></span> <span class='ocrx_word' id='word_1_270' title='bbox 1689 2262 1797 2328; x_wconf 91' lang='lat' dir='ltr'><strong>sit,</strong></span> <span class='ocrx_word' id='word_1_271' title='bbox 1834 2273 1888 2317; x_wconf 89' lang='lat' dir='ltr'><strong>et</strong></span> <span class='ocrx_word' id='word_1_272' title='bbox 1915 2264 2125 2319; x_wconf 88' lang='lat' dir='ltr'><strong>occiso-</strong></span> 
     </span>
    </p>
   </div>
   <div class='ocr_carea' id='block_1_39' title="bbox 536 2342 2127 2424">
    <p class='ocr_par' dir='ltr' id='par_1_39' title="bbox 536 2342 2127 2424">
     <span class='ocr_line' id='line_1_39' title="bbox 536 2342 2127 2424; baseline 0.013 -34"><span class='ocrx_word' id='word_1_273' title='bbox 536 2352 626 2391; x_wconf 91' lang='lat' dir='ltr'><strong>res</strong></span> <span class='ocrx_word' id='word_1_274' title='bbox 654 2354 717 2394; x_wconf 90' lang='lat' dir='ltr'><strong>ae</strong></span> <span class='ocrx_word' id='word_1_275' title='bbox 764 2342 1071 2401; x_wconf 85' lang='lat' dir='ltr'><strong>venditores</strong></span> <span class='ocrx_word' id='word_1_276' title='bbox 1116 2348 1322 2403; x_wconf 81' lang='lat' dir='ltr'><strong>confusi</strong></span> <span class='ocrx_word' id='word_1_277' title='bbox 1366 2349 1513 2417; x_wconf 88' lang='lat' dir='ltr'><strong>sint;</strong></span> <span class='ocrx_word' id='word_1_278' title='bbox 1546 2362 1604 2405; x_wconf 87' lang='lat' dir='ltr'><strong>ut</strong></span> <span class='ocrx_word' id='word_1_279' title='bbox 1652 2354 1741 2423; x_wconf 90' lang='lat' dir='ltr'><strong>qui</strong></span> <span class='ocrx_word' id='word_1_280' title='bbox 1773 2354 1950 2409; x_wconf 88' lang='lat' dir='ltr'><strong>verbis</strong></span> <span class='ocrx_word' id='word_1_281' title='bbox 1981 2356 2127 2424; x_wconf 76' lang='lat' dir='ltr'><strong>prius</strong></span> 
     </span>
    </p>
   </div>
   <div class='ocr_carea' id='block_1_40' title="bbox 538 2432 2129 2510">
    <p class='ocr_par' dir='ltr' id='par_1_40' title="bbox 538 2432 2129 2510">
     <span class='ocr_line' id='line_1_40' title="bbox 538 2432 2129 2510; baseline 0.013 -29"><span class='ocrx_word' id='word_1_282' title='bbox 538 2444 645 2483; x_wconf 90' lang='lat' dir='ltr'><strong>non</strong></span> <span class='ocrx_word' id='word_1_283' title='bbox 673 2432 1049 2503; x_wconf 80' lang='lat' dir='ltr'><strong>credidissent,</strong></span> <span class='ocrx_word' id='word_1_284' title='bbox 1084 2438 1234 2494; x_wconf 87' lang='lat' dir='ltr'><strong>factis</strong></span> <span class='ocrx_word' id='word_1_285' title='bbox 1264 2442 1602 2510; x_wconf 87' lang='lat' dir='ltr'><strong>postmodum</strong></span> <span class='ocrx_word' id='word_1_286' title='bbox 1627 2444 1934 2501; x_wconf 89' lang='lat' dir='ltr'><strong>crederent.</strong></span> <span class='ocrx_word' id='word_1_287' title='bbox 1961 2447 2036 2502; x_wconf 92' lang='lat' dir='ltr'><strong>De</strong></span> <span class='ocrx_word' id='word_1_288' title='bbox 2063 2448 2129 2502; x_wconf 90' lang='lat' dir='ltr'><strong>iis</strong></span> 
     </span>
    </p>
   </div>
   <div class='ocr_carea' id='block_1_41' title="bbox 537 2532 2131 2614">
    <p class='ocr_par' dir='ltr' id='par_1_41' title="bbox 537 2532 2131 2614">
     <span class='ocr_line' id='line_1_41' title="bbox 537 2532 2131 2614; baseline 0.013 -38"><span class='ocrx_word' id='word_1_289' title='bbox 537 2533 716 2578; x_wconf 87' lang='lat' dir='ltr'><strong>autem</strong></span> <span class='ocrx_word' id='word_1_290' title='bbox 759 2543 877 2597; x_wconf 79' lang='lat' dir='ltr'><strong>qua:</strong></span> <span class='ocrx_word' id='word_1_291' title='bbox 908 2539 961 2584; x_wconf 91' lang='lat' dir='ltr'><strong>tu</strong></span> <span class='ocrx_word' id='word_1_292' title='bbox 1003 2532 1155 2601; x_wconf 86' lang='lat' dir='ltr'><strong>egisti</strong></span> <span class='ocrx_word' id='word_1_293' title='bbox 1188 2534 1273 2588; x_wconf 89' lang='lat' dir='ltr'><strong>vel</strong></span> <span class='ocrx_word' id='word_1_294' title='bbox 1327 2537 1377 2588; x_wconf 90' lang='lat' dir='ltr'><strong>in</strong></span> <span class='ocrx_word' id='word_1_295' title='bbox 1407 2539 1780 2605; x_wconf 78' lang='lat' dir='ltr'><strong>persecutione</strong></span> <span class='ocrx_word' id='word_1_296' title='bbox 1809 2539 1891 2594; x_wconf 88' lang='lat' dir='ltr'><strong>vel</strong></span> <span class='ocrx_word' id='word_1_297' title='bbox 1920 2539 1972 2594; x_wconf 90' lang='lat' dir='ltr'><strong>iu</strong></span> <span class='ocrx_word' id='word_1_298' title='bbox 1997 2555 2131 2614; x_wconf 82' lang='lat' dir='ltr'><strong>pace</strong></span> 
     </span>
    </p>
   </div>
   <div class='ocr_carea' id='block_1_42' title="bbox 539 2617 2130 2701">
    <p class='ocr_par' dir='ltr' id='par_1_42' title="bbox 539 2617 2130 2701">
     <span class='ocr_line' id='line_1_42' title="bbox 539 2617 2130 2701; baseline 0.011 -33"><span class='ocrx_word' id='word_1_299' title='bbox 539 2617 759 2672; x_wconf 90' lang='lat' dir='ltr'><strong>stultum</strong></span> <span class='ocrx_word' id='word_1_300' title='bbox 784 2631 865 2675; x_wconf 91' lang='lat' dir='ltr'><strong>est</strong></span> <span class='ocrx_word' id='word_1_301' title='bbox 896 2631 952 2675; x_wconf 88' lang='lat' dir='ltr'><strong>ut</strong></span> <span class='ocrx_word' id='word_1_302' title='bbox 990 2624 1145 2678; x_wconf 90' lang='lat' dir='ltr'><strong>velim</strong></span> <span class='ocrx_word' id='word_1_303' title='bbox 1170 2634 1222 2679; x_wconf 87' lang='lat' dir='ltr'><strong>te</strong></span> <span class='ocrx_word' id='word_1_304' title='bbox 1244 2625 1505 2696; x_wconf 85' lang='lat' dir='ltr'><strong>judicare,</strong></span> <span class='ocrx_word' id='word_1_305' title='bbox 1534 2629 1748 2699; x_wconf 85' lang='lat' dir='ltr'><strong>quando</strong></span> <span class='ocrx_word' id='word_1_306' title='bbox 1778 2637 1835 2684; x_wconf 92' lang='lat' dir='ltr'><strong>tu</strong></span> <span class='ocrx_word' id='word_1_307' title='bbox 1862 2631 2028 2701; x_wconf 89' lang='lat' dir='ltr'><strong>magis</strong></span> <span class='ocrx_word' id='word_1_308' title='bbox 2045 2631 2130 2700; x_wconf 84' lang='lat' dir='ltr'><strong>ju-</strong></span> 
     </span>
    </p>
   </div>
   <div class='ocr_carea' id='block_1_43' title="bbox 538 2707 2130 2792">
    <p class='ocr_par' dir='ltr' id='par_1_43' title="bbox 538 2707 2130 2792">
     <span class='ocr_line' id='line_1_43' title="bbox 538 2707 2130 2792; baseline 0.011 -31"><span class='ocrx_word' id='word_1_309' title='bbox 538 2707 713 2765; x_wconf 90' lang='lat' dir='ltr'><strong>diccm</strong></span> <span class='ocrx_word' id='word_1_310' title='bbox 771 2721 821 2768; x_wconf 89' lang='lat' dir='ltr'><strong>te</strong></span> <span class='ocrx_word' id='word_1_311' title='bbox 869 2718 1035 2770; x_wconf 88' lang='lat' dir='ltr'><strong>nostri</strong></span> <span class='ocrx_word' id='word_1_312' title='bbox 1101 2721 1467 2775; x_wconf 88' lang='lat' dir='ltr'><strong>eonstitueris.</strong></span> <span class='ocrx_word' id='word_1_313' title='bbox 1516 2722 1643 2777; x_wconf 76' lang='lat' dir='ltr'><strong>llzec</strong></span> <span class='ocrx_word' id='word_1_314' title='bbox 1681 2737 1779 2792; x_wconf 92' lang='lat' dir='ltr'><strong>pro</strong></span> <span class='ocrx_word' id='word_1_315' title='bbox 1828 2723 1990 2777; x_wconf 89' lang='lat' dir='ltr'><strong>animi</strong></span> <span class='ocrx_word' id='word_1_316' title='bbox 2024 2724 2130 2779; x_wconf 90' lang='lat' dir='ltr'><strong>mei</strong></span> 
     </span>
    </p>
   </div>
   <div class='ocr_carea' id='block_1_44' title="bbox 538 2807 2122 2885">
    <p class='ocr_par' dir='ltr' id='par_1_44' title="bbox 538 2807 2122 2885">
     <span class='ocr_line' id='line_1_44' title="bbox 538 2807 2122 2885; baseline 0.011 -30"><span class='ocrx_word' id='word_1_317' title='bbox 538 2815 674 2869; x_wconf 91' lang='lat' dir='ltr'><strong>pura</strong></span> <span class='ocrx_word' id='word_1_318' title='bbox 696 2807 1022 2885; x_wconf 84' lang='lat' dir='ltr'><strong>conscientia</strong></span> <span class='ocrx_word' id='word_1_319' title='bbox 1059 2821 1110 2866; x_wconf 88' lang='lat' dir='ltr'><strong>et</strong></span> <span class='ocrx_word' id='word_1_320' title='bbox 1145 2827 1239 2881; x_wconf 90' lang='lat' dir='ltr'><strong>pro</strong></span> <span class='ocrx_word' id='word_1_321' title='bbox 1273 2813 1480 2869; x_wconf 88' lang='lat' dir='ltr'><strong>Domini</strong></span> <span class='ocrx_word' id='word_1_322' title='bbox 1531 2823 1585 2869; x_wconf 86' lang='lat' dir='ltr'><strong>et</strong></span> <span class='ocrx_word' id='word_1_323' title='bbox 1629 2816 1722 2870; x_wconf 90' lang='lat' dir='ltr'><strong>Dei</strong></span> <span class='ocrx_word' id='word_1_324' title='bbox 1767 2818 1875 2872; x_wconf 90' lang='lat' dir='ltr'><strong>mei</strong></span> <span class='ocrx_word' id='word_1_325' title='bbox 1928 2817 2122 2875; x_wconf 82' lang='lat' dir='ltr'><strong>fiducia</strong></span> 
     </span>
    </p>
   </div>
   <div class='ocr_carea' id='block_1_45' title="bbox 539 2896 2127 2979">
    <p class='ocr_par' dir='ltr' id='par_1_45' title="bbox 539 2896 2127 2979">
     <span class='ocr_line' id='line_1_45' title="bbox 539 2896 2127 2979; baseline 0.013 -33"><span class='ocrx_word' id='word_1_326' title='bbox 539 2896 812 2967; x_wconf 89' lang='lat' dir='ltr'><strong>rescripsi.</strong></span> <span class='ocrx_word' id='word_1_327' title='bbox 865 2900 1043 2957; x_wconf 90' lang='lat' dir='ltr'><strong>llahes</strong></span> <span class='ocrx_word' id='word_1_328' title='bbox 1094 2911 1147 2957; x_wconf 92' lang='lat' dir='ltr'><strong>tu</strong></span> <span class='ocrx_word' id='word_1_329' title='bbox 1198 2904 1403 2959; x_wconf 79' lang='lat' dir='ltr'><strong>litteras</strong></span> <span class='ocrx_word' id='word_1_330' title='bbox 1440 2920 1621 2970; x_wconf 86' lang='lat' dir='ltr'><strong>meas,</strong></span> <span class='ocrx_word' id='word_1_331' title='bbox 1672 2916 1727 2962; x_wconf 91' lang='lat' dir='ltr'><strong>et</strong></span> <span class='ocrx_word' id='word_1_332' title='bbox 1774 2923 1876 2979; x_wconf 88' lang='lat' dir='ltr'><strong>ego</strong></span> <span class='ocrx_word' id='word_1_333' title='bbox 1906 2917 2041 2965; x_wconf 86' lang='lat' dir='ltr'><strong>tuas.</strong></span> <span class='ocrx_word' id='word_1_334' title='bbox 2066 2909 2127 2966; x_wconf 89' lang='lat' dir='ltr'><strong>In</strong></span> 
     </span>
    </p>
   </div>
   <div class='ocr_carea' id='block_1_46' title="bbox 537 2986 2130 3117">
    <p class='ocr_par' dir='ltr' id='par_1_46' title="bbox 537 2986 2130 3117">
     <span class='ocr_line' id='line_1_46' title="bbox 537 2986 2130 3117; baseline 0.01 -77"><span class='ocrx_word' id='word_1_335' title='bbox 537 2986 627 3042; x_wconf 89' lang='lat' dir='ltr'><strong>die</strong></span> <span class='ocrx_word' id='word_1_336' title='bbox 662 2988 860 3117; x_wconf 51' lang='lat' dir='ltr'><strong>(iiudicii</strong></span> <span class='ocrx_word' id='word_1_337' title='bbox 912 3002 1036 3050; x_wconf 87' lang='lat' dir='ltr'><strong>ante</strong></span> <span class='ocrx_word' id='word_1_338' title='bbox 1059 2994 1289 3051; x_wconf 89' lang='lat' dir='ltr'><strong>tribunal</strong></span> <span class='ocrx_word' id='word_1_339' title='bbox 1315 2996 1520 3063; x_wconf 82' lang='lat' dir='ltr'><strong>Christi</strong></span> <span class='ocrx_word' id='word_1_340' title='bbox 1554 3007 1836 3072; x_wconf 87' lang='lat' dir='ltr'><strong>utrumque</strong></span> <span class='ocrx_word' id='word_1_341' title='bbox 1875 3000 2130 3058; x_wconf 86' lang='lat' dir='ltr'><strong>recitabi-</strong></span> 
     </span>
     <span class='ocr_line' id='line_1_47' title="bbox 540 3086 775 3117; baseline 0 0"><span class='ocrx_word' id='word_1_342' title='bbox 540 3086 625 3117; x_wconf 74' lang='lat' dir='ltr'><strong>Ins-</strong></span> <span class='ocrx_word' id='word_1_343' title='bbox 772 3116 775 3117; x_wconf 67' lang='lat'>,</span> 
     </span>
    </p>
   </div>
   <div class='ocr_carea' id='block_1_47' title="bbox 540 3086 781 3135">
    <p class='ocr_par' dir='ltr' id='par_1_47' title="bbox 540 3086 781 3135">
     <span class='ocr_line' id='line_1_48' title="bbox 540 3086 781 3135; baseline -0.012 -1"><span class='ocrx_word' id='word_1_344' title='bbox 540 3086 625 3135; x_wconf 70' lang='grc' dir='ltr'><strong>ων</strong></span> <span class='ocrx_word' id='word_1_345' title='bbox 662 3086 711 3135; x_wconf 75' lang='grc'><strong>(³.</strong></span> <span class='ocrx_word' id='word_1_346' title='bbox 770 3116 781 3131; x_wconf 60' lang='grc' dir='ltr'>ς</span> 
     </span>
    </p>
   </div>
   <div class='ocr_carea' id='block_1_48' title="bbox 2232 2001 3046 2071">
    <p class='ocr_par' dir='ltr' id='par_1_48' title="bbox 2232 2001 3046 2071">
     <span class='ocr_line' id='line_1_49' title="bbox 2232 2001 3046 2071; baseline -0.007 -14"><span class='ocrx_word' id='word_1_347' title='bbox 2232 2025 2236 2029; x_wconf 82' lang='grc'><strong>-</strong></span> <span class='ocrx_word' id='word_1_348' title='bbox 2301 2014 2346 2057; x_wconf 89' lang='lat' dir='ltr'><strong>et</strong></span> <span class='ocrx_word' id='word_1_349' title='bbox 2375 2002 2528 2071; x_wconf 82' lang='lat' dir='ltr'><strong>hujus</strong></span> <span class='ocrx_word' id='word_1_350' title='bbox 2557 2001 2772 2071; x_wconf 86' lang='lat' dir='ltr'><strong>epistola</strong></span> <span class='ocrx_word' id='word_1_351' title='bbox 2800 2003 3046 2068; x_wconf 81' lang='lat' dir='ltr'><strong>sequenti.</strong></span> 
     </span>
    </p>
   </div>
   <div class='ocr_carea' id='block_1_49' title="bbox 2649 2108 3325 2167">
    <p class='ocr_par' dir='ltr' id='par_1_49' title="bbox 2649 2108 3325 2167">
     <span class='ocr_line' id='line_1_50' title="bbox 2649 2108 3325 2167; baseline -0.003 -1"><span class='ocrx_word' id='word_1_352' title='bbox 2649 2112 2717 2144; x_wconf 73' lang='grc'><strong>³³⁸</strong></span> <span class='ocrx_word' id='word_1_353' title='bbox 2764 2110 3102 2167; x_wconf 80' lang='lat' dir='ltr'><strong>EPISTOLA</strong></span> <span class='ocrx_word' id='word_1_354' title='bbox 3134 2108 3325 2166; x_wconf 79' lang='lat' dir='ltr'><strong>LXXI.</strong></span> 
     </span>
    </p>
   </div>
   <div class='ocr_carea' id='block_1_50' title="bbox 2232 2220 3823 2294">
    <p class='ocr_par' dir='ltr' id='par_1_50' title="bbox 2232 2220 3823 2294">
     <span class='ocr_line' id='line_1_51' title="bbox 2232 2220 3823 2294; baseline -0.008 -12"><span class='ocrx_word' id='word_1_355' title='bbox 2232 2228 2441 2294; x_wconf 80' lang='lat' dir='ltr'><strong>(Erasm.</strong></span> <span class='ocrx_word' id='word_1_356' title='bbox 2482 2228 2548 2278; x_wconf 86' lang='lat' dir='ltr'><strong>ad</strong></span> <span class='ocrx_word' id='word_1_357' title='bbox 2579 2225 2904 2294; x_wconf 57' lang='grc' dir='ltr'><strong>Δ(θιιὶηιὶειιιιη,</strong></span> <span class='ocrx_word' id='word_1_358' title='bbox 2950 2239 3000 2287; x_wconf 87' lang='lat' dir='ltr'><strong>p.</strong></span> <span class='ocrx_word' id='word_1_359' title='bbox 3039 2226 3163 2294; x_wconf 42' lang='grc' dir='ltr'><strong>ξω..</strong></span> <span class='ocrx_word' id='word_1_360' title='bbox 3186 2220 3823 2294; x_wconf 82' lang='lat' dir='ltr'><strong>Pamel._,Rigalt.,Baluz.,</strong></span> 
     </span>
    </p>
   </div>
   <div class='ocr_carea' id='block_1_51' title="bbox 2570 2287 3397 2352">
    <p class='ocr_par' dir='ltr' id='par_1_51' title="bbox 2570 2287 3397 2352">
     <span class='ocr_line' id='line_1_52' title="bbox 2570 2287 3397 2352; baseline -0.005 -12"><span class='ocrx_word' id='word_1_361' title='bbox 2570 2290 2732 2340; x_wconf 83' lang='lat' dir='ltr'><strong>Oxon.</strong></span> <span class='ocrx_word' id='word_1_362' title='bbox 2756 2287 3028 2352; x_wconf 71' lang='lat' dir='ltr'><strong>Lips.r.xx1</strong></span> <span class='ocrx_word' id='word_1_363' title='bbox 3054 2287 3231 2347; x_wconf 87' lang='lat' dir='ltr'><strong>Paris.,</strong></span> <span class='ocrx_word' id='word_1_364' title='bbox 3257 2287 3397 2347; x_wconf 64' lang='lat' dir='ltr'><strong>cxx.)</strong></span> 
     </span>
    </p>
   </div>
   <div class='ocr_carea' id='block_1_52' title="bbox 2445 2401 3605 2459">
    <p class='ocr_par' dir='ltr' id='par_1_52' title="bbox 2445 2401 3605 2459">
     <span class='ocr_line' id='line_1_53' title="bbox 2445 2401 3605 2459; baseline -0.007 -10"><span class='ocrx_word' id='word_1_365' title='bbox 2445 2410 2513 2450; x_wconf 78' lang='lat' dir='ltr'><strong>AD</strong></span> <span class='ocrx_word' id='word_1_366' title='bbox 2533 2408 2787 2459; x_wconf 65' lang='lat' dir='ltr'><strong>QUINTUM,</strong></span> <span class='ocrx_word' id='word_1_367' title='bbox 2819 2408 2886 2447; x_wconf 75' lang='lat' dir='ltr'><strong>DE</strong></span> <span class='ocrx_word' id='word_1_368' title='bbox 2917 2404 3208 2447; x_wconf 62' lang='lat' dir='ltr'><strong>HERETICIS</strong></span> <span class='ocrx_word' id='word_1_369' title='bbox 3237 2401 3605 2445; x_wconf 73' lang='lat' dir='ltr'><strong>BAPTIZANDIS.</strong></span> 
     </span>
    </p>
   </div>
   <div class='ocr_carea' id='block_1_53' title="bbox 2230 2500 3829 2577">
    <p class='ocr_par' dir='ltr' id='par_1_53' title="bbox 2230 2500 3829 2577">
     <span class='ocr_line' id='line_1_54' title="bbox 2230 2500 3829 2577; baseline -0.009 -9"><span class='ocrx_word' id='word_1_370' title='bbox 2230 2512 2699 2568; x_wconf 65' lang='lat' dir='ltr'><strong>Aacuuswrmt.—</strong></span> <span class='ocrx_word' id='word_1_371' title='bbox 2711 2506 3063 2577; x_wconf 80' lang='lat' dir='ltr'><strong>Respondetur</strong></span> <span class='ocrx_word' id='word_1_372' title='bbox 3085 2504 3293 2571; x_wconf 85' lang='lat' dir='ltr'><strong>Quinto,</strong></span> <span class='ocrx_word' id='word_1_373' title='bbox 3320 2503 3375 2556; x_wconf 89' lang='lat' dir='ltr'><strong>in</strong></span> <span class='ocrx_word' id='word_1_374' title='bbox 3391 2500 3704 2554; x_wconf 79' lang='lat' dir='ltr'><strong>Mauritania</strong></span> <span class='ocrx_word' id='word_1_375' title='bbox 3722 2500 3829 2565; x_wconf 86' lang='lat' dir='ltr'><strong>epi-</strong></span> 
     </span>
    </p>
   </div>
   <div class='ocr_carea' id='block_1_54' title="bbox 2433 2591 3680 2670">
    <p class='ocr_par' dir='ltr' id='par_1_54' title="bbox 2433 2591 3680 2670">
     <span class='ocr_line' id='line_1_55' title="bbox 2433 2591 3680 2670; baseline -0.01 -16"><span class='ocrx_word' id='word_1_376' title='bbox 2433 2616 2606 2670; x_wconf 70' lang='grc' dir='ltr'><strong>πορθ,</strong></span> <span class='ocrx_word' id='word_1_377' title='bbox 2652 2596 2934 2653; x_wconf 86' lang='lat' dir='ltr'><strong>consulenti</strong></span> <span class='ocrx_word' id='word_1_378' title='bbox 2973 2594 3035 2649; x_wconf 88' lang='lat' dir='ltr'><strong>de</strong></span> <span class='ocrx_word' id='word_1_379' title='bbox 3064 2594 3309 2649; x_wconf 77' lang='lat' dir='ltr'><strong>htereticis</strong></span> <span class='ocrx_word' id='word_1_380' title='bbox 3342 2591 3680 2663; x_wconf 77' lang='lat' dir='ltr'><strong>baptizandis.</strong></span> 
     </span>
    </p>
   </div>
   <div class='ocr_carea' id='block_1_55' title="bbox 2304 2700 3822 2784">
    <p class='ocr_par' dir='ltr' id='par_1_55' title="bbox 2304 2700 3822 2784">
     <span class='ocr_line' id='line_1_56' title="bbox 2304 2700 3822 2784; baseline -0.009 -16"><span class='ocrx_word' id='word_1_381' title='bbox 2304 2715 2347 2768; x_wconf 92' lang='grc' dir='ltr'>ι.</span> <span class='ocrx_word' id='word_1_382' title='bbox 2390 2712 2690 2784; x_wconf 85' lang='lat' dir='ltr'><strong>Cyprianus</strong></span> <span class='ocrx_word' id='word_1_383' title='bbox 2711 2711 2910 2779; x_wconf 84' lang='lat' dir='ltr'><strong>Quinto</strong></span> <span class='ocrx_word' id='word_1_384' title='bbox 2938 2707 3087 2762; x_wconf 73' lang='lat' dir='ltr'><strong>fratri</strong></span> <span class='ocrx_word' id='word_1_385' title='bbox 3113 2706 3359 2761; x_wconf 83' lang='lat' dir='ltr'><strong>salutem.</strong></span> <span class='ocrx_word' id='word_1_386' title='bbox 3393 2702 3594 2758; x_wconf 82' lang='lat' dir='ltr'><strong>Retulit</strong></span> <span class='ocrx_word' id='word_1_387' title='bbox 3617 2700 3683 2757; x_wconf 88' lang='lat' dir='ltr'><strong>ad</strong></span> <span class='ocrx_word' id='word_1_388' title='bbox 3715 2716 3822 2781; x_wconf 85' lang='lat' dir='ltr'><strong>me,</strong></span> 
     </span>
    </p>
   </div>
   <div class='ocr_carea' id='block_1_56' title="bbox 2233 2798 3825 2873">
    <p class='ocr_par' dir='ltr' id='par_1_56' title="bbox 2233 2798 3825 2873">
     <span class='ocr_line' id='line_1_57' title="bbox 2233 2798 3825 2873; baseline -0.009 -10"><span class='ocrx_word' id='word_1_389' title='bbox 2233 2807 2395 2864; x_wconf 81' lang='lat' dir='ltr'><strong>frater</strong></span> <span class='ocrx_word' id='word_1_390' title='bbox 2423 2805 2760 2873; x_wconf 73' lang='lat' dir='ltr'><strong>charissima,</strong></span> <span class='ocrx_word' id='word_1_391' title='bbox 2791 2804 3060 2859; x_wconf 87' lang='lat' dir='ltr'><strong>Lueianus</strong></span> <span class='ocrx_word' id='word_1_392' title='bbox 3087 2798 3490 2870; x_wconf 87' lang='lat' dir='ltr'><strong>eompresbyter</strong></span> <span class='ocrx_word' id='word_1_393' title='bbox 3546 2806 3731 2850; x_wconf 90' lang='lat' dir='ltr'><strong>noster</strong></span> <span class='ocrx_word' id='word_1_394' title='bbox 3772 2805 3825 2850; x_wconf 90' lang='lat' dir='ltr'><strong>te</strong></span> 
     </span>
    </p>
   </div>
   <div class='ocr_carea' id='block_1_57' title="bbox 2235 2887 3825 2970">
    <p class='ocr_par' dir='ltr' id='par_1_57' title="bbox 2235 2887 3825 2970">
     <span class='ocr_line' id='line_1_58' title="bbox 2235 2887 3825 2970; baseline -0.011 -11"><span class='ocrx_word' id='word_1_395' title='bbox 2235 2902 2576 2959; x_wconf 89' lang='lat' dir='ltr'><strong>desiderasse</strong></span> <span class='ocrx_word' id='word_1_396' title='bbox 2623 2910 2681 2955; x_wconf 90' lang='lat' dir='ltr'><strong>ut</strong></span> <span class='ocrx_word' id='word_1_397' title='bbox 2706 2899 3133 2970; x_wconf 86' lang='lat' dir='ltr'><strong>siguiliearemus</strong></span> <span class='ocrx_word' id='word_1_398' title='bbox 3163 2895 3257 2951; x_wconf 88' lang='lat' dir='ltr'><strong>tibi</strong></span> <span class='ocrx_word' id='word_1_399' title='bbox 3286 2892 3413 2965; x_wconf 88' lang='lat' dir='ltr'><strong>quid</strong></span> <span class='ocrx_word' id='word_1_400' title='bbox 3435 2891 3732 2948; x_wconf 88' lang='lat' dir='ltr'><strong>sentiamus</strong></span> <span class='ocrx_word' id='word_1_401' title='bbox 3757 2887 3825 2943; x_wconf 90' lang='lat' dir='ltr'><strong>de</strong></span> 
     </span>
    </p>
   </div>
   <div class='ocr_carea' id='block_1_58' title="bbox 2236 2980 3825 3065">
    <p class='ocr_par' dir='ltr' id='par_1_58' title="bbox 2236 2980 3825 3065">
     <span class='ocr_line' id='line_1_59' title="bbox 2236 2980 3825 3065; baseline -0.01 -15"><span class='ocrx_word' id='word_1_402' title='bbox 2236 2996 2321 3050; x_wconf 88' lang='lat' dir='ltr'><strong>his</strong></span> <span class='ocrx_word' id='word_1_403' title='bbox 2372 2996 2462 3065; x_wconf 92' lang='lat' dir='ltr'><strong>qui</strong></span> <span class='ocrx_word' id='word_1_404' title='bbox 2508 2992 2652 3064; x_wconf 87' lang='lat' dir='ltr'><strong>apud</strong></span> <span class='ocrx_word' id='word_1_405' title='bbox 2703 2991 2994 3048; x_wconf 83' lang='lat' dir='ltr'><strong>haereticos</strong></span> <span class='ocrx_word' id='word_1_406' title='bbox 3046 2997 3104 3045; x_wconf 91' lang='lat' dir='ltr'><strong>et</strong></span> <span class='ocrx_word' id='word_1_407' title='bbox 3149 2986 3524 3043; x_wconf 87' lang='lat' dir='ltr'><strong>sehismaticos</strong></span> <span class='ocrx_word' id='word_1_408' title='bbox 3575 2980 3825 3053; x_wconf 80' lang='lat' dir='ltr'><strong>baptizati</strong></span> 
     </span>
    </p>
   </div>
   <div class='ocr_carea' id='block_1_59' title="bbox 2233 3071 3824 3153">
    <p class='ocr_par' dir='ltr' id='par_1_59' title="bbox 2233 3071 3824 3153">
     <span class='ocr_line' id='line_1_60' title="bbox 2233 3071 3824 3153; baseline -0.008 -14"><span class='ocrx_word' id='word_1_409' title='bbox 2233 3085 2502 3140; x_wconf 86' lang='lat' dir='ltr'><strong>videntur.</strong></span> <span class='ocrx_word' id='word_1_410' title='bbox 2553 3084 2630 3139; x_wconf 91' lang='lat' dir='ltr'><strong>De</strong></span> <span class='ocrx_word' id='word_1_411' title='bbox 2656 3097 2760 3153; x_wconf 91' lang='lat' dir='ltr'><strong>qua</strong></span> <span class='ocrx_word' id='word_1_412' title='bbox 2796 3097 2856 3139; x_wconf 87' lang='lat' dir='ltr'><strong>re</strong></span> <span class='ocrx_word' id='word_1_413' title='bbox 2906 3080 3035 3152; x_wconf 89' lang='lat' dir='ltr'><strong>quid</strong></span> <span class='ocrx_word' id='word_1_414' title='bbox 3063 3093 3236 3150; x_wconf 89' lang='lat' dir='ltr'><strong>nuper</strong></span> <span class='ocrx_word' id='word_1_415' title='bbox 3264 3079 3321 3133; x_wconf 91' lang='lat' dir='ltr'><strong>in</strong></span> <span class='ocrx_word' id='word_1_416' title='bbox 3349 3075 3580 3133; x_wconf 90' lang='lat' dir='ltr'><strong>concilio</strong></span> <span class='ocrx_word' id='word_1_417' title='bbox 3607 3071 3824 3144; x_wconf 87' lang='lat' dir='ltr'><strong>plurimi</strong></span> 
     </span>
    </p>
   </div>
   <div class='ocr_carea' id='block_1_60' title="bbox 2232 3168 3824 3248">
    <p class='ocr_par' dir='ltr' id='par_1_60' title="bbox 2232 3168 3824 3248">
     <span class='ocr_line' id='line_1_61' title="bbox 2232 3168 3824 3248; baseline -0.009 -14"><span class='ocrx_word' id='word_1_418' title='bbox 2232 3174 2558 3248; x_wconf 87' lang='lat' dir='ltr'><strong>coepiscopi,</strong></span> <span class='ocrx_word' id='word_1_419' title='bbox 2580 3189 2701 3231; x_wconf 90' lang='lat' dir='ltr'><strong>eum</strong></span> <span class='ocrx_word' id='word_1_420' title='bbox 2731 3171 3187 3244; x_wconf 85' lang='lat' dir='ltr'><strong>eompresbyteris</strong></span> <span class='ocrx_word' id='word_1_421' title='bbox 3209 3169 3303 3242; x_wconf 90' lang='lat' dir='ltr'><strong>qui</strong></span> <span class='ocrx_word' id='word_1_422' title='bbox 3324 3168 3569 3236; x_wconf 88' lang='lat' dir='ltr'><strong>aderant,</strong></span> <span class='ocrx_word' id='word_1_423' title='bbox 3598 3178 3824 3223; x_wconf 88' lang='lat' dir='ltr'><strong>censue-</strong></span> 
     </span>
    </p>
   </div>
   <div class='ocr_carea' id='block_1_61' title="bbox 1689 3306 2524 3366">
    <p class='ocr_par' dir='ltr' id='par_1_61' title="bbox 1689 3306 2524 3366">
     <span class='ocr_line' id='line_1_62' title="bbox 1689 3306 2524 3366; baseline -0.002 -3"><span class='ocrx_word' id='word_1_424' title='bbox 1689 3306 2070 3365; x_wconf 82' lang='lat' dir='ltr'><strong>LECTIONES</strong></span> <span class='ocrx_word' id='word_1_425' title='bbox 2108 3306 2524 3366; x_wconf 81' lang='lat' dir='ltr'><strong>VARIANTES.</strong></span> 
     </span>
    </p>
   </div>
   <div class='ocr_carea' id='block_1_62' title="bbox 595 3420 1141 3520">
    <p class='ocr_par' dir='ltr' id='par_1_62' title="bbox 595 3420 1141 3520">
     <span class='ocr_line' id='line_1_63' title="bbox 595 3420 1141 3480; baseline 0.002 -11"><span class='ocrx_word' id='word_1_426' title='bbox 595 3421 622 3450; x_wconf 74' lang='grc'>⁸</span> <span class='ocrx_word' id='word_1_427' title='bbox 657 3420 780 3480; x_wconf 88' lang='lat' dir='ltr'><strong>Quid</strong></span> <span class='ocrx_word' id='word_1_428' title='bbox 810 3433 957 3471; x_wconf 86' lang='lat' dir='ltr'><strong>servo</strong></span> <span class='ocrx_word' id='word_1_429' title='bbox 982 3422 1141 3473; x_wconf 76' lang='lat' dir='ltr'><strong>Oxon.</strong></span> 
     </span>
     <span class='ocr_line' id='line_1_64' title="bbox 595 3480 1063 3520; baseline 0 0"><span class='ocrx_word' id='word_1_430' title='bbox 595 3480 625 3520; x_wconf 65' lang='grc' dir='ltr'><strong>ἲ)</strong></span> <span class='ocrx_word' id='word_1_431' title='bbox 659 3483 895 3520; x_wconf 58' lang='lat' dir='ltr'><strong>Prndium!</strong></span> <span class='ocrx_word' id='word_1_432' title='bbox 931 3484 1063 3520; x_wconf 72' lang='lat' dir='ltr'><strong>Inun-</strong></span> 
     </span>
    </p>
   </div>
   <div class='ocr_carea' id='block_1_63' title="bbox 659 3483 1083 3549">
    <p class='ocr_par' dir='ltr' id='par_1_63' title="bbox 659 3483 1083 3549">
     <span class='ocr_line' id='line_1_65' title="bbox 659 3483 1083 3549; baseline -0.007 -14"><span class='ocrx_word' id='word_1_433' title='bbox 659 3483 901 3535; x_wconf 90' lang='lat' dir='ltr'><strong>Crederet</strong></span> <span class='ocrx_word' id='word_1_434' title='bbox 925 3484 1083 3549; x_wconf 89' lang='lat' dir='ltr'><strong>Impr.</strong></span> 
     </span>
    </p>
   </div>
   <div class='ocr_carea' id='block_1_64' title="bbox 2148 3421 2732 3489">
    <p class='ocr_par' dir='ltr' id='par_1_64' title="bbox 2148 3421 2732 3489">
     <span class='ocr_line' id='line_1_66' title="bbox 2148 3421 2732 3489; baseline -0.024 -4"><span class='ocrx_word' id='word_1_435' title='bbox 2148 3421 2194 3484; x_wconf 90' lang='lat' dir='ltr'><strong>C</strong></span> <span class='ocrx_word' id='word_1_436' title='bbox 2290 3426 2315 3489; x_wconf 71' lang='grc' dir='ltr'><strong>’ἰ</strong></span> <span class='ocrx_word' id='word_1_437' title='bbox 2352 3423 2527 3489; x_wconf 68' lang='lat' dir='ltr'><strong>Incipit</strong></span> <span class='ocrx_word' id='word_1_438' title='bbox 2547 3421 2732 3489; x_wconf 77' lang='lat' dir='ltr'><strong>Rigalt.</strong></span> 
     </span>
    </p>
   </div>
   <div class='ocr_carea' id='block_1_65' title="bbox 2291 3482 3130 3550">
    <p class='ocr_par' dir='ltr' id='par_1_65' title="bbox 2291 3482 3130 3550">
     <span class='ocr_line' id='line_1_67' title="bbox 2291 3482 3130 3550; baseline -0.008 -13"><span class='ocrx_word' id='word_1_439' title='bbox 2291 3485 2319 3525; x_wconf 78' lang='grc'><strong>(1</strong></span> <span class='ocrx_word' id='word_1_440' title='bbox 2353 3482 2586 3550; x_wconf 51' lang='lat' dir='ltr'><strong>Utrique</strong></span> <span class='ocrx_word' id='word_1_441' title='bbox 2609 3482 2950 3536; x_wconf 71' lang='lat' dir='ltr'><strong>recitabantur</strong></span> <span class='ocrx_word' id='word_1_442' title='bbox 2974 3482 3130 3534; x_wconf 64' lang='lat' dir='ltr'><strong>Oxon.</strong></span> 
     </span>
    </p>
   </div>
   <div class='ocr_carea' id='block_1_66' title="bbox 1770 3611 2585 3672">
    <p class='ocr_par' dir='ltr' id='par_1_66' title="bbox 1770 3611 2585 3672">
     <span class='ocr_line' id='line_1_68' title="bbox 1770 3611 2585 3672; baseline -0.002 -2"><span class='ocrx_word' id='word_1_443' title='bbox 1770 3611 2009 3670; x_wconf 85' lang='lat' dir='ltr'><strong>STEPH.</strong></span> <span class='ocrx_word' id='word_1_444' title='bbox 2053 3613 2325 3672; x_wconf 86' lang='lat' dir='ltr'><strong>BALUZII</strong></span> <span class='ocrx_word' id='word_1_445' title='bbox 2360 3612 2585 3671; x_wconf 75' lang='lat' dir='ltr'><strong>NOT/E.</strong></span> 
     </span>
    </p>
   </div>
   <div class='ocr_carea' id='block_1_67' title="bbox 530 3752 2121 3824">
    <p class='ocr_par' dir='ltr' id='par_1_67' title="bbox 530 3752 2121 3824">
     <span class='ocr_line' id='line_1_69' title="bbox 530 3752 2121 3824; baseline 0 -15"><span class='ocrx_word' id='word_1_446' title='bbox 530 3754 585 3809; x_wconf 91' lang='lat' dir='ltr'><strong>in</strong></span> <span class='ocrx_word' id='word_1_447' title='bbox 615 3752 857 3810; x_wconf 89' lang='lat' dir='ltr'><strong>Ecclesia</strong></span> <span class='ocrx_word' id='word_1_448' title='bbox 885 3767 1009 3810; x_wconf 87' lang='lat' dir='ltr'><strong>esse</strong></span> <span class='ocrx_word' id='word_1_449' title='bbox 1048 3761 1102 3810; x_wconf 92' lang='lat' dir='ltr'><strong>et</strong></span> <span class='ocrx_word' id='word_1_450' title='bbox 1126 3753 1420 3810; x_wconf 86' lang='lat' dir='ltr'><strong>Ecclesiam</strong></span> <span class='ocrx_word' id='word_1_451' title='bbox 1460 3754 1516 3809; x_wconf 89' lang='lat' dir='ltr'><strong>in</strong></span> <span class='ocrx_word' id='word_1_452' title='bbox 1554 3753 1828 3824; x_wconf 88' lang='lat' dir='ltr'><strong>episcopo.</strong></span> <span class='ocrx_word' id='word_1_453' title='bbox 1876 3753 2121 3810; x_wconf 86' lang='lat' dir='ltr'><strong>Ecclesia</strong></span> 
     </span>
    </p>
   </div>
   <div class='ocr_carea' id='block_1_68' title="bbox 534 3824 2119 3895">
    <p class='ocr_par' dir='ltr' id='par_1_68' title="bbox 534 3824 2119 3895">
     <span class='ocr_line' id='line_1_70' title="bbox 534 3824 2119 3895; baseline 0 -16"><span class='ocrx_word' id='word_1_454' title='bbox 534 3828 681 3881; x_wconf 87' lang='lat' dir='ltr'><strong>enim</strong></span> <span class='ocrx_word' id='word_1_455' title='bbox 735 3833 817 3880; x_wconf 90' lang='lat' dir='ltr'><strong>est</strong></span> <span class='ocrx_word' id='word_1_456' title='bbox 869 3825 1021 3893; x_wconf 86' lang='lat' dir='ltr'><strong>plebs</strong></span> <span class='ocrx_word' id='word_1_457' title='bbox 1070 3825 1337 3895; x_wconf 80' lang='lat' dir='ltr'><strong>sacerdoti</strong></span> <span class='ocrx_word' id='word_1_458' title='bbox 1387 3824 1875 3895; x_wconf 29' lang='lat' dir='ltr'><strong>adhaerensaFuit</strong></span> <span class='ocrx_word' id='word_1_459' title='bbox 1903 3824 2119 3895; x_wconf 89' lang='lat' dir='ltr'><strong>quidam</strong></span> 
     </span>
    </p>
   </div>
   <div class='ocr_carea' id='block_1_69' title="bbox 536 3888 2121 3967">
    <p class='ocr_par' dir='ltr' id='par_1_69' title="bbox 536 3888 2121 3967">
     <span class='ocr_line' id='line_1_71' title="bbox 536 3888 2121 3967; baseline 0.001 -18"><span class='ocrx_word' id='word_1_460' title='bbox 536 3895 770 3964; x_wconf 88' lang='lat' dir='ltr'><strong>scriptor</strong></span> <span class='ocrx_word' id='word_1_461' title='bbox 807 3888 913 3949; x_wconf 83' lang='grc' dir='ltr'>ιιοή</span> <span class='ocrx_word' id='word_1_462' title='bbox 944 3888 1228 3967; x_wconf 86' lang='lat' dir='ltr'><strong>incelebris</strong></span> <span class='ocrx_word' id='word_1_463' title='bbox 1256 3897 1347 3967; x_wconf 89' lang='lat' dir='ltr'><strong>qui</strong></span> <span class='ocrx_word' id='word_1_464' title='bbox 1377 3895 1659 3952; x_wconf 89' lang='lat' dir='ltr'><strong>desinente</strong></span> <span class='ocrx_word' id='word_1_465' title='bbox 1700 3894 1901 3951; x_wconf 89' lang='lat' dir='ltr'><strong>Christi</strong></span> <span class='ocrx_word' id='word_1_466' title='bbox 1921 3888 2121 3967; x_wconf 69' lang='lat' dir='ltr'><strong>stcculo</strong></span> 
     </span>
    </p>
   </div>
   <div class='ocr_carea' id='block_1_70' title="bbox 538 3965 2121 4038">
    <p class='ocr_par' dir='ltr' id='par_1_70' title="bbox 538 3965 2121 4038">
     <span class='ocr_line' id='line_1_72' title="bbox 538 3965 2121 4038; baseline 0.001 -19"><span class='ocrx_word' id='word_1_467' title='bbox 538 3981 656 4027; x_wconf 72' lang='lat' dir='ltr'><strong>xvr,</strong></span> <span class='ocrx_word' id='word_1_468' title='bbox 708 3968 778 4019; x_wconf 90' lang='lat' dir='ltr'><strong>ita</strong></span> <span class='ocrx_word' id='word_1_469' title='bbox 812 3966 1104 4038; x_wconf 73' lang='lat' dir='ltr'><strong>explicaret</strong></span> <span class='ocrx_word' id='word_1_470' title='bbox 1135 3965 1290 4021; x_wconf 55' lang='lat' dir='ltr'><strong>hunc&#39;</strong></span> <span class='ocrx_word' id='word_1_471' title='bbox 1315 3967 1790 4038; x_wconf 15' lang='lat' dir='ltr'><strong>Cyprianiilocum</strong></span> <span class='ocrx_word' id='word_1_472' title='bbox 1821 3980 1886 4021; x_wconf 90' lang='lat' dir='ltr'><strong>ac</strong></span> <span class='ocrx_word' id='word_1_473' title='bbox 1931 3966 1977 4019; x_wconf 89' lang='lat' dir='ltr'><strong>si</strong></span> <span class='ocrx_word' id='word_1_474' title='bbox 2016 3965 2121 4037; x_wconf 88' lang='lat' dir='ltr'><strong>Cy-</strong></span> 
     </span>
    </p>
   </div>
   <div class='ocr_carea' id='block_1_71' title="bbox 535 4036 2165 4106">
    <p class='ocr_par' dir='ltr' id='par_1_71' title="bbox 535 4036 2165 4106">
     <span class='ocr_line' id='line_1_73' title="bbox 535 4036 2165 4106; baseline 0.002 -15"><span class='ocrx_word' id='word_1_475' title='bbox 535 4039 755 4106; x_wconf 88' lang='lat' dir='ltr'><strong>prianus</strong></span> <span class='ocrx_word' id='word_1_476' title='bbox 803 4036 1063 4092; x_wconf 87' lang='lat' dir='ltr'><strong>sensisset</strong></span> <span class='ocrx_word' id='word_1_477' title='bbox 1114 4036 1728 4092; x_wconf 34' lang='lat' dir='ltr'><strong>summum’Poutiﬁcem</strong></span> <span class='ocrx_word' id='word_1_478' title='bbox 1780 4050 1900 4091; x_wconf 87' lang='lat' dir='ltr'><strong>esse</strong></span> <span class='ocrx_word' id='word_1_479' title='bbox 1960 4036 2121 4106; x_wconf 86' lang='lat' dir='ltr'><strong>supra</strong></span> <span class='ocrx_word' id='word_1_480' title='bbox 2164 4092 2165 4095; x_wconf 44' lang='grc' dir='ltr'><strong>η</strong></span> 
     </span>
    </p>
   </div>
   <div class='ocr_carea' id='block_1_72' title="bbox 537 4105 2120 4177">
    <p class='ocr_par' dir='ltr' id='par_1_72' title="bbox 537 4105 2120 4177">
     <span class='ocr_line' id='line_1_74' title="bbox 537 4105 2120 4177; baseline 0.001 -18"><span class='ocrx_word' id='word_1_481' title='bbox 537 4105 843 4177; x_wconf 83' lang='lat' dir='ltr'><strong>concilium,</strong></span> <span class='ocrx_word' id='word_1_482' title='bbox 873 4120 992 4160; x_wconf 90' lang='lat' dir='ltr'><strong>cum</strong></span> <span class='ocrx_word' id='word_1_483' title='bbox 1030 4116 1207 4161; x_wconf 85' lang='lat' dir='ltr'><strong>tamen</strong></span> <span class='ocrx_word' id='word_1_484' title='bbox 1234 4108 1376 4162; x_wconf 90' lang='lat' dir='ltr'><strong>nulla</strong></span> <span class='ocrx_word' id='word_1_485' title='bbox 1404 4109 1525 4163; x_wconf 89' lang='lat' dir='ltr'><strong>istic</strong></span> <span class='ocrx_word' id='word_1_486' title='bbox 1555 4108 1758 4162; x_wconf 88' lang='lat' dir='ltr'><strong>mentio</strong></span> <span class='ocrx_word' id='word_1_487' title='bbox 1786 4106 1874 4161; x_wconf 83' lang='lat' dir='ltr'><strong>fiat</strong></span> <span class='ocrx_word' id='word_1_488' title='bbox 1895 4105 2120 4177; x_wconf 75' lang='lat' dir='ltr'><strong>Episco-</strong></span> 
     </span>
    </p>
   </div>
   <div class='ocr_carea' id='block_1_73' title="bbox 539 4176 2119 4247">
    <p class='ocr_par' dir='ltr' id='par_1_73' title="bbox 539 4176 2119 4247">
     <span class='ocr_line' id='line_1_75' title="bbox 539 4176 2119 4247; baseline 0.002 -17"><span class='ocrx_word' id='word_1_489' title='bbox 539 4176 593 4245; x_wconf 92' lang='lat' dir='ltr'><strong>pi</strong></span> <span class='ocrx_word' id='word_1_490' title='bbox 625 4177 848 4231; x_wconf 82' lang='lat' dir='ltr'><strong>Rotnani</strong></span> <span class='ocrx_word' id='word_1_491' title='bbox 872 4192 1046 4245; x_wconf 87' lang='lat' dir='ltr'><strong>neque</strong></span> <span class='ocrx_word' id='word_1_492' title='bbox 1066 4178 1301 4235; x_wconf 88' lang='lat' dir='ltr'><strong>concilii.</strong></span> <span class='ocrx_word' id='word_1_493' title='bbox 1352 4178 1441 4235; x_wconf 90' lang='lat' dir='ltr'><strong>Sic</strong></span> <span class='ocrx_word' id='word_1_494' title='bbox 1465 4192 1611 4247; x_wconf 82' lang='lat' dir='ltr'><strong>saepe</strong></span> <span class='ocrx_word' id='word_1_495' title='bbox 1637 4178 1697 4231; x_wconf 84' lang='lat' dir='ltr'><strong>tit</strong></span> <span class='ocrx_word' id='word_1_496' title='bbox 1721 4189 1778 4232; x_wconf 92' lang='lat' dir='ltr'><strong>ut</strong></span> <span class='ocrx_word' id='word_1_497' title='bbox 1807 4176 1953 4233; x_wconf 79' lang='lat' dir='ltr'><strong>zelus</strong></span> <span class='ocrx_word' id='word_1_498' title='bbox 1977 4178 2119 4234; x_wconf 87' lang='lat' dir='ltr'><strong>abri-</strong></span> 
     </span>
    </p>
   </div>
   <div class='ocr_carea' id='block_1_74' title="bbox 537 4246 1618 4318">
    <p class='ocr_par' dir='ltr' id='par_1_74' title="bbox 537 4246 1618 4318">
     <span class='ocr_line' id='line_1_76' title="bbox 537 4246 1618 4318; baseline 0.002 -18"><span class='ocrx_word' id='word_1_499' title='bbox 537 4248 647 4318; x_wconf 77' lang='lat' dir='ltr'><strong>piat</strong></span> <span class='ocrx_word' id='word_1_500' title='bbox 678 4246 922 4317; x_wconf 82' lang='lat' dir='ltr'><strong>homines</strong></span> <span class='ocrx_word' id='word_1_501' title='bbox 952 4248 1004 4302; x_wconf 91' lang='lat' dir='ltr'><strong>in</strong></span> <span class='ocrx_word' id='word_1_502' title='bbox 1050 4247 1329 4317; x_wconf 79' lang='lat' dir='ltr'><strong>Opiniones</strong></span> <span class='ocrx_word' id='word_1_503' title='bbox 1357 4246 1618 4318; x_wconf 83' lang='lat' dir='ltr'><strong>detortas.</strong></span> 
     </span>
    </p>
   </div>
   <div class='ocr_carea' id='block_1_75' title="bbox 610 4317 2121 4389">
    <p class='ocr_par' dir='ltr' id='par_1_75' title="bbox 610 4317 2121 4389">
     <span class='ocr_line' id='line_1_77' title="bbox 610 4317 2121 4389; baseline 0.003 -18"><span class='ocrx_word' id='word_1_504' title='bbox 610 4317 754 4372; x_wconf 82' lang='lat' dir='ltr'><strong>X.——</strong></span> <span class='ocrx_word' id='word_1_505' title='bbox 780 4318 917 4389; x_wconf 81' lang='lat' dir='ltr'><strong>Quid</strong></span> <span class='ocrx_word' id='word_1_506' title='bbox 942 4319 1066 4373; x_wconf 90' lang='lat' dir='ltr'><strong>mihi</strong></span> <span class='ocrx_word' id='word_1_507' title='bbox 1091 4319 1154 4374; x_wconf 87' lang='lat' dir='ltr'><strong>sit</strong></span> <span class='ocrx_word' id='word_1_508' title='bbox 1174 4327 1447 4373; x_wconf 86' lang='lat' dir='ltr'><strong>ostensum.</strong></span> <span class='ocrx_word' id='word_1_509' title='bbox 1471 4317 1704 4374; x_wconf 86' lang='lat' dir='ltr'><strong>Vetustis</strong></span> <span class='ocrx_word' id='word_1_510' title='bbox 1730 4318 1835 4374; x_wconf 92' lang='lat' dir='ltr'><strong>illis</strong></span> <span class='ocrx_word' id='word_1_511' title='bbox 1860 4318 2121 4389; x_wconf 86' lang='lat' dir='ltr'><strong>tempori-</strong></span> 
     </span>
    </p>
   </div>
   <div class='ocr_carea' id='block_1_76' title="bbox 536 4387 2118 4459">
    <p class='ocr_par' dir='ltr' id='par_1_76' title="bbox 536 4387 2118 4459">
     <span class='ocr_line' id='line_1_78' title="bbox 536 4387 2118 4459; baseline 0.003 -18"><span class='ocrx_word' id='word_1_512' title='bbox 536 4387 636 4459; x_wconf 70' lang='lat' dir='ltr'><strong>bus</strong></span> <span class='ocrx_word' id='word_1_513' title='bbox 662 4388 1016 4444; x_wconf 79' lang='lat' dir='ltr'><strong>revelationes</strong></span> <span class='ocrx_word' id='word_1_514' title='bbox 1050 4389 1449 4459; x_wconf 86' lang='lat' dir='ltr'><strong>accipiebantur</strong></span> <span class='ocrx_word' id='word_1_515' title='bbox 1476 4390 1528 4444; x_wconf 91' lang='lat' dir='ltr'><strong>in</strong></span> <span class='ocrx_word' id='word_1_516' title='bbox 1556 4405 1766 4451; x_wconf 90' lang='lat' dir='ltr'><strong>somno,</strong></span> <span class='ocrx_word' id='word_1_517' title='bbox 1801 4399 1857 4444; x_wconf 93' lang='lat' dir='ltr'><strong>ut</strong></span> <span class='ocrx_word' id='word_1_518' title='bbox 1884 4387 2027 4457; x_wconf 81' lang='lat' dir='ltr'><strong>patet</strong></span> <span class='ocrx_word' id='word_1_519' title='bbox 2050 4406 2118 4446; x_wconf 82' lang='lat' dir='ltr'><strong>ex</strong></span> 
     </span>
    </p>
   </div>
   <div class='ocr_carea' id='block_1_77' title="bbox 537 4457 2115 4532">
    <p class='ocr_par' dir='ltr' id='par_1_77' title="bbox 537 4457 2115 4532">
     <span class='ocr_line' id='line_1_79' title="bbox 537 4457 2115 4532; baseline 0.003 -19"><span class='ocrx_word' id='word_1_520' title='bbox 537 4457 889 4532; x_wconf 71' lang='lat' dir='ltr'><strong>&#39;I‘ertnlliauo,</strong></span> <span class='ocrx_word' id='word_1_521' title='bbox 926 4457 1217 4532; x_wconf 80' lang='lat' dir='ltr'><strong>Cypriane,</strong></span> <span class='ocrx_word' id='word_1_522' title='bbox 1250 4460 1462 4524; x_wconf 83' lang='lat' dir='ltr'><strong>Ruﬁno,</strong></span> <span class='ocrx_word' id='word_1_523' title='bbox 1507 4470 1560 4514; x_wconf 93' lang='lat' dir='ltr'><strong>et</strong></span> <span class='ocrx_word' id='word_1_524' title='bbox 1586 4460 1727 4532; x_wconf 79' lang='lat' dir='ltr'><strong>aliis.</strong></span> <span class='ocrx_word' id='word_1_525' title='bbox 1751 4460 2115 4532; x_wconf 35' lang='lat' dir='ltr'><strong>Posteatcum</strong></span> 
     </span>
    </p>
   </div>
   <div class='ocr_carea' id='block_1_78' title="bbox 538 4528 2115 4602">
    <p class='ocr_par' dir='ltr' id='par_1_78' title="bbox 538 4528 2115 4602">
     <span class='ocr_line' id='line_1_80' title="bbox 538 4528 2115 4602; baseline 0.003 -20"><span class='ocrx_word' id='word_1_526' title='bbox 538 4528 747 4601; x_wconf 79' lang='lat' dir='ltr'><strong>Religio</strong></span> <span class='ocrx_word' id='word_1_527' title='bbox 790 4528 1089 4585; x_wconf 81' lang='lat' dir='ltr'><strong>Christiana</strong></span> <span class='ocrx_word' id='word_1_528' title='bbox 1119 4532 1363 4587; x_wconf 90' lang='lat' dir='ltr'><strong>libertate</strong></span> <span class='ocrx_word' id='word_1_529' title='bbox 1394 4532 1600 4602; x_wconf 84' lang='lat' dir='ltr'><strong>integra</strong></span> <span class='ocrx_word' id='word_1_530' title='bbox 1632 4530 1929 4596; x_wconf 83' lang='lat' dir='ltr'><strong>fruebatur,</strong></span> <span class='ocrx_word' id='word_1_531' title='bbox 1955 4530 2115 4587; x_wconf 88' lang='lat' dir='ltr'><strong>Chri-</strong></span> 
     </span>
    </p>
   </div>
   <div class='ocr_carea' id='block_1_79' title="bbox 538 4602 2113 4672">
    <p class='ocr_par' dir='ltr' id='par_1_79' title="bbox 538 4602 2113 4672">
     <span class='ocr_line' id='line_1_81' title="bbox 538 4602 2113 4672; baseline 0.002 -19"><span class='ocrx_word' id='word_1_532' title='bbox 538 4608 672 4667; x_wconf 89' lang='lat' dir='ltr'><strong>stus,</strong></span> <span class='ocrx_word' id='word_1_533' title='bbox 703 4602 857 4656; x_wconf 88' lang='lat' dir='ltr'><strong>beata</strong></span> <span class='ocrx_word' id='word_1_534' title='bbox 899 4602 1048 4672; x_wconf 84' lang='lat' dir='ltr'><strong>virgo</strong></span> <span class='ocrx_word' id='word_1_535' title='bbox 1078 4602 1261 4666; x_wconf 83' lang='lat' dir='ltr'><strong>Maria,</strong></span> <span class='ocrx_word' id='word_1_536' title='bbox 1293 4602 1483 4657; x_wconf 89' lang='lat' dir='ltr'><strong>Petrus</strong></span> <span class='ocrx_word' id='word_1_537' title='bbox 1511 4602 1807 4672; x_wconf 86' lang='lat' dir='ltr'><strong>apostolus,</strong></span> <span class='ocrx_word' id='word_1_538' title='bbox 1848 4612 1903 4657; x_wconf 89' lang='lat' dir='ltr'><strong>et</strong></span> <span class='ocrx_word' id='word_1_539' title='bbox 1930 4603 2113 4662; x_wconf 64' lang='lat' dir='ltr'><strong>cactcri</strong></span> 
     </span>
    </p>
   </div>
   <div class='ocr_carea' id='block_1_80' title="bbox 532 4672 2119 4745">
    <p class='ocr_par' dir='ltr' id='par_1_80' title="bbox 532 4672 2119 4745">
     <span class='ocr_line' id='line_1_82' title="bbox 532 4672 2119 4745; baseline 0.003 -22"><span class='ocrx_word' id='word_1_540' title='bbox 532 4673 703 4745; x_wconf 81' lang='lat' dir='ltr'><strong>sancti</strong></span> <span class='ocrx_word' id='word_1_541' title='bbox 726 4689 784 4727; x_wconf 92' lang='lat' dir='ltr'><strong>se</strong></span> <span class='ocrx_word' id='word_1_542' title='bbox 808 4675 1137 4745; x_wconf 85' lang='lat' dir='ltr'><strong>conspicuos</strong></span> <span class='ocrx_word' id='word_1_543' title='bbox 1150 4672 1497 4745; x_wconf 69' lang='lat' dir='ltr'><strong>praebuerunt</strong></span> <span class='ocrx_word' id='word_1_544' title='bbox 1520 4673 1636 4745; x_wconf 78' lang='lat' dir='ltr'><strong>piis</strong></span> <span class='ocrx_word' id='word_1_545' title='bbox 1675 4685 1731 4745; x_wconf 82' lang='lat' dir='ltr'><strong>et</strong></span> <span class='ocrx_word' id='word_1_546' title='bbox 1756 4672 1989 4745; x_wconf 80' lang='lat' dir='ltr'><strong>credulis</strong></span> <span class='ocrx_word' id='word_1_547' title='bbox 2021 4673 2119 4728; x_wconf 90' lang='lat' dir='ltr'><strong>ho-</strong></span> 
     </span>
    </p>
   </div>
   <div class='ocr_carea' id='block_1_81' title="bbox 534 4742 2116 4814">
    <p class='ocr_par' dir='ltr' id='par_1_81' title="bbox 534 4742 2116 4814">
     <span class='ocr_line' id='line_1_83' title="bbox 534 4742 2116 4814; baseline 0.004 -20"><span class='ocrx_word' id='word_1_548' title='bbox 534 4742 769 4814; x_wconf 86' lang='lat' dir='ltr'><strong>minibus</strong></span> <span class='ocrx_word' id='word_1_549' title='bbox 784 4753 846 4814; x_wconf 89' lang='lat' dir='ltr'><strong>et</strong></span> <span class='ocrx_word' id='word_1_550' title='bbox 870 4758 990 4797; x_wconf 91' lang='lat' dir='ltr'><strong>cum</strong></span> <span class='ocrx_word' id='word_1_551' title='bbox 1012 4745 1091 4799; x_wconf 91' lang='lat' dir='ltr'><strong>eis</strong></span> <span class='ocrx_word' id='word_1_552' title='bbox 1125 4742 1480 4814; x_wconf 75' lang='lat' dir='ltr'><strong>loquebantur</strong></span> <span class='ocrx_word' id='word_1_553' title='bbox 1509 4743 1643 4799; x_wconf 87' lang='lat' dir='ltr'><strong>facie</strong></span> <span class='ocrx_word' id='word_1_554' title='bbox 1669 4743 1734 4798; x_wconf 90' lang='lat' dir='ltr'><strong>ad</strong></span> <span class='ocrx_word' id='word_1_555' title='bbox 1767 4742 1954 4798; x_wconf 80' lang='lat' dir='ltr'><strong>faciem</strong></span> <span class='ocrx_word' id='word_1_556' title='bbox 1979 4745 2116 4800; x_wconf 89' lang='lat' dir='ltr'><strong>sicut</strong></span> 
     </span>
    </p>
   </div>
   <div class='ocr_carea' id='block_1_82' title="bbox 531 4813 2112 4882">
    <p class='ocr_par' dir='ltr' id='par_1_82' title="bbox 531 4813 2112 4882">
     <span class='ocr_line' id='line_1_84' title="bbox 531 4813 2112 4882; baseline 0.002 -18"><span class='ocrx_word' id='word_1_557' title='bbox 531 4813 738 4867; x_wconf 86' lang='lat' dir='ltr'><strong>amicus</strong></span> <span class='ocrx_word' id='word_1_558' title='bbox 781 4813 925 4882; x_wconf 85' lang='lat' dir='ltr'><strong>loqui</strong></span> <span class='ocrx_word' id='word_1_559' title='bbox 954 4815 1089 4870; x_wconf 91' lang='lat' dir='ltr'><strong>solet</strong></span> <span class='ocrx_word' id='word_1_560' title='bbox 1131 4813 1455 4870; x_wconf 26' lang='lat' dir='ltr'><strong>ad’amicum</strong></span> <span class='ocrx_word' id='word_1_561' title='bbox 1486 4830 1664 4868; x_wconf 89' lang='lat' dir='ltr'><strong>suum.</strong></span> <span class='ocrx_word' id='word_1_562' title='bbox 1723 4814 1921 4867; x_wconf 89' lang='lat' dir='ltr'><strong>lIarum</strong></span> <span class='ocrx_word' id='word_1_563' title='bbox 1944 4815 2112 4869; x_wconf 85' lang='lat' dir='ltr'><strong>visio-</strong></span> 
     </span>
    </p>
   </div>
   <div class='ocr_carea' id='block_1_83' title="bbox 531 4884 2108 4955">
    <p class='ocr_par' dir='ltr' id='par_1_83' title="bbox 531 4884 2108 4955">
     <span class='ocr_line' id='line_1_85' title="bbox 531 4884 2108 4955; baseline 0.004 -21"><span class='ocrx_word' id='word_1_564' title='bbox 531 4896 658 4955; x_wconf 71' lang='lat' dir='ltr'><strong>num</strong></span> <span class='ocrx_word' id='word_1_565' title='bbox 683 4884 884 4955; x_wconf 81' lang='lat' dir='ltr'><strong>inlinita</strong></span> <span class='ocrx_word' id='word_1_566' title='bbox 898 4886 1366 4955; x_wconf 80' lang='lat' dir='ltr'><strong>exStantexempla</strong></span> <span class='ocrx_word' id='word_1_567' title='bbox 1392 4887 1443 4940; x_wconf 93' lang='lat' dir='ltr'><strong>iu</strong></span> <span class='ocrx_word' id='word_1_568' title='bbox 1461 4885 1692 4939; x_wconf 87' lang='lat' dir='ltr'><strong>Historia</strong></span> <span class='ocrx_word' id='word_1_569' title='bbox 1714 4885 2108 4940; x_wconf 87' lang='lat' dir='ltr'><strong>Ecclesiastica.</strong></span> 
     </span>
    </p>
   </div>
   <div class='ocr_carea' id='block_1_84' title="bbox 527 4950 2113 5011">
    <p class='ocr_par' dir='ltr' id='par_1_84' title="bbox 527 4950 2113 5011">
     <span class='ocr_line' id='line_1_86' title="bbox 527 4950 2113 5011; baseline 0.003 -4"><span class='ocrx_word' id='word_1_570' title='bbox 527 4950 1074 5010; x_wconf 88' lang='lat' dir='ltr'><strong>SanctusViucentius</strong></span> <span class='ocrx_word' id='word_1_571' title='bbox 1095 4950 1327 5010; x_wconf 76' lang='lat' dir='ltr'><strong>Ferrarii</strong></span> <span class='ocrx_word' id='word_1_572' title='bbox 1350 4955 1613 5011; x_wconf 87' lang='lat' dir='ltr'><strong>Sermone</strong></span> <span class='ocrx_word' id='word_1_573' title='bbox 1644 4958 1694 5008; x_wconf 90' lang='lat' dir='ltr'><strong>in</strong></span> <span class='ocrx_word' id='word_1_574' title='bbox 1725 4956 1926 5010; x_wconf 88' lang='lat' dir='ltr'><strong>Octava</strong></span> <span class='ocrx_word' id='word_1_575' title='bbox 1953 4955 2113 5011; x_wconf 86' lang='lat' dir='ltr'><strong>Inno-</strong></span> 
     </span>
    </p>
   </div>
   <div class='ocr_carea' id='block_1_85' title="bbox 529 5024 2112 5096">
    <p class='ocr_par' dir='ltr' id='par_1_85' title="bbox 529 5024 2112 5096">
     <span class='ocr_line' id='line_1_87' title="bbox 529 5024 2112 5096; baseline 0.003 -19"><span class='ocrx_word' id='word_1_576' title='bbox 529 5024 803 5096; x_wconf 81' lang='lat' dir='ltr'><strong>centium:</strong></span> <span class='ocrx_word' id='word_1_577' title='bbox 837 5024 1007 5079; x_wconf 78' lang='lat' dir='ltr'><strong>Multa</strong></span> <span class='ocrx_word' id='word_1_578' title='bbox 1051 5027 1249 5081; x_wconf 89' lang='lat' dir='ltr'><strong>somnia</strong></span> <span class='ocrx_word' id='word_1_579' title='bbox 1293 5037 1571 5096; x_wconf 71' lang='lat' dir='ltr'><strong>suntque:</strong></span> <span class='ocrx_word' id='word_1_580' title='bbox 1600 5026 1877 5080; x_wconf 86' lang='lat' dir='ltr'><strong>creduntur</strong></span> <span class='ocrx_word' id='word_1_581' title='bbox 1927 5027 2112 5081; x_wconf 76' lang='lat' dir='ltr'><strong>divina:</strong></span> 
     </span>
    </p>
   </div>
   <div class='ocr_carea' id='block_1_86' title="bbox 526 5092 2069 5167">
    <p class='ocr_par' dir='ltr' id='par_1_86' title="bbox 526 5092 2069 5167">
     <span class='ocr_line' id='line_1_88' title="bbox 526 5092 2069 5167; baseline 0.005 -22"><span class='ocrx_word' id='word_1_582' title='bbox 526 5094 855 5167; x_wconf 73' lang='lat' dir='ltr'><strong>revelationes</strong></span> <span class='ocrx_word' id='word_1_583' title='bbox 883 5105 929 5150; x_wconf 88' lang='lat' dir='ltr'><strong>et</strong></span> <span class='ocrx_word' id='word_1_584' title='bbox 954 5107 1071 5151; x_wconf 88' lang='lat' dir='ltr'><strong>sunt</strong></span> <span class='ocrx_word' id='word_1_585' title='bbox 1094 5097 1378 5167; x_wconf 85' lang='lat' dir='ltr'><strong>illusiones.</strong></span> <span class='ocrx_word' id='word_1_586' title='bbox 1420 5092 1555 5151; x_wconf 79' lang='lat' dir='ltr'><strong>Vide</strong></span> <span class='ocrx_word' id='word_1_587' title='bbox 1586 5110 1768 5167; x_wconf 85' lang='lat' dir='ltr'><strong>supra,</strong></span> <span class='ocrx_word' id='word_1_588' title='bbox 1790 5112 1911 5167; x_wconf 88' lang='lat' dir='ltr'><strong>pag.</strong></span> <span class='ocrx_word' id='word_1_589' title='bbox 1943 5097 2069 5153; x_wconf 72' lang='grc'><strong>452.</strong></span> 
     </span>
    </p>
   </div>
   <div class='ocr_carea' id='block_1_87' title="bbox 600 5164 2111 5233">
    <p class='ocr_par' dir='ltr' id='par_1_87' title="bbox 600 5164 2111 5233">
     <span class='ocr_line' id='line_1_89' title="bbox 600 5164 2111 5233; baseline 0.002 -13"><span class='ocrx_word' id='word_1_590' title='bbox 600 5164 835 5221; x_wconf 89' lang='lat' dir='ltr'><strong>Somnia.</strong></span> <span class='ocrx_word' id='word_1_591' title='bbox 854 5168 1167 5222; x_wconf 80' lang='lat' dir='ltr'><strong>Ammianus</strong></span> <span class='ocrx_word' id='word_1_592' title='bbox 1185 5164 1763 5233; x_wconf 54' lang='lat' dir='ltr'><strong>MarcellinusJibfxv,</strong></span> <span class='ocrx_word' id='word_1_593' title='bbox 1792 5164 1956 5223; x_wconf 79' lang='lat' dir='ltr'><strong>tradit</strong></span> <span class='ocrx_word' id='word_1_594' title='bbox 1980 5169 2111 5223; x_wconf 84' lang='lat' dir='ltr'><strong>doc-</strong></span> 
     </span>
    </p>
   </div>
   <div class='ocr_carea' id='block_1_88' title="bbox 527 5237 2110 5308">
    <p class='ocr_par' dir='ltr' id='par_1_88' title="bbox 527 5237 2110 5308">
     <span class='ocr_line' id='line_1_90' title="bbox 527 5237 2110 5308; baseline 0.003 -19"><span class='ocrx_word' id='word_1_595' title='bbox 527 5242 612 5290; x_wconf 88' lang='lat' dir='ltr'><strong>tos</strong></span> <span class='ocrx_word' id='word_1_596' title='bbox 640 5238 897 5305; x_wconf 88' lang='lat' dir='ltr'><strong>quosdam</strong></span> <span class='ocrx_word' id='word_1_597' title='bbox 937 5238 1174 5293; x_wconf 90' lang='lat' dir='ltr'><strong>doluisse</strong></span> <span class='ocrx_word' id='word_1_598' title='bbox 1200 5237 1343 5308; x_wconf 90' lang='lat' dir='ltr'><strong>quod</strong></span> <span class='ocrx_word' id='word_1_599' title='bbox 1386 5238 1525 5308; x_wconf 85' lang='lat' dir='ltr'><strong>apud</strong></span> <span class='ocrx_word' id='word_1_600' title='bbox 1569 5237 1844 5293; x_wconf 83' lang='lat' dir='ltr'><strong>Atlanteos</strong></span> <span class='ocrx_word' id='word_1_601' title='bbox 1870 5240 1975 5294; x_wconf 91' lang='lat' dir='ltr'><strong>nati</strong></span> <span class='ocrx_word' id='word_1_602' title='bbox 2007 5254 2110 5294; x_wconf 92' lang='lat' dir='ltr'><strong>non</strong></span> 
     </span>
    </p>
   </div>
   <div class='ocr_carea' id='block_1_89' title="bbox 527 5309 2109 5371">
    <p class='ocr_par' dir='ltr' id='par_1_89' title="bbox 527 5309 2109 5371">
     <span class='ocr_line' id='line_1_91' title="bbox 527 5309 2109 5371; baseline 0.003 -12"><span class='ocrx_word' id='word_1_603' title='bbox 527 5318 730 5371; x_wconf 89' lang='lat' dir='ltr'><strong>essent,</strong></span> <span class='ocrx_word' id='word_1_604' title='bbox 773 5309 860 5364; x_wconf 87' lang='lat' dir='ltr'><strong>ubi</strong></span> <span class='ocrx_word' id='word_1_605' title='bbox 906 5318 1271 5364; x_wconf 90' lang='lat' dir='ltr'><strong>memorantur</strong></span> <span class='ocrx_word' id='word_1_606' title='bbox 1317 5310 1523 5362; x_wconf 84' lang='lat' dir='ltr'><strong>Somnia</strong></span> <span class='ocrx_word' id='word_1_607' title='bbox 1575 5323 1681 5363; x_wconf 93' lang='lat' dir='ltr'><strong>non</strong></span> <span class='ocrx_word' id='word_1_608' title='bbox 1724 5309 1915 5364; x_wconf 87' lang='lat' dir='ltr'><strong>videri.</strong></span> <span class='ocrx_word' id='word_1_609' title='bbox 1964 5309 2109 5364; x_wconf 88' lang='lat' dir='ltr'><strong>Idem</strong></span> 
     </span>
    </p>
   </div>
   <div class='ocr_carea' id='block_1_90' title="bbox 528 5378 2107 5450">
    <p class='ocr_par' dir='ltr' id='par_1_90' title="bbox 528 5378 2107 5450">
     <span class='ocr_line' id='line_1_92' title="bbox 528 5378 2107 5450; baseline 0.004 -21"><span class='ocrx_word' id='word_1_610' title='bbox 528 5384 753 5450; x_wconf 82' lang='lat' dir='ltr'><strong>testatur</strong></span> <span class='ocrx_word' id='word_1_611' title='bbox 772 5378 852 5435; x_wconf 79' lang='lat' dir='ltr'><strong>Ma</strong></span> <span class='ocrx_word' id='word_1_612' title='bbox 862 5381 1061 5435; x_wconf 86' lang='lat' dir='ltr'><strong>rtianus</strong></span> <span class='ocrx_word' id='word_1_613' title='bbox 1077 5378 1314 5450; x_wconf 89' lang='lat' dir='ltr'><strong>Capella,</strong></span> <span class='ocrx_word' id='word_1_614' title='bbox 1339 5378 1433 5434; x_wconf 91' lang='lat' dir='ltr'><strong>lib.</strong></span> <span class='ocrx_word' id='word_1_615' title='bbox 1461 5395 1537 5446; x_wconf 83' lang='lat' dir='ltr'><strong>Vl,</strong></span> <span class='ocrx_word' id='word_1_616' title='bbox 1557 5381 1610 5435; x_wconf 90' lang='lat' dir='ltr'><strong>in</strong></span> <span class='ocrx_word' id='word_1_617' title='bbox 1635 5379 2003 5450; x_wconf 89' lang='lat' dir='ltr'><strong>Descriptione</strong></span> <span class='ocrx_word' id='word_1_618' title='bbox 2026 5383 2107 5435; x_wconf 89' lang='lat' dir='ltr'><strong>in-</strong></span> 
     </span>
    </p>
   </div>
   <div class='ocr_carea' id='block_1_91' title="bbox 524 5448 981 5506">
    <p class='ocr_par' dir='ltr' id='par_1_91' title="bbox 524 5448 981 5506">
     <span class='ocr_line' id='line_1_93' title="bbox 524 5448 981 5506; baseline 0.011 -5"><span class='ocrx_word' id='word_1_619' title='bbox 524 5448 738 5502; x_wconf 81' lang='lat' dir='ltr'><strong>terioris</strong></span> <span class='ocrx_word' id='word_1_620' title='bbox 768 5450 981 5506; x_wconf 52' lang='lat' dir='ltr'><strong>Africa.</strong></span> 
     </span>
    </p>
   </div>
   <div class='ocr_carea' id='block_1_92' title="bbox 609 5516 2104 5592">
    <p class='ocr_par' dir='ltr' id='par_1_92' title="bbox 609 5516 2104 5592">
     <span class='ocr_line' id='line_1_94' title="bbox 609 5516 2104 5592; baseline 0.005 -22"><span class='ocrx_word' id='word_1_621' title='bbox 609 5516 835 5575; x_wconf 80' lang='lat' dir='ltr'><strong>Visiones</strong></span> <span class='ocrx_word' id='word_1_622' title='bbox 855 5521 1072 5591; x_wconf 85' lang='lat' dir='ltr'><strong>ineptas.</strong></span> <span class='ocrx_word' id='word_1_623' title='bbox 1099 5520 1271 5576; x_wconf 65' lang='lat' dir='ltr'><strong>[Elius</strong></span> <span class='ocrx_word' id='word_1_624' title='bbox 1292 5520 1606 5592; x_wconf 89' lang='lat' dir='ltr'><strong>Spartianus</strong></span> <span class='ocrx_word' id='word_1_625' title='bbox 1628 5520 1680 5575; x_wconf 92' lang='lat' dir='ltr'><strong>in</strong></span> <span class='ocrx_word' id='word_1_626' title='bbox 1704 5521 1960 5584; x_wconf 84' lang='lat' dir='ltr'><strong>Adriano,</strong></span> <span class='ocrx_word' id='word_1_627' title='bbox 1984 5536 2104 5578; x_wconf 90' lang='lat' dir='ltr'><strong>cum</strong></span> 
     </span>
    </p>
   </div>
   <div class='ocr_carea' id='block_1_93' title="bbox 522 5592 2107 5663">
    <p class='ocr_par' dir='ltr' id='par_1_93' title="bbox 522 5592 2107 5663">
     <span class='ocr_line' id='line_1_95' title="bbox 522 5592 2107 5663; baseline 0.004 -22"><span class='ocrx_word' id='word_1_628' title='bbox 522 5599 798 5663; x_wconf 81' lang='lat' dir='ltr'><strong>narrasset</strong></span> <span class='ocrx_word' id='word_1_629' title='bbox 842 5593 1120 5647; x_wconf 84' lang='lat' dir='ltr'><strong>historiam</strong></span> <span class='ocrx_word' id='word_1_630' title='bbox 1148 5593 1216 5649; x_wconf 92' lang='lat' dir='ltr'><strong>de</strong></span> <span class='ocrx_word' id='word_1_631' title='bbox 1244 5593 1468 5647; x_wconf 89' lang='lat' dir='ltr'><strong>muliere</strong></span> <span class='ocrx_word' id='word_1_632' title='bbox 1498 5594 1725 5663; x_wconf 82' lang='lat' dir='ltr'><strong>quadam</strong></span> <span class='ocrx_word' id='word_1_633' title='bbox 1749 5607 1867 5662; x_wconf 68' lang='lat' dir='ltr'><strong>qua:</strong></span> <span class='ocrx_word' id='word_1_634' title='bbox 1894 5592 2107 5649; x_wconf 87' lang='lat' dir='ltr'><strong>dicebat</strong></span> 
     </span>
    </p>
   </div>
   <div class='ocr_carea' id='block_1_94' title="bbox 522 5660 2105 5719">
    <p class='ocr_par' dir='ltr' id='par_1_94' title="bbox 522 5660 2105 5719">
     <span class='ocr_line' id='line_1_96' title="bbox 522 5660 2105 5719; baseline 0.003 -6"><span class='ocrx_word' id='word_1_635' title='bbox 522 5660 733 5714; x_wconf 89' lang='lat' dir='ltr'><strong>somnio</strong></span> <span class='ocrx_word' id='word_1_636' title='bbox 773 5675 833 5717; x_wconf 88' lang='lat' dir='ltr'><strong>se</strong></span> <span class='ocrx_word' id='word_1_637' title='bbox 859 5664 1117 5717; x_wconf 88' lang='lat' dir='ltr'><strong>monitam</strong></span> <span class='ocrx_word' id='word_1_638' title='bbox 1160 5676 1215 5717; x_wconf 91' lang='lat' dir='ltr'><strong>ut</strong></span> <span class='ocrx_word' id='word_1_639' title='bbox 1247 5660 1542 5718; x_wconf 74' lang='lat' dir='ltr'><strong>insinuaret</strong></span> <span class='ocrx_word' id='word_1_640' title='bbox 1570 5660 1805 5717; x_wconf 81' lang='lat' dir='ltr'><strong>Adriano</strong></span> <span class='ocrx_word' id='word_1_641' title='bbox 1834 5678 1901 5719; x_wconf 90' lang='lat' dir='ltr'><strong>ne</strong></span> <span class='ocrx_word' id='word_1_642' title='bbox 1929 5679 1989 5719; x_wconf 88' lang='lat' dir='ltr'><strong>se</strong></span> <span class='ocrx_word' id='word_1_643' title='bbox 2014 5679 2105 5718; x_wconf 90' lang='lat' dir='ltr'><strong>oc-</strong></span> 
     </span>
    </p>
   </div>
   <div class='ocr_carea' id='block_1_95' title="bbox 521 5728 2104 5801">
    <p class='ocr_par' dir='ltr' id='par_1_95' title="bbox 521 5728 2104 5801">
     <span class='ocr_line' id='line_1_97' title="bbox 521 5728 2104 5801; baseline 0.005 -18"><span class='ocrx_word' id='word_1_644' title='bbox 521 5728 744 5801; x_wconf 85' lang='lat' dir='ltr'><strong>cideret.</strong></span> <span class='ocrx_word' id='word_1_645' title='bbox 790 5734 937 5788; x_wconf 85' lang='lat' dir='ltr'><strong>addit</strong></span> <span class='ocrx_word' id='word_1_646' title='bbox 961 5733 1184 5788; x_wconf 85' lang='lat' dir='ltr'><strong>Marium</strong></span> <span class='ocrx_word' id='word_1_647' title='bbox 1222 5734 1510 5788; x_wconf 83' lang='lat' dir='ltr'><strong>Maximum</strong></span> <span class='ocrx_word' id='word_1_648' title='bbox 1535 5748 1964 5801; x_wconf 84' lang='lat' dir='ltr'><strong>commemorare</strong></span> <span class='ocrx_word' id='word_1_649' title='bbox 1993 5737 2104 5791; x_wconf 71' lang='lat' dir='ltr'><strong>lucc</strong></span> 
     </span>
    </p>
   </div>
   <div class='ocr_carea' id='block_1_96' title="bbox 519 5800 2103 5870">
    <p class='ocr_par' dir='ltr' id='par_1_96' title="bbox 519 5800 2103 5870">
     <span class='ocr_line' id='line_1_98' title="bbox 519 5800 2103 5870; baseline 0.005 -16"><span class='ocrx_word' id='word_1_650' title='bbox 519 5812 619 5870; x_wconf 85' lang='lat' dir='ltr'><strong>per</strong></span> <span class='ocrx_word' id='word_1_651' title='bbox 636 5800 1032 5861; x_wconf 85' lang='lat' dir='ltr'><strong>simulationem</strong></span> <span class='ocrx_word' id='word_1_652' title='bbox 1053 5803 1211 5862; x_wconf 83' lang='lat' dir='ltr'><strong>facta.</strong></span> <span class='ocrx_word' id='word_1_653' title='bbox 1251 5802 1386 5862; x_wconf 84' lang='lat' dir='ltr'><strong>Nam</strong></span> <span class='ocrx_word' id='word_1_654' title='bbox 1416 5803 1617 5862; x_wconf 84' lang='lat' dir='ltr'><strong>ethnici</strong></span> <span class='ocrx_word' id='word_1_655' title='bbox 1647 5800 2103 5861; x_wconf 83' lang='lat' dir='ltr'><strong>multumtribue-</strong></span> 
     </span>
    </p>
   </div>
   <div class='ocr_carea' id='block_1_97' title="bbox 2226 3750 3821 3820">
    <p class='ocr_par' dir='ltr' id='par_1_97' title="bbox 2226 3750 3821 3820">
     <span class='ocr_line' id='line_1_99' title="bbox 2226 3750 3821 3820; baseline -0.003 -12"><span class='ocrx_word' id='word_1_656' title='bbox 2226 3753 2356 3808; x_wconf 88' lang='lat' dir='ltr'><strong>bant</strong></span> <span class='ocrx_word' id='word_1_657' title='bbox 2397 3754 2674 3809; x_wconf 87' lang='lat' dir='ltr'><strong>nocturnis</strong></span> <span class='ocrx_word' id='word_1_658' title='bbox 2717 3752 2827 3808; x_wconf 90' lang='lat' dir='ltr'><strong>illis</strong></span> <span class='ocrx_word' id='word_1_659' title='bbox 2875 3750 3190 3818; x_wconf 90' lang='lat' dir='ltr'><strong>visionibus,</strong></span> <span class='ocrx_word' id='word_1_660' title='bbox 3233 3759 3292 3806; x_wconf 88' lang='lat' dir='ltr'><strong>ut</strong></span> <span class='ocrx_word' id='word_1_661' title='bbox 3319 3757 3464 3820; x_wconf 88' lang='lat' dir='ltr'><strong>patet</strong></span> <span class='ocrx_word' id='word_1_662' title='bbox 3491 3763 3557 3804; x_wconf 84' lang='lat' dir='ltr'><strong>ex</strong></span> <span class='ocrx_word' id='word_1_663' title='bbox 3581 3757 3821 3820; x_wconf 84' lang='lat' dir='ltr'><strong>extrema</strong></span> 
     </span>
    </p>
   </div>
   <div class='ocr_carea' id='block_1_98' title="bbox 2263 3819 3817 3895">
    <p class='ocr_par' dir='ltr' id='par_1_98' title="bbox 2263 3819 3817 3895">
     <span class='ocr_line' id='line_1_100' title="bbox 2263 3819 3817 3895; baseline -0.002 -18"><span class='ocrx_word' id='word_1_664' title='bbox 2263 3833 2380 3880; x_wconf 88' lang='lat' dir='ltr'><strong>arte</strong></span> <span class='ocrx_word' id='word_1_665' title='bbox 2414 3823 2921 3895; x_wconf 83' lang='lat' dir='ltr'><strong>Metamorphoscon</strong></span> <span class='ocrx_word' id='word_1_666' title='bbox 2944 3823 3175 3895; x_wconf 80' lang='lat' dir='ltr'><strong>Apuleii,</strong></span> <span class='ocrx_word' id='word_1_667' title='bbox 3211 3822 3452 3895; x_wconf 12' lang='lat' dir='ltr'><strong>exglibro</strong></span> <span class='ocrx_word' id='word_1_668' title='bbox 3477 3820 3714 3895; x_wconf 74' lang='lat' dir='ltr'><strong>secundo</strong></span> <span class='ocrx_word' id='word_1_669' title='bbox 3754 3819 3817 3874; x_wconf 89' lang='grc' dir='ltr'><strong>Τ.</strong></span> 
     </span>
    </p>
   </div>
   <div class='ocr_carea' id='block_1_99' title="bbox 2274 3890 3819 3961">
    <p class='ocr_par' dir='ltr' id='par_1_99' title="bbox 2274 3890 3819 3961">
     <span class='ocr_line' id='line_1_101' title="bbox 2274 3890 3819 3961; baseline -0.003 -13"><span class='ocrx_word' id='word_1_670' title='bbox 2274 3896 2383 3961; x_wconf 86' lang='lat' dir='ltr'><strong>ivii,</strong></span> <span class='ocrx_word' id='word_1_671' title='bbox 2427 3894 2640 3952; x_wconf 81' lang='lat' dir='ltr'><strong>Valerio</strong></span> <span class='ocrx_word' id='word_1_672' title='bbox 2674 3890 2924 3960; x_wconf 78' lang='lat' dir='ltr'><strong>Maximo,</strong></span> <span class='ocrx_word' id='word_1_673' title='bbox 2956 3890 3012 3948; x_wconf 75' lang='lat' dir='ltr'><strong>ei</strong></span> <span class='ocrx_word' id='word_1_674' title='bbox 3039 3890 3177 3947; x_wconf 68' lang='lat' dir='ltr'><strong>aliis.</strong></span> <span class='ocrx_word' id='word_1_675' title='bbox 3210 3891 3588 3960; x_wconf 87' lang='lat' dir='ltr'><strong>Quintilianus,</strong></span> <span class='ocrx_word' id='word_1_676' title='bbox 3621 3890 3714 3945; x_wconf 92' lang='lat' dir='ltr'><strong>lib.</strong></span> <span class='ocrx_word' id='word_1_677' title='bbox 3744 3905 3819 3952; x_wconf 81' lang='lat' dir='ltr'><strong>tv,</strong></span> 
     </span>
    </p>
   </div>
   <div class='ocr_carea' id='block_1_100' title="bbox 2224 3961 3823 4037">
    <p class='ocr_par' dir='ltr' id='par_1_100' title="bbox 2224 3961 3823 4037">
     <span class='ocr_line' id='line_1_102' title="bbox 2224 3961 3823 4037; baseline -0.004 -17"><span class='ocrx_word' id='word_1_678' title='bbox 2224 3981 2343 4037; x_wconf 89' lang='lat' dir='ltr'><strong>cap.</strong></span> <span class='ocrx_word' id='word_1_679' title='bbox 2374 3966 2445 4021; x_wconf 73' lang='lat'><strong>2:</strong></span> <span class='ocrx_word' id='word_1_680' title='bbox 2476 3965 2809 4021; x_wconf 86' lang='lat' dir='ltr'><strong>Somniorum</strong></span> <span class='ocrx_word' id='word_1_681' title='bbox 2836 3975 2883 4019; x_wconf 84' lang='lat' dir='ltr'><strong>et</strong></span> <span class='ocrx_word' id='word_1_682' title='bbox 2909 3962 3550 4037; x_wconf 62' lang='lat' dir='ltr'><strong>superstitionumcolores</strong></span> <span class='ocrx_word' id='word_1_683' title='bbox 3576 3962 3688 4037; x_wconf 78' lang='lat' dir='ltr'><strong>ipsa</strong></span> <span class='ocrx_word' id='word_1_684' title='bbox 3715 3961 3823 4026; x_wconf 77' lang='lat' dir='ltr'><strong>iam</strong></span> 
     </span>
    </p>
   </div>
   <div class='ocr_carea' id='block_1_101' title="bbox 2222 4032 3823 4106">
    <p class='ocr_par' dir='ltr' id='par_1_101' title="bbox 2222 4032 3823 4106">
     <span class='ocr_line' id='line_1_103' title="bbox 2222 4032 3823 4106; baseline -0.005 -16"><span class='ocrx_word' id='word_1_685' title='bbox 2222 4032 2474 4106; x_wconf 76' lang='lat' dir='ltr'><strong>facilitate</strong></span> <span class='ocrx_word' id='word_1_686' title='bbox 2498 4038 2848 4091; x_wconf 85' lang='lat' dir='ltr'><strong>auctoritatem</strong></span> <span class='ocrx_word' id='word_1_687' title='bbox 2874 4032 3220 4106; x_wconf 83' lang='lat' dir='ltr'><strong>perdiderunt.</strong></span> <span class='ocrx_word' id='word_1_688' title='bbox 3254 4032 3574 4106; x_wconf 73' lang='lat' dir='ltr'><strong>Videctiam</strong></span> <span class='ocrx_word' id='word_1_689' title='bbox 3596 4032 3823 4106; x_wconf 35' lang='lat' dir='ltr'><strong>[metant</strong></span> 
     </span>
    </p>
   </div>
   <div class='ocr_carea' id='block_1_102' title="bbox 2225 4099 3819 4178">
    <p class='ocr_par' dir='ltr' id='par_1_102' title="bbox 2225 4099 3819 4178">
     <span class='ocr_line' id='line_1_104' title="bbox 2225 4099 3819 4178; baseline -0.003 -17"><span class='ocrx_word' id='word_1_690' title='bbox 2225 4099 2358 4178; x_wconf 63' lang='lat' dir='ltr'><strong>&#39;tium</strong></span> <span class='ocrx_word' id='word_1_691' title='bbox 2384 4108 2476 4164; x_wconf 91' lang='lat' dir='ltr'><strong>lib.</strong></span> <span class='ocrx_word' id='word_1_692' title='bbox 2510 4124 2568 4168; x_wconf 86' lang='grc' dir='ltr'>ιι.</span> <span class='ocrx_word' id='word_1_693' title='bbox 2603 4122 2721 4177; x_wconf 89' lang='lat' dir='ltr'><strong>cap.</strong></span> <span class='ocrx_word' id='word_1_694' title='bbox 2752 4106 2808 4174; x_wconf 90' lang='lat'><strong>8,</strong></span> <span class='ocrx_word' id='word_1_695' title='bbox 2841 4099 2897 4163; x_wconf 82' lang='lat' dir='ltr'><strong>et</strong></span> <span class='ocrx_word' id='word_1_696' title='bbox 2950 4105 3315 4178; x_wconf 75' lang='lat' dir='ltr'><strong>praefationem</strong></span> <span class='ocrx_word' id='word_1_697' title='bbox 3345 4101 3548 4158; x_wconf 82' lang='lat' dir='ltr'><strong>Nicolai</strong></span> <span class='ocrx_word' id='word_1_698' title='bbox 3587 4099 3819 4157; x_wconf 89' lang='lat' dir='ltr'><strong>Gerbelii</strong></span> 
     </span>
    </p>
   </div>
   <div class='ocr_carea' id='block_1_103' title="bbox 2225 4177 2795 4234">
    <p class='ocr_par' dir='ltr' id='par_1_103' title="bbox 2225 4177 2795 4234">
     <span class='ocr_line' id='line_1_105' title="bbox 2225 4177 2795 4234; baseline 0.002 -2"><span class='ocrx_word' id='word_1_699' title='bbox 2225 4177 2291 4233; x_wconf 90' lang='lat' dir='ltr'><strong>ad</strong></span> <span class='ocrx_word' id='word_1_700' title='bbox 2320 4179 2512 4234; x_wconf 90' lang='lat' dir='ltr'><strong>librum</strong></span> <span class='ocrx_word' id='word_1_701' title='bbox 2537 4178 2795 4233; x_wconf 85' lang='lat' dir='ltr'><strong>Pastoris.</strong></span> 
     </span>
    </p>
   </div>
   <div class='ocr_carea' id='block_1_104' title="bbox 2300 4241 3818 4318">
    <p class='ocr_par' dir='ltr' id='par_1_104' title="bbox 2300 4241 3818 4318">
     <span class='ocr_line' id='line_1_106' title="bbox 2300 4241 3818 4318; baseline -0.005 -14"><span class='ocrx_word' id='word_1_702' title='bbox 2300 4247 2583 4318; x_wconf 82' lang='lat' dir='ltr'><strong>Utrumque</strong></span> <span class='ocrx_word' id='word_1_703' title='bbox 2630 4249 2944 4305; x_wconf 83' lang='lat' dir='ltr'><strong>recitabitur.</strong></span> <span class='ocrx_word' id='word_1_704' title='bbox 2992 4246 3067 4301; x_wconf 88' lang='lat' dir='ltr'><strong>Ita</strong></span> <span class='ocrx_word' id='word_1_705' title='bbox 3096 4243 3642 4318; x_wconf 78' lang='lat' dir='ltr'><strong>vetcres_ed_i_tiones,</strong></span> <span class='ocrx_word' id='word_1_706' title='bbox 3683 4241 3818 4318; x_wconf 72' lang='lat' dir='ltr'><strong>(luo-</strong></span> 
     </span>
    </p>
   </div>
   <div class='ocr_carea' id='block_1_105' title="bbox 2223 4312 3819 4385">
    <p class='ocr_par' dir='ltr' id='par_1_105' title="bbox 2223 4312 3819 4385">
     <span class='ocr_line' id='line_1_107' title="bbox 2223 4312 3819 4385; baseline -0.004 -13"><span class='ocrx_word' id='word_1_707' title='bbox 2223 4318 2398 4375; x_wconf 90' lang='lat' dir='ltr'><strong>decim</strong></span> <span class='ocrx_word' id='word_1_708' title='bbox 2430 4312 2549 4375; x_wconf 78' lang='lat' dir='ltr'><strong>libri</strong></span> <span class='ocrx_word' id='word_1_709' title='bbox 2583 4322 2749 4376; x_wconf 90' lang='lat' dir='ltr'><strong>nostri</strong></span> <span class='ocrx_word' id='word_1_710' title='bbox 2782 4329 3014 4385; x_wconf 87' lang='lat' dir='ltr'><strong>veteres,</strong></span> <span class='ocrx_word' id='word_1_711' title='bbox 3063 4325 3118 4374; x_wconf 91' lang='lat' dir='ltr'><strong>et</strong></span> <span class='ocrx_word' id='word_1_712' title='bbox 3146 4332 3288 4371; x_wconf 90' lang='lat' dir='ltr'><strong>unus</strong></span> <span class='ocrx_word' id='word_1_713' title='bbox 3313 4313 3660 4370; x_wconf 77' lang='lat' dir='ltr'><strong>Bodle‘ianus.</strong></span> <span class='ocrx_word' id='word_1_714' title='bbox 3706 4312 3819 4367; x_wconf 75' lang='lat' dir='ltr'><strong>Ila-</strong></span> 
     </span>
    </p>
   </div>
   <div class='ocr_carea' id='block_1_106' title="bbox 2221 4386 3818 4463">
    <p class='ocr_par' dir='ltr' id='par_1_106' title="bbox 2221 4386 3818 4463">
     <span class='ocr_line' id='line_1_108' title="bbox 2221 4386 3818 4463; baseline -0.006 -18"><span class='ocrx_word' id='word_1_715' title='bbox 2221 4392 2401 4463; x_wconf 84' lang='lat' dir='ltr'><strong>nutius</strong></span> <span class='ocrx_word' id='word_1_716' title='bbox 2429 4391 2635 4447; x_wconf 88' lang='lat' dir='ltr'><strong>edidit:</strong></span> <span class='ocrx_word' id='word_1_717' title='bbox 2669 4401 2892 4463; x_wconf 63' lang='lat' dir='ltr'><strong>utrisque</strong></span> <span class='ocrx_word' id='word_1_718' title='bbox 2934 4389 3297 4463; x_wconf 75' lang='lat' dir='ltr'><strong>recitabantur.</strong></span> <span class='ocrx_word' id='word_1_719' title='bbox 3347 4386 3603 4463; x_wconf 77' lang='lat' dir='ltr'><strong>Quamvis</strong></span> <span class='ocrx_word' id='word_1_720' title='bbox 3640 4393 3818 4438; x_wconf 88' lang='lat' dir='ltr'><strong>autem</strong></span> 
     </span>
    </p>
   </div>
   <div class='ocr_carea' id='block_1_107' title="bbox 2220 4457 3822 4536">
    <p class='ocr_par' dir='ltr' id='par_1_107' title="bbox 2220 4457 3822 4536">
     <span class='ocr_line' id='line_1_109' title="bbox 2220 4457 3822 4536; baseline -0.004 -21"><span class='ocrx_word' id='word_1_721' title='bbox 2220 4461 2385 4536; x_wconf 80' lang='lat' dir='ltr'><strong>sciam</strong></span> <span class='ocrx_word' id='word_1_722' title='bbox 2410 4463 2696 4518; x_wconf 90' lang='lat' dir='ltr'><strong>lectionem</strong></span> <span class='ocrx_word' id='word_1_723' title='bbox 2728 4457 2873 4517; x_wconf 66' lang='lat' dir='ltr'><strong>illam</strong></span> <span class='ocrx_word' id='word_1_724' title='bbox 2905 4462 3157 4536; x_wconf 61' lang='lat' dir='ltr'><strong>estareiu</strong></span> <span class='ocrx_word' id='word_1_725' title='bbox 3187 4457 3355 4513; x_wconf 89' lang='lat' dir='ltr'><strong>tribus</strong></span> <span class='ocrx_word' id='word_1_726' title='bbox 3382 4457 3618 4536; x_wconf 72' lang='lat' dir='ltr'><strong>antiquis</strong></span> <span class='ocrx_word' id='word_1_727' title='bbox 3637 4469 3822 4536; x_wconf 57' lang='lat' dir='ltr'><strong>caem-</strong></span> 
     </span>
    </p>
   </div>
   <div class='ocr_carea' id='block_1_108' title="bbox 2222 4527 3819 4602">
    <p class='ocr_par' dir='ltr' id='par_1_108' title="bbox 2222 4527 3819 4602">
     <span class='ocr_line' id='line_1_110' title="bbox 2222 4527 3819 4602; baseline -0.003 -17"><span class='ocrx_word' id='word_1_728' title='bbox 2222 4532 2461 4599; x_wconf 86' lang='lat' dir='ltr'><strong>plaribus</strong></span> <span class='ocrx_word' id='word_1_729' title='bbox 2501 4543 2555 4588; x_wconf 89' lang='lat' dir='ltr'><strong>et</strong></span> <span class='ocrx_word' id='word_1_730' title='bbox 2600 4549 2760 4602; x_wconf 89' lang='lat' dir='ltr'><strong>posse</strong></span> <span class='ocrx_word' id='word_1_731' title='bbox 2799 4547 2921 4587; x_wconf 88' lang='lat' dir='ltr'><strong>esse</strong></span> <span class='ocrx_word' id='word_1_732' title='bbox 2962 4532 3179 4597; x_wconf 85' lang='lat' dir='ltr'><strong>bonam,</strong></span> <span class='ocrx_word' id='word_1_733' title='bbox 3230 4544 3336 4583; x_wconf 92' lang='lat' dir='ltr'><strong>non</strong></span> <span class='ocrx_word' id='word_1_734' title='bbox 3381 4527 3568 4583; x_wconf 87' lang='lat' dir='ltr'><strong>dubito</strong></span> <span class='ocrx_word' id='word_1_735' title='bbox 3604 4527 3732 4596; x_wconf 90' lang='lat' dir='ltr'><strong>quin</strong></span> <span class='ocrx_word' id='word_1_736' title='bbox 3757 4539 3819 4580; x_wconf 89' lang='lat' dir='ltr'><strong>ea</strong></span> 
     </span>
    </p>
   </div>
   <div class='ocr_carea' id='block_1_109' title="bbox 2140 4602 3067 4701">
    <p class='ocr_par' dir='ltr' id='par_1_109' title="bbox 2140 4602 3067 4701">
     <span class='ocr_line' id='line_1_111' title="bbox 2140 4602 3067 4701; baseline 0 0"><span class='ocrx_word' id='word_1_737' title='bbox 2140 4639 2194 4701; x_wconf 89' lang='lat' dir='ltr'><strong>D</strong></span> <span class='ocrx_word' id='word_1_738' title='bbox 2218 4602 2554 4701; x_wconf 52' lang='grc' dir='ltr'><strong>ν’ῗξεθὲηθέἷέὲ</strong></span> <span class='ocrx_word' id='word_1_739' title='bbox 2577 4607 2825 4701; x_wconf 44' lang='lat' dir='ltr'><strong>“filiam</strong></span> <span class='ocrx_word' id='word_1_740' title='bbox 2850 4602 3067 4701; x_wconf 62' lang='grc' dir='ltr'><strong>’ῗίίῗξέἷς</strong></span> 
     </span>
    </p>
   </div>
   <div class='ocr_carea' id='block_1_110' title="bbox 2291 4664 3817 4742">
    <p class='ocr_par' dir='ltr' id='par_1_110' title="bbox 2291 4664 3817 4742">
     <span class='ocr_line' id='line_1_112' title="bbox 2291 4664 3817 4742; baseline -0.006 -12"><span class='ocrx_word' id='word_1_741' title='bbox 2291 4673 2358 4709; x_wconf 70' lang='grc'><strong>’⁵⁸⁷</strong></span> <span class='ocrx_word' id='word_1_742' title='bbox 2391 4675 2571 4730; x_wconf 73' lang='grc' dir='ltr'><strong>Εριετ.</strong></span> <span class='ocrx_word' id='word_1_743' title='bbox 2616 4664 2858 4739; x_wconf 46' lang='grc' dir='ltr'>ιιὶιμ-</span> <span class='ocrx_word' id='word_1_744' title='bbox 2886 4673 2927 4728; x_wconf 87' lang='grc' dir='ltr'><strong>Ι.</strong></span> <span class='ocrx_word' id='word_1_745' title='bbox 2966 4672 3131 4742; x_wconf 86' lang='lat' dir='ltr'><strong>[Iujus</strong></span> <span class='ocrx_word' id='word_1_746' title='bbox 3178 4669 3439 4742; x_wconf 51' lang='lat' dir='ltr'><strong>Epistolas</strong></span> <span class='ocrx_word' id='word_1_747' title='bbox 3458 4664 3817 4742; x_wconf 70' lang='lat' dir='ltr'><strong>primaeditio</strong></span> 
     </span>
    </p>
   </div>
   <div class='ocr_carea' id='block_1_111' title="bbox 2220 4736 3816 4817">
    <p class='ocr_par' dir='ltr' id='par_1_111' title="bbox 2220 4736 3816 4817">
     <span class='ocr_line' id='line_1_113' title="bbox 2220 4736 3816 4817; baseline -0.005 -19"><span class='ocrx_word' id='word_1_748' title='bbox 2220 4744 2448 4801; x_wconf 85' lang='lat' dir='ltr'><strong>debetur</strong></span> <span class='ocrx_word' id='word_1_749' title='bbox 2476 4746 2701 4801; x_wconf 87' lang='lat' dir='ltr'><strong>Erasmo</strong></span> <span class='ocrx_word' id='word_1_750' title='bbox 2719 4787 2734 4812; x_wconf 90' lang='lat'><strong>,</strong></span> <span class='ocrx_word' id='word_1_751' title='bbox 2767 4736 2863 4817; x_wconf 72' lang='lat' dir='ltr'><strong>qui</strong></span> <span class='ocrx_word' id='word_1_752' title='bbox 2886 4744 3028 4799; x_wconf 87' lang='lat' dir='ltr'><strong>illam</strong></span> <span class='ocrx_word' id='word_1_753' title='bbox 3042 4736 3392 4817; x_wconf 28' lang='lat' dir='ltr'><strong>&#39;_ed-idittanno</strong></span> <span class='ocrx_word' id='word_1_754' title='bbox 3419 4739 3579 4794; x_wconf 72' lang='grc'><strong>1519.</strong></span> <span class='ocrx_word' id='word_1_755' title='bbox 3616 4736 3816 4817; x_wconf 52' lang='lat' dir='ltr'><strong>Verum</strong></span> 
     </span>
    </p>
   </div>
   <div class='ocr_carea' id='block_1_112' title="bbox 2219 4810 3819 4896">
    <p class='ocr_par' dir='ltr' id='par_1_112' title="bbox 2219 4810 3819 4896">
     <span class='ocr_line' id='line_1_114' title="bbox 2219 4810 3819 4896; baseline -0.002 -28"><span class='ocrx_word' id='word_1_756' title='bbox 2219 4817 2342 4896; x_wconf 83' lang='lat' dir='ltr'><strong>quia</strong></span> <span class='ocrx_word' id='word_1_757' title='bbox 2377 4810 2728 4896; x_wconf 56' lang='lat' dir='ltr'><strong>esstatextra</strong></span> <span class='ocrx_word' id='word_1_758' title='bbox 2768 4810 3013 4896; x_wconf 68' lang='lat' dir='ltr'><strong>drdinem</strong></span> <span class='ocrx_word' id='word_1_759' title='bbox 3043 4812 3421 4896; x_wconf 55' lang='lat' dir='ltr'><strong>Epistolarum,</strong></span> <span class='ocrx_word' id='word_1_760' title='bbox 3445 4819 3501 4864; x_wconf 90' lang='lat' dir='ltr'><strong>et</strong></span> <span class='ocrx_word' id='word_1_761' title='bbox 3540 4810 3819 4896; x_wconf 59' lang='lat' dir='ltr'><strong>positaest</strong></span> 
     </span>
    </p>
   </div>
   <div class='ocr_carea' id='block_1_113' title="bbox 2239 4877 3818 4958">
    <p class='ocr_par' dir='ltr' id='par_1_113' title="bbox 2239 4877 3818 4958">
     <span class='ocr_line' id='line_1_115' title="bbox 2239 4877 3818 4958; baseline -0.006 -19"><span class='ocrx_word' id='word_1_762' title='bbox 2239 4877 2355 4954; x_wconf 70' lang='lat' dir='ltr'><strong>post</strong></span> <span class='ocrx_word' id='word_1_763' title='bbox 2376 4888 2539 4942; x_wconf 88' lang='lat' dir='ltr'><strong>libros</strong></span> <span class='ocrx_word' id='word_1_764' title='bbox 2564 4886 3017 4949; x_wconf 83' lang='lat' dir='ltr'><strong>Testimoniorum,</strong></span> <span class='ocrx_word' id='word_1_765' title='bbox 3060 4877 3475 4958; x_wconf 74' lang='lat' dir='ltr'><strong>pbstEpistolas</strong></span> <span class='ocrx_word' id='word_1_766' title='bbox 3504 4877 3568 4934; x_wconf 82' lang='lat' dir='ltr'><strong>ad</strong></span> <span class='ocrx_word' id='word_1_767' title='bbox 3599 4877 3818 4958; x_wconf 45' lang='lat' dir='ltr'><strong>J_uh_a.ia-</strong></span> 
     </span>
    </p>
   </div>
   <div class='ocr_carea' id='block_1_114' title="bbox 2217 4947 3817 5027">
    <p class='ocr_par' dir='ltr' id='par_1_114' title="bbox 2217 4947 3817 5027">
     <span class='ocr_line' id='line_1_116' title="bbox 2217 4947 3817 5027; baseline -0.002 -17"><span class='ocrx_word' id='word_1_768' title='bbox 2217 4947 2344 5012; x_wconf 80' lang='lat' dir='ltr'><strong>tium</strong></span> <span class='ocrx_word' id='word_1_769' title='bbox 2375 4967 2431 5013; x_wconf 88' lang='lat' dir='ltr'><strong>et</strong></span> <span class='ocrx_word' id='word_1_770' title='bbox 2471 4958 2538 5012; x_wconf 91' lang='lat' dir='ltr'><strong>ad</strong></span> <span class='ocrx_word' id='word_1_771' title='bbox 2589 4959 2920 5027; x_wconf 85' lang='lat' dir='ltr'><strong>Pompeium,</strong></span> <span class='ocrx_word' id='word_1_772' title='bbox 2976 4947 3563 5027; x_wconf 40' lang='lat' dir='ltr'><strong>n&#39;0t&#39;i_a_nitnadvertens</strong></span> <span class='ocrx_word' id='word_1_773' title='bbox 3614 4947 3817 5027; x_wconf 56' lang='lat' dir='ltr'><strong>Eclgius</strong></span> 
     </span>
    </p>
   </div>
   <div class='ocr_carea' id='block_1_115' title="bbox 2217 5018 3816 5094">
    <p class='ocr_par' dir='ltr' id='par_1_115' title="bbox 2217 5018 3816 5094">
     <span class='ocr_line' id='line_1_117' title="bbox 2217 5018 3816 5094; baseline -0.007 -14"><span class='ocrx_word' id='word_1_774' title='bbox 2217 5028 2362 5082; x_wconf 91' lang='lat' dir='ltr'><strong>illam</strong></span> <span class='ocrx_word' id='word_1_775' title='bbox 2407 5042 2529 5083; x_wconf 90' lang='lat' dir='ltr'><strong>esse</strong></span> <span class='ocrx_word' id='word_1_776' title='bbox 2572 5018 2739 5084; x_wconf 60' lang='lat' dir='ltr'><strong>extra&#39;</strong></span> <span class='ocrx_word' id='word_1_777' title='bbox 2767 5018 3046 5082; x_wconf 83' lang='lat' dir='ltr'><strong>numerum</strong></span> <span class='ocrx_word' id='word_1_778' title='bbox 3075 5024 3469 5094; x_wconf 75' lang='lat' dir='ltr'><strong>Epistolarum,</strong></span> <span class='ocrx_word' id='word_1_779' title='bbox 3520 5036 3640 5076; x_wconf 91' lang='lat' dir='ltr'><strong>cum</strong></span> <span class='ocrx_word' id='word_1_780' title='bbox 3672 5018 3816 5080; x_wconf 73' lang='lat' dir='ltr'><strong>illius</strong></span> 
     </span>
    </p>
   </div>
   <div class='ocr_carea' id='block_1_116' title="bbox 2217 5092 3817 5168">
    <p class='ocr_par' dir='ltr' id='par_1_116' title="bbox 2217 5092 3817 5168">
     <span class='ocr_line' id='line_1_118' title="bbox 2217 5092 3817 5168; baseline -0.006 -16"><span class='ocrx_word' id='word_1_781' title='bbox 2217 5099 2491 5168; x_wconf 81' lang='lat' dir='ltr'><strong>exemplar</strong></span> <span class='ocrx_word' id='word_1_782' title='bbox 2516 5098 2760 5164; x_wconf 89' lang='lat' dir='ltr'><strong>haberet,</strong></span> <span class='ocrx_word' id='word_1_783' title='bbox 2794 5114 2860 5153; x_wconf 83' lang='lat' dir='ltr'><strong>ex</strong></span> <span class='ocrx_word' id='word_1_784' title='bbox 2892 5113 2954 5152; x_wconf 88' lang='lat' dir='ltr'><strong>ea</strong></span> <span class='ocrx_word' id='word_1_785' title='bbox 2991 5092 3502 5168; x_wconf 75' lang='lat' dir='ltr'><strong>tamquam_iuedita</strong></span> <span class='ocrx_word' id='word_1_786' title='bbox 3533 5094 3817 5168; x_wconf 54' lang='lat' dir='ltr'><strong>fragmen-</strong></span> 
     </span>
    </p>
   </div>
   <div class='ocr_carea' id='block_1_117' title="bbox 2218 5163 3823 5238">
    <p class='ocr_par' dir='ltr' id='par_1_117' title="bbox 2218 5163 3823 5238">
     <span class='ocr_line' id='line_1_119' title="bbox 2218 5163 3823 5238; baseline -0.001 -15"><span class='ocrx_word' id='word_1_787' title='bbox 2218 5178 2327 5223; x_wconf 91' lang='lat' dir='ltr'><strong>tum</strong></span> <span class='ocrx_word' id='word_1_788' title='bbox 2354 5163 2530 5224; x_wconf 82' lang='lat' dir='ltr'><strong>attulit</strong></span> <span class='ocrx_word' id='word_1_789' title='bbox 2561 5172 2612 5228; x_wconf 88' lang='lat' dir='ltr'><strong>in</strong></span> <span class='ocrx_word' id='word_1_790' title='bbox 2639 5163 2778 5225; x_wconf 88' lang='lat' dir='ltr'><strong>libro</strong></span> <span class='ocrx_word' id='word_1_791' title='bbox 2815 5186 2873 5236; x_wconf 91' lang='grc' dir='ltr'>ιι,</span> <span class='ocrx_word' id='word_1_792' title='bbox 2903 5182 3035 5238; x_wconf 79' lang='lat' dir='ltr'><strong>cap.</strong></span> <span class='ocrx_word' id='word_1_793' title='bbox 3068 5163 3137 5230; x_wconf 64' lang='grc' dir='ltr'>ιζ</span> <span class='ocrx_word' id='word_1_794' title='bbox 3164 5168 3231 5222; x_wconf 90' lang='lat' dir='ltr'><strong>de</strong></span> <span class='ocrx_word' id='word_1_795' title='bbox 3259 5165 3496 5238; x_wconf 82' lang='lat' dir='ltr'><strong>Primatu</strong></span> <span class='ocrx_word' id='word_1_796' title='bbox 3532 5163 3689 5238; x_wconf 71' lang='lat' dir='ltr'><strong>Papa:</strong></span> <span class='ocrx_word' id='word_1_797' title='bbox 3710 5205 3727 5230; x_wconf 94' lang='lat'><strong>,</strong></span> <span class='ocrx_word' id='word_1_798' title='bbox 3767 5175 3823 5221; x_wconf 91' lang='lat' dir='ltr'><strong>et</strong></span> 
     </span>
    </p>
   </div>
   <div class='ocr_carea' id='block_1_118' title="bbox 2215 5233 3819 5310">
    <p class='ocr_par' dir='ltr' id='par_1_118' title="bbox 2215 5233 3819 5310">
     <span class='ocr_line' id='line_1_120' title="bbox 2215 5233 3819 5310; baseline -0.001 -17"><span class='ocrx_word' id='word_1_799' title='bbox 2215 5240 2459 5309; x_wconf 53' lang='lat' dir='ltr'><strong>quaedam</strong></span> <span class='ocrx_word' id='word_1_800' title='bbox 2503 5241 2619 5310; x_wconf 86' lang='lat' dir='ltr'><strong>ejus</strong></span> <span class='ocrx_word' id='word_1_801' title='bbox 2663 5240 2822 5295; x_wconf 88' lang='lat' dir='ltr'><strong>verba</strong></span> <span class='ocrx_word' id='word_1_802' title='bbox 2861 5233 3122 5310; x_wconf 66' lang='lat' dir='ltr'><strong>describit</strong></span> <span class='ocrx_word' id='word_1_803' title='bbox 3160 5253 3229 5295; x_wconf 74' lang='lat' dir='ltr'><strong>ex</strong></span> <span class='ocrx_word' id='word_1_804' title='bbox 3272 5237 3406 5310; x_wconf 81' lang='lat' dir='ltr'><strong>libro</strong></span> <span class='ocrx_word' id='word_1_805' title='bbox 3454 5250 3489 5288; x_wconf 92' lang='grc' dir='ltr'><strong>ιι</strong></span> <span class='ocrx_word' id='word_1_806' title='bbox 3529 5233 3819 5310; x_wconf 72' lang='lat' dir='ltr'><strong>Atigustini</strong></span> 
     </span>
    </p>
   </div>
   <div class='ocr_carea' id='block_1_119' title="bbox 2216 5305 3879 5379">
    <p class='ocr_par' dir='ltr' id='par_1_119' title="bbox 2216 5305 3879 5379">
     <span class='ocr_line' id='line_1_121' title="bbox 2216 5305 3879 5379; baseline 0.001 -16"><span class='ocrx_word' id='word_1_807' title='bbox 2216 5305 2395 5365; x_wconf 80' lang='lat' dir='ltr'><strong>contra</strong></span> <span class='ocrx_word' id='word_1_808' title='bbox 2424 5305 2744 5376; x_wconf 55' lang='lat' dir='ltr'><strong>Don&#39;atistas,</strong></span> <span class='ocrx_word' id='word_1_809' title='bbox 2775 5326 2894 5379; x_wconf 91' lang='lat' dir='ltr'><strong>cap.</strong></span> <span class='ocrx_word' id='word_1_810' title='bbox 2928 5311 2979 5363; x_wconf 80' lang='lat' dir='ltr'><strong>I.</strong></span> <span class='ocrx_word' id='word_1_811' title='bbox 3007 5307 3323 5379; x_wconf 85' lang='lat' dir='ltr'><strong>Emendavi</strong></span> <span class='ocrx_word' id='word_1_812' title='bbox 3347 5307 3490 5361; x_wconf 90' lang='lat' dir='ltr'><strong>illam</strong></span> <span class='ocrx_word' id='word_1_813' title='bbox 3518 5305 3813 5364; x_wconf 84' lang='lat' dir='ltr'><strong>collatione</strong></span> <span class='ocrx_word' id='word_1_814' title='bbox 3878 5324 3879 5327; x_wconf 77' lang='lat'>‘</span> 
     </span>
    </p>
   </div>
   <div class='ocr_carea' id='block_1_120' title="bbox 2216 5378 3380 5449">
    <p class='ocr_par' dir='ltr' id='par_1_120' title="bbox 2216 5378 3380 5449">
     <span class='ocr_line' id='line_1_122' title="bbox 2216 5378 3380 5449; baseline -0.001 -15"><span class='ocrx_word' id='word_1_815' title='bbox 2216 5380 2353 5437; x_wconf 79' lang='lat' dir='ltr'><strong>facta</strong></span> <span class='ocrx_word' id='word_1_816' title='bbox 2381 5397 2501 5437; x_wconf 90' lang='lat' dir='ltr'><strong>cum</strong></span> <span class='ocrx_word' id='word_1_817' title='bbox 2519 5382 2794 5438; x_wconf 77' lang='lat' dir='ltr'><strong>sexdecim</strong></span> <span class='ocrx_word' id='word_1_818' title='bbox 2823 5378 3098 5436; x_wconf 86' lang='lat' dir='ltr'><strong>eodicibus</strong></span> <span class='ocrx_word' id='word_1_819' title='bbox 3123 5378 3380 5449; x_wconf 84' lang='lat' dir='ltr'><strong>antiquis.</strong></span> 
     </span>
    </p>
   </div>
   <div class='ocr_carea' id='block_1_121' title="bbox 2290 5447 3813 5523">
    <p class='ocr_par' dir='ltr' id='par_1_121' title="bbox 2290 5447 3813 5523">
     <span class='ocr_line' id='line_1_123' title="bbox 2290 5447 3813 5523; baseline 0 -17"><span class='ocrx_word' id='word_1_820' title='bbox 2290 5451 2480 5517; x_wconf 81' lang='lat' dir='ltr'><strong>Quinto</strong></span> <span class='ocrx_word' id='word_1_821' title='bbox 2509 5454 2678 5523; x_wconf 81' lang='lat' dir='ltr'><strong>fratri.</strong></span> <span class='ocrx_word' id='word_1_822' title='bbox 2738 5453 3059 5522; x_wconf 84' lang='lat' dir='ltr'><strong>Episcopum</strong></span> <span class='ocrx_word' id='word_1_823' title='bbox 3088 5447 3268 5506; x_wconf 80' lang='lat' dir='ltr'><strong>fuisse</strong></span> <span class='ocrx_word' id='word_1_824' title='bbox 3283 5449 3337 5504; x_wconf 90' lang='lat' dir='ltr'><strong>in</strong></span> <span class='ocrx_word' id='word_1_825' title='bbox 3370 5447 3688 5506; x_wconf 72' lang='lat' dir='ltr'><strong>Mauritania</strong></span> <span class='ocrx_word' id='word_1_826' title='bbox 3715 5448 3813 5506; x_wconf 89' lang='lat' dir='ltr'><strong>do-</strong></span> 
     </span>
    </p>
   </div>
   <div class='ocr_carea' id='block_1_122' title="bbox 2214 5523 2872 5594">
    <p class='ocr_par' dir='ltr' id='par_1_122' title="bbox 2214 5523 2872 5594">
     <span class='ocr_line' id='line_1_124' title="bbox 2214 5523 2872 5594; baseline -0.003 -16"><span class='ocrx_word' id='word_1_827' title='bbox 2214 5523 2356 5594; x_wconf 80' lang='lat' dir='ltr'><strong>cebit</strong></span> <span class='ocrx_word' id='word_1_828' title='bbox 2378 5538 2608 5594; x_wconf 86' lang='lat' dir='ltr'><strong>sequens</strong></span> <span class='ocrx_word' id='word_1_829' title='bbox 2627 5524 2872 5594; x_wconf 86' lang='lat' dir='ltr'><strong>epistola.</strong></span> 
     </span>
    </p>
   </div>
   <div class='ocr_carea' id='block_1_123' title="bbox 2283 5589 3814 5665">
    <p class='ocr_par' dir='ltr' id='par_1_123' title="bbox 2283 5589 3814 5665">
     <span class='ocr_line' id='line_1_125' title="bbox 2283 5589 3814 5665; baseline -0.001 -18"><span class='ocrx_word' id='word_1_830' title='bbox 2283 5589 2560 5650; x_wconf 82' lang='lat' dir='ltr'><strong>Luciunus.</strong></span> <span class='ocrx_word' id='word_1_831' title='bbox 2617 5589 2769 5649; x_wconf 85' lang='lat' dir='ltr'><strong>Illum</strong></span> <span class='ocrx_word' id='word_1_832' title='bbox 2797 5610 2897 5665; x_wconf 87' lang='lat' dir='ltr'><strong>ego</strong></span> <span class='ocrx_word' id='word_1_833' title='bbox 2923 5609 3046 5650; x_wconf 88' lang='lat' dir='ltr'><strong>esse</strong></span> <span class='ocrx_word' id='word_1_834' title='bbox 3078 5603 3208 5664; x_wconf 91' lang='lat' dir='ltr'><strong>puto</strong></span> <span class='ocrx_word' id='word_1_835' title='bbox 3234 5589 3567 5665; x_wconf 75' lang='lat' dir='ltr'><strong>quiscripsit</strong></span> <span class='ocrx_word' id='word_1_836' title='bbox 3595 5591 3814 5665; x_wconf 80' lang='lat' dir='ltr'><strong>Episto-</strong></span> 
     </span>
    </p>
   </div>
   <div class='ocr_carea' id='block_1_124' title="bbox 2209 5661 3816 5789">
    <p class='ocr_par' dir='ltr' id='par_1_124' title="bbox 2209 5661 3816 5789">
     <span class='ocr_line' id='line_1_126' title="bbox 2209 5661 3816 5789; baseline 0.001 -71"><span class='ocrx_word' id='word_1_837' title='bbox 2209 5663 2414 5789; x_wconf 70' lang='lat' dir='ltr'><strong>Iaslxw</strong></span> <span class='ocrx_word' id='word_1_838' title='bbox 2455 5674 2509 5719; x_wconf 91' lang='lat' dir='ltr'><strong>et</strong></span> <span class='ocrx_word' id='word_1_839' title='bbox 2553 5681 2664 5733; x_wconf 77' lang='lat' dir='ltr'><strong>xxi,</strong></span> <span class='ocrx_word' id='word_1_840' title='bbox 2705 5661 2858 5736; x_wconf 78' lang='lat' dir='ltr'><strong>cujus</strong></span> <span class='ocrx_word' id='word_1_841' title='bbox 2887 5666 3051 5721; x_wconf 87' lang='lat' dir='ltr'><strong>etiam</strong></span> <span class='ocrx_word' id='word_1_842' title='bbox 3081 5661 3285 5719; x_wconf 83' lang='lat' dir='ltr'><strong>mentio</strong></span> <span class='ocrx_word' id='word_1_843' title='bbox 3320 5661 3545 5717; x_wconf 87' lang='lat' dir='ltr'><strong>habetur</strong></span> <span class='ocrx_word' id='word_1_844' title='bbox 3592 5661 3657 5719; x_wconf 82' lang='lat' dir='ltr'><strong>in</strong></span> <span class='ocrx_word' id='word_1_845' title='bbox 3689 5663 3816 5735; x_wconf 82' lang='lat' dir='ltr'><strong>Epi-</strong></span> 
     </span>
     <span class='ocr_line' id='line_1_127' title="bbox 2209 5744 2508 5789; baseline 0 0"><span class='ocrx_word' id='word_1_846' title='bbox 2209 5744 2294 5789; x_wconf 85' lang='lat' dir='ltr'><strong>sto</strong></span> <span class='ocrx_word' id='word_1_847' title='bbox 2318 5750 2346 5789; x_wconf 90' lang='lat' dir='ltr'><strong>a</strong></span> <span class='ocrx_word' id='word_1_848' title='bbox 2377 5750 2508 5789; x_wconf 74' lang='grc' dir='ltr'>χιιι.</span> 
     </span>
    </p>
   </div>
   <div class='ocr_carea' id='block_1_125' title="bbox 2208 5744 2508 5790">
    <p class='ocr_par' dir='ltr' id='par_1_125' title="bbox 2208 5744 2508 5790">
     <span class='ocr_line' id='line_1_128' title="bbox 2208 5744 2508 5790; baseline 0.003 -1"><span class='ocrx_word' id='word_1_849' title='bbox 2208 5744 2346 5790; x_wconf 87' lang='lat' dir='ltr'><strong>stola</strong></span> <span class='ocrx_word' id='word_1_850' title='bbox 2377 5750 2508 5790; x_wconf 75' lang='lat' dir='ltr'><strong>XXII.</strong></span> 
     </span>
    </p>
   </div>
   <div class='ocr_carea' id='block_1_126' title="bbox 2280 5802 3627 5879">
    <p class='ocr_par' dir='ltr' id='par_1_126' title="bbox 2280 5802 3627 5879">
     <span class='ocr_line' id='line_1_129' title="bbox 2280 5802 3627 5879; baseline -0.004 -18"><span class='ocrx_word' id='word_1_851' title='bbox 2280 5804 2347 5861; x_wconf 86' lang='lat' dir='ltr'><strong>In</strong></span> <span class='ocrx_word' id='word_1_852' title='bbox 2371 5807 2606 5865; x_wconf 88' lang='lat' dir='ltr'><strong>concilio.</strong></span> <span class='ocrx_word' id='word_1_853' title='bbox 2636 5806 2773 5864; x_wconf 79' lang='lat' dir='ltr'><strong>Vide</strong></span> <span class='ocrx_word' id='word_1_854' title='bbox 2802 5808 3093 5879; x_wconf 88' lang='lat' dir='ltr'><strong>Epistolam</strong></span> <span class='ocrx_word' id='word_1_855' title='bbox 3129 5821 3228 5861; x_wconf 64' lang='lat' dir='ltr'><strong>1.3x</strong></span> <span class='ocrx_word' id='word_1_856' title='bbox 3254 5802 3320 5860; x_wconf 87' lang='lat' dir='ltr'><strong>ad</strong></span> <span class='ocrx_word' id='word_1_857' title='bbox 3347 5802 3627 5861; x_wconf 83' lang='lat' dir='ltr'><strong>Numidas.</strong></span> 
     </span>
    </p>
   </div>
  </div>
