4332 6292
423 359 534 419 409

1771 353 2107 415 EPISTOLA
2142 353 2331 415 LXXI.

3613 354 3718 419 HO

420 477 601 533 rimus
621 482 679 529 ut
704 470 1151 542 scires,ejusdem
1167 470 1405 542 epistolae
1424 470 1726 542 exemplum
1753 472 1844 527 tibi
1869 472 2013 527 misi.
2042 471 2096 533 Α
2120 487 2257 543 quos
2287 480 2414 528 tunc
2440 478 2641 539 tamen,
2678 471 2746 527 ad
2766 471 3059 530 Ecclesium
3096 481 3430 530 revertentes
3458 481 3513 530 et
3539 476 3714 545 poeni-

428 567 621 623 Nescio
660 563 998 633 ctenimqua
1045 563 1463 633 praesumptione
1509 562 1777 617 ducuntur
1804 561 2023 633 quidam

432 660 502 715 de
528 658 752 729 eollegis
782 657 1002 721 nostris,
1035 665 1090 711 ut
1121 666 1308 726 putent
1352 670 1447 712 eos
1494 655 1585 725 qui
1636 646 2021 724 apud'haereti-

440 766 533 806 cos
588 760 614 787 ιι
665 749 811 805 tineti
856 757 1002 812 sunt,
1056 747 1266 817 quando
1302 748 1368 802 ad
1427 761 1526 801 nos
1576 747 1843 811 venerint,
1895 747 2026 816 bap-

436 845 585 899 tizari
622 858 728 897 non
770 848 1045 910 oportere,
1077 855 1143 895 eo
1186 840 1327 909 quod
1356 839 1536 894 dicant
1562 854 1721 893 unum
1755 838 2025 908 Baptisma

436 951 557 991 esse
588 950 603 987 :
634 932 777 1002 quod
829 947 990 986 unum
1037 930 1247 988 scilicet
1292 930 1412 987 ideo
1454 939 1558 999 est,
1606 931 1727 1001 quia
1782 930 2025 994 Ecclesia

436 1043 539 1083 una
598 1035 702 1094 est,
750 1036 805 1083 et
866 1041 986 1081 esse
1035 1025 1305 1095 Baptisma
1358 1033 1511 1081 extra
1563 1023 1862 1079 Ecclesium
1918 1041 2026 1078 non

438 1128 632 1191 potest.
662 1118 814 1184 Nam,
851 1132 972 1181 cum
1015 1117 1122 1172 duo
1144 1118 1461 1187 baptismata
1490 1132 1610 1173 esse
1658 1133 1762 1171 non
1797 1117 2023 1187 possint,

438 1214 484 1269 si
512 1211 748 1267 haeretici
795 1224 920 1265 vere
948 1209 1240 1280 baptizant,
1282 1209 1385 1277 ipsi
1431 1208 1627 1264 habent
1656 1210 1940 1279 baptisma.
1962 1209 2027 1264 Et

439 1305 528 1372 qui
580 1301 682 1357 hoc
736 1301 840 1357 illis
893 1301 1244 1368 patrocinium
1296 1299 1365 1354 de
1395 1299 1712 1354 auctoritate
1761 1315 1854 1354 sua
1888 1315 2026 1369 prm-

438 1402 561 1456 stat,
613 1393 758 1449 cedit
796 1393 903 1447 illis
948 1402 1003 1447 et
1055 1393 1323 1447 consentit
1371 1400 1428 1446 ut
1473 1390 1643 1447 hostis
1671 1402 1725 1447 et
1773 1392 2031 1446 adversa-

438 1486 550 1542 rius
588 1484 790 1541 Christi
833 1484 1034 1540 habere
1070 1483 1312 1539 videatur
1352 1482 1603 1539 abluendi
1631 1492 1686 1538 et
1713 1482 2027 1555 purificandi

438 1586 490 1632 et
519 1576 888 1632 sanctiﬁcandi
939 1576 1171 1631 hominis
1208 1585 1550 1647 potestatem.
1600 1576 1708 1632 Nos
1733 1587 1909 1633 autem
1940 1576 2026 1632 di-

438 1669 610 1723 cimus
656 1683 751 1722 eos
803 1668 891 1738 qui
937 1667 1061 1723 inde
1105 1669 1325 1723 veniunt
1368 1684 1474 1723 non
1526 1668 1845 1737 rebaptizari
1885 1666 2027 1738 apud

441 1776 560 1829 nos,
589 1761 683 1815 sed
715 1762 984 1831 baptizari.
1018 1760 1202 1832 Neque
1224 1764 1368 1817 enim
1394 1762 1666 1830 accipiunt
1688 1761 1797 1816 illic
1828 1761 2025 1832 aliquid

2127 564 2344 618 tentiam
2386 572 2625 635 agentes,
2647 579 2871 621 necesse
2918 581 3024 621 non
3067 575 3185 622 erat
3226 566 3515 635 baptizare.
3559 565 3715 634 Quod

2126 669 2224 709 nos
2262 669 2475 725 quoque
2521 654 2680 710 hodie
2709 656 3079 722 observamus,
3137 666 3195 710 ut
3227 671 3362 726 quos
3387 667 3599 712 constet
3629 657 3719 713 hic

2126 746 2421 817 baptizatos
2451 762 2571 804 esse
2607 758 2663 804 et
2705 764 2736 803 a
2782 750 2937 804 nobis
2990 750 3057 805 ad
3103 749 3387 805 haereticos
3412 751 3710 819 trausiisse,

2126 841 2170 894 si
2202 840 2559 910 postmodum,
2592 850 2811 908 peccato
2838 855 2936 895 suo
2961 843 3174 912 cognito
3198 851 3249 896 et
3275 855 3459 896 errore
3482 841 3717 912 digesto,

2126 930 2193 986 ad
2234 932 2518 987 veritatem
2571 943 2625 986 et
2662 932 2940 986 matricem
2987 932 3228 998 redeant,
3261 933 3391 987 satis
3424 933 3494 986 sit
3524 933 3576 986 in
3604 948 3721 1002 po:-

2128 1023 2406 1078 nitentiam
2451 1040 2666 1077 manum
2715 1024 3028 1093 imponere;
3072 1033 3131 1078 ut
3171 1025 3292 1094 quia
3323 1024 3438 1078 ovis
3462 1023 3572 1093 jam
3604 1022 3723 1080 fne-

2128 1127 2210 1170 rat
2254 1126 2310 1182 ε,
2390 1119 2525 1171 hanc
2585 1133 2741 1172 ovem
2774 1117 3131 1173 abalienatam
3159 1126 3215 1172 et
3264 1117 3621 1173 errabundam
3667 1119 3721 1174 in

2128 1209 2268 1263 ovile
2317 1224 2470 1263 suum
2513 1221 2693 1279 pastor
2718 1211 2963 1279 recipiat.
3013 1211 3281 1267 Si-autem
3323 1212 3412 1281 qui
3442 1210 3511 1265 ab
3551 1210 3724 1267 haere-

2130 1300 2250 1356 ticis
2295 1303 2472 1367 venit,
2502 1303 2798 1373 baptizatus
2838 1304 2891 1358 in
2942 1304 3181 1360 Ecclesia
3235 1305 3382 1375 prius
3434 1319 3541 1361 non
3587 1304 3719 1374 fuit,

2129 1394 2223 1448 sed
2259 1396 2466 1450 alienus
2514 1396 2569 1450 in
2626 1405 2795 1451 totum
2839 1406 2894 1451 et
2932 1396 3195 1466 profanus
3248 1398 3413 1461 venit,
3445 1398 3722 1469 baptizau-

2129 1487 2229 1541 dus
2276 1499 2358 1543 est
2393 1498 2451 1543 ut
2476 1490 2591 1545 ovis
2630 1489 2741 1555 fiat,
2798 1491 2919 1561 quia
2953 1507 3055 1546 una
3096 1501 3180 1547 est
3211 1507 3348 1562 aqua
3380 1492 3432 1546 in
3481 1491 3721 1547 Ecclesia
3756 1522 3759 1525 ν

2130 1590 2309 1634 sancta
2336 1596 2456 1650 qua:
2482 1595 2614 1637 oves
2641 1580 2816 1637 faciat.
2838 1583 2905 1637 Et
2947 1582 3169 1650 idcirco,
3196 1584 3318 1653 quia
3367 1582 3501 1637 nihil
3548 1591 3735 1654 potest

2128 1684 2251 1725 esse
2313 1686 2597 1728 commune
2649 1672 2928 1727 mendacio
2982 1683 3037 1729 et
3086 1674 3325 1740 veritati,
3379 1674 3613 1730 tenebris
3669 1686 3723 1731 et

2130 1764 2256 1830 luci,
2301 1765 2459 1820 morti
2488 1774 2542 1821 et
2574 1765 2984 1831 immortalitati,
3037 1766 3357 1821 anticltristo
3394 1776 3449 1822 et
3480 1767 3718 1835 Christo,

440 1854 527 1908 ubi
568 1851 699 1906 nihil
734 1860 844 1917 est;
900 1853 993 1908 sed
1034 1854 1253 1909 veniunt
1295 1853 1363 1910 ad
1394 1869 1491 1908 nos
1521 1865 1578 1908 ut
1625 1855 1712 1908 hic
1754 1855 2024 1925 accipiant
2051 1860 2098 1919 B
2129 1871 2225 1925 per
2274 1857 2451 1911 omnia
2508 1856 2769 1912 debemus
2816 1856 3077 1912 Ecclesiae
3128 1856 3406 1912 catholicae
3460 1859 3721 1913 unitatem

434 1945 525 2000 ubi
566 1954 618 2000 et
647 1944 814 2013 gratia
860 1952 915 2001 et
955 1945 1153 2001 veritas
1202 1947 1382 2001 omnis
1433 1955 1538 2012 est,
1586 1947 1709 2016 quia
1748 1955 1802 2001 et
1829 1938 2024 2017 'gratia

435 2044 488 2090 et
514 2035 710 2090 veritas
758 2052 860 2090 una
905 2044 1007 2092 est.
1050 2036 1221 2092 Porro
1264 2046 1442 2093 autem
1469 2036 1684 2107 quidam
1711 2037 1778 2092 de
1806 2036 2029 2107 collegis

435 2132 633 2187 nostris
681 2131 890 2186 malunt
928 2130 1198 2187 haereticis
1234 2132 1493 2187 honorem
1522 2132 1652 2187 dare
1678 2147 1836 2203 quam
1872 2129 2029 2187 nobis

433 2222 769 2288 consentire;
827 2232 881 2278 et
905 2222 1054 2290 dum,
1085 2223 1238 2279 unius
1292 2223 1551 2293 Baptismi
1600 2224 2023 2291 asseveratione,

436 2314 705 2385 baptizare
749 2316 1026 2371 venientes
1078 2318 1292 2383 nolunt,
1318 2319 1397 2372 sic
1435 2327 1553 2399 aut.
1576 2317 1684 2373 duo
1704 2320 2025 2388 baptismata

436 2404 543 2474 ipsi
588 2406 810 2474 faciunt,
842 2407 971 2463 dum
1010 2416 1065 2464 et
1091 2409 1231 2479 apud
1284 2408 1572 2466 haereticos
1603 2410 1865 2481 baptisma
1904 2425 2028 2467 esse

435 2500 637 2566 dicunt,
694 2508 785 2554 aut
814 2510 995 2566 certe,
1042 2501 1183 2571 quod
1227 2511 1311 2556 est
1346 2503 1600 2573 gravius,
1647 2503 2026 2558 hzereticorum

436 2592 708 2649 sordidam
736 2601 789 2648 et
839 2589 1113 2660 profanam
1151 2577 1474 2648 tinctionem'
1505 2608 1633 2649 vero
1674 2605 1729 2650 et
1773 2598 1931 2651 unico
1974 2604 2030 2651 et

437 2686 673 2757 legitimo
727 2685 981 2740 Ecclesia:
1030 2684 1313 2739 catholicae
1392 2686 1665 2754 Baptismo
1712 2703 2028 2757 przeponere

436 2788 490 2833 et
529 2777 783 2847 praeferre
809 2774 1160 2842 contendunt,
1191 2789 1297 2829 non
1332 2775 1741 2833 considerantes
1768 2777 2027 2847 scriptum

435 2885 590 2926 esse:
636 2868 739 2933 Qui
789 2869 1075 2939 baptizatur
1101 2886 1134 2923 a
1161 2878 1391 2935 mortuo,
1431 2869 1555 2940 quid
1593 2872 1795 2940 proﬁcit
1842 2872 2030 2928 lavatio

434 2963 548 3032 eius
595 2960 623 2999 δ
669 2960 854 3033 (Eccti.
913 2976 1092 3028 xxxnv,
1149 2961 1281 3033 50)?
1325 2960 1662 3016 Manifestum
1718 2970 1802 3017 est
1850 2971 2027 3018 autem

435 3070 530 3112 eos
578 3054 670 3125 qui
721 3070 826 3109 non
854 3066 978 3110 sunt
1027 3054 1079 3109 itt
1125 3054 1366 3110 Ecclesia
1395 3053 1593 3110 Christi
1625 3057 1764 3111 inter
1786 3066 2031 3113 mortuos

436 3145 754 3218 computari,
784 3161 883 3201 nec
912 3160 1070 3216 posse
1093 3145 1161 3201 ab
1188 3160 1255 3200 eo
1276 3145 1533 3200 vivificari
1557 3146 1784 3202 alterum
1829 3148 1895 3178 ’³⁷
1940 3148 2029 3218 qui

2133 1956 2444 2014 tcnerc,nec
2469 1948 2523 2003 in
2548 1949 2725 2018 aliquo
2748 1948 2869 2005 fidei
2897 1959 2953 2004 et
2978 1948 3217 2005 veritatis
3243 1948 3487 2004 hostibus
3502 1951 3719 2006 cedere.

2201 2037 2288 2093 lli.
2331 2038 2446 2094 Non
2482 2050 2565 2095 est
2607 2050 2785 2095 autem
2835 2039 2903 2096 de
2944 2040 3337 2096 consuetudine
3366 2041 3723 2112 prmscriben-

2130 2130 2279 2197 dum,
2316 2133 2408 2187 sed
2443 2135 2648 2187 ratione
2679 2132 3017 2188 vincendum.
3044 2132 3178 2188 Nam
3206 2150 3305 2189 nec
3333 2135 3539 2201 l’clrus,
3564 2152 3722 2202 quem
3770 2126 3777 2141 ¹

2134 2225 2360 2294 ptitnutn
2410 2226 2662 2280 Dominus
2701 2227 2885 2296 elegit,
2932 2235 2988 2279 et
3032 2242 3189 2296 super
3241 2242 3396 2296 quem
3441 2227 3725 2282 mdilicavit

2129 2318 2427 2373 Ecclesiam
2462 2332 2634 2383 suam,
2684 2333 2806 2373 cum
2853 2332 3034 2373 secum
3091 2317 3287 2373 Paulus
3314 2317 3383 2372 de
3432 2318 3719 2389 οἱνοιιιιιείτ

2129 2412 2284 2465 sione
2310 2408 2648 2479 postmodum
2677 2409 3020 2479 disceptaret,
3054 2410 3344 2465 vindicavit
3369 2410 3470 2465 sibi
3516 2410 3717 2481 aliquid

2130 2503 2423 2558 insolenter
2469 2511 2563 2558 aut
2599 2512 2917 2573 arroganter
2962 2504 3275 2575 aSsumpsit,
3328 2514 3387 2559 ut
3413 2504 3615 2561 diceret
3664 2520 3724 2561 se

2131 2597 2418 2664 primatum
2459 2604 2641 2650 tenere
2668 2605 2722 2650 et
2746 2596 3109 2664 obtemperari
3135 2612 3165 2651 a
3206 2597 3434 2651 novellis
3462 2605 3516 2652 et
3545 2605 3725 2667 poste-

2130 2687 2204 2740 ris
2252 2686 2351 2740 sibi
2405 2690 2583 2756 potius
2619 2698 2891 2756 oportere.
2921 2686 3032 2743 Nec
3059 2688 3305 2758 despexit
3330 2687 3553 2743 Paulum
3582 2687 3725 2758 quod

2130 2776 2387 2831 Ecclesia:
2444 2778 2593 2846 prius
2645 2789 2956 2848 persecutor
3007 2779 3227 2845 fuisset,
3290 2779 3383 2834 sed
3440 2779 3724 2834 consilium

2130 2867 2375 2922 veritatis
2418 2867 2666 2933 admisit,
2716 2878 2770 2923 et
2798 2869 2995 2924 rationi
3042 2870 3293 2940 legitima:
3343 2884 3503 2941 quam
3531 2869 3728 2925 Paulus

2132 2956 2437 3013 vindicabat
2480 2956 2635 3014 facile
2678 2961 2954 3015 consensit
2977 2959 3120 3029 (Gal.
3165 2976 3224 3027 ll,
3268 2960 3383 3029 l4);
3432 2961 3725 3015 documen-

2135 3062 2243 3106 tum
2275 3050 2480 3107 scilicet
2509 3050 2665 3107 nobis
2685 3060 2739 3105 et
2761 3051 3064 3107 concordiae
3086 3061 3139 3107 et
3168 3053 3440 3123 patientia:
3462 3052 3723 3118 tribuens,
3741 3098 3761 3115 ,

2132 3151 2193 3197 ut
2212 3157 2317 3198 non
2336 3143 2679 3213 pertinaciter
2694 3152 2876 3198 nostra
2894 3158 3156 3209 amemus,
3184 3144 3280 3200 sed
3301 3160 3420 3215 quae
3439 3143 3726 3215 aliquando

436 3239 550 3308 ipse
578 3253 687 3293 non
737 3238 901 3304 vivat,
932 3237 1146 3310 quando
1174 3253 1280 3292 una
1323 3239 1394 3294 sit
1429 3238 1693 3306 Ecclesia,
1745 3256 1866 3310 quae
1904 3230 2099 3309 vitae'c
2133 3248 2162 3287 a
2205 3232 2458 3289 fratribus
2503 3243 2560 3291 et
2589 3234 2809 3305 collegis
2851 3236 3048 3290 nostris
3095 3234 3296 3290 utiliter
3341 3244 3396 3289 et
3439 3234 3727 3290 salubriter

436 3339 651 3387 aeternae
686 3324 929 3402 'gratiam
978 3341 1267 3387 consecuta
1314 3341 1369 3388 et
1405 3332 1536 3387 vivit
1582 3333 1635 3387 in
1680 3343 1940 3391 aeternum
1972 3345 2028 3392 et

437 3422 668 3478 vivificat
716 3423 809 3478 Dei
855 3424 1133 3494 populum.

508 3514 573 3570 ll.
615 3517 682 3571 Et
717 3515 901 3593 dicunt
951 3532 1011 3573 se
1063 3518 1114 3572 in
1151 3517 1255 3574 hoc
1300 3528 1538 3575 veterem
1583 3520 2024 3577 consuetudinem

438 3609 611 3677 sequi,
643 3609 856 3678 quando
881 3609 1020 3679 apud
1052 3620 1262 3666 veteres
1298 3610 1568 3668 haereseos
1594 3621 1648 3667 et
1673 3614 2028 3669 schismatum

437 3698 609 3774 prima
653 3697 828 3753 adhuc
870 3697 1068 3754 fuerint
1109 3700 1280 3768 initia,
1314 3710 1371 3756 ut
1400 3701 1453 3756 hi
1485 3701 1594 3756 illic
1618 3713 1801 3758 essent
1826 3705 1919 3774 qui
1958 3704 2030 3761 de

440 3772 677 3845 Ecclesia
722 3789 1064 3860 recedebant,
1113 3799 1168 3847 et
1198 3791 1283 3848 hic
1323 3792 1572 3863 baptizati
1603 3793 1753 3864 prius
1780 3772 2023 3866 fuerant;

2133 3318 2521 3397 suggeruntur,
2553 3327 2598 3381 si
2646 3326 2754 3381 sint
2808 3340 2931 3380 vera
2962 3334 3017 3382 et
3066 3324 3324 3395 legitima,
3381 3325 3494 3394 ipsa
3549 3325 3726 3395 potius

2132 3427 2314 3472 nostra
2370 3418 2626 3475 ducamus
2662 3415 2711 3471 ἀ.
2752 3417 2846 3473 Cui
2901 3417 2977 3473 rei
3032 3416 3225 3470 Paulus
3263 3429 3476 3486 quoque
3518 3414 3727 3486 prospi-

2134 3509 2303 3579 ciens,
2333 3520 2389 3565 et
2432 3510 2737 3566 concordiae
2759 3519 2814 3565 et
2863 3509 2979 3579 paci
3034 3506 3265 3563 fideliter
3315 3506 3640 3572 consulens,
3670 3508 3722 3560 in

2132 3604 2357 3676 cpistola
2392 3620 2488 3661 sua
2528 3606 2703 3675 posuit
2752 3604 2936 3659 dicens
2964 3619 2978 3657 :
3015 3600 3291 3670 PrOpheta:
3319 3609 3485 3655 autem
3517 3600 3620 3653 duo
3640 3606 3729 3653 aut

2132 3708 2231 3753 tres
2264 3698 2554 3767 loquantur,
2578 3706 2626 3750 ct
2655 3694 2822 3750 caeteri
2847 3693 3153 3748 eaantinent.
3185 3691 3249 3746 Si
3273 3698 3439 3744 autem
3466 3691 3557 3743 alii
3584 3705 3724 3743 reve-

2132 3798 2290 3851 latum
2302 3798 2456 3868 fuerit
2469 3794 2682 3863 sedenti,
2705 3793 2795 3848 ille
2810 3793 2956 3867 prior
2971 3799 3132 3847 taceat
3150 3787 3196 3861 (Ι
3223 3787 3345 3846 Cor.
3361 3803 3470 3859 XIV,
3494 3786 3588 3856 29,
3612 3785 3727 3859 50).

1678 3952 2063 4013 LECTIONES
2094 3950 2509 4011 VARIANTES.

500 4068 526 4098 ⁸
559 4068 619 4119 Et
641 4070 974 4120 schiSmaticos
997 4069 1126 4121 Lam.
1154 4067 1300 4120 Ebor.
1326 4067 1434 4121 ΝΟ.
1462 4069 1508 4118 1.
1551 4067 1677 4122 Bod.
1702 4066 1753 4118 2.

499 4127 528 4167 δ
560 4130 825 4183 Lavatione
852 4133 978 4185 Bod.
1036 4132 1078 4183 1.
1102 4130 1206 4182 Lin.

2195 4068 2219 4097 ο
2257 4065 2374 4117 Ovis
2410 4065 2570 4115 fuerat
2595 4064 2753 4116 Oxon.

2197 4132 2220 4159 °
2255 4127 2367 4192 Ipsa
2390 4128 2551 4192 potius
2571 4125 2920 4191 amplectamur
2951 4119 3076 4173 Thu.
3098 4120 3199 4173 Ista
3231 4121 3371 4173 Foss.

1669 4274 1913 4334 STEPH.
1955 4274 2227 4335 BALUZII
2264 4275 2492 4333 ΝΟΤᾸΕ.

514 4391 740 4464 Quidam
794 4393 856 4446 de
917 4392 1123 4464 collegis
1154 4435 1168 4460 ,
1214 4401 1273 4448 ut
1316 4392 1622 4450 Florentius
1667 4402 2024 4464 cognomento

438 4462 729 4534 Pupianus,
760 4471 818 4517 ut
845 4472 987 4534 patet
1010 4462 1074 4518 ei
1107 4463 1342 4531 Epistula
1390 4481 1511 4520 Lux
1545 4463 1612 4518 ad
1644 4462 1765 4519 eum
1796 4466 2017 4534 scripta.

510 4533 664 4602 Quod
692 4533 1079 4589 unum’scilicet.
1132 4534 1342 4589 Retinui
1364 4536 1650 4591 lectionem
1677 4533 1919 4605 quinque
1936 4550 2026 4591 ve-

2125 4393 2740 4534 c“igfoQuibaptizatur.
2774 4462 2930 4519 Hunc
2972 4476 3178 4534 merent
3229 4460 3461 4530 explicat
3509 4468 3727 4517 sanctus

2130 4534 2365 4607 Joannes
2390 4531 2810 4607 Chr'y'sostomus
2839 4533 2917 4607 in!
2945 4534 3108 4607 initio
3128 4531 3491 4607 Homilizegtn.
3514 4534 3588 4607 _iu_
3615 4534 3724 4607 pri-

436 4614 607 4661 tcrutn
637 4606 914 4671 librorum,
944 4620 1062 4675 qua:
1089 4605 1216 4660 ntihi
1242 4606 1444 4661 videtur
1468 4621 1587 4661 esse
1615 4602 1838 4675 optima.
1861 4606 2026 4662 Eras-
2050 4602 2105 4663 D
2130 4621 2270 4660 mam
2295 4606 2442 4660 Pattli
2468 4602 2761 4676 Epistulam
2788 4604 3186 4676 adCorinthios.
3216 4602 3589 4676 Yideﬁigztltii
3621 4602 3727 4676 ob-

436 4685 636 4747 muset
664 4676 749 4729 alii
782 4685 899 4745 post
922 4691 1044 4730 cum
1070 4686 1378 4747 posuerunt,
1412 4676 1546 4744 quod
1574 4693 1731 4731 unum
1756 4677 1946 4732 scilicet
1971 4678 2025 4732 in

435 4746 665 4800 Ecclesia
711 4747 978 4801 Catholica
1015 4757 1105 4801 est.
1140 4746 1267 4814 Qua:
1309 4746 1539 4803 Ecclesia
1567 4749 1611 4802 si
1641 4757 1712 4802 est
1746 4765 1876 4811 una,
1919 4764 2027 4803 esse

434 4828 573 4871 extra
628 4817 911 4891 Ecclesium
965 4816 1228 4891 Baptisma
1265 4836 1364 4873 non
1410 4829 1592 4891 potest.
1634 4818 1859 4887 Quidam
1900 4818 2022 4874 libri

435 4900 642 4957 vetet-cs
673 4888 867 4943 habent
896 4898 1076 4957 praeter
1106 4887 1403 4944 Ecclesium.

504 4956 623 5013 Duo
649 4956 972 5029 baptismata.
1032 4958 1305 5015 Editiones
1335 4962 1538 5016 Erasmi
1570 4970 1624 5016 et
1660 4959 1881 5016 Morellii
1924 4961 2021 5016 ad-

434 5027 565 5082 dunt
600 5040 689 5082 aut
714 5027 909 5084 ‘multa.
951 5029 1149 5084 Verum
1177 5046 1240 5085 ea
1281 5031 1475 5087 desunt
1513 5032 1564 5085 iu
1610 5031 2019 5087 auatuordecitn

437 5099 584 5152 libris
614 5101 903 5156 veteribus.
941 5100 1215 5155 Habentur
1244 5112 1420 5157 tamen
1444 5103 1495 5157 iu
1516 5099 1850 5157 Corbeiensi.
1880 5102 2017 5158 Ara-

436 5178 520 5245 tor
542 5171 631 5223 lib.
663 5187 700 5225 ιι
726 5176 967 5245 Acutum
988 5172 1453 5245 Apostolicorutu:
1488 5172 1623 5239 Quid
1647 5172 2023 5245 gentiliuutBa-

433 5242 618 5309 ptisma
642 5243 785 5312 cupis
814 5241 1056 5313 simulare
1106 5243 1343 5313 profana.
1392 5241 1748 5311 Optatusflib.
1775 5260 1791 5297 ι
1820 5260 1833 5296 :
1872 5242 2021 5298 Vides

433 5328 581 5381 ergo,
613 5317 799 5384 [ratrer
836 5311 1211 5384 Parmenione,
1247 5314 1509 5369 haereticos
1546 5332 1579 5368 a
1612 5315 1760 5369 domo
1798 5314 2020 5369 veritatis

433 5383 656 5458 extorres
682 5384 818 5438 solos
848 5383 1207 5458 liabere‘varia
1227 5395 1271 5438 et
1300 5387 1433 5458 falsa
1462 5386 1763 5456 baptismata
1785 5426 1799 5449 ,
1838 5385 2019 5458 quibus

431 5453 725 5525 inquinatus
768 5470 869 5508 non
919 5453 1347 5525 possitﬂabluere,
1378 5453 1670 5511 immundus
1716 5453 2013 5521 emundare,

431 5524 789 5592 supplantator
824 5524 1037 5591 erigere.
1077 5524 1179 5581 Ubi
1221 5543 1377 5582 nemo
1408 5543 1513 5582 non
1549 5526 1693 5583 videt
1731 5525 2015 5596 legendum

433 5608 556 5665 esse
582 5596 959 5665 supplantutus.

506 5662 688 5719 Hostis
723 5674 769 5719 et
804 5667 1143 5723 adversarius.
1197 5667 1285 5722 Sic
1315 5668 1647 5723 reslituimus
1673 5667 1814 5722 hunc
1842 5668 2043 5721 locutu

433 5749 533 5806 pro
553 5750 620 5789 eo
645 5737 785 5806 quod
813 5738 932 5792 alia:
953 5737 1215 5794 editiones
1240 5739 1436 5797 habent
1465 5742 1628 5793 hostes
1650 5751 1695 5793 et
1717 5739 2016 5804 adversarii,

433 5804 558 5876 quia
585 5804 671 5862 ita
689 5809 945 5880 scriptum
982 5809 1214 5867 vidimus
1243 5811 1295 5867 itt
1324 5809 1573 5867 omnibus
1603 5811 1835 5880 antiquis
1867 5808 2017 5868 codi-

2132 4677 2465 4733 scrva‘tiones
2508 4671 2574 4730 ad
2626 4678 2820 4731 librum
2866 4674 3180 4729 Tertulliani
3228 4672 3295 4727 de
3343 4671 3730 4726 Rcsurrcctioue

2129 4749 2331 4812 carnis,
2388 4747 2836 4813 ChriStophorum
2870 4744 3150 4800 Justellutn
3196 4746 3250 4798 in
3284 4745 3423 4798 notis
3452 4744 3516 4795 ad
3557 4741 3725 4797 Cano-

2127 4835 2242 4873 nem
2275 4835 2349 4873 xu
2376 4819 2557 4889 synodi
2588 4818 2937 4889 Antiochenm,
2961 4814 3721 4889 FriderieuntSpanhetnitnn

2126 4898 2180 4945 et
2204 4885 2464 4945 Joannem
2495 4888 2825 4944 Harduinum
2860 4887 2911 4939 in
2941 4885 3405 4941 dissertationibus
3427 4901 3560 4953 quas
3585 4885 3726 4939 etni-

2125 4970 2312 5016 serunt
2336 4962 2398 5014 de
2425 4958 2691 5029 Baptismo
2724 4974 2815 5025 pro
2840 4957 3071 5029 mortuis.
3096 4955 3417 5029 Videetiaut
3451 4955 3724 5025 pra:fatio«

2123 5046 2245 5086 nem
2270 5026 2538 5085 Atnboesii
2561 5029 2628 5082 ad
2654 5028 3000 5093 Abwtardum,
3032 5042 3151 5098 pag.
3182 5026 3274 5082 24.

2200 5100 2710 5156 ll.—Abalienatam.
2733 5099 2866 5154 Tres
2892 5099 3013 5153 libri
3036 5097 3261 5154 veteres
3290 5097 3490 5151 habent
3518 5098 3724 5166 abigen-

2125 5182 2246 5236 tam,
2283 5179 2407 5225 octo
2446 5170 2535 5225 alii
2578 5169 2848 5240 abjectam,
2894 5170 3031 5223 alius
3073 5169 3325 5240 abactam,
3376 5183 3512 5240 unus
3544 5169 3723 5240 regios

2122 5243 2371 5313 abjectum
2412 5251 2458 5313 et
2513 5238 2892 5296 treniebundam
2933 5241 2988 5295 in
3038 5238 3184 5295 ovile.
3237 5238 3505 5309 Rigaltius
3549 5239 3720 5308 magis
3800 5294 3804 5299 ,

2122 5312 2314 5383 prohat
2341 5312 2646 5383 abigeatam.

2192 5383 2278 5439 Ill.
2313 5412 2382 5423 -—-
2420 5378 2560 5435 Nam
2573 5398 2664 5437 nec
2692 5381 2897 5437 Petrus.
2917 5378 3098 5437 Refert
3141 5379 3283 5435 hunc
3306 5380 3478 5434 locum
3502 5387 3719 5434 sanctus

2120 5455 2446 5580 augustinus
2459 5453 2512 5507 in
2530 5453 2683 5510 initio
2708 5453 2830 5508 libri
2846 5450 3065 5509 secundi
3081 5450 3143 5506 de
3162 5449 3428 5522 Baptismo
3457 5450 3719 5506 adversus

2171 5533 2446 5580 ouattstas.

2171 5524 2446 5580 ouatistas.

2196 5595 2266 5650 Se
2291 5595 2561 5665 primatum
2587 5603 2777 5665 tenere:
2831 5593 2887 5647 lu
2916 5584 3238 5663 glossemate
3269 5593 3386 5665 libri
3415 5593 3477 5665 tle
3498 5590 3722 5665 rUltilltlc

2125 5662 2365 5720 Ecclesia:
2394 5680 2413 5719 :
2450 5663 2707 5721 Primutus
2743 5663 2899 5720 Petro
2926 5662 3079 5718 datur
3101 5674 3155 5716 ut
3184 5680 3287 5717 una
3318 5662 3505 5717 Christi
3535 5662 3741 5716 Eccle»

2122 5738 2200 5792 sia
2226 5745 2273 5789 ct
2302 5752 2405 5790 una
2429 5733 2687 5792 Cathedra
2716 5753 2824 5793 esse
2856 5744 3181 5792 monstretur.
3220 5733 3356 5792 Vide
3385 5734 3492 5790 illic
3527 5737 3719 5791 obser-

2125 5807 2365 5866 vationes
2399 5805 2638 5879 Rigaltii.
