4332 6292
397 430 509 497 M3

474 663 586 702 sum
612 661 729 718 cap.
761 645 834 700 25
862 664 875 700 :
900 664 921 698 ι
955 645 1079 700 lam
1125 643 1219 701 illa
1259 658 1373 717 qua:
1402 649 1454 705 iu
1481 646 1799 718 Stephanum
1837 648 1998 703 iratus

472 738 657 806 effudit
704 746 982 792 retracto"
1021 738 1163 806 nolo,
1214 740 1337 809 quia
1381 749 1428 794 et
1480 755 1608 807 opus
1637 754 1740 794 non
1776 749 1999 805 est;ea-

474 833 587 888 dem
626 832 816 903 quippe
866 833 986 902 ipsa
1028 833 1269 886 dicuntur
1320 848 1435 905 qua:
1481 836 1587 902 iam
1611 835 1737 889 satis
1766 834 1998 890 discussa

475 933 634 990 ml;
682 932 730 978 et
786 940 847 978 ea
892 925 1153 994 praterire
1214 926 1394 979 melius
1441 934 1533 989 est,
1563 941 1676 995 qua:
1722 928 2002 996 periculum

472 1017 775 1086 perniciosa:
822 1016 1148 1071 dissensionis
1205 1017 1502 1070 habuerunt.
1561 1017 1855 1087 Stephanus
1901 1035 1999 1072 au-

475 1122 573 1167 tent
605 1120 653 1166 et
696 1109 1043 1167 abstinendos‘
1086 1118 1345 1180 putaverat
1395 1111 1483 1180 qui
1542 1111 1605 1163 de
1667 1110 2001 1179 suscipiendis

476 1203 727 1259 haereticis
778 1203 1001 1271 priscam
1052 1201 1465 1256 Consuetudinem
1512 1202 1792 1258 convellere
1843 1216 2000 1257 cona-

473 1309 668 1354 rentur.
704 1297 814 1371 Iste
848 1305 1017 1351 autem
1060 1294 1354 1366 quaestionis
1378 1298 1541 1368 ipsius
1566 1297 1859 1367 difﬁcultate
1888 1314 2005 1368 per-

472 1401 670 1457 motus,
721 1400 770 1445 et
838 1391 1027 1445 sanctis
1080 1390 1342 1444 charitatis
1393 1391 1666 1445 uisceribus
1690 1426 1697 1431 -
1721 1392 2003 1462 largissime

472 1483 753 1554 prcditus,
800 1482 856 1536 in
899 1482 1094 1535 unitate
1138 1482 1209 1536 eis
1285 1480 1594 1551 manendum
1656 1482 1743 1549 qui
1805 1481 2003 1535 diversa

472 1576 730 1630 sentirent.
786 1572 874 1627 Ita
913 1574 1140 1641 quamvis
1187 1572 1508 1637 commotius,
1563 1573 1650 1627 sed
1701 1581 1866 1627 tamen
1894 1570 2023 1642 fro?

474 1677 613 1721 terne
658 1666 965 1737 indignetur,
1022 1666 1138 1719 vicit
1189 1675 1355 1718 tanton
1413 1678 1517 1733 pax
1543 1664 1732 1718 Christi
1752 1666 1802 1718 in
1832 1664 2002 1718 cordi-

473 1758 567 1813 bus
622 1773 816 1823 eorum,
856 1764 910 1809 ut
936 1756 991 1810 in
1035 1755 1126 1810 tali
1154 1754 1524 1825 discrepatione
1544 1754 1739 1808 nullum
1761 1755 1893 1809 inter
1920 1770 2005 1808 eos

475 1847 668 1900 malum
740 1846 1025 1899 schismatis
1097 1847 1335 1899 oriretur.
1397 1861 1417 1897 s
1448 1844 1704 1899 Hactenus
1731 1844 1856 1910 ille;
1893 1860 2008 1914 qua

474 1940 723 2009 prolixius
764 1939 1046 2003 citauimus,
1085 1954 1141 1991 eo
1172 1937 1309 2005 quod
1341 1936 1560 1991 antidoti
1604 1937 1704 1990 sint
1734 1936 1867 2001 loco,
1909 1936 2002 1989 ad-
2030 1942 2081 2004 Β

474 2046 647 2087 versus
698 2048 783 2085 eos
812 2031 897 2101 qui
929 2031 1044 2083 hinc
1074 2030 1295 2084 schismo
1323 2045 1518 2083 suuma
1552 2030 1783 2084 Romano
1813 2027 1998 2083 Ponti-

476 2128 573 2196 ﬁce
621 2126 928 2197 confirmare
971 2126 1307 2178 nituntur.—
1340 2122 1491 2179 Hanc
1514 2134 1682 2178 autem
1709 2123 1997 2193 epistolam,

476 2225 530 2271 ut
558 2224 603 2271 et
633 2216 1019 2286 praecedentem,
1036 2216 1167 2269 inter
1194 2214 1424 2287 ejusdem
1448 2215 1868 2285 rebaptizantium
1888 2212 1999 2268 dis-

477 2308 593 2362 sidii
622 2308 955 2361 instrumenta
980 2305 1215 2374 reperies,
1248 2305 1363 2361 eod.
1393 2316 1432 2361 t.
1465 2320 1542 2360 tn.
1575 2306 1707 2363 Eon.

880 2449 945 2482 ”'
994 2448 1331 2506 EPISTOLA
1369 2449 1581 2505 LXXV.

407 2562 597 2627 (Ijamel
608 2597 639 2622 .,
654 2561 959 2627 Rig_alt.,7Bal

436 2624 614 2674 Routb.
643 2624 825 2689 Script.
853 2626 949 2673 Ecc

406 2745 718 2807 FIBIILIANI,
751 2730 1271 2799 εΡιδεοΡιῖεεδΑιιειε
1291 2744 1654 2797 ΩΔΡΡΔΒΟΕΙᾹΣ,
1678 2747 1746 2786 ΑΙ)
1771 2746 2003 2787 CYPRIA-

692 2836 825 2886 NUI,
848 2834 1056 2876 CONTRA
1083 2836 1374 2875 EPISTOLAII
1396 2835 1676 2876 STEPHANI.

1072 2560 1253 2622 Oson.,
1284 2560 1437 2622 Lips,
1455 2574 1602 2611 Lxxv.
1638 2560 1817 2621 Paris,
1834 2575 2000 2613 Lxxtv.

1042 2621 1235 2675 asticor.
1255 2621 1433 2687 Opusc.
1453 2623 1678 2687 prwcip.,
1702 2624 1749 2685 1,
1767 2640 1815 2688 p.
1836 2624 1918 2672 221
1934 2626 1969 2687 .)

404 2937 444 2992 Α
457 2948 781 2989 nouusnruu
792 2933 1176 3004 .—Argumenti
1194 2949 1400 3003 prorsus
1413 2933 1637 3003 ejusdem
1659 2943 1731 2988 est
1742 2949 1855 2989 cum
1874 2951 2007 3005 prte—

480 3028 692 3094 cedenti,
719 3030 806 3083 sed
829 3030 980 3100 paulo
1005 3029 1342 3084 vehementius
1363 3039 1409 3082 et
1457 3028 1686 3082 acerbius
1716 3045 1868 3098 quam
1899 3031 2009 3100 epi-

480 3138 687 3193 scopum
704 3122 877 3175 deceat
897 3122 1107 3190 scripta,
1139 3137 1196 3173 ea
1220 3120 1557 3190 potissimum,
1575 3129 1821 3191 quantum
1848 3123 2009 3192 suspi-

481 3229 586 3281 cor,
595 3214 657 3268 de
665 3214 982 3283 causa,quod
994 3212 1062 3265 ad
1077 3210 1459 3279 Firmilianum,
1470 3210 1516 3264 Η
1523 3213 1718 3267 elenum
1731 3222 1779 3267 et
1798 3223 2008 3269 crateras

482 3305 686 3359 illarum
720 3306 940 3374 partium
978 3304 1243 3373 episcopos
1297 3303 1591 3373 Stephanus
1630 3305 1786 3359 aliam
1807 3320 2006 3375 quoque
2030 3327 2078 3392 ρ

483 3397 747 3466 epistolam
774 3397 1081 3467 scripserat,
1140 3411 1194 3450 se
1220 3396 1329 3449 illis
1366 3412 1467 3450 non
1513 3398 2005 3453 communicaturum

475 3487 717 3557 quamdiu
740 3488 795 3541 in
818 3503 875 3541 ea
903 3486 1149 3542 sententia
1181 3486 1246 3541 de
1269 3484 1594 3557 baptizandis
1616 3488 1862 3542 haereticis
1890 3505 2006 3557 per-

483 3580 711 3635 sisterent
739 3596 758 3635 :
781 3582 857 3634 uti
878 3594 937 3635 ex
952 3579 1185 3650 Epistola
1213 3577 1449 3650 Dionysii
1464 3578 1798 3635 Alexandrini
1822 3581 1890 3634 ad
1906 3580 2005 3634 Xi-

481 3683 613 3729 stum
643 3673 897 3745 Stephani
920 3686 1259 3729 successorem
1284 3672 1427 3728 docet
1455 3672 1705 3729 Eusebius
1730 3673 1867 3728 Ilist.
1905 3674 2004 3728 Ec-

483 3766 626 3830 cles.,
659 3765 747 3819 lib.
780 3747 883 3832 vit,
912 3782 960 3820 c.
984 3765 1037 3818 4.
1071 3765 1233 3839 Atque
1270 3766 1397 3819 adeo
1451 3766 1701 3836 fortassis,
1725 3767 2005 3822 consultius

482 3857 631 3926 foret,
656 3874 914 3928 nunquam
959 3857 1147 3910 editam
1178 3858 1334 3927 fuisse
1360 3857 1490 3910 hanc
1519 3856 1823 3927 Epistolam,
1849 3858 1919 3911 ita
1948 3867 2003 3912 ut

483 3959 647 4017 putem
690 3949 920 4003 consulto
963 3949 1110 4002 illam
1174 3948 1401 4004 omisisse
1452 3948 1763 4003 Munatium.
1816 3947 2002 4005 Verum

481 4055 633 4104 quum
663 4056 694 4092 a
721 4026 957 4094 Morellio
995 4041 1228 4111 evulgato
1254 4041 1317 4093 sit
1344 4080 1359 4105 ,
1414 4042 1794 4109 prwtcrmittere
1816 4043 1956 4096 nolui
1983 4059 2001 4097 :

481 4139 587 4183 tum
620 4131 755 4201 quod
781 4147 860 4184 res
895 4131 1155 4199 quasdam
1186 4132 1539 4185 memorandus
1583 4135 1859 4197 contineat,
1898 4142 2002 4187 tum

479 4223 613 4291 quod
644 4223 874 4276 Antidoti
900 4224 1010 4277 loco
1041 4240 1147 4277 esse
1183 4233 1367 4294 queant
1395 4224 1539 4277 verba
1589 4222 1836 4297 Epistula:
1882 4228 2004 4280 dicti

482 4310 720 4382 Dionysii
762 4314 829 4365 ad
860 4313 1196 4383 Stephanum,
1232 4330 1385 4383 quam
1428 4314 1574 4368 habet
1604 4317 1723 4368 dicti
1758 4314 1842 4371 lib.
1890 4334 1935 4369 ε.
1970 4318 2005 4373 5

483 4401 757 4471 Eusebius,
783 4415 828 4457 et
871 4406 1045 4474 repetit
1077 4408 1230 4461 latins
1263 4405 1590 4476 Nicephorus
1624 4406 1767 4481 Hist.
1802 4408 1999 4465 Eccles.

485 4497 573 4551 lib.
618 4511 693 4563 VI,
725 4514 770 4552 ι’.
803 4498 871 4564 7,
927 4515 990 4553 ea:
1039 4500 1219 4567 quibus
1277 4498 1608 4554 I’alinodiam
1652 4501 1799 4554 illum
1845 4502 2004 4574 (quod

480 4587 646 4659 aiunt)
704 4590 945 4644 cecinisse
986 4599 1184 4645 constat
1242 4607 1260 4645 :
1306 4612 1324 4643 ι
1364 4591 1505 4647 Scito
1564 4593 1768 4666 (inquit)
1820 4603 1999 4668 frater,

485 4703 504 4734 ι
543 4685 808 4739 orientales
858 4696 1008 4756 atque
1064 4688 1214 4740 etiam
1263 4688 1528 4742 ulteriores
1582 4689 1838 4757 ecclesias,
1890 4706 2082 4777 qutBD

486 4796 505 4829 ‹
542 4788 694 4833 antea
727 4780 1061 4845 dissidebant,
1085 4782 1155 4834 ad
1182 4782 1428 4836 unitatem
1473 4799 1580 4836 esse
1605 4786 1859 4851 reductas,
1893 4802 2001 4839 om-

479 4886 496 4920 ι
533 4885 721 4940 aesque
741 4872 913 4942 utique
941 4888 1113 4926 eorum
1133 4874 1379 4928 antistites
1423 4877 1687 4929 unanimes
1713 4885 1759 4930 et
1786 4894 1999 4932 consen-

486 4978 503 5012 ι
540 4962 743 5030 tientes,
797 4980 955 5033 supra
998 4965 1206 5018 modum
1251 4965 1313 5018 de
1362 4983 1496 5036 pace.
1525 4977 1572 5020 et
1593 4969 1865 5025 concordia
1890 4987 2003 5042 qate

491 5072 509 5104 ι
546 5064 729 5124 prwter
778 5057 1174 5124 expectationem
1223 5058 1408 5111 accidit
1461 5059 1621 5113 ltetari
1658 5076 1676 5115 :
1719 5061 2005 5138 penteti-ia-

483 5164 500 5197 ι
539 5162 658 5199 nunt
702 5148 754 5200 in
804 5148 983 5218 primis
1025 5148 1416 5217 Antiochenam,
1476 5152 1807 5208 Theoctistum
1835 5154 2004 5210 Cresa-

481 5254 499 5287 ι
534 5238 771 5304 riensent,
821 5236 1153 5293 Mazabenetn
1180 5239 1435 5295 Eliensem
1473 5243 1752 5299 Alexandri
1774 5246 1999 5314 defuncti

480 5347 499 5379 s
531 5344 891 5398 successorem,
940 5329 1201 5385 Marinum
1233 5330 1466 5404 Tyrium,
1504 5333 1839 5391 Heliodorum
1862 5337 1999 5392 Lao-

478 5440 496 5472 ι
536 5423 788 5477 dicensens
813 5424 900 5492 qui
923 5425 975 5477 in
1005 5424 1172 5479 locum
1198 5424 1550 5498 Thelymedris
1571 5440 1872 5501 surrogatus
1899 5440 1995 5499 est,

480 5532 499 5566 ι
543 5512 790 5569 Helenum
829 5513 1188 5584 Tharsensem,
1218 5525 1263 5572 et
1305 5515 1543 5574 ecclesias
1590 5519 1781 5575 Cilicia:
1802 5539 1994 5595 omnes,

1678 430 2016 499 EPISTOLA
2047 430 2310 500 LXXVII.

294 588 303 597 ο
477 561 652 610 contra
716 551 981 623 scripsisse
1027 560 1176 624 atque
1218 554 1538 626 praecepisse.
1575 572 1596 607 ι
1640 554 1717 610 De
1744 571 1843 625 qua
1885 572 2003 610 rur—
2027 552 2084 615 Α

3593 436 3699 501 LII

2185 575 2205 610 ι
2243 554 2627 626 Firmilianunt,
2655 566 2701 614 et
2730 556 3107 633 Cappadociam
3135 572 3354 615 onmem.
3406 548 3699 629 Praecipuos

2180 668 2199 701 ι
2235 649 2369 704 enim
2424 648 2797 723 Episcoporum
2843 652 3119 719 nominavi,
3154 668 3214 706 ne
3243 649 3458 723 epistola
3500 651 3698 721 longior

2181 759 2201 792 ι
2238 741 2349 809 fiat.
2381 757 2502 796 neve
2529 743 2702 797 multis
2726 742 2890 797 verbis
2934 743 3029 796 sitn
3061 743 3336 797 molestior.
3364 741 3470 797 Sed
3500 750 3545 796 et
3576 744 3695 796 uni-

2181 852 2199 885 ‹
2231 847 2389 888 persta
2413 833 2582 904 Syria:
2618 843 2666 889 et
2688 835 2908 899 Arabiaa,
2943 834 3283 906 Mesoptamia
3306 837 3438 907 ipsa,
3473 830 3692 902 Pontus,

2180 942 2199 974 ι
2232 922 2476 995 Bythinia
2508 941 2527 979 :
2573 935 2619 980 et
2668 927 2747 995 (ut
2792 925 2948 981 semel
2998 924 3187 996 dicam)
3235 927 3483 992 exultant,
3513 925 3697 995 ubique

2183 1036 2201 1068 ι
2235 1034 2425 1081 omnes,
2453 1018 2726 1073 concordia
2775 1028 2822 1073 et
2852 1021 3081 1090 fraterna
3107 1016 3356 1073 charitate
3400 1018 3697 1089 glori/icon—

2183 1125 2201 1160 ι
2237 1118 2308 1163 tes
2361 1105 2549 1164 Deum.
2592 1129 2611 1161 ι
2646 1108 2910 1163 Hactenus
2933 1105 3233 1180 Dionysius.
3267 1109 3361 1164 Cui
3407 1098 3595 1163 similia
3620 1108 3697 1162 vi-

2176 1199 2295 1254 dere
2318 1209 2391 1254 est
2416 1201 2558 1270 apud
2596 1198 2667 1255 D.
2703 1198 3074 1272 Hieronymum
3103 1210 3282 1255 contra
3322 1198 3697 1272 Luciferianos,

2178 1302 2225 1347 et
2244 1294 2385 1365 apud
2409 1290 2479 1347 D.
2510 1293 2667 1365 Aug.,
2702 1295 2739 1349 ι.
2761 1310 2818 1349 ιιι
2840 1304 3017 1348 contra
3039 1293 3206 1349 Cresc.
3235 1288 3490 1360 Granum,
3514 1309 3559 1347 c.
3588 1294 3641 1360 1,
3663 1293 3701 1348 2

2178 1394 2224 1439 et
2251 1386 2304 1451 3,
2334 1384 2421 1439 ubi
2463 1400 2526 1440 ex
2562 1386 2675 1454 ipsa
2722 1385 3039 1455 confessione
3083 1383 3469 1439 Donatistarum
3522 1388 3696 1456 refert,

2182 1477 2468 1533 Orientales
2499 1478 2783 1553 Episcopos
2812 1479 3079 1535 rescidisse
3105 1495 3192 1535 seu
3230 1481 3396 1551 potius
3416 1480 3697 1533 correxisse

2180 1584 2327 1623 suum
2348 1571 2622 1642 judicium,
2654 1587 2753 1638 quo
2783 1573 2855 1626 eis
2892 1574 3175 1642 placuerat,
3209 1572 3271 1626 de
3306 1573 3403 1626 ista
3450 1569 3703 1642 Baptisnti

2179 1664 2455 1732 quastione
2475 1661 2749 1733 Cypriano,
2774 1672 2821 1716 et
2867 1663 3115 1733 Africano
3164 1662 3391 1718 Concilio
3426 1662 3704 1717 consentire

2180 1750 2588 1827 apertae—De
2619 1754 2772 1825 hujus
2798 1763 3193 1825 cwterarumque
3217 1753 3567 1825 Epistolarum
3590 1771 3705 1830 qua:

2181 1851 2250 1903 ad
2281 1848 2418 1903 litem
2446 1847 2872 1919 rebaptizantium
2914 1849 3186 1918 pertinent,
3217 1847 3409 1913 indole,
3441 1849 3705 1902 aut/tentia

2180 1940 2478 1996 auctoritate
2513 1949 2569 1995 et.
2601 1951 2771 1995 tenore
2816 1940 2929 1994 vide
2971 1939 3041 1994 sis
3083 1955 3198 2010 qua:
3238 1948 3371 1994 tomo
3403 1939 3707 2011 prtecedenti

2176 2034 2521 2107 disputantur.
2552 2032 2686 2090 Eoo.

2494 2173 2559 2204 ³⁵⁸
2600 2169 2933 2229 EPISTOLA
2995 2169 3234 2228 LXXVI.

2105 2294 2332 2367 (Erasm.,
2358 2318 2392 2365 ι,
2418 2304 2450 2354 Β
2472 2304 2737 2367 [ι-ιι],ίρι
2768 2316 2835 2362 ιν,
2880 2300 2910 2352 7
2936 2302 3205 2367 [xu-sm].
3242 2298 3451 2367 I’smcl.,
3495 2298 3701 2367 Rigalt.,

2258 2317 2332 2364 m.,
2358 2318 2392 2365 I,
2418 2312 2450 2354 6
2472 2312 2659 2367 [r-xrj,
2686 2312 2737 2352 et
2768 2316 2835 2362 ιν,
2880 2312 2908 2352 't
2937 2312 3205 2366 [xu-xm].
3246 2312 3451 2362 ramcl.,
3498 2312 3554 2349 tu

2258 2367 2444 2428 Boium,
2464 2380 2631 2418 LXXVI.
2655 2366 2836 2426 Paris.,
2854 2378 3024 2428 cum,
3045 2365 3227 2427 Oxoo.,
3244 2364 3402 2428 Lips,
3426 2312 3593 2428 Lm

2105 2513 2174 2553 AD
2201 2510 2416 2553 MAGNUII
2437 2511 2504 2551 DE
2534 2508 2878 2550 BAPTIZANDIS
2906 2508 3221 2550 NOVA'I'IANIS
3246 2508 3315 2549 ετ
3346 2509 3414 2550 DE
3443 2508 3509 2550 IIS
3538 2510 3627 2559 QUI
3651 2510 3702 2550 IN

2453 2598 2625 2644 ιεοτο
2651 2604 2883 2645 GRATIAII
2908 2602 3349 2651 CONSIQUUNTUR.

2109 2701 2501 2758 Anccuznruu.
2520 2731 2592 2741 ——
2610 2697 2765 2754 Prior
2793 2696 3044 2771 Epistolte
3093 2716 3213 2770 pars
3239 2699 3464 2772 ejusdem
3520 2706 3591 2755 est
3617 2714 3704 2753 ar-

2181 2794 2405 2864 guntenti
2452 2808 2568 2845 cum
2618 2790 3017 2861 prtecedentibus
3069 2802 3410 2862 prteterquam
3452 2792 3587 2863 quod
3624 2792 3707 2847 hic

2181 2885 2401 2938 inculcat
2427 2885 2489 2938 de
2518 2882 2821 2939 Novatianis
2863 2884 3000 2955 quod
3019 2885 3073 2938 in
3099 2900 3280 2956 genere
3308 2886 3452 2956 prius
3508 2886 3571 2940 de
3598 2902 3709 2940 om-

2183 2976 2332 3032 nibus
2380 2977 2627 3033 htereticis
2658 2978 2898 3040 dixerat;
2927 2978 3086 3032 obiter
3110 2979 3262 3033 etiam
3288 2979 3554 3034 insinuans
3590 2995 3708 3034 suc-

2182 3071 2456 3126 cessionem
2498 3070 2770 3141 legitimam
2791 3070 2844 3123 in
2870 3067 3126 3124 Cathedra
3163 3068 3307 3124 Petri
3329 3111 3343 3137 ,
3398 3078 3571 3124 notam
3599 3085 3708 3124 esse

2182 3181 2284 3236 qua
2333 3164 2565 3235 cognosci
2616 3163 2771 3231 possit
2811 3160 3063 3218 Ecclesia.
3095 3161 3333 3218 Secunda
3363 3172 3506 3235 parte
3531 3162 3707 3237 (quam

2184 3258 2426 3311 hactenus
2469 3272 2736 3326 perperam
2780 3272 2874 3324 pro
2903 3256 3006 3310 alia
3036 3254 3269 3326 Epistola
3304 3256 3489 3310 editam
3531 3256 3708 3311 titulus

2182 3345 2546 3420 satis'indicat)
2585 3364 2729 3415 teque
2756 3363 2926 3402 verum
2954 3344 3274 3418 Baptismum
3296 3363 3402 3403 esse
3430 3346 3594 3413 docet,
3620 3349 3708 3416 qui

2183 3456 2273 3511 per
2300 3440 2643 3507 aspersionem
2670 3441 2723 3494 in
2748 3441 2877 3495 lecto
2916 3440 2995 3510 ﬁt,
3019 3448 3169 3511 atque
3197 3438 3282 3510 qui
3310 3455 3400 3511 per
3425 3439 3705 3495 immersit)-

2179 3549 2294 3588 nem
2318 3534 2377 3603 ﬁt
2404 3533 2457 3588 in
2479 3530 2733 3607 Ecclesia.
2770 3531 2898 3586 Vide
2913 3540 3037 3588 tom.
3059 3546 3138 3599 ιιι,
3167 3531 3267 3587 col.

2497 3687 2566 3718 ³⁸⁸
2607 3683 2941 3741 EPISTOLA
2979 3678 3237 3739 LXXVII.

2106 3819 2339 3885 (Erosm.,
2382 3830 2450 3882 in,
2498 3819 2604 3885 25.;
2622 3818 2832 3885 Pamel.,
2858 3818 3062 3880 Rigalt,.
3096 3817 3282 3885 Bolus”
3305 3816 3701 3879 Lxxvn.‘Paris.,

2573 3880 2753 3939 Oxon..
2780 3880 2933 3943 Li|:S.,
2956 3881 3147 3942 Lxxrt.)

2110 4015 2177 4053 AD
2227 4010 2566 4053 NEIIESIANUI
2618 4012 2686 4051 ΕΤ
2743 4006 2994 4051 (ΖᾸΞΤΕΒΟΒ
3038 4004 3315 4050 IAII'I'YRAS
3359 4006 3411 4048 IN
3456 4002 3702 4049 IETALLO

2709 4101 3082 4142 CONS’I’ITUTOS.

2106 4202 2506 4259 Ancuuzuwu.
2547 4230 2617 4239 —
2644 4197 2796 4253 Miris
2843 4198 3107 4268 prazconiis
3150 4195 3293 4264 effert
3342 4207 3595 4268 martyres
3635 4196 3703 4249 ad

2178 4292 2437 4348 metallum
2467 4293 2753 4357 damnatos,
2770 4289 2983 4361 singulis
3009 4290 3268 4343 tormentis
3292 4287 3495 4358 singula
3518 4287 3702 4341 solatia

2180 4386 2392 4457 pulchra
2421 4384 2658 4439 unﬁt/tesi
2677 4392 2952 4454 opponens.
2984 4380 3050 4436 In
3098 4380 3248 4435 exilio
3269 4389 3436 4434 autem
3460 4379 3699 4446 scriptam

2177 4481 2413 4550 colligere
2440 4489 2533 4545 est,
2558 4490 2621 4533 ex
2647 4477 2751 4532 illis
2770 4476 2929 4530 verbis
2952 4491 2969 4528 :
2998 4473 3118 4528 Nisi
3149 4489 3229 4526 mc
3248 4472 3309 4525 ob
3336 4471 3700 4541 confessionem

2181 4572 2397 4627 nominis
2424 4570 2700 4641 relegatum
2729 4567 2972 4639 prce/initi
3002 4564 3199 4619 termini
3238 4571 3483 4617 arcerent.

2180 4685 2221 4742 ι.
2246 4686 2548 4758 Cyprianus
2576 4683 2918 4745 Nemesiano,
2949 4679 3140 4744 Felici,
3187 4678 3374 4743 Lucio,
3403 4676 3557 4732 alteri
3592 4675 3699 4732 Fc-

2105 4781 2214 4846 lici,
2247 4778 2712 4844 Litten,,Poliano,
2741 4773 2963 4837 Victori,
2987 4771 3165 4827 Judcri
3191 4769 3378 4825 Dativo
3417 4768 3696 4840 coepiscoc

2107 4877 2213 4946 pis,
2242 4873 2371 4928 item
2388 4868 2837 4939 comprosbylcris
2853 4874 2905 4919 et
2927 4860 3261 4929 dineonibus,
3281 4871 3334 4917 et
3358 4860 3565 4917 caeteris
3594 4860 3701 4915 iro-

2113 4966 2283 5022 tribus
2330 4965 2381 5018 in
2439 4962 2654 5017 metallo
2709 4956 3011 5011 constitutis
3057 4953 3381 5025 martyribus
3409 4952 3502 5008 Dei
3534 4951 3700 5022 patris

2104 5056 2497 5128 omnipotentis
2529 5066 2584 5109 et
2635 5053 2758 5107 Jesu
2796 5049 2993 5105 Christi
3040 5048 3248 5103 Domini
3284 5056 3339 5102 et.
3363 5046 3455 5102 Dei
3483 5058 3700 5102 causer-

2110 5153 2312 5208 vatoris
2367 5147 2539 5204 nostri
2570 5155 2826 5201 aeternam
2881 5141 3129 5198 salutem.
3159 5141 3339 5198 Gloria
3367 5137 3580 5211 quidem
3605 5153 3697 5194 ve-

2114 5258 2227 5303 stra
2260 5242 2540 5314 poscebat,
2592 5237 2888 5295 beatissimi
2917 5252 2982 5292 ac
3029 5224 3361 5291 dilectissimi
3403 5233 3613 5294 fratres.
3645 5242 3702 5287 ut

2101 5339 2170 5393 ad
2206 5343 2549 5405 conspectum
2575 5341 2736 5402 atque
2772 5329 2840 5385 ad
2880 5319 3222 5397 complexum
3251 5334 3489 5382 vestrum
3513 5324 3699 5380 venire

2102 5430 2217 5499 ipsc
2257 5426 2532 5489 deberem,
2588 5422 2688 5476 nisi
2726 5436 2811 5475 me
2838 5434 3054 5492 quoque
3080 5417 3150 5472 ob
3176 5416 3570 5473 confessionem
3601 5430 3700 5469 no-

2101 5522 2262 5579 minis
2283 5520 2575 5590 relegatum
2598 5512 2845 5588 pracliniti
2871 5512 2974 5568 loci
2998 5509 3207 5568 tormini
3230 5519 3564 5568 coercerent.
3588 5508 3699 5567 Sed

1646 5677 1886 5737 STEPH.
1933 5668 2215 5740 BALUZIIV
2241 5673 2470 5735 NOTAE.

471 5812 541 5888 Ψ
591 5810 766 5888 Emsr.
820 5830 1030 5888 tum.
1074 5844 1145 5888 5—
1181 5812 1223 5870 ι.
1276 5811 1345 5888 In
1392 5814 1618 5888 metallo.
1677 5815 1922 5888 Siguensi
1949 5819 2002 5873 in

398 5883 644 5958 Epistola
665 5898 792 5945 xxx.
817 5886 894 5949 De
910 5885 1234 5948 Christianis
1259 5884 1526 5947 damnatis
1554 5887 1620 5945 ad
1650 5883 1866 5947 meialla
1884 5888 2006 5946 vide

2107 5812 2323 5872 Baronii
2346 5810 2644 5868 natationes
2673 5809 2738 5864 ad
2770 5807 2910 5864 diem
2936 5806 3003 5863 16
3029 5805 3329 5863 Februarii.

2184 5884 2561 5958 Coufessionem
2612 5880 2849 5938 nominis.
2894 5877 3119 5938 Veteres
3164 5875 3539 5963 editioneset
3588 5885 3701 5937 tres
