4302 6296
3756 370 3880 431 416

2327 506 2391 564 ll.
2416 504 2567 575 Quod
2596 513 2795 571 autem,
2826 501 3055 560 fustibus
3078 498 3205 559 carsi
3238 497 3386 571 prius
3427 499 3668 570 graviter
3697 503 3763 553 et
3789 490 3882 548 af-

2251 598 2401 664 flicti,
2426 614 2524 670 per
2550 597 2812 669 ejusmodi
2852 609 3045 667 pinnas
3091 595 3342 651 initiastis
3370 591 3746 650 confessionis
3767 601 3880 643 ve—

2251 700 2380 745 strae
2430 678 2660 760 gloriosa
2717 688 3030 761 primordia,
3068 685 3367 743 execranda
3419 684 3578 741 nobis
3629 684 3747 739 ista
3780 689 3884 734 res

2253 798 2361 838 non
2391 791 2494 839 est.
2523 781 2707 853 Neque
2731 782 2873 837 enim
2922 780 2987 835 ad
3031 780 3199 835 fustes
3244 779 3597 836 christianum
3656 786 3890 843 corpus

2254 877 2488 947 expavit,
2521 878 2674 947 cujus
2723 884 2806 931 est
2855 891 2980 946 spes
3025 876 3199 930 omnis
3239 875 3293 931 in
3325 874 3493 945 ligno.
3526 872 3889 930 Sacramen-

2259 979 2373 1025 tum
2419 970 2604 1025 salutis
2643 964 2755 1025 suae
2783 967 2981 1023 Christi
3011 982 3201 1024 servus
3252 967 3490 1039 agnovit.
3518 965 3895 1032 Redemptus

2256 1064 2400 1137 ligno
2427 1065 2493 1119 ad
2525 1065 2689 1119 vitam
2711 1044 2969 1119 aeternam
2997 1062 3144 1133 ligno
3168 1069 3459 1133 provectus
3493 1068 3579 1117 est
3602 1058 3676 1112 ad
3705 1056 3919 1111 coro—3

2256 1172 2400 1212 nam.
2426 1155 2565 1224 Quid
2608 1169 2738 1212 vero
2763 1153 2957 1209 mirum
3001 1153 3045 1208 si
3074 1168 3198 1208 vasa
3233 1167 3393 1209 aurea
3421 1160 3477 1207 et
3513 1158 3791 1222 argentea
3830 1145 3893 1199 in

2257 1248 2552 1311 metallum,
2601 1246 2651 1300 id
2700 1255 2784 1301 est
2833 1245 2951 1299 auri
3002 1253 3057 1300 et
3098 1244 3303 1314 argenti
3344 1242 3704 1307 domicilium,
3761 1235 3896 1292 dati

2260 1342 2411 1406 estis,
2442 1340 2544 1396 nisi
2561 1338 2704 1411 quod
2733 1353 2873 1393 nunc
2893 1337 3230 1393 metallorum
3263 1346 3449 1392 natura
3467 1348 3740 1392 conversa
3768 1337 3894 1397 est,

2263 1433 2487 1503 locaque
2513 1448 2631 1502 quae
2676 1445 2867 1486 aurum
2896 1439 2948 1485 et
2992 1437 3270 1500 argentum
3316 1427 3445 1482 dare
3473 1436 3599 1481 ante
3623 1435 3895 1480 consue-

2260 1533 2468 1590 verant,
2499 1524 2744 1593 accipere
2764 1528 3061 1591 cmperuut.
3088 1522 3463 1599 Imposuerunt
3483 1530 3696 1587 quoque
3709 1526 3862 1569 com
3876 1540 3897 1551 —

546 400 657 461 415
1954 387 2091 447 DIVI
2125 386 2228 447 ΟΥ]

2261 386 2452 445 ’ΒῙΑΝΙ
2534 405 2553 439 τ

552 516 822 588 quomodo
870 526 1089 587 possum
1137 516 1467 581 repraesento
1514 522 1602 565 me
1638 507 1811 573 vobis.
1856 515 1912 563 et
1936 505 2003 562 ad
2031 519 2144 574 vos,
2173 507 2228 567 Α

554 609 765 666 etiamsi
808 620 1038 677 corpore
1075 613 1131 661 et
1177 617 1366 674 gressu
1396 601 1580 657 venire
1623 616 1730 655 non
1770 599 1947 665 datur,
1972 598 2144 654 dileco

557 705 702 757 tione
730 709 904 755 tamen
930 708 984 755 ct
1013 698 1203 769 spiritu
1228 697 1407 762 venio,
1456 694 1767 765 exprimens
1805 692 1998 748 litteris
2026 692 2143 746 ani~

552 809 700 849 mum
730 807 930 854 meum,
956 806 1063 862 quo
1113 791 1165 845 in
1214 790 1328 844 istis
1355 787 1638 843 virtutibus
1668 794 1726 842 et
1766 784 2011 840 laudibus
2052 799 2148 838 ve-

553 884 683 939 stris
726 882 881 939 laetus
909 882 1113 955 exulto,
1144 881 1453 951 participem
1484 894 1571 933 me
1615 887 1935 948 computans
1973 875 2147 938 vobis,

554 976 654 1032 etsi
706 989 810 1030 non
854 975 1099 1045 passione
1124 972 1391 1043 corporis,
1434 970 1706 1028 consortio
1736 968 2036 1023 charitatis.
2071 968 2150 1020 An

565 1081 667 1137 ego
700 1067 897 1136 possim
930 1074 1107 1121 tacere
1134 1075 1186 1120 et
1211 1079 1395 1119 vocem
1446 1077 1619 1118 meam
1665 1061 1882 1117 silentio
1908 1074 2153 1128 premere

558 1170 683 1212 cum
709 1155 775 1211 de
795 1156 1127 1211 charissimis
1146 1156 1277 1211 meis
1297 1164 1401 1221 tam
1424 1154 1592 1209 multa
1614 1162 1668 1209 et
1687 1153 1921 1222 gloriosa
1949 1166 2149 1220 cogno-

557 1262 702 1303 scam
725 1247 919 1318 quibus
959 1262 1056 1303 vos
1078 1246 1256 1302 divina
1287 1246 1525 1316 dignatio
1555 1244 1856 1311 honoravit,
1885 1253 1943 1297 ut
1963 1258 2030 1297 ex
2054 1258 2154 1296 vo-

560 1339 645 1394 bis
675 1353 797 1410 pars
817 1339 932 1409 jam
963 1340 1205 1411 martyrii
1251 1339 1332 1392 sui
1361 1338 1826 1392 consummatione
1857 1350 2154 1406 prmcesse-

559 1434 628 1488 rit
650 1432 965 1487 meritorum
989 1446 1208 1485 suorum
1234 1445 1489 1484 coronam
1512 1429 1579 1483 de
1609 1429 1833 1482 Domino
1851 1412 2152 1497 receptura,

560 1537 689 1595 pars
727 1522 902 1577 adhuc
928 1523 980 1576 in
1011 1536 1288 1577 carcerum
1322 1521 1569 1575 claustris
1616 1512 1728 1573 sive
1757 1520 1809 1573 in
1849 1518 2076 1573 metallis
2104 1527 2160 1571 et

561 1613 791 1669 vinculis
831 1613 1140 1668 demoretur
1190 1621 1238 1676 α,
1298 1612 1557 1667 exhibens
1606 1627 1699 1679 per
1757 1610 1901 1680 ipsas
1950 1609 2156 1680 suppli-

563 1704 765 1761 ciorum
802 1720 981 1760 tnoras
995 1704 1353 1760 corroboraud
1364 1709 1406 1758 is
1430 1702 1549 1757 fratr
1562 1703 1678 1757 ibus
1690 1713 1741 1757 et
1758 1701 2029 1756 armandis
2044 1714 2159 1754 ma-

560 1798 681 1868 jora
712 1798 1053 1861 documenta,
1085 1798 1150 1852 ad
1183 1796 1497 1851 meritorum
1548 1796 1733 1850 titulos
1785 1794 1813 1833 δ
1870 1794 2161 1864 ampliores

2265 1615 2426 1686 pedes
2482 1614 2707 1684 pedibus
2763 1614 2978 1676 vestris,
3030 1623 3085 1667 et
3130 1611 3371 1667 membra
3427 1609 3598 1665 felicia
3652 1622 3721 1662 ac
3773 1603 3892 1660 Dei

2266 1706 2461 1776 templa
2486 1705 2771 1760 infamibus
2802 1703 3028 1759 vinculis
3052 1700 3372 1774 ligaverunt,
3402 1701 3555 1771 quasi
3584 1712 3706 1754 cum
3730 1710 3885 1753 cor-

2268 1813 2396 1868 pore
2427 1798 2623 1869 ligetur
2648 1806 2701 1852 ct
2742 1797 2959 1866 spiritus
3015 1806 3037 1834 ο
3066 1836 3082 1862 ,
3114 1804 3207 1850 aut
3227 1809 3415 1850 aurum
3445 1801 3679 1848 vestrum
3728 1790 3879 1848 ferri

569 1898 961 1944 tormentorum
1005 1888 1255 1943 tarditate
1297 1887 1603 1957 proficiens,
1641 1886 1886 1943 habitura
1916 1894 1991 1940 tot
2016 1900 2159 1939 mer-
2190 1893 2236 1953 Β
2264 1891 2584 1961 contagione
2618 1887 2935 1943 maculatur.
2966 1886 3164 1942 Dicatis
3200 1886 3309 1941 Deo
3357 1883 3664 1939 hominibus
3703 1890 3760 1938 et
3797 1882 3882 1936 fi-

567 1983 730 2039 cedes
757 1984 809 2036 in
836 1982 1150 2038 coelestibus
1170 1981 1401 2049 praemiis
1436 1988 1565 2049 quot
1596 1994 1737 2034 nunc
1768 1978 1886 2033 dies
1916 1983 2163 2032 numerat

571 2074 623 2128 iu
652 2074 827 2144 poenis
852 2073 875 2124 ?
904 2072 1033 2140 Quae
1090 2072 1304 2139 quidem
1354 2072 1526 2136 vobis,
1560 2070 1837 2126 fortissimi
1865 2086 1931 2126 ac
1967 2062 2164 2126 beatis;-

570 2168 692 2222 simi
724 2167 939 2233 fratres,
965 2182 1062 2236 pro
1087 2166 1280 2220 merito
1298 2165 1572 2233 religionis
1603 2179 1666 2219 ac
1698 2164 1819 2220 ﬁdei
1851 2173 2043 2219 vestrae
2069 2176 2163 2217 ac-

573 2258 769 2314 cidisse
797 2272 902 2311 uon
950 2258 1137 2323 miror,
1163 2266 1218 2312 ut
1249 2272 1342 2311 vos
1368 2258 1448 2312 sic
1475 2257 1736 2313 Dominus
1776 2255 1843 2312 ad
1872 2246 2164 2327 gloriarum

574 2350 803 2404 sublime
847 2348 1118 2420 fastigium
1178 2347 1579 2403 clarificationis
1625 2363 1737 2403 suae
1785 2346 1993 2403 honore
2038 2361 2164 2416 pro-

579 2441 811 2507 vexerit,
836 2441 925 2511 qui
974 2455 1187 2511 semper
1218 2441 1271 2495 in
1300 2440 1546 2496 Ecclesia
1598 2440 1715 2509 ejus
1743 2439 2011 2495 custodito
2042 2437 2167 2494 fidei

580 2540 772 2589 tenore
823 2532 1113 2603 viguistis,
1175 2544 1561 2586 conservantes
1619 2531 1845 2587 firmiter
1892 2529 2167 2585 Dominica

581 2624 854 2691 mandata,
890 2625 943 2678 in
997 2624 1341 2694 simplicitate
1387 2622 1747 2679 innocentiam
1780 2664 1794 2687 ,
1827 2624 1879 2677 in
1909 2622 2170 2679 charitate

580 2717 945 2783 concordiam,
980 2717 1295 2772 modestiam
1318 2717 1380 2777 in
1406 2716 1727 2779 humilitate,
1757 2716 2085 2788 diligentiam
2116 2719 2171 2772 in

578 2807 1075 2873 administratione,
1105 2808 1431 2878 vigilantiam
1490 2808 1540 2862 in
1588 2807 2172 2878 adjuvaudislaboran-

582 2899 742 2965 tibus,
777 2898 1202 2956 misericordiam
1258 2901 1310 2955 in
1363 2899 1607 2956 fovendis
1636 2901 1976 2970 pauperibus,
2007 2901 2059 2956 in
2082 2900 2171 2956 de-

578 2990 847 3049 fendenda
882 2993 1108 3049 veritate
1139 2996 1521 3058 constantiam,
1564 2993 1617 3047 in
1647 2992 1943 3063 disciplima
1974 2994 2176 3049 sevcri-

582 3093 692 3142 tate
719 3090 1131 3153 censuramAc,
1163 3102 1231 3142 ne
1259 3086 1459 3158 aliquid
1490 3086 1555 3142 ad
1579 3087 1881 3157 exemplum
1913 3088 2174 3142 bonorum

582 3180 842 3235 factorum
861 3181 1075 3236 deesset
1102 3182 1155 3235 in
1184 3181 1358 3247 vobis,
1389 3182 1550 3236 etiam
1585 3181 1637 3235 in
1666 3180 2006 3236 confessione
2032 3198 2175 3236 nunc

2265 1982 2387 2039 dem
2435 1997 2588 2036 suam
2635 1980 2883 2051 religiosa
2937 1979 3133 2034 virtute
3184 1976 3502 2033 testantibus
3541 1982 3878 2030 ornamenta

2266 2086 2392 2133 sunt
2429 2077 2548 2142 ista,
2596 2090 2701 2129 non
2726 2073 2939 2129 vincula
2965 2088 2980 2139 ;
3014 2086 3113 2128 nec
3136 2058 3563 2126 Christianorum
3592 2067 3759 2138 pedes
3784 2064 3867 2121 ad

2268 2169 2540 2224 infamiam
2563 2165 2840 2237 copulant,
2867 2164 2961 2221 sed
2979 2162 3275 2219 clarificant
3302 2161 3367 2216 ad
3392 2174 3669 2215 coronam.
3698 2158 3745 2213 Ο
3767 2171 3878 2229 pe-

2268 2260 2365 2316 des
2396 2259 2623 2315 feliciter
2651 2257 2949 2326 vincti,qui
2982 2270 3088 2311 non
3115 2269 3144 2309 a
3175 2253 3323 2309 fabro
3348 2252 3442 2307 sed
3469 2266 3500 2306 a
3523 2252 3752 2306 Domino
3778 2264 3879 2306 re-

2270 2352 2549 2407 solvuntur
2574 2352 2586 2403 !
2611 2348 2821 2418 epedes
2851 2348 3076 2403 feliciter
3101 2346 3286 2411 vincti,
3317 2344 3408 2415 qui
3434 2346 3486 2400 in
3506 2344 3696 2398 itinere
3716 2342 3876 2398 salu-

2271 2445 2374 2500 tari
2401 2444 2466 2499 ad
2499 2443 2801 2513 paradisum
2849 2440 3187 2512 diriguntur!
3216 2453 3250 2493 ο
3272 2437 3435 2507 pedes
3484 2438 3535 2490 in
3567 2434 3770 2490 saeculo
3795 2433 3876 2489 ad

2270 2552 2508 2607 praesens
2530 2536 2686 2606 legati
2719 2576 2731 2600 ,
2769 2546 2825 2588 ut
2869 2533 2976 2587 sint
3026 2546 3243 2602 semper
3296 2528 3434 2600 apud
3481 2528 3767 2586 Dominum
3797 2528 3875 2582 li-

2273 2627 2424 2682 beri!
2467 2642 2500 2681 ο
2556 2626 2717 2696 pedes
2760 2623 3108 2694 compedibus
3152 2630 3207 2678 et
3263 2620 3596 2675 traversariis
3652 2620 3873 2674 interim

2274 2716 2652 2781 cunctabundi,
2681 2716 2773 2771 sed
2817 2715 3071 2771 celeriter
3112 2712 3180 2769 ad
3215 2712 3486 2769 Chrismm
3518 2712 3753 2783 glorioso
3776 2712 3871 2767 iti-

2275 2827 2404 2866 ncrc
2455 2809 2660 2865 cursuri
2706 2805 2734 2845 ἀ
2762 2809 2776 2862 !
2815 2808 3084 2876 Quantum
3107 2806 3218 2859 vult
3255 2804 3342 2860 hic
3362 2804 3444 2858 vel
3474 2802 3650 2858 invida
3675 2800 3874 2857 crude-

2278 2905 2400 2960 litas
2428 2905 2512 2960 vel
2542 2902 2792 2972 maligna,
2832 2899 3059 2955 nexibus
3090 2912 3185 2954 vos
3208 2898 3319 2954 suis
3344 2905 3400 2953 et
3420 2896 3642 2951 vinculis
3668 2902 3870 2960 teneat,

2278 2999 2385 3053 cito
2412 3012 2441 3051 a
2473 2996 2631 3050 terris
2659 3003 2713 3049 et
2745 2992 2920 3064 pugnis
2958 2991 3073 3069 istis
3100 2990 3168 3046 ad
3207 2987 3465 3045 caelorum
3497 3001 3657 3058 regna
3686 2986 3872 3063 venie-

2283 3091 2368 3146 tis.
2398 3089 2514 3145 Non
2558 3088 2766 3142 fovetur
2796 3086 2847 3139 in
2881 3083 3113 3140 metallis
3145 3082 3284 3137 lecto
3311 3093 3367 3136 et
3395 3079 3632 3134 culcitris
3652 3092 3873 3146 corpus,

2282 3183 2377 3239 sed
2405 3178 2686 3251 refrigerio
2713 3188 2769 3233 et
2794 3178 2986 3232 solatio
3023 3174 3219 3230 Christi
3247 3171 3479 3227 fovetur.
3515 3168 3673 3224 llumi
3694 3168 3877 3238 jaccnt

586 3273 655 3305 "9
669 3273 815 3327 vocis
840 3281 893 3327 et
918 3273 1165 3342 passione
1186 3276 1429 3345 corporis
1452 3272 1672 3328 fratrum
1693 3282 1894 3329 mentes
1919 3273 1985 3328 ad
2004 3274 2180 3330 divina
2207 3275 2253 3338 C
2287 3275 2426 3331 fessa
2451 3273 2724 3328 laboribus
2752 3272 2957 3325 viscera
2989 3283 3004 3334 ;
3029 3267 3121 3322 sed
3152 3280 3307 3335 paena
3336 3280 3439 3319 non
3468 3271 3551 3318 est
3578 3276 3700 3317 cum
3721 3259 3877 3315 Chri-

584 3362 841 3433 martyria
887 3363 1226 3432 provocatis,
1258 3363 1421 3417 duces
1465 3378 1562 3419 vos
1609 3363 1910 3419 exhibendo
1940 3367 2172 3432 virtutis,

589 3463 670 3521 ut,
703 3448 835 3509 dum
882 3469 1014 3525 grex
1062 3464 1305 3523 pastores
1332 3470 1460 3511 suos
1498 3457 1743 3527 sequitur
1766 3467 1821 3513 et
1846 3460 1987 3528 quod
2013 3461 2124 3515 fieri
2155 3476 2184 3514 a

593 3548 896 3619 praepositis
920 3548 1090 3603 cernit
1119 3549 1377 3617 imitatur,
1420 3551 1637 3621 paribus
1660 3551 2040 3624 obsequiorum
2067 3571 2184 3611 me-

590 3640 710 3696 ritis
733 3654 763 3695 a
794 3641 1017 3697 Domino
1039 3649 1349 3697 coronetur.

2289 3380 2374 3426 sto
2414 3369 2616 3439 jacere.
2645 3364 2906 3436 Squaleut
2957 3363 3073 3417 sine
3125 3359 3330 3415 balneis
3375 3357 3614 3413 membra
3668 3355 3776 3411 situ
3823 3365 3879 3413 ct

2289 3463 2447 3518 sorde
2482 3459 2741 3516 deformia
2767 3472 2782 3523 ;
2806 3455 2902 3512 sed
2928 3454 3239 3525 spiritaliter
3280 3451 3425 3507 intus
3474 3448 3709 3504 abluitur
3737 3449 3878 3519 quod

2290 3551 2421 3607 foris
2472 3549 2759 3605 carnaliter
2809 3544 3135 3602 sordidatur.
3166 3541 3328 3598 Panis
3377 3540 3487 3595 illic
3528 3540 3754 3610 exiguus
3784 3554 3798 3594 :
3827 3548 3883 3593 at

2290 3663 2390 3701 non
2428 3646 2483 3699 in
2529 3642 2638 3698 solo
2688 3656 2822 3713 parte
2865 3638 2983 3694 vivit
3032 3638 3184 3691 homo
3208 3677 3223 3701 ,
3274 3635 3364 3691 sed
3416 3635 3468 3688 in
3512 3649 3742 3689 sermone
3786 3632 3882 3687 Dei

1799 3781 2176 3846 LECTIONES
2214 3781 2636 3844 VARIANTES.

655 3893 679 3921 ³
716 3891 927 3942 Metellis
946 3892 1231 3943 demOretur
1259 3894 1392 3943 Lam.
1416 3892 1561 3945 Ebor.
1587 3896 1711 3948 Bod.
1735 3896 1783 3946 2.
1810 3899 1916 3949 ΝΟ.
1940 3900 1983 3948 1.

653 3952 683 3991 ιι
716 3954 931 4018 Martyrii
957 3955 1123 4007 titulos
1144 3958 1282 4006 Pem.
1316 3958 1453 4007 Voss.
1479 3959 1525 4004 2.

2354 3867 2387 3933 ὀ
2426 3900 2631 3962 Ligetur
2655 3895 3108 3962 et_Cbristus.Lo_m_.
3136 3892 3282 3962 Elter.
3306 3892 3434 3962 Bog.
3478 3893 3529 3962 ᾖ
3574 3894 3622 3943 Ν
3626 3892 3681 3962 g.
3715 3892 3761 3942 1.
3790 3944 3795 3947 μ

2362 3963 2391 4003 d
2424 3954 2689 4012 Re'cursuri
2712 3960 2837 4009 hanc
2858 3955 2984 4008 Bod.
3008 3957 3115 4009 ΝΟ.
3141 3957 3184 4005 1.
3210 3955 3353 4027 Ebor.
3374 3954 3596 4006 Curritur
3617 3957 3758 4005 Pem.

1838 4064 2076 4121 STEPH.
2122 4066 2397 4127 BALUZII
2432 4064 2663 4123 NOTAE.

594 4177 716 4251 libri
739 4184 949 4231 veteres
969 4173 1381 4251 adduntnomen
1396 4175 1616 4251 Christi.
1634 4178 1902 4236 Manutius
1913 4184 2189 4251 expunxit.

596 4249 762 4323 [tecte
784 4262 935 4323 sane.
969 4246 1081 4300 Non
1124 4255 1302 4301 exstat
1330 4247 1471 4301 enim
1516 4248 1567 4303 iu
1608 4266 1718 4323 xix,
1750 4251 1899 4323 libris
1939 4246 2193 4323 antiquis.

596 4318 968 4399 Necessarium
997 4333 1103 4371 non
1142 4332 1261 4399 esse
1307 4327 1451 4399 patet
1474 4333 1544 4399 ex
1573 4321 1751 4376 multis
1764 4322 1903 4399 locis
1930 4318 2197 4381 simil-ibus

599 4389 738 4460 apud
764 4389 1109 4460 Cyprianum.
1143 4386 1290 4460 Vide
1310 4386 1625 4460 l'amolium.

671 4458 898 4530 Corpore
926 4469 973 4513 ct
1014 4475 1206 4529 gressu.
1254 4458 1432 4514 Codex
1464 4460 1725 4517 Fuxensis
1753 4472 1808 4519 et
1836 4480 1976 4521 unus
2013 4468 2199 4538 Anglic

599 4545 786 4593 canus,
817 4546 1032 4599 coporeo
1053 4547 1247 4600 gressu.

2369 4183 2635 4239 Custodito
2662 4179 2781 4247 ﬁdei
2828 4188 3015 4233 tenore.
3075 4176 3148 4231 ita
3201 4190 3297 4232 sex
3351 4175 3472 4231 libri
3512 4182 3742 4247 veteres.
3785 4173 3892 4247 A_lii

2299 4266 2527 4323 quatuor
2563 4244 2761 4306 habent
2805 4247 3317 4323 custoditwf‘if‘ﬁdei
3346 4257 3515 4302 tenore
3535 4244 3893 4323 uiguistis._Si_c
3957 4249 3965 4257 ‘

2300 4316 2459 4380 etiam
2499 4334 2703 4393 septem
2742 4320 3041 4393 Anglicani.
3076 4316 3337 4393 Aliitres,
3384 4317 3651 4373 custodin
3676 4316 3796 4385 ﬁdei
3824 4316 3894 4368 vi-

2298 4411 2472 4467 gorem
2499 4390 2750 4467 tenuistis.
2790 4390 2923 4467 Vide
2945 4390 3260 4467 Paulelium.

2376 4466 2643 4521 Dominica
2673 4463 2935 4516 mandata.
2968 4461 3084 4515 Duo
3104 4461 3223 4515 libri
3252 4467 3461 4514 veteres
3486 4458 3890 4525 habenldivina,

2304 4541 2492 4594 eodem
2526 4551 2709 4591 sensu.

679 4597 931 4687 {lubitum
952 4611 1021 4687 tot
1044 4597 1316 4656 mercedes.
1333 4599 1934 4687 fulpitius-Sevelruslin
1962 4607 2196 4687 Epistola
2222 4627 2276 4687 D
2313 4680 2323 4687 _
2376 4607 2675 4662 Exhibeudo
2721 4604 2931 4660 virtutis.
2974 4601 3157 4659 Codex
3189 4601 3357 4657 sancti
3393 4597 3657 4673 Arnulphi
3700 4601 3897 4657 virtuti-

601 4673 667 4728 ad
693 4670 966 4727 Claudiam
1000 4686 1240 4726 sororem
1277 4690 1288 4725 :
1327 4670 1582 4740 thutum
1606 4675 1955 4731 inrmlestibns
1984 4670 2199 4733 b'eatim-

603 4745 772 4817 dinem
798 4744 1066 4817 virginitas
1089 4744 1562 4817 sunctagpossideut,
1600 4756 1780 4817 prieter
1811 4747 2202 4817 Scripturarum

606 4806 913 4891 testimonii,
946 4806 1376 4891 Ecclesiutuetium
1403 4806 1762 4891 Consuetudine
1789 4806 2073 4885 edocenmr,
2102 4806 2203 4891 qua

605 4886 819 4960 dicimus
850 4883 1105 4960 peculiare
1135 4884 1212 4960 illi
1240 4884 1508 4960 subsistere
1529 4886 1761 4960 meritum
1797 4891 1942 4960 cuius
1972 4901 2044 4944 est
2063 4883 2205 4960 spe-

605 4958 752 5010 cialis
778 4954 1110 5009 consecratio.
1152 4954 1275 5009 Huic
1305 4956 1529 5021 epistola
1559 4956 1698 5010 edita
1729 4954 1882 5013 antea
1916 4954 2203 5017 fuerat-in—

608 5036 691 5082 ter
728 5042 888 5096 opera
925 5024 1255 5091 Hieronymi.
1303 5025 1473 5079 Immo
1520 5027 1570 5080 in
1601 5027 1789 5085 codice
1838 5030 1980 5086 1128
2012 5032 2206 5088 biblio-

610 5100 781 5152 thecte
805 5096 1128 5151 Colbertinze
1161 5097 1358 5150 inserta
1381 5108 1465 5151 est
1488 5098 1725 5165 Epistula
1751 5101 1820 5154 ad
1873 5102 2206 5157 Eustochium

609 5168 995 5242 devirginitate
1018 5166 1302 5242 servanda.
1326 5166 1625 5242 [nconcilio
1648 5185 1776 5225 vero
1791 5175 2205 5242 Αίιυίεετειηθιιεί

610 5238 879 5304 anni816,
910 5238 1003 5309 lib.
1037 5253 1097 5304 tt,
1126 5252 1246 5304 cap.
1276 5238 1545 5309 6,dicitur
1564 5255 1684 5295 esse
1706 5238 1873 5297 sancti
1906 5238 2204 5309 Athanasii,

613 5308 957 5436 iltlgtlrgqgﬁoin
988 5308 1285 5380 appendicc
1334 5308 1549 5365 Codicis
1581 5311 1908 5383 Regularum
1959 5315 2091 5370 editi
2142 5308 2211 5372 ab

666 5392 912 5436 olstento.

690 5451 964 5527 Numeret.
998 5452 1114 5524 Ego
1143 5467 1248 5521 prtc
1260 5450 1371 5506 fero
1395 5467 1524 5527 eam
1543 5454 1827 5510 lectionem
1860 5473 1953 5525 pro
1979 5471 2046 5511 eo
2068 5457 2213 5527 quod

616 5533 770 5579 antea
799 5523 1074 5593 legebatur
1097 5533 1453 5595 numerantur.
1484 5523 1614 5579 Eam
1639 5541 1799 5595 porro
1821 5523 2213 5584 restitutionem

616 5594 937 5670 confirmant
968 5594 1278 5670 quindecim
1325 5596 1441 5650 libri
1480 5594 1717 5670 veteres;
1754 5614 1983 5670 eamque
2019 5602 2216 5654 contir-

618 5668 752 5722 mari
782 5681 941 5741 posse
974 5675 1103 5741 puto
1126 5668 1285 5741 etiam
1304 5671 1619 5723 auctoritate
1642 5668 1866 5725 duorum
1889 5668 2214 5741 Anglicauo-

618 5752 761 5810 rum,
810 5738 862 5810 in
914 5737 1123 5810 quibus
1155 5739 1413 5810 scriptum
1452 5748 1536 5793 est
1562 5752 1854 5797 numerant.
1888 5737 2007 5810 Quo
2055 5743 2215 5798 etiam

623 5808 782 5863 modo
811 5808 908 5879 lcg'
942 5809 991 5863 iu
1018 5807 1335 5879 quibusdam
1363 5810 1603 5863 nostrin'

2306 4680 2417 4734 bus.

2376 4751 2437 4805 ll.
2471 4749 2795 4805 —Gloriosa
2817 4746 3117 4817 primordia.
3146 4747 3313 4817 Antea
3334 4742 3612 4817 legebatur
3642 4744 3896 4817 religiosa.

2307 4822 2397 4877 Sic
2426 4824 2586 4878 etiam
2621 4821 2778 4876 habet
2809 4814 2977 4873 codex
3009 4815 3178 4873 sancti
3207 4814 3492 4883 Arnulphi.
3526 4814 3713 4869 Lectio
3743 4830 3899 4882 quant

2308 4908 2409 4961 rgo
2457 4892 2719 4948 substinui
2768 4890 2957 4944 melius
3005 4887 3458 4961 mihi_c_onvenire
3514 4885 3726 4961 videtur
3780 4900 3903 4937 cum

2310 4955 2454 5031 siylo
2475 4972 2528 5017 et
2552 4978 2674 5018 cum
2697 4961 2959 5017 sententia
2988 4958 3157 5012 sancti
3184 4956 3451 5031 Martyris.
3514 4955 3691 5010 Inveni
3722 4964 3901 5009 autem

2312 5027 2458 5087 illam
2483 5034 2535 5088 in
2563 5034 2798 5104 quinque
2829 5031 3061 5100 antiquis
3090 5027 3509 5104 exemplaribus.

2385 5096 2725 5159 Metellorum
2745 5113 2929 5156 natura
2960 5096 3221 5153 conversa.
3244 5096 3469 5153 [iutinus
3504 5098 3595 5153 lib.
3623 5113 3680 5161 tl,
3710 5112 3826 5165 cap.
3851 5097 3905 5161 6,

2314 5174 2419 5229 Pér
2446 5176 2578 5229 idem
2599 5186 2794 5242 tempus
2831 5171 3222 5242 Ecclesiumelnt
3250 5169 3613 5242 persecutionis
3640 5171 3755 5240 igne
3785 5184 3909 5221 con-

2313 5248 2487 5316 ﬂunte,
2522 5240 2705 5316 purior?
2732 5247 2844 5297 auri
2873 5241 3076 5316 metallo
3108 5240 3404 5316 refulgebat.

2389 5310 2583 5370 Dicatis
2626 5315 2736 5370 Deo
2769 5314 3073 5367 horninibus.
3119 5310 3270 5365 Hune
3308 5312 3481 5364 locum
3531 5310 3802 5365 illustrant
3848 5324 3912 5363 ea

2314 5403 2436 5457 quae
2465 5389 2515 5442 iu
2548 5388 2705 5441 simili
2727 5393 3054 5457 argumento
3074 5385 3278 5457 notavit
3304 5380 3609 5438 Cotelerius
3628 5382 3677 5436 in
3696 5381 3909 5451 Episto-

2317 5454 2423 5513 lani
2455 5458 2626 5513 sancti
2648 5454 2834 5528 iguatii
2864 5455 2927 5528 ad
2961 5454 3244 5524 Ephesios.

2374 5528 2563 5584 Pedes
2592 5522 2854 5600 copulant.
2887 5522 3093 5600 sen‘eca
3120 5539 3239 5593 cap.
3276 5524 3331 5579 il
3355 5566 3370 5590 ,
3409 5524 3475 5578 de
3504 5522 3916 5600 Tranquillitatc

2323 5600 2486 5657 animi
2506 5618 2517 5652 :
2540 5594 2742 5654 Vinctus
2762 5598 2828 5650 ad
2857 5596 3148 5651 sodalitium
3166 5612 3343 5648 manus
3360 5596 3624 5665 copulatas
3645 5594 3915 5665 intercidit.

2397 5670 2757 5725 Traversariis.
2794 5665 2871 5723 Ita
2901 5668 3066 5723 editio
3097 5666 3320 5720 Morellli
3369 5664 3430 5720 et
3464 5665 3748 5720 duodecim
3797 5664 3916 5717 libri

2325 5750 2555 5799 veteres.
2587 5742 2690 5795 Alii
2715 5741 2949 5811 quinque
2988 5747 3044 5811 et
3080 5736 3244 5811 editio
3274 5736 3490 5811 Manutii
3520 5736 3719 5811 habent
3754 5746 3918 5790 trans-

2325 5814 2579 5870 versariis.
2612 5806 2751 5871 Vide
2776 5806 3095 5883 glo'ssarium
3119 5806 3370 5866 Latinum
3398 5807 3606 5876 Cangii.
