4302 6296
308 211 421 269 H7
1243 194 1256 227 ’

1670 190 2004 259 EPISTOLA
2040 189 2298 258 LXXVII.

3506 197 3615 256 tis
3712 156 3715 159 ’

306 327 489 398 (Deut.
511 341 627 393 vm,
650 325 731 399 3).
763 318 941 380 Vestis
970 319 1267 395 algentibus
1287 320 1441 376 deest
1468 336 1484 388 ;
1528 318 1622 375 sed
1652 320 1740 390 qui
1762 319 1917 374 Chri-
1941 319 1993 381 A
2020 318 2145 372 mini
2170 334 2306 373 mors
2324 318 2581 390 justorum
2620 315 2649 356 ι»
2679 318 2789 388 ejus
2816 314 2990 391 (Psal.
3053 332 3162 374 cxv
3184 360 3199 384 ,
3254 313 3342 384 12,
3368 315 3457 382 1'5,
3493 315 3609 386 15).

305 428 454 474 stunt
487 418 684 484 induit,
708 425 763 473 et
790 416 1018 471 vestitus
1044 412 1381 469 abundanter
1404 420 1458 468 et
1480 410 1654 467 cultus
1682 419 1783 465 cst.
1812 410 1913 466 Se-

306 512 533 567 milonsi
565 510 757 581 capitis
784 508 1012 579 capillus
1047 507 1327 572 horrescit;
1362 505 1477 570 sed,
1508 520 1630 560 cum
1663 506 1727 559 sit
1756 512 1917 574 caput

304 603 414 658 viri
441 601 1105 672 Cbristus,qnalecumque
1135 597 1265 653 illud
1295 604 1457 667 caput
1476 596 1664 651 deceat
1693 608 1914 650 necesse

308 707 398 753 est
439 697 581 769 quod
613 697 683 752 ob
716 694 925 751 Domini
954 708 1149 750 nomen
1197 692 1406 764 insigne
1452 700 1552 745 est.
1598 688 1785 744 Omnis
1812 688 1913 741 ista

308 790 632 847 deformitas
680 786 1021 845 deteStabilis
1070 795 1124 842 et
1180 794 1315 841 tetra
1379 782 1670 855 gentilibus
1701 821 1716 845 ,
1773 778 1913 849 quali

310 881 602 953 splendore
627 862 977 951 pensabitur?
1006 875 1291 933 Saecularis
1321 874 1440 930 haec
1466 884 1522 929 et
1550 872 1728 927 brevis
1759 884 1913 940 paena

311 989 477 1046 quam
517 973 659 1043 {clari
704 982 760 1027 et
815 970 1007 1027 aeterni
1060 969 1281 1025 honoris
1320 965 1572 1023 mercede
1599 964 1910 1030 mutabitur,

313 1080 461 1132 cum,
493 1062 793 1121 secundum
818 1060 1219 1133 beatiApostoli
1240 1073 1429 1115 vocem
1456 1057 1918 1113 transformaverit

318 1157 582 1212 Dominus
645 1169 843 1226 corpus
893 1152 1209 1208 humilitatis
1260 1158 1463 1207 nostra:
1518 1148 1913 1206 conformatum

311 1248 525 1320 corpori
553 1246 814 1302 claritatis
839 1259 950 1301 suae
967 1243 1192 1318 (Philip.
1218 1258 1295 1308 ιιι,
1321 1240 1416 1315 21)
1444 1242 1469 1296 't
1554 1242 1558 1247 ’

386 1339 475 1395 ΙΙΙ.
493 1339 598 1397 Sed
615 1354 715 1395 nec
742 1340 795 1393 in
826 1338 941 1405 illo,
962 1336 1155 1393 fratres
1174 1335 1527 1399 dilectissimi,
1545 1335 1723 1408 aliqua
1743 1343 1917 1406 potest

313 1442 407 1489 aut
422 1432 692 1504 religionis
708 1430 935 1487 autﬁdei
952 1431 1153 1503 jactura
1173 1432 1359 1487 sentiri
1378 1430 1518 1500 quod
1548 1431 1655 1486 illic
1678 1446 1816 1485 nunc
1828 1444 1916 1485 sa-

313 1525 618 1581 cerdotibus
636 1525 735 1580 Dei
749 1524 973 1580 facultas
987 1540 1091 1579 non
1105 1524 1261 1580 datur
1272 1523 1528 1579 oll‘crendi
1543 1533 1593 1579 et
1609 1524 1914 1580 celebrandi

315 1620 579 1676 sacriﬁcia
602 1619 803 1675 divina.
818 1617 1134 1685 Celebratis,
1160 1617 1325 1672 immo
1345 1628 1505 1688 atque
1527 1615 1730 1673 oﬁ'ertis
1750 1617 1915 1673 sacri-

2016 412 2147 479 Quis
2169 428 2274 468 non
2306 413 2536 468 libenter
2572 421 2626 467 et
2655 423 2899 483 prompte
2953 424 2974 451 ο
3008 412 3231 468 calicem
3279 411 3467 466 salutis
3517 424 3612 464 ac-

2017 504 2214 576 cipiat?
2236 506 2354 577 quis
2378 522 2481 563 non
2509 514 2721 577 appetat
2749 505 3136 577 gaudebundus
3164 515 3217 561 et
3246 506 3395 559 laetus
3425 504 3476 557 in
3504 517 3612 572 quo

2018 598 2216 669 aliquid
2240 607 2294 653 et
2321 599 2436 669 ipse
2484 598 2709 653 Domino
2736 612 2832 653 suo
2871 596 3174 651 retribuat?
3201 594 3321 665 quis
3353 609 3459 647 non
3492 606 3615 662 pre-

2018 690 2211 744 tiosam
2244 689 2296 743 in
2326 698 2616 759 conspectu
2649 688 2856 743 Domini
2901 698 3125 743 mortem
3174 687 3379 742 fortiter
3402 692 3458 742 et
3483 699 3614 741 con-

2022 790 2231 837 stanter
2285 782 2515 853 excipiat
2547 822 2562 848 ,
2617 781 2908 851 placiturus
2948 780 3064 851 ejus
3090 779 3260 836 oculis
3304 779 3395 850 qui
3434 792 3532 833 nos
3558 777 3614 831 in

2019 877 2407 948 congressione
2445 874 2679 930 nominis
2723 874 2804 930 sui
2835 874 3154 929 constitutos
3200 872 3431 941 desuper
3454 885 3610 941 spee-

2017 977 2190 1034 ctans,
2229 967 2469 1023 volentes
2510 965 2845 1035 comprobat,
2877 964 3092 1035 adjuvat
3126 962 3466 1030 dimicantes,
3494 962 3615 1017 vin-

2017 1068 2203 1116 centes
2250 1068 2495 1126 coronat,
2520 1058 2874 1114 retributione
2899 1057 3154 1113 bonitatis
3191 1071 3254 1111 ac
3282 1055 3493 1126 pietatis
3523 1070 3615 1124 pa-

2019 1162 2184 1207 terna:
2203 1147 2231 1188 ἀ
2253 1164 2603 1207 remunerans
2626 1151 2677 1205 in
2702 1150 2858 1206 nobis
2885 1159 2908 1186 θ
2931 1147 3185 1220 quidquid
3208 1148 3322 1223 ipse
3349 1146 3615 1218 praestitit,

2015 1255 2068 1301 et
2098 1244 2369 1299 bonorans
2397 1243 2540 1315 quod
2559 1244 2682 1313 ipse
2711 1242 2972 1313 perfecit?
3124 1228 3129 1237 ’

2091 1336 2156 1392 ν.
2185 1335 2353 1407 Ipsius
2406 1336 2549 1391 enim
2592 1349 2713 1390 esse
2756 1333 2900 1405 quod
2948 1333 3211 1390 vincimus
3249 1341 3303 1388 et
3357 1330 3499 1403 quod
3549 1329 3616 1385 ad

2018 1428 2233 1484 maximi
2260 1428 2570 1484 certaminis
2597 1428 2848 1498 palmam,
2890 1426 3112 1482 subacto
3139 1426 3467 1491 adversario,
3498 1438 3619 1495 per-

2018 1523 2262 1578 venimus
2288 1521 2527 1577 declarat
2554 1531 2607 1576 et
2636 1521 2796 1576 docet
2829 1520 3084 1575 Dominus
3111 1520 3164 1574 in
3203 1519 3491 1590 Evangelio
3520 1532 3619 1573 suo

2019 1613 2249 1669 dicens:
2291 1611 2420 1668 Cum
2463 1621 2630 1668 autem
2678 1628 2764 1667 vos
2817 1611 3153 1679 tradiderint,
3194 1612 3349 1665 nolite
3398 1610 3621 1681 cogitare

317 1714 505 1791 ﬁcium
526 1712 635 1768 Deo
656 1721 709 1767 et
725 1712 1016 1783 pretiosum
1046 1712 1245 1782 pariter
1268 1720 1325 1766 et
1347 1710 1638 1783 gloriosum
1668 1719 1723 1766 et
1751 1710 1917 1780 pluri-
1945 1708 1996 1769 B
2021 1707 2271 1780 quomodo
2298 1717 2385 1760 aut
2413 1707 2535 1775 quid
2555 1705 2872 1772 loquamini;
2901 1703 3100 1757 dabitur
3134 1703 3266 1757 enim
3292 1701 3427 1756 vobis
3452 1703 3504 1754 in
3530 1701 3622 1755 illa

318 1820 472 1861 mum
496 1804 652 1861 vobis
677 1803 744 1860 ad
787 1804 1192 1861 retributionem
1226 1803 1568 1875 praemiorum
1621 1803 1917 1860 caelestium

318 1898 681 1970 profuturum,
722 1911 845 1953 cum
877 1897 1148 1968 Scriptura
1170 1894 1365 1951 ‘divina
1391 1894 1642 1967 loquatur
1665 1905 1720 1951 et
1742 1896 1916 1951 dicat:

321 1990 648 2060 Sacri/icium
678 1989 786 2045 Deo
808 1990 1020 2063 spiritus
1057 1989 1445 2056 contribulatus,
1467 2005 1555 2044 cor
1579 1990 1851 2050 contritum
1875 1997 1922 2044 et

320 2069 643 2139 humiliatum
692 2082 835 2139 Deus
883 2100 987 2139 non
1016 2084 1228 2156 despicit
1255 2082 1427 2156 (Psal.
1453 2100 1504 2151 L,
1536 2082 1650 2156 18).
1683 2084 1798 2141 Hoc
1827 2100 1922 2142 vos

319 2176 642 2233 sacriﬁcium
666 2177 780 2232 Deo
793 2175 1018 2242 oﬁ‘ertis,
1039 2175 1141 2231 hoc
1168 2175 1490 2232 sacriﬁcium
1509 2176 1625 2233 sine
1652 2178 1923 2233 intermis-

323 2269 476 2324 sione
491 2268 578 2324 die
606 2283 670 2323 ac
692 2277 850 2323 nocte
869 2266 1173 2333 celebratis,
1193 2266 1383 2323 hostias
1413 2266 1535 2324 facti
1567 2268 1695 2332 Deo,
1726 2277 1783 2324 et
1804 2284 1924 2323 vos-

323 2360 581 2431 metipsos
628 2369 840 2415 sanctas
889 2369 1051 2429 atque
1084 2359 1448 2415 immaculatas
1499 2360 1743 2415 victimas
1771 2360 1924 2416 exhi-

325 2451 536 2520 bentes,
558 2452 695 2508 sicut
720 2451 1011 2522 Apostolus
1036 2450 1351 2506 adhortatur
1376 2461 1429 2507 et
1458 2451 1586 2507 dicit
1614 2470 1629 2507 ι
1674 2452 1925 2525 Ονολενθο

324 2561 430 2611 tos,
457 2547 658 2616 fratres,
694 2560 786 2615 per
807 2543 1210 2599 misericordiam
1239 2542 1356 2610 Dei,
1394 2552 1447 2597 ut
1472 2546 1787 2599 constituatis
1808 2562 1923 2600 coro

331 2652 457 2707 para
494 2646 658 2713 vestra
695 2637 913 2691 hostium
941 2636 1131 2701 vivam,
1177 2644 1425 2702 sanctam,
1458 2638 1740 2706 placentem
1795 2637 1924 2705 Deo,

332 2744 424 2782 nec
465 2727 850 2800 conﬁguremini
886 2725 1073 2782 stet:qu
1102 2725 1252 2792 huic,
1288 2729 1376 2782 sed
1415 2729 1843 2799 transformemini
1875 2732 1927 2785 in

328 2820 651 2874 renovatione
677 2835 870 2884 sensus,
895 2819 964 2876 ad
998 2819 1314 2888 probandum
1342 2836 1456 2892 qua:
1483 2822 1548 2874 sit
1572 2820 1802 2877 voluntas
1831 2821 1929 2876 Dei

330 2911 467 2965 bona
492 2919 537 2965 et
554 2910 759 2980 placens
784 2919 830 2964 et
857 2909 1258 2981 perfecta(Bom.
1295 2913 1441 2972 x1t.l
1475 2928 1489 2977 ;
1527 2912 1670 2966 Phil.
1702 2928 1782 2980 ιιι,
1809 2912 1926 2983 2-1).

412 3002 505 3059 1V.
535 3001 649 3057 Hoc
677 3012 759 3058 est
784 3004 925 3059 enim
956 3002 1097 3074 quod
1126 3005 1396 3076 praecipue
1431 3005 1545 3060 Deo
1571 2990 1795 3076 placeat,
1831 3008 1931 3062 hoc

2024 1802 2152 1855 hora
2180 1801 2304 1872 quid
2327 1800 2627 1871 loquamini.
2660 1798 2782 1853 Non
2809 1800 2942 1852 enim
2970 1813 3057 1852 vos
3084 1798 3201 1853 estis
3227 1798 3311 1867 qui
3336 1795 3619 1865 loquimini,

2023 1894 2115 1949 sed
2149 1893 2379 1964 Spiritus
2405 1893 2576 1946 Patris
2604 1891 2754 1946 vestri
2784 1891 2870 1961 qui
2912 1890 3135 1958 loquitur
3159 1889 3214 1943 in
3248 1889 3384 1942 vobis
3407 1885 3620 1958 (Matth.

2023 2002 2079 2052 ι,
2113 1985 2201 2053 19,
2232 1985 2348 2057 20).
2391 1984 2457 2039 Et
2488 1984 2679 2039 iterum
2714 1999 2727 2035 :
2761 1980 2946 2036 Ponite
2969 1981 3024 2035 in
3065 1980 3297 2036 cordibus
3319 1978 3492 2033 vestris
3521 1993 3624 2032 non

2024 2078 2367 2151 praemeditari
2393 2092 2653 2133 excusare.
2671 2074 2787 2147 Ego
2799 2076 2933 2130 enim
2949 2073 3080 2129 dabo
3092 2073 3229 2127 vobis
3249 2089 3303 2128 os
3333 2081 3378 2127 et
3415 2073 3623 2142 sapien-

2025 2175 2147 2228 tiam
2195 2172 2401 2228 cuinon
2436 2179 2670 2243 poterunt
2696 2170 2926 2225 resistere
2958 2168 3235 2225 adversarii
3285 2167 3434 2222 vestri
3462 2165 3616 2235 (Luc.

2033 2281 2147 2331 xxr,
2182 2266 2271 2332 14,
2308 2263 2414 2335 15).
2442 2263 2499 2317 In
2527 2279 2634 2333 quo
2663 2260 2878 2333 quidem
2908 2270 2960 2316 et
2987 2260 3315 2316 credentium
3338 2274 3529 2331 magna
3560 2260 3622 2312 ﬁ~

2027 2357 2184 2412 ducia
2213 2364 2295 2411 est
2319 2365 2374 2411 et
2393 2341 2550 2425 culpa
2572 2353 2889 2426 gravissima
2915 2351 3239 2423 perﬁdorum
3267 2365 3371 2406 non
3393 2349 3619 2406 credere

2028 2451 2074 2506 ei
2107 2450 2198 2521 qui
2224 2430 2464 2519 seopem
2519 2462 2669 2503 suam
2713 2446 2959 2502 daturum
2990 2444 3370 2501 conﬁtentibus
3409 2444 3626 2515 pollice-

2033 2553 2136 2610 tur,
2167 2556 2266 2598 nec
2291 2557 2478 2597 rursus
2506 2539 2758 2598 eumdem
2794 2540 2985 2596 timere
3009 2541 3098 2611 qui
3125 2550 3380 2595 auernam
3409 2552 3625 2609 ptenam

2030 2634 2349 2707 negantibus
2410 2635 2786 2690 comminatur.

2103 2724 2191 2779 VI.
2222 2725 2353 2792 Qua:
2379 2741 2479 2781 vos
2518 2727 2719 2793 omnia,
2753 2724 3031 2781 fortissimi
3068 2741 3130 2781 ac
3158 2725 3453 2781 lidclissimi
3483 2726 3625 2781 utili-

2033 2828 2114 2874 tes
2137 2817 2358 2885 Christi,
2385 2818 2695 2874 insinuastis
2722 2817 3217 2883 fratribusnostris,
3270 2814 3554 2888 implentes
3604 2817 3624 2856 ί

2034 2911 2189 2968 factis
2233 2911 2377 2982 quod
2427 2911 2609 2967 verbis
2654 2919 2780 2966 ante
2823 2911 3105 2978 docuistis,
3140 2910 3297 2965 futuri
3331 2912 3547 2965 maximi
3576 2912 3627 2966 in

2032 3018 2201 3075 regno
2243 3002 2527 3069 caelorum,
2557 3001 2843 3072 pollicente
2872 3002 3101 3057 Domino
3138 3010 3195 3056 et
3236 2996 3446 3057 dicente
3480 3017 3493 3054 :
3531 2990 3643 3065 Qui

336 3104 422 3152 est
452 3095 507 3149 in
532 3109 639 3165 quo
663 3094 952 3165 majoribus
978 3095 1045 3126 ¹⁶⁰
1064 3095 1272 3150 meritis
1299 3095 1366 3150 ad
1395 3097 1806 3166 promerendam
1834 3113 1932 3157 νο·
1960 3091 2006 3155 C
2041 3096 2213 3168 fecerit
2244 3104 2290 3149 et
2323 3095 2394 3149 sic
2414 3094 2660 3160 docuerit,
2690 3094 2942 3148 maximus
2983 3092 3242 3148 vocabitur
3256 3094 3309 3147 in
3337 3109 3493 3165 regno
3531 3108 3634 3148 ca:-

334 3188 593 3243 luntatem
622 3186 716 3243 Dei
745 3201 909 3258 opera
954 3196 1138 3243 nostra
1166 3189 1515 3259 proveniant;
1548 3189 1651 3245 hoc
1675 3200 1757 3246 est
1789 3190 1933 3261 quod

335 3279 506 3335 solum
578 3279 807 3335 Domino
874 3287 902 3315 ἰ
954 3277 1022 3335 de
1077 3277 1355 3335 beneﬁciis
1394 3280 1510 3352 ejus
1549 3282 1837 3352 grandibus
1880 3293 1937 3339 et

336 3372 661 3428 salutaribus
732 3371 855 3427 ﬁdei
927 3386 990 3427 ac
1061 3371 1358 3428 devotionis
1423 3382 1623 3429 nostra:
1677 3374 1985 3445 obsequia.

337 3466 635 3522 retribuant
675 3504 692 3529 ,
750 3466 1075 3535 praedicante
1129 3468 1180 3520 in
1230 3465 1455 3521 Psalmis
1504 3474 1558 3522 et
1607 3477 1939 3525 contestante

337 3557 537 3628 Spiritu
589 3566 772 3613 sancto
805 3574 817 3610 :
866 3557 1004 3625 Quid
1033 3558 1327 3626 retribuam,
1355 3559 1529 3630 inquit
1556 3601 1571 3627 ,
1602 3560 1820 3616 Domino
1848 3577 1940 3632 pro

340 3652 568 3705 omnibus
592 3666 704 3721 qua:
747 3650 919 3705 tribuit
950 3652 1074 3706 mihi
1101 3653 1126 3706 ?
1153 3650 1376 3707 Calicem
1402 3653 1642 3709 salutaris
1667 3657 1937 3727 accipiant,

294 3760 297 3761 '
340 3753 388 3799 et
416 3759 598 3799 nomen
624 3741 835 3798 Domini
883 3743 1146 3799 invocabo.
1177 3742 1416 3800 Pretiosa
1445 3745 1498 3799 iu
1544 3755 1814 3817 conspectu
1842 3747 1943 3802 Do-

2037 3189 2204 3244 lorum
2230 3186 2442 3261 (Matth.
2472 3202 2527 3255 v,
2557 3185 2667 3259 19).
2691 3185 2929 3257 Denique
2950 3186 3254 3256 exemplum
3282 3193 3514 3241 vestrum
3541 3199 3632 3240 se-

2038 3291 2180 3349 cuta,
2218 3278 2496 3350 multiplex
2541 3277 2714 3349 plebis
2770 3277 2946 3348 portio
2974 3277 3219 3334 confessa
3245 3285 3329 3341 est
3356 3276 3635 3333 vobiscum

2040 3372 2241 3443 pariter
2262 3380 2315 3425 et
2336 3370 2533 3441 pariter
2553 3377 2807 3423 coronata
2835 3378 2939 3434 est,
2970 3383 3219 3424 connexa
3245 3368 3397 3424 vobis
3422 3368 3637 3423 vinculo

2006 3470 2011 3479 '
2044 3463 2348 3521 fortissimae
2378 3462 2673 3525 charitatis,
2702 3472 2755 3516 et
2782 3476 2813 3515 a
2842 3462 3141 3532 prmpositis
3167 3461 3277 3517 suis
3294 3475 3392 3516 nec
3421 3475 3639 3517 carcere

2047 3573 2148 3614 nec
2200 3554 2433 3611 metallis
2483 3562 2752 3625 separata.
2795 3552 2960 3624 Cujus
3006 3568 3232 3609 numero
3276 3567 3375 3608 nec
3403 3553 3637 3622 virgines

2044 3651 2261 3716 desunt,
2288 3648 2481 3720 quibus
2522 3646 2589 3701 ad
2642 3645 3048 3716 sexagenarium
3104 3645 3332 3700 fructum
3380 3652 3640 3699 centenus

2044 3743 2270 3800 accessit
2295 3738 2509 3809 (Matth.
2541 3753 2656 3805 xm,
2688 3734 2768 3808 8),
2803 3750 3044 3807 quasque
3070 3735 3137 3791 ad
3162 3735 3452 3807 ccclestem
3478 3749 3637 3791 coro-

1548 3877 1926 3940 LECTIONES
1958 3874 2376 3940 VARIANTES.

409 3992 435 4020 ³
471 3991 680 4041 Domino
700 3988 765 4039 de
786 3989 1012 4040 omnibus
1040 4000 1147 4042 Vos.
1173 3990 1218 4040 2.
1247 3991 1377 4041 Lam.
1405 3989 1549 4042 Ebor.

406 4048 437 4089 ι)
470 4052 755 4103 Sanctorum
782 4052 913 4102 Lam.
935 4053 1080 4103 Ebor.
1108 4053 1234 4104 Bod.
1264 4055 1310 4103 1.

407 4119 431 4147 ε
466 4114 705 4166 Libenter
727 4121 780 4165 et
812 4126 1047 4178 prospere
1071 4117 1177 4167 NG.
1208 4115 1273 4175 2.,

2115 3992 2145 4031 d
2178 3990 2421 4041 Bonitatis
2464 3993 2694 4052 paterna;
2732 3986 2870 4052 11am:
2885 3983 3022 4052 _Bo_d.
3035 3985 3094 4052 _2_.
3117 3985 3264 4037 Ebor.
3289 3987 3394 4039 NG.
3423 3987 3470 4038 1.

2123 4058 2147 4086 ε
2182 4055 2238 4103 In
2262 4054 2402 4103 bonis
2426 4048 2560 4101 Lam.
2586 4048 2714 4100 Bod.
2742 4048 2790 4098 2.
2818 4048 2925 4099 ΝΟ.
2954 4049 3000 4097 1.
3028 4048 3175 4099 Ebor.

2122 4116 2141 4155 f
2181 4114 2495 4180 Compleutes
2537 4112 2666 4163 Bod.
2713 4112 2760 4173 1,
2784 4111 2834 4161 2.
2860 4112 2992 4163 ιαηι.
3017 4109 3166 4162 Ebor.
3191 4112 3299 4164 NG.
3324 4112 3372 4174 1,
3397 4112 3446 4161 2.

1583 4238 1827 4297 STEPH.
1873 4241 1953 4298 BA
1964 4241 2148 4300 LUZII
2183 4240 2414 4298 ΝΟΤᾸΞ.

418 4350 561 4428 Infra
610 4350 795 4428 Epist.
821 4370 1044 4428 Lxxvm,
1076 4369 1212 4428 pag.
1260 4353 1387 4428 l6l_,
1416 4352 1721 4428 Semitonsis
1760 4355 1943 4428 capitis
1969 4358 2023 4419 D
2048 4354 2427 4428 gaudibundus.
2457 4326 2515 4410 In
2550 4352 2690 4409 libro
2718 4352 2787 4409 de
2812 4352 3069 4428 Passione
3085 4352 3391 4428 Maximiani
3419 4360 3473 4428 et
3500 4340 3669 4428 Isaac‘

348 4427 705 4497 capillaturam
729 4425 1029 4497 adegquasti.
1058 4424 1294 4479 Annotat
1314 4424 1393 4497 vir
1417 4424 1762 4497 doctissimus
1778 4424 1944 4481 Joan-

348 4493 446 4553 nc's
472 4496 707 4551 Morinus
729 4496 781 4552 in
811 4496 1209 4552 Exercitatioue
1233 4511 1320 4561 xv,
1350 4496 1413 4548 de
1433 4493 1671 4549 Tonsura
1696 4495 1940 4564 clericali,

349 4584 468 4637 Cap.
501 4569 550 4634 1,
579 4566 607 4638 §
638 4567 691 4633 9,
724 4568 928 4638 tonderi
958 4577 1012 4622 ct
1041 4567 1153 4622 radi
1178 4566 1592 4638 ignominiosum
1640 4568 1944 4624 servitutis-

352 4636 457 4708 qtte
487 4636 695 4707 insigne
723 4636 921 4708 fuisse;
948 4638 998 4692 id
1026 4638 1165 4707 qutul
1192 4636 1381 4707 probat
1403 4637 1644 4706 pluribus
1659 4640 1939 4708 exemplis.

351 4707 620 4764 llonorius
646 4717 703 4762 et
734 4707 1071 4763 Theodosius
1111 4710 1224 4762 AA.
1268 4710 1304 4761 l.
1336 4724 1384 4762 tv
1443 4708 1655 4765 Codicis
1680 4707 1947 4764 Theudo-

351 4780 510 4844 siani,
537 4780 600 4831 de
621 4777 815 4833 Habitu
837 4795 936 4850 quo
954 4780 1025 4833 uti
1048 4788 1243 4850 oportet
1259 4779 1391 4832 intra
1409 4778 1602 4843 urbem,
1617 4778 1767 4833 aiunt
1791 4797 1802 4831 :
1830 4780 1947 4833 Μα-

343 4852 486 4920 jores
512 4849 700 4921 crines,
717 4849 1016 4904 indumenta
1033 4849 1242 4921 pellium
1259 4851 1409 4921 etiam
1439 4851 1492 4903 in
1518 4850 1693 4921 servis,
1718 4851 1848 4904 inter
1860 4867 1950 4904 ur-

356 4922 467 4974 bem
487 4920 882 4975 sacratissimum
911 4918 1234 4991 prwcipimus
1258 4920 1491 4974 inhiberi.
1518 4918 1647 4974 Vide
1663 4921 1946 4976 concilium

355 4992 674 5060 Epaonense
702 5006 909 5046 eamme
939 4992 1026 5047 '59.
1078 4991 1301 5047 Romani
1346 4991 1486 5046 enim
1518 5001 1669 5046 tonsa
1706 4992 1868 5048 barba
1896 5003 1951 5057 et

356 5062 532 5131 capite
574 5062 822 5117 incedere
872 5063 1136 5129 solebant,
1181 5070 1239 5116 ut
1279 5064 1550 5116 annotavit
1592 5061 1853 5118 Baronius
1896 5065 1946 5119 in

359 5141 508 5187 tomo
539 5131 711 5201 primo
731 5133 1016 5187 Annalium
1045 5133 1551 5189 ecclesiasticorum.

431 5201 651 5257 lll.—-ln
666 5202 854 5258 codice
878 5202 919 5256 F
924 5204 1043 5268 lori,
1062 5204 1333 5272 sacriﬁcia.
1360 5202 1459 5257 Vos
1476 5202 1647 5257 divina
1668 5203 1947 5261 celebratis.

357 5273 416 5330 In
443 5273 629 5345 codice
658 5289 785 5345 vero
813 5273 1075 5345 Lamonii,
1103 5275 1425 5344 sacriﬁcandi
1453 5274 1615 5345 oﬂicia
1646 5274 1835 5328 divina.

419 5343 729 5427 .Placentem
750 5343 879 5427 Deo.
909 5344 1091 5400 Codex
1110 5345 1429 5401 Veronensis
1459 5343 1627 5413 addit,
1659 5346 1958 5400 rationabile

361 5418 698 5471 ministerium
736 5426 973 5470 vestrum.

390 5518 403 5532 -
434 5486 523 5539 IV.
546 5516 617 5525 —
639 5485 1040 5542 Gaudebundus.
1087 5486 1161 5541 Ita
1205 5499 1416 5543 veteres
1445 5486 1565 5542 libri
1594 5496 1648 5542 et
1672 5487 1954 5542 editiones.

361 5556 467 5628 Alii
514 5555 715 5628 habent
749 5557 1129 5628 gaudibundus,
1174 5558 1317 5628 quod
1361 5558 1496 5612 idem
1543 5567 1646 5613 est.
1675 5558 1949 5628 Apuleius,

365 5627 461 5691 lib.
491 5640 585 5682 vnt
614 5624 1113 5700 Metanzorpltoseou
1137 5670 1152 5697 ,
1183 5624 1345 5683 soboli
1378 5643 1622 5684 novorum
1655 5624 1952 5685 maritorum

2049 4424 2345 4493 martyrum
2378 4427 2795 4489 Donatistarum,
2833 4427 2921 4493 qni
2950 4424 3124 4478 editus
3160 4435 3295 4493 esta
3328 4424 3645 4485 doctissimo

2048 4500 2164 4553 viro
2192 4492 2466 4559 Ludovico
2511 4497 2674 4551 Ellics
2713 4495 2781 4549 du
2815 4492 2945 4561 Pin,
2978 4495 3168 4563 legitur
3195 4509 3209 4545 :
3251 4492 3360 4547 Hoc
3388 4494 3465 4548 illi
3491 4497 3648 4550 mira-

2049 4570 2221 4623 culum
2251 4568 2617 4634 gaudebundus
2657 4566 2852 4620 cunctis
2882 4565 3213 4634 prazsentibus
3262 4564 3641 4622 demonstravit.

2048 4640 2209 4695 Exeo
2242 4635 2387 4694 fonte
2411 4649 2527 4694 orta
2541 4648 2666 4692 sunt
2696 4637 2921 4706 plurima
2951 4635 3143 4706 similia
3166 4635 3443 4702 voeabula,
3467 4648 3521 4689 nt
3548 4655 3649 4691 nu-

2050 4711 2318 4764 dabundus
2363 4712 2415 4765 in
2445 4704 2980 4778 Epistula—Cypriani
3013 4704 3080 4778 ad
3131 4705 3415 4778 Donatum,
3447 4710 3648 4762 crucia-

2052 4782 2251 4835 bundus
2280 4782 2331 4834 in
2374 4775 2611 4851 Epistola
2639 4794 2741 4851 xv,
2756 4775 2821 4851 ad
2846 4775 3177 4851 (.orneliunt,
3210 4777 3647 4851 lurchinabuudtts

2055 4860 2110 4906 et
2138 4846 2516 4905 lurchubuudus
2544 4849 2682 4919 apud
2709 4846 3093 4919 Quintilianum
3120 4864 3133 4912 ;
3164 4847 3301 4917 apud
3332 4847 3644 4919 Suntouimn
3742 4850 3745 4853 ’

2054 4922 2385 4988 ludibundus,
2421 4918 3274 4993 gratulabundus,osculabundus,
3307 4918 3449 4993 apud
3479 4924 3648 4976 Senc.

2054 5007 2172 5048 eam
2228 4986 2592 5063 reptabundus,
2647 4986 2788 5063 apud
2842 4988 2909 5063 Δ.
2964 4986 3192 5063 Gellium
3244 4986 3642 5063 amorubuudus,

2052 5058 2533 5126 stomachabundus,
2564 5069 2619 5115 et
2648 5058 2991 5124 errabundus,
3019 5060 3160 5130 apud
3211 5060 3491 5129 Apuleium
3530 5058 3650 5117 bac;

2051 5133 2370 5199 cltabundus,
2405 5130 2889 5195 murmurabundus,
2918 5131 3366 5201 imaginabundus,
3410 5146 3649 5187 munera-

2053 5204 2272 5259 bundus.
2297 5203 2545 5258 Abundat
2560 5213 2740 5257 autem
2767 5201 2853 5254 hie
2873 5208 3059 5255 auctor
3074 5203 3647 5272 simililmsvocabulis,

2060 5290 2179 5344 quae
2208 5288 2428 5329 necesse
2458 5290 2563 5330 non
2593 5282 2675 5328 est
2701 5285 3145 5344 commemorare.
3195 5270 3356 5344 Apud
3401 5273 3464 5338 ρ.
3514 5270 3651 5330 ϐαι-ὲ

2064 5340 2191 5399 tium
2223 5345 2631 5399 bacchabundus.
2679 5340 2834 5413 Apud
2875 5340 3105 5396 Nouium
3146 5340 3486 5411 Marcellum,
3520 5346 3652 5400 vita-

2063 5417 2279 5471 bundus.

2133 5486 2462 5541 Constitutos.
2496 5486 2629 5542 Tres
2667 5482 3024 5555 librihveteres
3055 5489 3347 5555 exegerunt
3386 5492 3443 5535 ut
3486 5486 3653 5544 adde-

2064 5573 2249 5630 remus
2267 5558 2366 5613 hoc
2395 5556 2736 5614 vocabulum.
2781 5552 2887 5611 Sed
2920 5563 3096 5611 tamen
3118 5552 3246 5630 puto
3272 5569 3526 5630 nonresse
3554 5573 3654 5617 nc-

2055 5628 2365 5685 cessarium.
3122 5627 3131 5630 ’
3368 5627 3443 5660 ⁸⁸⁵
