4302 6296
565 242 671 314 ιω

570 461 741 534 major
766 469 926 518 aetate
952 473 1122 515 annos
1152 472 1277 514 suos
1307 456 1660 515 confessionis
1687 456 1847 515 laude
1884 465 2162 513 transcen-

570 556 671 624 dit,
698 562 756 611 ut
783 552 1023 626 martyrii
1049 554 1209 611 vestri
1233 552 1447 610 beatum
1468 566 1681 627 gregem
1699 560 1753 609 ct
1771 567 1932 613 sexus
1959 563 2013 611 et
2032 564 2165 613 tetas

572 647 749 705 omnis
776 653 1019 703 ornaret.

647 737 758 794 Vll.
785 738 887 806 Qui
912 752 1056 795 nunc
1080 738 1253 808 vobis,
1272 737 1607 794 dilectissimi
1645 738 1858 805 fratres,
1882 740 2165 800 couscien.

573 832 661 889 the
710 830 950 888 victricis
995 832 1180 913 vigor,
1218 846 1343 905 qua:
1386 830 1689 886 sublimitas
1734 831 1921 901 animi,
1952 848 2071 903 quae
2112 834 2165 888 in

576 939 738 982 sensu
784 924 1103 993 exultantia,
1131 923 1220 995 qui
1254 922 1556 994 triumphus
1609 924 1660 979 in
1710 932 1945 993 pectore,
1976 939 2164 980 unum-

575 1032 849 1091 quemque
877 1026 1115 1074 vestrum
1142 1026 1285 1073 stare
1307 1014 1373 1071 ad
1406 1018 1725 1087 promissum
1752 1015 1844 1075 Dei
1869 1018 2166 1087 prmmium,

576 1110 643 1165 de
667 1108 872 1181 judicio
926 1109 1021 1167 Dei
1047 1122 1169 1165 esse
1214 1122 1486 1174 securum.
1534 1107 1809 1165 ambulare
1836 1108 1890 1164 iu
1919 1109 2195 1175 metallis,.

575 1202 789 1274 captivo
843 1201 1062 1273 quidem
1108 1214 1372 1271 corpore,
1422 1198 1517 1256 sed
1577 1199 1738 1256 corde
1812 1209 2070 1272 regnante
2121 1210 2171 1270 ιι,

578 1298 715 1353 scire
770 1295 1045 1351 Christum
1103 1308 1285 1349 secum
1334 1308 1454 1349 esse
1478 1302 1821 1365 praesentem,
1852 1291 2172 1363 gaudentem

580 1388 862 1445 tolerantia
897 1401 1177 1445 servorum
1207 1399 1426 1441 suorum
1460 1400 1557 1456 per
1586 1385 1803 1455 vestigia
1834 1393 1888 1439 et
1913 1385 2024 1439 vias
2050 1398 2175 1438 suas

588 1480 655 1535 ad
700 1494 862 1552 regna
894 1488 1097 1534 acterna
1126 1475 1484 1548 gradientium
1511 1475 1535 1530 'l
1564 1474 1901 1545 Exspectatis
1940 1474 2177 1544 quotidie

584 1571 689 1627 lati
717 1570 1065 1642 profectionis
1091 1576 1289 1624 vestrae
1326 1568 1615 1623 salutarem
1643 1566 1808 1637 diem,
1841 1566 2016 1638 ctjam
2038 1564 2176 1638 ja'm—

579 1680 686 1736 que
739 1663 767 1701 δ
821 1662 888 1721 de
928 1661 1127 1719 saeculo
1157 1660 1453 1724 recessuri,
1501 1658 1570 1715 ad
1612 1670 1907 1732 martyrum
1956 1674 2178 1717 munera

1957 246 2093 311 DIVI
2130 245 2448 317 CYPRIANI
2506 287 2526 301 ..

570 383 695 426 nam
729 367 895 441 gloria
922 367 1133 443 gemina
1162 365 1426 439 provexit.
1450 366 1510 424 ln
1543 364 1723 437 pueris
1748 376 1966 439 quoque
1991 365 2161 423 virtus
2185 367 2241 431 Α

2726 327 3076 419 Epts'rOLl
3110 337 3431 425 κλωπ..
3496 364 3513 375 ‘
3766 247 3883 309 ω

2266 502 2513 568 (Pamel.,
2540 498 2743 564 Rigalt.,
2777 496 2983 557 Baluz.,
3015 502 3217 568 Lxxvtn.
3262 490 3435 560 Paris,
3473 497 3652 562 Oxon.,
3706 500 3868 564 Lips.,

2982 561 3188 624 Lxxxn.)

2293 704 2594 758 NEIESIANI,
2636 701 2836 755 DATIVI,
2888 698 3095 740 FELIGIS
3133 698 3202 739 Βτ
3243 698 3485 747 VICTORIS
3539 698 3847 745 BESPONSUI

2867 794 2935 833 ΑΙ)
2971 792 3290 834 (ΞῖΡΒΙΑΝὌΙ.

2272 929 2658 975 ancuucuwu.
2686 943 2756 954 —
2792 910 3029 982 Epistola
3081 911 3192 968 lucc
3214 920 3259 966 et
3287 912 3406 970 date
3443 906 3705 983 sequentes
3745 913 3882 970 nihil

2343 1007 2487 1061 aliud
2521 1022 2676 1077 quam
2700 1020 2945 1077 responsa
2973 1004 3230 1059 continent
3255 1005 3325 1060 ad
3355 1007 3624 1076 epistolam
3676 1022 3886 1078 prince-

2346 1100 2564 1166 dentem,
2596 1107 2767 1171 utpote
2792 1113 2905 1168 qute
2946 1097 3229 1168 gratiarum
3276 1099 3532 1155 actionem
3574 1101 3843 1157 continent
3867 1139 3887 1168 ,

2346 1199 2453 1244 tum
2483 1207 2577 1263 pro
2601 1189 2948 1245 consolatione
2968 1188 3353 1254 litteraria,tum
3394 1206 3488 1260 pro
3518 1190 3752 1246 subsidio
3780 1206 3892 1244 una

2347 1286 2520 1339 misso.
2540 1283 2622 1338 Ea:
2639 1297 2697 1337 eo
2719 1293 2887 1337 autem
2909 1282 3045 1351 quod
3063 1290 3165 1337 tres
3184 1282 3395 1339 diocrste
3410 1283 3641 1354 epistolae
3656 1284 3895 1353 rescrip-

2349 1387 2414 1432 ta:
2430 1385 2547 1432 sunt
2568 1377 2635 1431 ad
2657 1377 2858 1433 unicam
2882 1375 3156 1447 Cypriani,
3211 1376 3448 1447 colligere
3465 1387 3539 1433 est
3578 1378 3631 1435 in
3665 1377 3898 1433 diversis

2356 1469 2548 1524 metalli
2604 1469 2795 1540 fodinis
2829 1468 3121 1525 constitutos
3164 1469 3321 1538 fuisse
3359 1469 3621 1540 episwpoa
3670 1470 3767 1543 qui
3802 1480 3900 1526 eas

2359 1560 2602 1617 scribunt.
2673 1560 2824 1629 Quod
2869 1559 3138 1628 conﬁrmat
3189 1558 3425 1631 Epistola
3447 1577 3620 1630 Lxxx,
3652 1563 3903 1621 orbiculi

2354 1651 2548 1707 metalli
2569 1652 2627 1723 ﬁt
2651 1654 2860 1709 mentio.

585 1767 640 1813 et
667 1755 941 1814 domicilia
981 1754 1161 1811 divina
1191 1752 1508 1826 properatis,
1541 1760 1663 1824 post
1690 1752 1786 1809 bas
1815 1752 1999 1810 mundi
2021 1762 2174 1811 tene-
2206 1762 2218 1824 ]

2356 1764 2398 1822 l.
2440 1766 2709 1834 Cypriane
2736 1767 2887 1825 fratri
2928 1769 3303 1837 Nemesianus,
3340 1754 3561 1826 Dativus
3612 1769 3789 1837 Felix,
3838 1777 3900 1828 et

591 1848 716 1905 bras
743 1848 911 1904 visuri
940 1845 1377 1903 candidissimam
1409 1845 1604 1906 lucem.
1634 1856 1688 1901 et
1711 1847 1981 1917 accepturi
2010 1846 2177 1918 majo-

588 1957 703 1998 rem
722 1939 1073 2012 ,passionibus
1118 1937 1368 1995 omnibus
1414 1946 1470 1994 et
1505 1936 1991 1995 conflictationibus
2020 1938 2179 1995 clari—

595 2030 1069 2104 tatem,Apostolo
1124 2039 1459 2089 contestante
1502 2039 1558 2084 et
1603 2029 1855 2088 dicente:
1894 2031 2014 2109 Non
2061 2041 2180 2087 sunt

585 2126 852 2200 condigna:
887 2126 1148 2198 passiones
1177 2123 1329 2194 hujus
1368 2123 1609 2194 temporis
1652 2121 1720 2177 ad
1766 2135 2181 2195 superventuram

586 2220 869 2274 claritatem
910 2235 1024 2290 qua:
1072 2218 1371 2275 revelabitur
1401 2218 1456 2273 in
1507 2217 1649 2273 nobis
1690 2216 1866 2289 (Rom.
1914 2233 2029 2282 vin,
2062 2218 2174 2290 18).

593 2312 777 2381 Plane,
808 2313 932 2384 quia
973 2326 1115 2368 nunc
1143 2311 1298 2369 vobis
1336 2312 1387 2367 in
1421 2310 1668 2385 precibus
1703 2310 1975 2367 eflicacior
2003 2326 2182 2367 sermo

587 2414 691 2471 est,
713 2414 767 2461 et
792 2404 860 2460 ad
906 2404 1298 2475 impetrandum
1328 2402 1471 2479 quod
1500 2404 1554 2462 in
1578 2402 1849 2479 pressaris
1889 2404 2089 2477 petitur
2105 2407 2183 2459 fa-

587 2501 742 2557 cilior
770 2500 942 2557 oratio
966 2509 1049 2557 est
1072 2542 1088 2569 ,
1133 2502 1297 2572 petite
1327 2500 1622 2571 impensius
1664 2506 1719 2558 et
1759 2502 1945 2573 rogate‘
1971 2510 2028 2557 ut
2054 2516 2184 2558 con-

588 2591 876 2651 fessionem
907 2593 1147 2650 omnium
1176 2602 1419 2649 nostrum
1443 2592 1683 2664 dignatio
1712 2592 1892 2649 divina
1930 2608 2183 2650 consum-

589 2694 720 2751 met,
740 2698 793 2740 ut
824 2684 889 2740 de
912 2685 1029 2741 istis
1062 2684 1300 2741 tenebris
1323 2693 1377 2740 ct
1403 2684 1607 2757 laqueis
1637 2685 1823 2743 mundi
1853 2671 1953 2742 nos
1972 2702 2185 2758 quoque

592 2783 868 2839 vobiscum
910 2784 1147 2857 integros
1186 2793 1241 2840 et
1283 2782 1554 2854 gloriosos
1582 2782 1728 2841 Deus
1766 2783 1981 2848 liberet,
2015 2786 2071 2843 ut
2093 2783 2184 2853 qui

590 2874 867 2931 charitatis
892 2876 957 2907 ¹⁶¹
977 2885 1031 2932 et
1051 2874 1197 2947 pacis
1218 2875 1430 2931 vinculo
1450 2874 1683 2944 copulati
1706 2882 1893 2931 contra
1909 2874 2189 2930 haeretico-

589 2968 707 3022 ru'm
754 2967 975 3039 injurias
1004 2976 1057 3024 et
1085 2983 1365 3040 pressuras
1403 2967 1679 3040 gentilium
1729 2967 1889 3025 simul
1943 2968 2189 3025 stetimus

590 3059 794 3128 pariter
824 3059 878 3114 in
919 3059 1098 3131 regnis
1141 3059 1454 3118 etelestibus
1500 3059 1850 3130 gaudeamus.
1900 3058 2042 3131 Opto
2070 3074 2184 3125 vos,

2280 1858 2465 1915 Victor
2490 1860 2543 1931 in
2570 1859 2798 1917 Domino
2825 1870 3087 1923 aeternam
3131 1864 3377 1921 salutem.
3430 1864 3656 1936 Semper
3675 1864 3898 1935 magnis

2281 1949 2533 2007 sensibus
2554 1965 2653 2021 pro
2682 1955 2943 2023 temporis
2971 1956 3279 2013 conditione
3311 1955 3502 2011 litteris
3535 1958 3640 2011 tuis
3668 1956 3895 2011 locutus

2282 2057 2370 2110 es,
2413 2041 2682 2115 Cypriane
2722 2046 3112 2118 dilectissime;
3141 2050 3335 2121 quibus
3377 2048 3593 2107 assidue
3642 2049 3802 2105 lectis
3828 2058 3891 2105 et

2282 2136 2440 2204 pravi
2467 2137 2807 2209 corriguntur
2834 2151 2888 2195 et
2913 2141 3068 2197 bonas
3097 2142 3216 2199 ﬁdei
3249 2142 3491 2197 homines
3516 2142 3887 2198 comburan-

2283 2238 2391 2287 tur.
2445 2231 2578 2289 Dum
2619 2234 2760 2289 enim
2800 2250 2907 2290 non
2947 2235 3151 2292 desinis
3210 2236 3661 2292 tractatibus-tuis
3700 2248 3895 2291 sacraa

2284 2330 2465 2377 menta
2502 2323 2725 2390 nudare,
2758 2326 2837 2381 sic
2872 2341 2972 2383 nos
2996 2329 3053 2382 in
3079 2328 3183 2385 fide
3234 2339 3256 2368 ο
3311 2328 3440 2383 facis
3465 2342 3710 2384 crescere
3734 2334 3789 2383 et
3816 2327 3891 2384 de

2286 2414 2486 2469 smculo
2505 2414 2749 2471 homines
2771 2417 2837 2471 ad
2879 2419 3248 2475 credulitatem
3273 2419 3549 2476 accedere.
3589 2419 3720 2475 Nam
3742 2434 3897 2490 qua:-

2287 2518 2516 2574 cumque
2545 2505 2682 2560 bona
2736 2507 2786 2561 in
2825 2509 3009 2565 multis
3062 2510 3215 2567 libris
3246 2512 3349 2566 tuis
3376 2511 3622 2577 intulisti,
3672 2511 3895 2567 nescius

2288 2595 2462 2666 ipsum
2505 2606 2556 2651 te
2579 2598 2738 2654 nobis
2766 2600 3090 2672 designasti;
3142 2618 3200 2659 es
3230 2605 3371 2659 enim
3427 2603 3454 2641 ἀ
3512 2605 3760 2660 erunibus
3793 2605 3897 2658 ho-

2288 2690 2525 2749 minibus
2551 2692 2604 2747 in
2634 2702 2859 2749 tractatu
2891 2698 3084 2765 major,
3117 2699 3170 2752 in
3200 2713 3448 2753 sermone
3470 2698 3771 2764 facundior,
3823 2699 3884 2753 in

2289 2784 2517 2839 consilio
2553 2785 2866 2854 sapientior,
2898 2788 2950 2841 in
2970 2788 3224 2858 patientia
3257 2789 3567 2859 simplicior,
3599 2792 3652 2843 in
3702 2790 3893 2859 operi-

2290 2874 2392 2930 bus
2436 2875 2654 2946 largior,
2695 2879 2749 2932 in
2773 2878 3095 2935 abstinentia
3124 2881 3379 2944 sanctior,
3414 2882 3465 2935 in
3496 2880 3756 2950 obsequio
3792 2878 3898 2935 hu-

2292 2967 2492 3033 milior,
2523 2970 2655 3025 etin
2682 2982 2803 3027 actu
2830 2972 2972 3028 bono
2992 2973 3347 3030 innocentior.
3379 2974 3499 3032 Scis
3527 2975 3574 3030 ci
3595 2976 3728 3044 ipse,
3759 2975 3896 3030 cha-

2293 3061 2534 3128 rissima,
2563 3071 2806 3119 nostrum
2834 3065 3069 3137 optabile
3094 3076 3277 3123 votum
3304 3082 3426 3123 esse
3452 3067 3591 3137 quod
3625 3076 3674 3122 te
3704 3066 3899 3121 videa-

590 3151 885 3223 bealissimi
928 3168 992 3210 ac
1046 3152 1378 3210 dilectissimi
1430 3152 1641 3220 fratres,
1686 3153 1739 3209 in
1786 3152 2015 3225 Domino
2044 3152 2257 3218 beneC
2288 3168 2430 3222 mus,
2481 3152 2759 3212 doctorem
2811 3166 2865 3212 et
2913 3167 3206 3214 amatorem
3253 3167 3516 3226 nostrum,
3541 3158 3605 3214 ad
3641 3171 3896 3215 coronam

592 3243 770 3302 valere
798 3252 853 3300 et
878 3244 1049 3301 nostri
1078 3259 1292 3319 semper
1327 3253 1383 3303 et
1410 3245 1608 3317 ubique
1640 3244 1970 3303 meminisse.

2293 3261 2502 3317 magna:
2527 3246 2884 3306 confessionis
2906 3252 3241 3322 pervenisse.

1810 3390 1815 3397 ’
1834 3400 2214 3463 LECTIONES
2252 3402 2670 3465 VARIANTES.

663 3521 688 3584 ξι
722 3517 880 3584 Corde
925 3522 1220 3584 regnantem
1260 3522 1387 3575 scire
1410 3519 1547 3571 lam.
1573 3518 1700 3572 Bott.
1723 3519 1773 3570 2.
1799 3519 1945 3571 Ebor.

661 3577 690 3618 δ
722 3580 787 3634 Et
812 3582 961 3634 etiam
986 3577 1120 3636 Voss.
1142 3582 1191 3633 2.

2358 3523 2381 3587 εξ
2418 3520 2591 3587 Eidem
2620 3531 2751 3577 Voss.
2773 3538 2820 3586 ι.

2356 3583 2383 3623 (ι
2418 3583 2614 3636 Etenim
2644 3583 2869 3638 omnibus
2891 3588 2999 3640 NG.
3022 3588 3070 3639 2.

1846 3703 2084 3764 STEPH.
2128 3704 2401 3765 BALUZII
2444 3706 2705 3792 norm,

670 3847 759 3905 Vl.
790 3847 1113 3904 -Gemina.
1143 3844 1218 3901 ita
1246 3852 1457 3900 veteres
1487 3840 1771 3906 editiones,
1792 3840 2197 3912 quatuordecim

600 3922 721 3978 libri
746 3921 935 3985 nostri,
964 3927 1021 3975 et
1040 3926 1247 3987 septem
1276 3914 1578 3987 Anglicani.
1608 3913 1737 3987 Alia
1751 3913 1927 3987 lectio,
1951 3928 2074 3987 qua:
2106 3916 2200 3969 ha-

600 3994 692 4047 bet
732 3984 1019 4061 geminata,
1054 3984 1213 4057 quam
1262 3984 1518 4061 Erasmus
1563 3984 1801 4061 invexit,
1853 3984 2124 4061 Manutius
2146 3991 2203 4038 et

601 4055 880 4117 Moréllius
907 4055 1455 4123 retinuerunt,exstat
1470 4056 1527 4113 in
1552 4056 1787 4125 quinque
1805 4055 2083 4114 codicibus
2106 4071 2202 4110 an-

604 4131 786 4201 liquis.

602 4207 615 4265 ἱ
666 4195 743 4255 ’1η
759 4202 931 4271 pueris
948 4215 1165 4272 quoque.
1182 4195 1325 4272 Infra
1344 4197 1514 4272 Epist.
1540 4209 1718 4272 Laxat,
1744 4195 2204 4272 pag:16{._Pueros

605 4266 768 4327 etiam"
784 4273 921 4327 vobis
947 4266 1170 4342 gloriosa
1190 4270 1505 4342 confessione
1520 4268 1732 4322 sociavit
1754 4266 1925 4342 divina
1952 4267 2203 4342 dignatio.

606 4344 766 4399 Multa
791 4336 1003 4397 virtutis
1033 4356 1098 4397 ac
1124 4339 1246 4394 fidei
1287 4336 1573 4408 puerorum
1603 4337 1847 4406 exetnpla
1881 4336 2037 4392 nobis
2081 4336 2208 4392 sub-

607 4417 874 4469 ministrat
899 4411 1212 4483 antiquitas.
1243 4407 1321 4483 Eit
1367 4408 1699 4483 multisqum
1732 4407 1954 4483 proferri
1984 4416 2209 4483 possunt

606 4486 828 4542 afferam
853 4478 1058 4539 tantum
1101 4480 1358 4538 nonnulla
1385 4478 1696 4536 illustriora.
1728 4480 1882 4551 Apud
1914 4478 2205 4535 Eusebium

2376 3842 2953 3915 Exultantiaﬂuinqttc
2967 3842 3087 3900 libri
3104 3851 3314 3900 veteres
3334 3845 3624 3915 prmierunt
3636 3848 3898 3903 exultatio.

2378 3913 2459 3971 De
2473 3915 2674 3981 judicio
2697 3914 2811 3970 Dei.
2845 3915 3102 3982 Quamvis
3131 3916 3267 3970 hanc
3292 3913 3571 3971 lectionem
3614 3933 3718 3972 non
3762 3920 3910 3974 iuve-

2305 3986 2478 4040 nerim
2513 3986 2612 4039 nisi
2642 3986 2693 4039 in
2726 3984 2896 4040 tribus
2944 3986 3091 4040 libris
3139 3988 3430 4050 veteribus,
3474 4003 3579 4043 non
3611 3988 3796 4053 dubito
3825 3999 3907 4045 ta-

2307 4072 2428 4129 men
2453 4057 2577 4125 quin
2605 4057 2671 4129 s_i_t_
2699 4056 2894 4111 melior
2918 4071 3077 4125 qtmm
3100 4070 3163 4111 ca
3189 4073 3307 4129 qua:
3331 4058 3488 4113 habet
3508 4060 3571 4112 de
3587 4059 3782 4129 judicii
3805 4061 3907 4116 die.

2306 4126 2377 4198 Et
2407 4136 2582 4198 tamen
2619 4126 2708 4180 illa
2751 4137 2925 4181 exstat
2974 4129 3024 4181 in
3074 4126 3317 4198 pluribus
3343 4126 3907 4197 antiquis'codicibus.

2307 4197 2461 4264 Quod
2494 4198 2616 4252 ideo
2650 4205 2851 4251 anuoto
2891 4206 2947 4250 ut
2975 4202 3020 4252 si
3044 4197 3162 4268 quis
3193 4199 3337 4255 illam
3372 4198 3651 4268 prtefcrat,
3683 4202 3816 4255 sciat
3853 4217 3913 4257 se

2308 4283 2469 4339 posse
2494 4269 2670 4322 lacere
2697 4284 2820 4339 cum
2848 4272 3186 4323 auctoritate.

2382 4337 2447 4391 In
2475 4338 2711 4391 metallis.
2738 4338 2815 4392 ita
2871 4351 3081 4394 veteres
3112 4339 3378 4394 editiones
3407 4349 3459 4395 et
3497 4358 3643 4397 xxvn
3674 4342 3793 4397 libri
3825 4356 3917 4398 ve-

2313 4419 2504 4472 terem,
2528 4410 2757 4464 Rufinus
2780 4409 2872 4463 lib.
2900 4425 2992 4471 vn,
3024 4411 3214 4477 cap.7,
3242 4411 3294 4462 in
3316 4414 3828 4477 metalladestinatos,
3862 4421 3916 4468 et

2310 4481 2406 4555 lib.
2440 4496 2515 4547 tv,
2543 4494 2666 4555 cap.
2692 4480 2784 4544 95,
2818 4496 2916 4555 per
2948 4479 3154 4535 metalla
3184 4481 3429 4552 fratribus
3447 4483 3702 4555 relegatis.
3733 4483 3917 4541 Manu-

612 4556 853 4613 videmus
879 4556 1131 4611 Pontium
1186 4551 1489 4622 quindecim
1530 4566 1790 4605 annorum
1815 4566 2039 4622 puerum
2060 4565 2204 4622 mar-
2234 4563 2284 4622 D
2313 4550 2416 4607 tius
2444 4552 2620 4619 posuit
2649 4552 2702 4605 in
2739 4550 2968 4604 metallo.

608 4628 747 4699 tyrio
771 4625 1020 4683 affectum
1040 4640 1173 4699 cum
1196 4621 1464 4699 Blandiua
1495 4632 1733 4691 martyre
1760 4620 2127 4692 Lugdunensi,
2154 4629 2210 4699 et

610 4689 926 4753 liioscorum
963 4694 1267 4768 quindecim
1310 4707 1521 4768 quoque
1552 4689 1817 4768 annorum
1845 4689 2075 4762 puerum
2108 4689 2210 4768 sub

613 4769 775 4825 Decio
803 4760 1208 4840 multa-passum
1241 4760 1393 4840 apud
1436 4760 1817 4840 Alexandriam
1846 4760 1946 4833 pro
1968 4760 2211 4840 “nomine

611 4841 835 4895 Christi.
879 4831 1202 4895 Prudentius
1241 4831 1304 4891 in'
1339 4833 1591 4891 Carmine
1626 4834 1695 4888 de
1731 4831 1918 4889 sancto
1968 4831 2213 4886 Romano

615 4920 851 4981 martyre
868 4906 1243 4981 'Antiocheno,
1262 4905 1501 4981 celebrat
1520 4903 1909 4981 incredibilem
1926 4906 2055 4981 fere
2077 4917 2213 4956 cun-

616 4975 863 5052 stantiam
893 4980 1045 5052 pueri
1093 4978 1269 5052 adhuc
1307 4976 1585 5052 lactentis.
1630 4975 1686 5052 In
1727 4976 1874 5052 Actis
1912 4975 2214 5052 _ltlart)'r'um

620 5045 1017 5124 Donatistarum
1042 5048 1199 5124 editis
1229 5048 1281 5103 in
1306 5046 1714 5124 libro_secundo
1740 5045 2214 5124 utiscellaiteorum

621 5120 924 5178 nostrorum
964 5136 1084 5192 pag.
1132 5119 1247 5192 70,_
1271 5132 1393 5188 cap.
1442 5115 1549 5192 15,
1587 5117 1790 5192 mentio
1828 5113 2216 5192 estnllilariaui

621 5195 828 5263 parvuli
858 5184 1068 5249 fortitei'
1108 5184 1376 5264 passipro
1408 5187 1624 5264 nomine
1655 5184 2095 5264 Christ-LUVicntor
2120 5184 2217 5264 _Vi-

624 5255 790 5319 iensis
814 5255 1200 5321 commemorat
1231 5255 1397 5314 lilium
1425 5256 1709 5328 cujusdam
1751 5257 1948 5314 nobilis
1988 5255 2218 5328 Cartha-

621 5336 860 5406 ginensis
884 5348 1145 5391 annorum
1176 5328 1392 5406 circiter
1420 5326 1627 5406 septem
1650 5336 1771 5400 post
1797 5329 1992 5406 multos
2010 5326 2221 5406 crucia-

627 5398 710 5462 ius
729 5407 1039 5463 demersum
1061 5406 1112 5460 in
1136 5398 1856 5474 gurgiteJnPassitjtievero
1882 5399 2220 5474 beatissimo:-

625 5495 743 5534 rum
770 5477 1059 5549 Martyrum
1099 5467 1362 5549 l;”7’_,_quivr
1414 5469 1897 5549 nonasiuliipassi
1924 5479 2051 5525 sunt
2078 5467 2221 5549 apud

625 5540 1005 5621 Carthaginem
1037 5547 1137 5603 sub
1162 5540 1574 5621 lluue_r_ico_rege
1594 5541 1960 5621 Vandalorum
1981 5540 2227 5621 nomina-

630 5629 711 5677 tur
730 5613 1032 5676 iufantulus
1060 5617 1277 5673 nomine
1307 5615 1571 5672 Maximus
1596 5629 1717 5673 cum
1748 5613 1855 5673 illis
1883 5613 2230 5670 excruciatus

627 5700 683 5756 et
710 5693 993 5752 extinctus.
1021 5686 1303 5748 Sufficiunt
1332 5687 1445 5743 haec
1470 5685 1764 5756 escnrpla.’

2384 4621 2568 4677 EPIST.
2625 4636 2847 4677 Lxxvm.
2897 4651 2970 4665 --
3026 4621 3065 4676 l.
3103 4620 3172 4675 Et
3220 4633 3518 4677 uitiatorem.
3553 4624 3655 4677 Ista
3682 4625 3790 4680 duo
3818 4639 3916 4678 vo-

2313 4693 2505 4766 cabula
2539 4708 2643 4766 non
2661 4694 2941 4766 habentur
2967 4692 3282 4766 inteditione
3305 4694 3533 4766 Mauutii
3553 4738 3567 4760 ,
3599 4695 3692 4762 qui
3717 4696 3917 4766 primus

2314 4763 2456 4838 banc
2481 4764 2763 4838 epistulam
2794 4765 2981 4838 edidit.
3017 4764 3216 4838 I_)esuut
3245 4764 3406 4818 etiam
3436 4763 3919 4838 inicodice'Moys-

2317 4835 2573 4898 siaccusi,
2598 4835 2648 4889 in
2668 4834 2920 4898 Fuxensi,
2947 4843 2999 4886 et
3025 4832 3079 4887 in
3102 4832 3452 4893 Laniouiauo.
3484 4837 3712 4893 EXSlanl
3741 4832 3919 4892 autem

2319 4905 2371 4960 iu
2416 4904 2658 4975 pluribus
2685 4905 2802 4958 aliis
2833 4905 3103 4974 antiquis,
3135 4908 3295 4959 etiam
3342 4908 3392 4959 in
3427 4907 3724 4962 Veronensi
3767 4917 3821 4962 ct
3866 4909 3920 4963 in

2318 4976 2555 5048 editione
2571 4975 2895 5048 Morelliana.
2921 4975 3232 5048 Emendabo
3247 4986 3446 5043 autem,
3470 4978 3591 5032 data
3614 4979 3921 5048 occasione,

2318 5047 2684 5119 locumvaldc
2711 5047 3043 5119 mendosum
3068 5047 3121 5100 in
3157 5050 3392 5116 Epistola
3446 5064 3588 5103 xxxv
3625 5050 3764 5102 Aviti
3807 5047 3924 5119 cpi;

2321 5119 2468 5190 scopi
2500 5117 2849 5190 Vierinensis,
2878 5118 2965 5186 qui
3006 5118 3085 5173 sic
3126 5120 3289 5174 habet
3320 5137 3332 5172 :
3377 5118 3516 5173 Nam
3547 5135 3635 5189 per
3674 5117 3924 5190 majorem

2314 5188 2503 5241 domus
2532 5188 2723 5253 Tullii,
2760 5190 2849 5260 qui
2878 5204 3104 5241 amorem
3136 5198 3278 5243 tuum
3315 5188 3589 5244 Dominum
3639 5188 3811 5244 meum
3843 5190 3928 5245 Si-

2324 5259 2647 5330 gisutundunt
2693 5276 2724 5312 η
2753 5259 2897 5327 patre
2922 5268 3041 5321 tuo,
3070 5271 3177 5330 etc.
3229 5260 3447 5315 Multum
3478 5261 3632 5315 torsit
3663 5261 3748 5316 hic
3780 5263 3929 5316 locus

2326 5329 2498 5401 virum
2542 5329 3314 5401 prmstantissitnumJacobum
3343 5331 3709 5388 Sirmomlum.
3743 5331 3930 5401 Neque

2328 5399 2379 5454 id
2409 5399 2591 5455 hercle
2620 5401 2834 5469 injuria.
2861 5399 2930 5454 At
2956 5401 2999 5453 si
3055 5402 3370 5458 Sirtnondus
3418 5403 3641 5456 vidisset
3687 5399 3926 5456 veterem

2328 5470 2521 5543 librum
2570 5470 2720 5543 Petri
2771 5471 3053 5543 Ma‘rnmsii
3087 5474 3352 5527 senatoris
3403 5473 3926 5543 Gratianopolitani,

2337 5542 2540 5597 nullum
2567 5542 2618 5596 in
2650 5541 3011 5611 explicatione
3046 5542 3205 5611 hujus
3235 5544 3333 5597 loci
3366 5544 3602 5596 laborem
3633 5541 3927 5599 habuisset.

2336 5612 2427 5667 Sic
2451 5617 2594 5667 enim
2628 5619 2885 5683 scripturn
2911 5621 2996 5667 cst
3025 5616 3076 5667 in
3107 5616 3244 5671 libro
3284 5616 3377 5669 illo
3402 5615 3572 5669 veteri
3605 5627 3619 5668 :
3659 5613 3800 5668 Nam
3843 5630 3932 5683 per

2336 5684 2582 5755 majorem
2619 5683 2799 5740 domus
2829 5693 2928 5739 tute
2953 5725 2967 5752 ,
2998 5685 3083 5754 qui
3113 5686 3462 5743 damuatofcm
3490 5686 3735 5743 damnum
3765 5699 3931 5745 meum
