4302 6296
334 226 443 297 iii

1738 214 2070 285 EPISTOLA
2112 212 2369 288 LXXIX.

3547 196 3652 278 iis

413 349 480 405 ll.
512 346 669 416 Nam,
696 344 849 418 quasi
876 345 1051 405 bonus
1076 350 1132 403 et
1151 356 1310 401 verus
1335 340 1544 405 doctor,
1575 337 1702 410 quid
1733 352 1831 391 nos
1862 336 1941 389 ιιι-
1967 334 2019 395 Α
2048 342 2120 402 te,
2154 333 2369 391 domine
2424 335 2586 393 frater
2614 334 2681 373 ηε
2705 376 2721 404 ,
2767 346 2979 405 semper
3022 332 3163 391 bene
3198 333 3379 391 valere
3396 341 3451 390 et
3479 333 3653 389 nostri

335 441 531 512 scipuli
559 439 729 497 secuti
753 437 896 508 apud
921 436 1205 508 prmsident
1228 434 1408 491 dicere
1424 432 1770 497 deberemus,
1790 428 1941 500 prior

337 533 482 605 apud
530 543 648 589 acta
689 530 1026 602 proconsulis
1057 526 1446 600 pronuntiasti,
1490 535 1546 580 et
1572 523 1696 581 tuba
1742 536 1940 578 canens

341 625 435 679 Dei
463 621 994 689 ntilites,eociestibus
1010 620 1175 677 armis
1193 618 1505 684 instructos,
1521 614 1590 673 ad
1606 613 1914 685 congressio
1926 642 1940 653 -

340 719 429 775 nis
456 718 700 790 prmlium
743 716 1013 782 escitasti,
1044 722 1100 771 et
1125 714 1178 768 in
1200 711 1315 769 acie
1347 711 1517 782 prima
1550 722 1793 780 pugnans
1826 707 1938 777 spi-

341 812 485 871 ritali
502 811 685 885 gladio
702 809 976 866 diabolum
996 805 1335 872 interfecisti,
1359 804 1568 875 agmina
1591 816 1806 874 quoque
1834 800 1941 856 fra-

344 914 485 963 trttm
511 903 639 961 hinc
665 913 718 960 et
744 900 868 960 inde
897 898 1082 956 verbis
1112 899 1217 955 luis
1247 896 1625 968 composuisti,
1653 905 1708 950 ut
1735 893 1940 950 insidia:

340 998 561 1054 inimico
582 997 817 1068 undique
839 994 1212 1056 tenderentur,
1246 998 1303 1046 et
1326 982 1605 1046 cadaveris
1647 986 1813 1057 ipsius
1840 1001 1940 1056 pu-

339 1090 467 1147 blici
507 1090 677 1146 hostis
708 1088 857 1147 nervi
901 1085 1107 1143 concisi
1147 1082 1503 1140 calcarentur.
1558 1079 1734 1138 Crede
1761 1077 1936 1145 nobis,

341 1185 675 1251 charissima,
708 1182 960 1254 quoniam
984 1193 1088 1234 non
1111 1186 1194 1233 est
1222 1191 1250 1232 a
1267 1176 1566 1233 centesimo
1586 1169 1812 1244 prremio
1834 1170 1936 1224 mi-

342 1292 443 1333 nor
488 1283 576 1331 tua
616 1274 888 1330 innocens
942 1269 1155 1335 anima,
1198 1281 1318 1336 quae
1374 1277 1477 1320 nec
1504 1261 1686 1318 saeculi
1738 1260 1940 1331 primos

341 1368 573 1439 impetus
590 1366 788 1429 timuit,
816 1377 915 1419 nec
936 1362 1014 1417 ire
1046 1360 1096 1414 in
1120 1357 1376 1415 exsilium
1401 1354 1669 1411 recusavit
1695 1367 1817 1420 ,nec
1848 1367 1936 1407 re-

344 1461 586 1533 linquere
640 1459 910 1514 civitatem
951 1451 1242 1518 dubitavit,
1297 1463 1396 1505 nec
1442 1448 1496 1507 in
1550 1447 1769 1503 deserto
1818 1446 1943 1502 loco

344 1551 669 1612 commorari
714 1559 740 1587 ιι
769 1546 1013 1612 horruit;
1051 1556 1140 1610 et,
1170 1543 1422 1615 quoniam
1445 1540 1628 1598 multis
1653 1540 1942 1597 documen-

348 1655 459 1702 tum
501 1641 858 1700 confessionis
900 1638 1069 1704 dedit,
1108 1637 1222 1708 ipsa
1250 1643 1544 1706 martyrum
1578 1633 1725 1703 prior
1766 1629 1934 1686 duxit.

346 1738 502 1795 Alios
531 1737 674 1793 enim
706 1734 770 1789 ad
800 1731 1052 1804 martyris
1084 1727 1325 1784 iacienda
1359 1725 1612 1798 exemplo
1631 1738 1732 1781 suo
1754 1738 1943 1794 provo-
1972 1726 2019 1785 B

350 1832 531 1895 cavit;
561 1837 617 1884 et
636 1841 741 1883 non
776 1833 977 1882 tantum
1006 1830 1301 1893 martyrum
1333 1817 1401 1874 de
1428 1815 1626 1874 smculo
1646 1815 1757 1887 jam
1789 1830 1946 1873 exce-

349 1921 590 1979 dentium
612 1918 756 1977 socia
777 1931 897 1976 esse
918 1914 1104 1986 cmpit,
1129 1912 1225 1970 sed
1246 1926 1368 1969 cum
1391 1918 1445 1967 et
1460 1908 1649 1967 futuris
1669 1909 1944 1966 caelestem

350 2013 637 2069 amicitiam
665 2008 955 2080 copulavit.

424 2104 510 2161 Ill.
551 2104 731 2175 Agunt
777 2116 907 2172 ergo
951 2098 1045 2153 tibi
1075 2097 1354 2177 nobiscum
1407 2093 1647 2150 damnati
1686 2093 1947 2146 maximas

351 2197 490 2270 apud
530 2198 698 2252 Deum
725 2192 945 2265 gratias,
978 2190 1251 2264 Cypriane
1287 2188 1662 2254 dilectissime,
1686 2184 1829 2256 quod
1856 2184 1947 2239 lit-

354 2290 481 2346 teris
506 2288 613 2343 tnis
629 2284 927 2341 laborantia
960 2290 1178 2354 pectora
1207 2279 1485 2344 recreasti,
1510 2276 1743 2332 fustibus
1765 2275 1950 2330 vulne-

354 2393 466 2441 rata
512 2380 756 2439 membra
793 2377 1023 2445 curasti,
1068 2372 1420 2448 compedibus
1447 2370 1611 2449 pedes
1640 2370 1832 2449 ligatos
1855 2383 1950 2425 re-

355 2477 579 2543 solvisti,
602 2473 910 2531 semitonsis
946 2471 1138 2541 capitis
1162 2468 1189 2509 b
1219 2468 1587 2539 capillaturam
1633 2464 1949 2534 adaequasti.

356 2568 607 2625 tenebras
631 2565 869 2622 carceris
906 2560 1240 2627 illuminasti,
1268 2569 1481 2615 montes
1523 2557 1723 2613 metalli
1752 2557 1805 2611 in
1841 2556 1955 2625 pla-

356 2679 482 2719 num
527 2659 818 2726 deduxisti,
869 2658 1089 2713 naribus
1130 2655 1291 2712 etiam
1339 2653 1638 2725 fragrantes
1679 2662 1711 2690 ο-
1736 2692 1750 2718 ,
1793 2648 1955 2706 flores

357 2751 682 2825 imposuisti,
712 2757 767 2805 et
790 2757 985 2805 tetrum
1011 2745 1232 2803 odorem
1259 2743 1387 2800 fumi
1416 2740 1690 2798 exclusisti
1748 2738 1798 2794 ἀ.
1854 2741 1956 2796 Fe-

358 2849 633 2902 citautem
661 2849 717 2898 et
741 2848 1083 2914 prosecutum
1109 2836 1464 2893 ministerium
1493 2844 1640 2889 tuum
1670 2842 1725 2889 et
1745 2832 1956 2899 Quirini

364 2933 703 2994 dilectissimi
733 2933 898 2988 nostri
927 2930 1071 3004 quod
1112 2946 1206 3001 per
1253 2928 1650 2984 Herennianum
1696 2924 1959 2997 hypodia-

362 3042 585 3093 conum,
617 3035 671 3082 et
699 3025 989 3081 Lucianum
1015 3032 1070 3079 et
1094 3022 1382 3078 Maximum
1410 3028 1465 3077 et
1495 3018 1805 3075 Amantium
1836 3032 1960 3073 aco-

1996 478 2001 481 _
2046 427 2377 482 meminisse.
2427 427 2609 483 Saluta
2654 441 2842 482 omnes
2885 426 2974 496 qui
3029 435 3201 481 tecum
3237 434 3379 483 sunt.
3429 424 3636 481 Omnes

2044 518 2213 579 nostri
2246 520 2334 590 qui
2362 520 2640 577 nobiscum
2668 528 2791 578 sunt
2822 528 2873 577 te
2894 528 3075 577 amant
3098 530 3155 578 et
3194 520 3453 588 salutant,
3482 528 3537 576 et
3560 520 3642 576 vi-

2044 608 2172 669 dere
2191 609 2521 671 desiderant.

2536 770 2871 829 EPISTOLA
2909 766 3150 828 LXXIX.

2045 906 2277 972 (Erasm.,
2319 922 2382 973 tv,
2417 908 2467 958 7.
2511 903 2972 973 Ramd.,_Bigalt.,
3004 905 3194 973 Baias,
3240 918 3406 957 Lxsrx.
3455 904 3638 972 Paris,

2527 968 2712 1033 Oxon.,
2736 968 2895 1035 Lips,
2921 968 3140 1035 nxxvm.)

2158 1115 2227 1154 an
2265 1112 2483 1156 sursum
2530 1114 2666 1156 Lucu
2722 1116 2789 1156 ετ
2839 1097 3179 1157 enascatur
3226 1113 3510 1157 narravit

2678 1186 2943 1229 BESPONSU
2950 1188 2986 1227 Ι
2994 1210 3007 1225 .

2044 1307 2363 1362 Auamma“
2406 1322 2512 1361 esse
2556 1306 2781 1378 ejusdem
2800 1322 2918 1360 cum
2959 1306 3266 1378 prwcedenti
3290 1347 3305 1373 ,
3342 1304 3491 1378 verba
3534 1304 3648 1379 ipsa

2117 1398 2344 1467 epistola:
2368 1398 2738 1465 demonstrant,
2767 1406 2918 1468 atque
2945 1397 3073 1453 adeo
3114 1414 3218 1453 non
3247 1395 3395 1452 Lucii
3422 1395 3649 1453 Romani

2118 1486 2409 1563 Pontiﬁcis,
2442 1492 2532 1548 sed
2569 1492 2718 1548 Lucii
2748 1492 2990 1565 martyris
3041 1503 3089 1548 et
3133 1491 3363 1562 episcopi
3412 1489 3648 1561 Africani

2116 1586 2327 1657 epistola
2347 1595 2419 1640 est
2448 1628 2463 1655 ,
2493 1586 2652 1641 multo
2692 1586 2856 1645 minus
2880 1594 3047 1643 autem
3078 1583 3324 1657 Cypriani
3344 1582 3411 1638 ad
3429 1581 3649 1641 Lucium

2121 1675 2343 1747 Papam.

2122 1813 2161 1868 l.
2200 1796 2472 1884 Cypriane
2497 1812 2647 1868 fratri
2676 1820 2729 1867 et
2762 1812 3006 1883 collegae,
3029 1810 3226 1875 Lucius
3240 1819 3294 1867 et
3319 1811 3408 1882 qui
3435 1822 3647 1867 mecum

2048 1915 2172 1961 sunt
2199 1906 2411 1971 fratres,
2444 1921 2633 1961 omnes
2660 1906 2712 1959 in
2738 1905 2966 1960 Domino
2994 1904 3246 1960 salutem.
3270 1903 3646 1959 Exultantibus

2048 2000 2205 2056 nobis
2230 2007 2285 2055 et
2325 1999 2628 2055 laetantibus
2657 1998 2710 2054 in
2754 1999 2865 2053 Deo
2908 1998 3050 2069 quod
3081 2008 3183 2054 nos
3212 1997 3279 2054 ad
3308 1996 3648 2068 cottgrcssio-

2051 2106 2174 2147 nem
2236 2089 2255 2129 ί
2316 2090 2606 2147 armaverit
2647 2099 2702 2147 et
2747 2091 2799 2145 in
2832 2090 3015 2161 praelia
3057 2091 3290 2146 victores
3328 2105 3424 2151 sua
3461 2089 3649 2160 digna-

2051 2182 2197 2238 tione
2223 2182 2432 2246 fecerit,
2456 2190 2890 2252 supervenerunt
2920 2181 3116 2237 litterm
3145 2190 3268 2247 tum,
3298 2179 3463 2237 frater
3512 2180 3644 2236 cita-

2054 2273 2289 2341 rissime,
2314 2288 2447 2344 quas
2474 2288 2569 2344 per
2589 2273 2991 2329 Herennianum
3022 2272 3450 2344 hypodiaeonttm
3471 2280 3526 2327 et
3545 2270 3650 2326 Lu-

2053 2365 2263 2422 cianum
2293 2374 2348 2423 et
2388 2365 2675 2421 Maximum
2705 2374 2761 2422 et
2803 2366 3115 2421 Amantium
3140 2365 3420 2438 acolythus
3462 2363 3655 2420 misisti

2070 2460 2261 2527 nobis;
2294 2460 2485 2530 quibus
2536 2460 2711 2529 lectis,
2736 2462 3024 2531 recipimus
3075 2471 3101 2508 κ
3153 2461 3206 2515 in
3241 2461 3471 2517 vinculis
3510 2460 3654 2514 laxa-

2056 2564 2321 2622 mentum,
2352 2555 2406 2610 in
2437 2570 2685 2625 pressura
2706 2555 2955 2610 solatium
2984 2564 3039 2610 et
3068 2555 3119 2609 in
3149 2554 3469 2610 necessitate
3518 2567 3658 2624 pra:-

2057 2646 2273 2713 sidium,
2302 2656 2356 2701 ct
2392 2646 2607 2701 excitati
2640 2646 2668 2685 ιι
2705 2658 2893 2703 sumus
2944 2655 3000 2702 et
3044 2647 3316 2703 robustius
3345 2646 3564 2701 animati
3589 2643 3658 2700 ad

2058 2740 2102 2795 si
2124 2738 2250 2809 quid
2275 2739 2503 2808 amplius
2527 2738 2689 2795 fuerit
2710 2753 3011 2810 prunarum.
3043 2738 3177 2795 Nam
3197 2751 3323 2794 ante
3350 2739 3659 2809 passionem

2060 2844 2091 2883 a
2125 2839 2175 2883 te
2201 2842 2388 2883 sumus
2414 2828 2480 2883 ad
2503 2828 2731 2898 gloriam
2760 2829 3060 2899 provocati,
3089 2830 3179 2900 qui
3206 2830 3355 2900 prior
3379 2828 3536 2882 nobis
3562 2828 3661 2882 du-

2061 2929 2239 2975 catum
2258 2919 2324 2974 ad
2347 2918 2741 2975 confessionem
2772 2919 3006 2974 nominis
3046 2919 3242 2974 Christi
3294 2917 3570 2987 praebuisti
3614 2916 3658 2973 ί.

2059 3010 2169 3068 Nos
2187 3026 2335 3077 vero,
2366 3012 2535 3067 secuti
2556 3010 2775 3081 vestigia
2791 3009 3285 3078 eonfessionistuae,
3320 3024 3501 3079 parem
3532 3022 3659 3078 gra-

363 3122 507 3193 lytos
522 3116 943 3175 distribuendum
968 3115 1157 3170 misisti
1215 3123 1239 3150 θ
1292 3125 1643 3181 quaecumque
1674 3109 1963 3165 necessita—
1988 3110 2034 3175 ρ
2067 3105 2195 3160 tiam
2243 3113 2418 3161 tecum
2447 3117 2747 3176 speramus.
2798 3103 2932 3158 Nam
2974 3103 3066 3174 qui
3110 3102 3263 3175 prior
3289 3110 3371 3158 est
3402 3103 3456 3157 in
3501 3115 3662 3156 cursu

364 3210 509 3267 tibus
534 3220 817 3281 carporum
861 3207 1143 3264 defuerant
1178 3204 1436 3276 expediri.
1492 3203 1673 3260 Simus
1688 3216 1817 3274 ergo
1832 3216 1953 3257 ora-

366 3300 600 3358 tionibus
648 3300 848 3357 nostris
898 3299 1211 3354 alterutrum
1241 3296 1549 3367 adjutores,
1592 3303 1647 3350 et
1681 3308 1954 3365 rogemus,

371 3396 509 3453 sicut
531 3393 819 3462 mandasti,
850 3399 911 3448 ut
954 3390 1122 3447 Deum
1148 3397 1203 3446 et
1240 3386 1511 3445 Christum
1542 3394 1598 3443 et
1640 3386 1876 3458 Angelos
1903 3388 1958 3442 in

370 3486 621 3546 omnibus
642 3485 851 3543 actibus
877 3481 1076 3540 nostris
1104 3480 1395 3539 habeamus
1414 3478 1673 3537 fautores.
1702 3477 1960 3551 Optamus

2057 3198 2206 3269 prior
2225 3206 2307 3253 est
2321 3208 2375 3252 et
2392 3196 2456 3251 ad
2478 3196 2753 3267 praemium
2773 3212 2787 3262 ;
2809 3204 2863 3251 et
2882 3195 2972 3266 qui
2991 3195 3135 3267 prior
3152 3192 3426 3268 occupasti
3446 3193 3514 3249 de
3556 3206 3663 3266 quo

2060 3293 2293 3366 cmpisti,
2335 3290 2460 3348 inde
2490 3290 2593 3347 hoc
2634 3289 2790 3347 nobis
2816 3288 3250 3357 communicasti,
3278 3286 3662 3344 demonstrans

2060 3385 2266 3442 scilicet
2316 3383 2639 3441 individuam
2675 3382 2987 3439 eharitatem
3035 3381 3087 3450 l,
3147 3381 3269 3453 quia
3307 3395 3522 3455 semper
3563 3394 3665 3436 nos

2060 3476 2339 3544 dilexisti;
2382 3485 2442 3533 ut
2459 3475 2655 3549 quibus
2675 3490 2813 3533 unus
2839 3475 2938 3534 fuit
2962 3475 3182 3549 spiritus
3208 3474 3263 3531 in
3289 3473 3670 3547 conjunctione

1593 3612 1977 3677 LECTIONES
2014 3609 2425 3671 VARIANTES.

431 3742 459 3807 ξι
493 3740 671 3807 get-ari
705 3734 813 3807 Lit},
854 3734 961 3788 NG.
1010 3735 1055 3782 2.

426 3801 458 3841 ³)
490 3802 739 3866 Capitibus
748 3800 864 3866 ΔΙιὶη.

434 3868 458 3927 9
493 3856 839 3927 Flagrantibus
868 3869 1008 3927 Voss:
1023 3856 1072 3927 g.

431 3926 459 3998 εξ
491 3916 933 3998 Disc'ussistLPem.
961 3920 1066 3971 NG.
1092 3919 1141 3968 Ξ.
1176 3927 1308 3970 Voss.
1331 3916 1379 3967 2.

437 3993 460 4020 σε
494 3988 730 4039 Mandasti
754 3988 895 4037 Pem.

375 4049 573 4166 Bard
603 4048 955 4127 congressione
1009 4046 1120 4108 Δικ,
1169 4046 1241 4120 ρι
1280 4041 1340 4093 ad
1378 4042 1780 4105 congressionem
1827 4039 1962 4091 Lam.

2118 3731 2148 3793 ti
2180 3727 2479 3793 timuimus
2516 3729 2672 3793 0x0!!-

2124 3788 2153 3829 δ
2184 3788 2454 3841 Exercitatl
2490 3791 2580 3838 Ar.
2606 3788 2712 3838 NG.
2743 3789 2789 3837 i.

2130 3852 2147 3891 ί
2186 3853 2418 3904 'l‘ribuisti
2459 3851 2587 3901 Bod.
2612 3849 2659 3899 2.
2693 3851 2798 3901 Nc.
2824 3849 2873 3899 1.
2899 3847 3044 3899 Ebor.

2131 3914 2144 3964 i
2188 3915 2327 3983 Inde
2357 3913 2582 3983 eamdem
2619 3914 2727 3963 ΝΟ.
2774 3911 3252 3983 dissimulationem
3280 3912 3472 3965 scilicet
3492 3914 3669 3983 indivi-

2064 3978 2176 4027 dum
2199 3977 2446 4026 charitatis
2467 3976 2558 4025 Ar.
2592 3984 2724 4028 Voss.
2773 3974 2824 4025 ‘2.
2853 3974 2957 4027 Lin.
2992 3974 3118 4026 Bod.
3154 3974 3514 4029 Demonstrasti
3536 3978 3672 4031 scili-

2067 4044 2150 4090 cet
2174 4037 2467 4089 iudividuam
2490 4039 2633 4089 Pent.

1610 4162 1849 4221 STEPH.
1896 4153 2166 4221 BALUZII
2202 4165 2427 4223 ΝΟΤΑ».

379 4313 764 4388 Sigisnttmdum
791 4327 823 4364 a
850 4317 991 4388 patre
1016 4316 1123 4375 tuo,
1146 4312 1251 4365 etc.
1400 4312 1578 4388 tamen
1600 4299 1969 4388 repanendttm

378 4369 767 4445 esi‘amatorem
791 4369 888 4453 pro
916 4369 1284 4453 daittnatorent.
1316 4374 1519 4453 Similis
1539 4369 1968 4453 emendatiofor-

379 4443 536 4530 lassis
564 4443 877 4530 adhibenda
906 4461 987 4506 est
1039 4448 1296 4530 Epistolas
1322 4461 1378 4502 at
1410 4444 1621 4530 .Nieoiai
1646 4443 1803 4524 Papa:
1838 4443 1879 4508 l,
1911 4444 1964 4496 in

377 4526 711 4602 quaiegitur
762 4541 774 4602 ξ
818 4524 1043 4602 Apparet
1060 4518 1132 4602 λε
1151 4519 1320 4600 minus
1343 4518 1494 4602 saluti
1518 4518 1798 4602 communi
1814 4529 1967 4602 quam

379 4585 503 4656 sorti
524 4585 732 4669 privata:
759 4585 1193 4669 intendere_._Nam
1216 4589 1272 4644 in
1304 4587 1471 4669 veteri
1501 4585 1685 4669 codice
1724 4599 1828 4669 nts.
1855 4599 1970 4657 rno-

380 4660 600 4727 nastérii
625 4667 795 4724 sancti
823 4662 1048 4734 Remigii
1102 4660 1384 4717 Remeusis
1412 4660 1670 4728 scriptum
1701 4664 1782 4713 est
1816 4671 1970 4726 quam

380 4741 543 4797 amori
568 4740 788 4811 priuato.

454 4795 517 4868 ll.
546 4795 921 4865 LCaduceris.
971 4805 1085 4863 Duo
1111 4799 1234 4858 libri
1256 4809 1468 4857 veteres
1496 4797 1697 4854 habent
1724 4795 1976 4868 cadavera

382 4865 541 4956 ipsius
578 4880 763 4956 publici
802 4879 983 4956 hgslis_
1007 4872 1232 4956 sitnervi
1269 4870 1834 4956 concisicaicareitytur.
1884 4865 1975 4956 Sic

383 4939 543 5012 etiam
574 4939 684 5009 ires
715 4948 1026 5021 Anglicanus
1050 4943 1123 5021 Ita
1151 4958 1367 5021 quoque
1378 4940 1647 5021 imbuisse
1694 4939 1974 5021 Veronen-

385 5041 500 5082 sem
541 5012 1428 5090 outnium'antiqnissimuntinihi
1481 5018 1819 5090 compertum
1870 5019 1972 5067 est.

386 5097 481 5154 llis
510 5092 917 5151 auctoritatibus
947 5082 1111 5145 fultus
1138 5084 1393 5143 constitui
1433 5096 1621 5138 veram
1660 5082 1973 5154 lectionem.

385 5151 517 5223 Nam
550 5173 808 5237 praeterea
838 5169 1045 5217 certum
1072 5166 1155 5213 est
1179 5172 1288 5213 non
1310 5170 1430 5213 esse
1456 5154 1609 5225 plura
1628 5151 1889 5211 cadavera
1918 5152 1973 5206 in

387 5241 727 5367 unﬁii‘fjf’er
752 5302 1155 5361 Hcrennianum.
1181 5295 1362 5354 Codex
1379 5294 1657 5367 Bernensis
1670 5294 1839 5350 sancti
1855 5291 1978 5367 Din-

387 5361 545 5454 uysii,
582 5361 920 5454 perif‘clicem
952 5371 1334 5454 Herculaneum
1359 5365 1767 5454 itypgdiaco'num
1794 5361 1978 5454 etea-

387 5434 594 5507 ῐεῖιὶέέιήἱ
619 5458 666 5505 et
698 5447 980 5503 Marcianum
1005 5454 1053 5501 et
1078 5434 1744 5517 AugustaruéiAutandutu
1775 5434 1983 5517 pressim-

390 5505 555 5580 terum
579 5517 1009 5583 distribuendam,
1036 5505 1267 5586 διαθεὶς
1300 5510 1462 5586 etiam
1499 5507 1669 5586 ferme
1697 5510 1750 5562 in
1775 5505 1983 5586 duobus

391 5576 722 5663 Inglicauis.
750 5588 901 5663 “une
928 5576 1326 5663 Herennianum
1370 5579 1630 5663 Duronius
1650 5586 1809 5663 putat
1834 5576 1982 5663 illum

392 5650 518 5725 esse
546 5676 641 5739 per
669 5676 827 5736 quem
851 5659 1169 5733 Cyprianus,
1221 5668 1343 5712 cum
1373 5660 1518 5710 esset
1539 5650 1663 5709 esui
1690 5690 1706 5719 ,
1736 5650 1985 5721 pecunia-

2072 4318 2192 4361 rum
2220 4298 2460 4363 subsidia
2486 4299 2633 4361 misit
2667 4300 2735 4359 ad
2773 4301 3116 4361 confessores
3153 4300 3223 4357 ad
3271 4301 3484 4359 metalla
3512 4302 3671 4360 dam-

1992 4406 2045 4472 D
2074 4376 2251 4432 tmtos.

2145 4486 2323 4543 Eptsr.
2384 4501 2561 4543 uxtx.
2621 4512 2693 4527 --
2734 4484 2962 4541 Difficile
3010 4493 3092 4540 est
3142 4492 3289 4541 certo
3334 4483 3560 4543 definire
3598 4502 3668 4543 an

2073 4559 2189 4615 haec
2210 4559 2436 4630 epistola
2455 4557 2708 4630 Cypriani
2739 4559 2828 4624 sit,
2859 4572 2925 4630 an
2955 4572 3083 4612 vero
3110 4556 3672 4630 Luciumquamvisvi-

2074 4624 2265 4685 deatur
2304 4624 2710 4702 esseVC'y'prian‘i
2761 4627 2942 4702 potius
2971 4640 3128 4702 quam
3162 4624 3352 4702 Lttcii.‘_
3383 4624 3469 4702 In,
3498 4628 3671 4702 tribus

2076 4703 2218 4756 enim
2245 4701 2478 4771 antiquis
2504 4697 2782 4755 codicibus
2813 4699 3006 4771 dicitur
3026 4697 3226 4771 scripta
3256 4712 3283 4750 a
3301 4699 3671 4771 _CyprianoAad

2079 4771 2297 4827 Lucium
2319 4768 2484 4842 ct‘qul
2510 4785 2630 4825 cum
2658 4784 2724 4824 eo
2750 4779 2896 4843 sunt,
2922 4769 2973 4821 in
2993 4769 3117 4843 aliis
3143 4768 3442 4843 vero-Lucii
3471 4770 3539 4843 ad
3568 4769 3675 4843 Cy-

2080 4845 2346 4915 prianum.
2370 4837 2493 4915 Duo
2520 4849 2696 4896 autem
2726 4840 2964 4915 tribuunt
2992 4837 3158 4915 Lucio
3201 4839 3453 4915 episcopo
3476 4837 3675 4895 Roma-

2080 4909 2170 4970 ito.
2212 4914 2497 4969 Existimat
2546 4922 2722 4966 tamen
2766 4909 3032 4965 Pamelius
3081 4909 3246 4967 hunc
3279 4909 3505 4966 Lucium
3551 4927 3673 4968 esse

2081 4986 2350 5041 diversum
2378 4986 2445 5038 ab
2474 4996 2552 5053 eo,
2576 4982 2665 5051 qui
2694 4981 2793 5036 fuit
2814 4984 3096 5053 episcopus
3117 4981 3412 5037 Romanus.
3443 4983 3519 5037 Ea
3542 4998 3673 5053 vero

2082 5056 2303 5112 Panteiii
2333 5054 2511 5124 opinio
2540 5051 2665 5125 hinc
2698 5051 3014 5125 confirmari
3035 5068 3191 5125 posse
3220 5054 3427 5125 videtur
3454 5054 3597 5125 quod
3625 5051 3674 5108 si

2083 5126 2306 5197 epistola
2342 5121 2439 5178 ista
2477 5135 2559 5179 est
2580 5121 2861 5194 Cypriani,
2894 5139 3015 5179 cum
3040 5121 3204 5178 missa
3232 5124 3304 5177 sit
3298 5138 3422 5245 vper
3447 5121 3673 5179 e'os‘dem

2083 5199 2170 5245 nni
2202 5196 2491 5245 attulerant
2529 5209 2648 5245 eam
2675 5210 2796 5245 unm
2824 5196 3020 5245 scrinia
3063 5204 3148 5245 est
3189 5195 3259 5245 ad
3286 5210 3303 5245 ι
3343 5196 3670 5245 entesianum.

2082 5195 2171 5270 qui
2202 5196 2648 5270 attuleranteam
2674 5210 2796 5270 qua:
2824 5196 3020 5270 scripta
3063 5204 3148 5270 est
3189 5195 3263 5270 ad_
3286 5195 3670 5270 Nemesia‘num,
3718 5248 3722 5253 ,

2085 5263 2247 5337 missa
2272 5266 2480 5337 videtur
2503 5268 2553 5321 in
2576 5263 2808 5320 Africam
2841 5266 2907 5320 ad
2928 5263 3211 5337 quemdam
3242 5264 3485 5321 Lucium.
3516 5267 3677 5322 Certe

2086 5334 2138 5395 in
2194 5336 2431 5408 Epistula
2481 5352 2681 5408 Lxxvn
2717 5332 2967 5408 Cypriani
2999 5335 3067 5389 ad
3097 5332 3348 5408 Martyres
3383 5337 3435 5390 iu
3463 5337 3672 5390 tnetalla

2087 5406 2401 5480 constitutos,
2452 5423 2571 5480 pag.
2592 5407 2717 5474 158,
2745 5406 2942 5461 Lucius
2969 5406 3275 5463 nominatur
3296 5407 3436 5463 inter
3463 5408 3677 5480 cpisco~

2089 5424 2401 5473 consmutos,
2487 5424 2571 5478 ag.
2592 5424 2717 5474 we,
2745 5424 2942 5461 Luctus
2969 5424 3085 5461 nom

2089 5495 2188 5552 pos
2215 5479 2375 5535 Afros
2400 5424 2483 5534 ad)
2493 5494 2626 5550 quos
2651 5493 2713 5533 ea
2744 5480 2938 5548 scripta
2969 5487 3085 5539 cst._

2124 5570 2277 5699 (1.7—
2297 5569 2486 5628 Parem
2510 5570 2746 5646 gratiam.
2773 5568 2887 5631 Duo
2910 5567 3028 5630 libri
3055 5577 3265 5631 veteres
3288 5569 3484 5633 habent
3503 5587 3679 5644 parem

2144 5658 2326 5699 ortam.

2087 5658 2326 5720 mwmm.
