4302 6296
350 292 353 293 ⁷
390 279 499 336 425

1727 281 2056 343 EPISTOLA
2096 285 2333 344 LXXXI.

3600 292 3706 351 426

394 394 890 467 complecteremini
917 406 1005 451 me
1032 395 1413 453 manibuslillis
1440 410 1561 468 qure
1591 412 1738 469 purae
1766 410 1819 457 et
1844 401 1997 457 inno-
2023 402 2079 466 Α
2100 407 2269 465 sionis
2297 404 2610 475 probatione
2638 404 3016 461 sanctiﬁcant:
3056 405 3119 460 Et
3143 406 3188 460 si
3217 421 3387 461 coram
3414 380 3703 462 hominibus

403 499 587 543 centes
617 496 671 544 et
700 488 1033 543 Dominicam
1054 487 1221 568 lidem'
1242 499 1519 545 servantes
1548 490 1813 563 sacrilega
1840 493 2001 549 obse-

400 582 523 653 quia
563 579 921 651 rcspuerunt?
977 580 1422 653 Quidjucundius
1453 591 1509 638 et
1535 584 1816 640 sublimius
1841 601 2000 656 quam

400 674 634 730 osculari
661 689 804 729 nunc
824 688 919 729 ora
940 682 1138 740 vestra,
1172 689 1293 745 quae
1312 674 1546 745 gloriosa
1565 690 1695 731 voce
1720 676 2002 732 Dominum

399 767 647 823 confessa
696 776 861 831 sunt,
906 766 1143 837 conspici
1190 767 1349 822 etiam
1377 778 1698 838 praesentem
1740 768 1810 823 ab
1835 769 2005 825 oculis

401 861 614 928 vestris,
648 861 760 927 qui,
792 859 1048 932 despecto
1069 859 1288 928 saeculo,
1321 861 1701 932 conspicienda
1721 862 1832 918 Deo
1857 862 2003 934 digni

403 953 735 1011 extiterunt?
761 953 891 1021 Sed,
923 953 1178 1024 quoniam
1218 952 1342 1008 huic
1389 954 1588 1009 ltetitiat
1630 954 1892 1011 interesse
1922 954 2005 1011 fa-

404 1047 575 1102 cultas
622 1061 728 1101 non
750 1047 926 1113 datur,
963 1055 989 1083 ιι
1017 1044 1115 1100 has
1160 1061 1257 1117 pro
1299 1060 1388 1102 me
1415 1046 1481 1103 ad
1520 1061 1680 1103 aures
1702 1056 1758 1104 et
1785 1047 1850 1103 ad
1878 1063 2007 1105 ocu-

401 1139 483 1196 los
520 1149 735 1211 vestros
764 1139 991 1196 vicarias
1018 1139 1243 1195 litteras
1285 1140 1469 1210 mitto,
1520 1141 1715 1211 quibus
1764 1142 2005 1213 gratulor

404 1232 604 1303 pariter
652 1240 705 1287 et
731 1232 994 1288 exhortor
1016 1240 1074 1286 ut
1099 1231 1153 1286 in
1180 1229 1523 1300 coniessione
1549 1232 1784 1288 rtelestis
1824 1232 2006 1305 gloriae

402 1326 571 1384 fortes
594 1337 647 1384 et
675 1328 899 1384 stabiles
920 1328 1299 1399 perseveretis,
1328 1336 1384 1384 et
1407 1329 1633 1401 ingressi
1656 1329 1792 1385 viam
1820 1330 2005 1386 Domi-

406 1421 539 1477 nicte
573 1419 924 1493 dignationis,
974 1421 1043 1476 ad
1085 1421 1452 1492 accipiendam
1495 1437 1749 1480 coronam
1778 1423 2007 1494 Spiritali

404 1515 605 1570 virtute
652 1514 883 1587 pergatis
913 1512 964 1580 ιι,
992 1513 1254 1571 habentes
1301 1506 1586 1570 Dominum
1648 1524 2005 1586 protectorem

408 1616 464 1664 et
490 1607 680 1663 ducem
707 1607 796 1679 qui
823 1606 995 1663 dixit:
1030 1606 1166 1663 Ecce
1208 1608 1466 1663 vobiscum
1502 1625 1616 1663 sum
1644 1609 1876 1664 omnibus
1900 1609 2009 1664 die-

410 1698 505 1753 bus
561 1715 717 1769 usque
769 1699 835 1753 ad
897 1700 1382 1755 consummationem
1440 1701 1619 1756 mundi
1656 1711 1678 1740 ο
1729 1700 1960 1774 (Matth.
1987 1742 2004 1769 ,

2108 506 2353 552 tormenta
2378 498 2515 569 passi
2538 507 2675 564 sunt,
2700 515 2813 569 spes
2832 514 3004 553 eorum
3026 499 3409 554 immortalitate
3433 499 3589 572 plena
3609 509 3705 553 est.

2106 588 2177 643 Et
2206 591 2256 642 in
2282 590 2459 657 paucis
2484 591 2671 655 vexati,
2714 590 2769 643 in
2813 591 2986 645 multis
3035 590 3158 646 bene
3194 590 3546 661 disponentur,
3578 606 3706 660 quo-

2077 681 2245 735 ‘niam
2271 680 2408 736 Deus
2428 683 2633 737 tentavit
2659 680 2798 748 illos,
2829 691 2877 737 et
2901 683 3089 737 invenit
3113 682 3230 738 illos
3251 683 3431 755 dignos
3447 700 3518 737 se.
3554 681 3708 737 Tant-

2106 789 2259 843 quam
2300 791 2486 829 aurum
2528 775 2582 829 in
2614 778 2821 847 [ornare
2850 776 3079 846 probavit
3119 776 3237 832 illos
3275 785 3323 831 et
3367 777 3513 847 quasi
3556 776 3706 831 holo-

2107 867 2270 922 causti
2301 868 2514 922 hostiam
2535 865 2731 940 accepit
2757 869 2893 935 illos,
2926 878 2970 924 et
3000 870 3055 924 in
3080 879 3307 940 tempore
3328 870 3420 924 erit
3447 877 3705 941 respectus

2108 956 2334 1011 illorum.
2370 957 2657 1029 Fulgebunt
2686 960 2826 1027 iusti,
2860 969 2908 1014 et
2937 969 3194 1031 tamquam
3214 960 3452 1015 scintilla:
3476 962 3528 1014 in
3553 978 3713 1016 arun-

2110 1047 2280 1103 dineto
2309 1048 2615 1104 discurrent.
2677 1048 2995 1104 Judicabunt
3028 1051 3257 1105 nationes
3290 1060 3335 1106 et
3365 1051 3710 1107 dominabun-
3746 1103 3750 1106 .
3834 1094 3837 1095 ν

2111 1152 2191 1196 tur
2232 1143 2454 1215 papulis,
2489 1152 2536 1197 et
2562 1144 2794 1215 regnabit
2814 1161 2989 1199 eorum
3037 1145 3272 1199 dominus
3314 1145 3367 1198 in
3413 1153 3713 1215 perpetuum

2111 1235 2129 1303 (
2157 1233 2288 1305 Sap.
2319 1250 2397 1301 ιιι,
2444 1234 2599 1307 4·8).
2640 1236 2866 1305 Quando
2890 1252 3020 1308 ergo
3052 1236 3384 1308 iudicaturos
3413 1252 3509 1293 vos
3538 1246 3593 1294 et
3621 1254 3711 1293 re-

2109 1336 2365 1397 gnaturus
2387 1342 2507 1382 cum
2530 1326 2744 1383 Christo
2772 1329 3001 1384 Domino
3018 1329 3284 1400 cogitatis,
3320 1330 3569 1386 exultctis
3618 1345 3715 1386 ne-

2111 1433 2263 1474 cesse
2290 1428 2373 1474 est
2430 1430 2485 1476 et
2529 1419 2826 1476 futurorum
2881 1420 3079 1493 gaudio
3125 1423 3408 1493 praesentia
3457 1424 3719 1494 supplicia

2111 1512 2356 1580 calcetis,
2385 1512 2618 1569 scientes
2643 1514 2713 1569 ab
2736 1514 2889 1569 initio
2917 1515 3102 1570 mundi
3128 1515 3206 1569 sic
3238 1516 3532 1571 institutum
3563 1525 3621 1570 ut
3642 1516 3718 1571 la-

2110 1606 2266 1662 boret
2286 1605 2406 1661 iStic
2428 1605 2478 1660 in
2499 1606 2741 1662 saeculari
2761 1605 3155 1662 conﬂictatione
3174 1606 3397 1677 justitia,
3427 1608 3641 1679 quando
3657 1607 3713 1662 iu

2110 1698 2317 1769 origine
2369 1695 2390 1734 ί
2438 1699 2616 1753 statim
2669 1698 2839 1768 prima
2893 1698 3254 1769 Abeljustus
3308 1700 3600 1767 occiditur,
3659 1711 3717 1758 et

410 1811 594 1862 xxvnu,
632 1795 748 1865 20).
789 1794 833 1850 Ο
860 1793 1075 1850 beatum
1101 1808 1395 1861 carcerem,
1417 1809 1576 1866 quem
1606 1794 1888 1850 illustravit
1915 1810 2008 1851 ve-
2038 1794 2089 1855 B
2117 1788 2312 1844 exinde
2351 1788 2481 1859 justi
2510 1788 2708 1859 quique
2751 1798 2805 1845 et
2848 1788 3131 1859 Pmphettn
3178 1798 3233 1845 et
3259 1788 3500 1860 Apostoli
3538 1791 3710 1847 missi.

409 1898 518 1947 stra
561 1889 877 1959 praesentia!
921 1902 955 1943 ο
997 1887 1214 1944 beatum
1281 1892 1578 1953 carcerem,
1624 1889 1715 1960 qui
1763 1889 2010 1946 homines

408 1981 571 2036 mittit
600 1980 667 2035 ad
706 1980 933 2036 cretum!
981 1994 1014 2035 ο
1061 1980 1308 2057 tenebras
1340 1981 1627 2037 lucidiores
1652 1981 1768 2037 sole
1796 1981 1913 2052 ipso
1957 1990 2013 2038 et

406 2075 527 2130 luce
554 2074 658 2130 hac
698 2073 882 2130 mundi
909 2074 1163 2131 clariores
1188 2116 1203 2141 ,
1235 2074 1325 2131 ubi
1352 2074 1510 2132 modo
1535 2076 1820 2132 constituta
1848 2078 2006 2133 sunt!

409 2168 505 2223 Dei
561 2168 760 2238 templa
811 2175 866 2222 et
914 2166 1296 2224 sanctiﬁcanda
1345 2167 1542 2225 divinis
1583 2168 2013 2227 confessionibus

408 2258 649 2316 membra
674 2270 872 2317 vestra.

481 2438 544 2494 ll.
569 2438 682 2496 Nec
696 2436 978 2511 quicquam
995 2449 1239 2497 versetur
1260 2440 1311 2495 in
1334 2441 1403 2473 ¹⁶³
1416 2441 1667 2497 cordibus
1680 2453 1732 2497 et
1746 2442 2014 2498 mentibus

410 2531 602 2588 vestris
632 2548 789 2603 quam
823 2532 1001 2607 divina
1045 2540 1310 2603 pmcepta
1354 2542 1411 2587 et
1449 2532 1699 2587 mandata
1746 2534 2012 2602 coelestia,

413 2626 602 2696 quibus
626 2641 725 2681 vos
766 2612 834 2681 ad
862 2625 1197 2682 tolerantiam
1227 2625 1495 2696 passionis
1523 2623 1757 2696 Spiritus
1798 2635 2016 2681 sanctus

408 2731 628 2788 semper
646 2717 917 2773 animavit.
968 2717 1136 2773 Nemo
1161 2726 1394 2773 mortem
1416 2717 1638 2788 cogitet,
1670 2717 1764 2773 sed
1791 2718 2014 2773 immor-

412 2806 693 2876 talitatem,
724 2821 827 2864 nec
845 2809 1222 2879 temporariam
1253 2823 1487 2879 poenam,
1511 2807 1604 2864 sed
1624 2808 1848 2877 gloriam
1867 2823 2015 2864 sem-

412 2902 702 2971 piternam,
744 2916 864 2955 cum
890 2901 1149 2972 scriptum
1171 2901 1275 2957 sit:
1306 2900 1544 2956 Pretiosa
1568 2910 1640 2956 est
1670 2901 1723 2955 in
1746 2910 2018 2972 conspectu

411 2992 628 3048 Domini
664 3009 802 3048 mors
836 2993 1096 3065 justorum
1125 2990 1154 3031 ά
1201 2995 1313 3063 ejus
1361 2992 1546 3065 (Psal.
1599 3008 1723 3058 cxv,
1779 2992 1906 3066 15).
1948 2992 2019 3048 Ει

412 3084 647 3141 iterum:
691 3084 1019 3156 Sacri/icium
1061 3085 1171 3142 Deo
1195 3097 1219 3124 θ
1248 3087 1457 3157 spiritus
1500 3086 1885 3155 contribulatus,
1930 3076 2020 3143 cor

2117 1874 2320 1950 Quibus
2371 1881 2621 1936 omnibus
2653 1881 2913 1936 Dominus
2958 1897 3172 1953 quoque
3204 1881 3255 1937 in
3279 1896 3338 1938 se
3367 1883 3484 1953 ipso
3509 1884 3714 1939 consti-

2117 1975 2218 2030 tuit
2237 1974 2563 2045 exemplum,
2595 1972 2795 2029 docens
2816 1972 2881 2027 ad
2909 1986 3064 2027 suum
3092 1988 3314 2044 regnum
3346 1989 3474 2041 non,
3495 1975 3595 2030 nisi
3622 1989 3718 2030 eos

2115 2067 2205 2138 qui
2239 2081 2298 2122 se
2340 2081 2435 2137 per
2455 2062 2485 2102 ιι
2502 2065 2640 2120 viam
2661 2080 2812 2121 suam
2839 2066 3008 2121 secuti
3046 2065 3173 2132 sint,
3195 2066 3476 2135 pervenire
3495 2067 3717 2124 dicens:

2121 2158 2221 2227 Qui
2241 2168 2379 2213 autat
2402 2159 2629 2212 animam
2648 2173 2796 2211 suam
2816 2157 2883 2229 in
2896 2158 2992 2212 isto
3014 2159 3222 2225 saeculo,
3246 2159 3421 2229 perdet
3445 2158 3612 2216 illaut.
3642 2161 3715 2216 Et

2116 2251 2202 2321 qui
2222 2249 2331 2304 odit
2357 2249 2580 2303 animum
2601 2264 2749 2303 suam
2776 2248 2829 2301 in
2856 2226 2953 2301 i‘sto
2980 2248 3188 2315 swculo,
3222 2249 3273 2303 in
3297 2250 3452 2303 vitam
3471 2262 3717 2307 aeternam

2116 2342 2428 2398 conservabit
2473 2340 2619 2396 illaut
2672 2339 2831 2410 (Joa.
2863 2356 2957 2408 xu,
3004 2340 3121 2413 25).
3160 2339 3230 2395 Et
3266 2341 3456 2397 iterum
3493 2360 3507 2395 :
3542 2342 3722 2399 Nolite

2119 2436 2293 2490 tintere
2315 2450 2399 2489 eos
2412 2436 2504 2510 qui
2547 2433 2784 2488 occidunt
2807 2448 3014 2503 corpus,
3046 2435 3271 2487 animam
3300 2450 3415 2490 vero
3445 2451 3547 2490 non
3593 2452 3720 2505 pos-

2118 2536 2235 2582 sunt
2263 2526 2490 2591 occidere
2537 2541 2556 2579 :
2594 2525 2757 2597 magis
2790 2534 2959 2579 autent
2996 2524 3201 2579 metuite
3229 2541 3343 2579 eum
3373 2526 3457 2596 qui
3488 2535 3646 2598 potest
3673 2536 3723 2583 et

2119 2620 2347 2673 anintam
2365 2628 2411 2674 et
2441 2634 2626 2688 corpus
2648 2615 2877 2672 occidere
2894 2617 2947 2671 in
2970 2616 3251 2687 gehennam
3275 2615 3498 2690 (Matth.
3518 2634 3574 2684 χ,
3602 2618 3719 2691 28).

2120 2710 2319 2766 Paulus
2371 2711 2531 2765 ctiam
2556 2723 2653 2763 nos
2718 2706 3035 2763 adhortatur
3059 2717 3113 2762 ut
3141 2708 3230 2779 qui
3258 2707 3326 2763 ad
3359 2708 3568 2763 Domini
3598 2725 3723 2778 pro-

2122 2803 2290 2858 missa
2332 2801 2520 2856 venire
2551 2800 2815 2870 cupimus,
2852 2799 3051 2854 imitari
3079 2800 3361 2855 Dominum
3390 2800 3442 2855 iu
3474 2803 3724 2858 omnibus

2120 2892 2414 2950 debeamus
2441 2911 2452 2945 :
2481 2890 2695 2954 Suntus,
2734 2890 2926 2960 inquit,
2959 2891 3055 2959 ﬁlii
3084 2888 3202 2943 Dei.
3246 2890 3303 2945 Si
3334 2900 3504 2944 autem
3525 2893 3642 2961 ﬁlii,
3674 2903 3724 2946 et

2123 2986 2364 3053 hwredes,
2389 2984 2612 3040 heredes
2631 2983 2834 3054 quidem
2858 2981 2976 3051 Dei,
3004 2982 3294 3038 cohaeredes
3313 2993 3482 3037 autem
3508 2983 3719 3053 Christi,

2122 3077 2373 3146 siquidem
2437 3076 2829 3146 compatiamur,
2898 3074 2969 3127 ut‘
3022 3082 3069 3127 et
3135 3076 3632 3145 commagniﬁcemur
3669 3077 3719 3134 ιι.

412 3178 680 3231 contritum
714 3168 760 3232 et
786 3177 1110 3231 humiliatum
1131 3175 1271 3233 Deus
1309 3178 1413 3232 nan
1446 3177 1658 3246 despicit
1700 3177 1938 3249 (Psalm.
1968 3196 2020 3249 ι,
2049 3180 2096 3245 C
2130 3167 2319 3244 (Ηοητι
2348 3184 2462 3236 νιιι,
2496 3166 2610 3239 “3)-
2656 3165 2875 3222 Αάάίάίῐ
2905 3165 3067 3221 ﬁliam
3092 3169 3550 3238 comparationem
3579 3185 3720 3241 prm-

414 3267 541 3340 19).
586 3268 656 3324 Et
679 3269 896 3336 iterum,
921 3269 1010 3325 ubi
1039 3269 1273 3341 loquitur
1310 3268 1586 3341 Scriptura
1615 3268 1794 3325 divina
1815 3270 1882 3327 de
1910 3281 2031 3327 tor-'

416 3362 610 3419 mentis
639 3377 760 3434 quae
786 3370 1051 3433 martyres
1079 3362 1176 3420 Dei
1211 3370 1532 3420 consecrant
1568 3371 1624 3419 et
1651 3363 1705 3418 in
1748 3363 1864 3435 ipsa
1892 3379 2021 3436 pas-

2134 3264 2304 3321 sentis
2352 3261 2607 3334 temporis
2632 3268 2687 3317 et
2712 3259 2905 3316 futurae
2932 3259 3191 3316 claritatis
3217 3260 3439 3318 dicens:
3465 3261 3587 3319 Non
3608 3277 3725 3322 sunt

2128 3355 2395 3427 condigna:
2448 3353 2710 3427 passiones
2740 3351 2894 3424 hujus
2924 3353 3165 3425 temporis
3205 3352 3275 3408 ad
3311 3366 3725 3426 superventuram

1616 3472 2022 3562 ‘LECTIONES
2060 3496 2474 3559 VARIANTES.

481 3622 509 3652 ⁸
531 3620 787 3671 Interesse
810 3632 908 3670 non
929 3618 1073 3670 datur
1096 3619 1231 3669 Lam.

475 3678 509 3747 13
530 3682 655 3735 Vitae
678 3695 903 3734 coronam
926 3681 1131 3747 spiritali
1168 3680 1356 3732 virtute
1374 3677 1523 3733 Ebur.
1547 3682 1690 3731 Pem.
1714 3680 1852 3732 Lam.
1877 3678 2007 3733 Bod.

417 3744 711 3858 1’σῗέἒειιιί
737 3808 871 3857 Lam
898 3805 1045 3858 Ebor.
1067 3804 1195 3856 Bod.
1219 3803 1268 3854 2.
1544 3844 1547 3847 .

480 3870 508 3910 «ι
532 3870 821 3923 Sanctorum
844 3870 981 3920 Laut.
1005 3866 1133 3921 Bod.
1153 3867 1201 3917 2.
1227 3864 1372 3920 Ebor.
1397 3866 1505 3920 NG.

2175 3617 2199 3645 ⁸
2223 3611 2519 3662 Sacriﬁcium
2542 3607 2641 3659 Dei
2664 3606 2790 3659 Bod.
2817 3608 2865 3658 1.

2176 3672 2208 3745 ξ
2226 3674 2498 3745 [norigine
2520 3670 2951 3745 mundi-fied}:
3006 3727 3126 3745 ηιμ-
3180 3730 3262 3745 "ﬂ
3311 3733 3327 3745 _
3372 3731 3380 3739 .

2178 3730 2802 3866 iis?“
2831 3727 3720 3866 manus...

2080 3850 2085 3855 ’
2128 3860 2257 3913 Βοά.
2283 3860 2334 3921 t,
2354 3857 2403 3907 2.
2429 3850 2563 3907 una.
2588 3853 2692 3906 Litt.
2718 3852 2864 3906 Ebor.

1670 3974 1916 4052 s'rspn.
1956 3989 2227 4049 BALUZII
2263 3985 2493 4045 nom.

340 4122 351 4127 “
420 4080 749 4175 censuerunt
778 4116 968 4187 Angli,
991 4114 1078 4186 qui
1108 4113 1247 4170 hanc
1287 4126 1437 4168 suam
1481 4109 1799 4187 sententiam
1828 4110 2010 4165 multis
2117 4107 2285 4187 ῌαὺει
2312 4104 2533 4187 vincula,
2559 4104 2650 4187 sed
2684 4119 2769 4159 vos
2804 4102 2908 4158 Deo
2932 4104 3086 4159 soluti
3125 4107 3261 4161 estis.
3297 4110 3510 4179 Arator,
3537 4112 3629 4170 lib.
3661 4128 3698 4169 lt

420 4189 718 4245 rationibus
742 4182 1092 4243 oatenderunt
1132 4200 1254 4241 esse
1281 4198 1483 4240 veram.
1516 4182 1688 4251 Sergii
1720 4196 1880 4251 porro
1910 4196 2009 4236 no-

420 4276 546 4316 men
573 4275 677 4315 non
728 4259 953 4314 habetur
978 4258 1033 4312 in
1071 4258 1259 4313 codice
1290 4254 1550 4310 Vaticano
1579 4252 1707 4318 195,
1741 4267 1913 4321 neque
1956 4252 2009 4305 in

422 4330 942 4401 Gratianopolitano,
975 4342 1152 4401 neque
1191 4327 1408 4401 demum
1439 4320 2009 4401 in_Lam_oniano.Non

422 4396 701 4458 exstitisse
721 4401 957 4456 etiamin
990 4396 1158 4454 veteri
1182 4396 1367 4453 codice
1405 4396 1610 4465 Optimo
1630 4396 1797 4465 liquet
1819 4408 1884 4465 et
1915 4408 2013 4465 an-

422 4474 701 4528 nulatione
728 4470 929 4526 Nicolai
957 4469 1112 4525 Fabri
1143 4470 1313 4537 posita
1365 4468 1419 4521 in
1445 4464 1733 4537 exemplari
1761 4464 2011 4537 editionis

422 4542 785 4616 Pameliaum,
804 4541 890 4596 ubi
912 4541 999 4616 χίπ-
1036 4535 1381 4616 doctissimus
1411 4536 1702 4616 monuitin
1733 4551 1807 4616 eo.
1826 4535 2013 4616 codice
2040 4556 2095 4616 Β

424 4614 530 4685 legi
560 4605 874 4685 simpliciter
903 4610 1191 4685 Rogatiano
1219 4620 1265 4665 et
1291 4608 1486 4685 caneris
1511 4608 1903 4685 confessoribus,
1937 4605 2015 4660 uti

425 4680 586 4740 etiam
610 4680 835 4739 habetur
856 4684 907 4736 in
934 4680 1120 4738 codice
1159 4682 1327 4736 sancti
1361 4680 1644 4748 Arnulphi.

499 4754 964 4824 Complecteremiui
1005 4770 1105 4809 me.
1154 4752 1282 4824 Haec
1328 4759 1411 4806 est
1454 4765 1577 4806 vera
1610 4749 1800 4815 lectio,
1854 4762 2015 4824 quam

426 4818 749 4883 confirmant
773 4840 959 4881 omnes
994 4826 1105 4880 fere
1131 4823 1253 4878 libri
1281 4835 1496 4878 veteres
1531 4832 1586 4876 et
1609 4835 1798 4876 omnes
1820 4818 2016 4874 editio-

429 4913 526 4953 nes
561 4897 814 4966 antiqtne.
855 4896 1123 4951 Pamelius
1167 4905 1366 4966 tamen,
1399 4908 1463 4948 ea
1512 4893 1827 4966 auctoritate
1871 4890 2019 4945 insu-

429 4962 731 5038 perhabitti,
774 4966 1003 5038 mutavit
1038 4976 1090 5038 et
1138 4963 1332 5038 edidit,
1372 4973 1429 5017 ut
1456 4962 1815 5038 complecterer
1827 4976 2018 5038 manus

428 5031 570 5107 illas,
601 5031 803 5094 tantum
824 5038 953 5107 quia
967 5036 1250 5107 lectionem
1278 5035 1425 5089 illam
1446 5031 1733 5107 invenerat
1752 5031 2015 5101 adjectam

429 5109 496 5165 ad
527 5104 822 5181 marginem
844 5104 1060 5181 'cotlicis
1089 5105 1504 5181 Afﬂigentensis.
1528 5104 1673 5181 _Eam
1708 5118 1866 5181 quam
1921 5115 2021 5156 uos

428 5172 743 5236 revocamus
772 5178 1062 5246 praeferunt
1099 5172 1393 5232 octodecim
1421 5174 1540 5230 libri
1564 5172 1741 5230 nostri
1759 5182 1817 5229 et
1835 5172 2021 5229 decem

429 5251 730 5308 Analicani.
760 5249 997 5305 Pamelio
1029 5249 1207 5303 favent
1234 5247 1341 5303 duo
1372 5257 1595 5302 tantum.

504 5272 510 5304 I
554 5268 730 5306 Itcanl.
760 5268 997 5305 rumeno
1029 5268 1207 5303 ωνεηι
1234 5268 1341 5303 Ulli)
1372 5268 1595 5302 ιειιιιιηιι.

504 5268 779 5377 geminum
807 5325 1060 5392 confessa.
1084 5318 1264 5376 Codex
1285 5318 1672 5390 Burgundicus,
1700 5331 1885 5371 nomen
1909 5312 2024 5370 Do-

432 5394 832 5465 minicoufessa.
1087 5461 1130 5465 _
1194 5402 1201 5409 ‘

505 5464 550 5519 Ο
567 5456 769 5520 ὁεαιὶιηι
794 5479 1070 5519 carcerem.
1086 5461 1449 5518 Tertullianus
1475 5461 1527 5514 in
1559 5460 1694 5516 libro
1719 5457 1787 5512 ad
1817 5456 2016 5528 Marty-

431 5553 518 5590 ras
543 5536 768 5603 loquens
793 5540 859 5590 de
899 5550 1085 5590 eorum
1114 5548 1333 5588 carcere
1369 5536 1480 5586 ait:
1523 5531 1586 5587 Si
1616 5530 1755 5603 enim
1774 5529 2021 5600 recogite-

434 5623 548 5661 mus
569 5602 734 5675 ipsum
761 5608 921 5678 magis
949 5605 1470 5678 mundumcorceretn
1505 5618 1644 5678 esse,
1678 5602 1853 5678 exisse
1874 5615 1959 5654 vos
1997 5614 2025 5653 e

437 5670 638 5731 carcere
653 5692 804 5744 quam
829 5670 881 5731 in
907 5692 1161 5732 carcerem
1186 5673 1417 5728 introisse
1436 5671 1793 5744 intelligemus.
1815 5670 1881 5744 Et
1901 5684 2024 5744 mox

438 5748 589 5809 addit
612 5742 680 5809 de
699 5761 915 5806 carcere
944 5765 957 5802 :
989 5746 1157 5802 Habet
1183 5745 1429 5809 tenebras,
1456 5743 1544 5797 sed
1574 5742 1743 5798 lumen
1766 5743 1883 5799 estis
1901 5742 2020 5812 ipsi.

883 5842 1160 5905 PATROL.
1194 5837 1298 5901 IV.
1347 5835 1409 5899 S.
1456 5834 1758 5898 Cyrnus.

2114 4181 2333 4235 Actuum
2372 4175 2765 4247 apostoloricum
2795 4188 2808 4228 :

2239 4288 2281 4341 Ο
2304 4289 2422 4340 felix
2447 4289 2513 4340 de
2537 4288 2677 4339 clade
2702 4287 2856 4352 locus,
2888 4290 2968 4339 cui
2994 4287 3126 4338 clara
3148 4288 3403 4352 refulgent

2236 4353 2442 4402 Lumina
2466 4364 2553 4415 pro
2578 4351 2818 4401 tenebris.

2189 4457 2285 4513 Dei
2311 4458 2484 4511 mittit.
2518 4456 2633 4510 Duo
2652 4454 2775 4511 libri
2800 4464 3029 4518 veteres,
3057 4455 3283 4511 homines
3307 4457 3513 4512 dimittit
3527 4459 3597 4513 ad
3614 4476 3716 4515 ca:-

2121 4532 2249 4587 tum.
2276 4528 2445 4584 Vetus
2472 4526 2845 4596 Remigianus,
2890 4526 3117 4579 homines
3144 4525 3240 4581 Dei
3280 4527 3487 4582 dimittit
3517 4530 3586 4584 ad
3611 4546 3713 4587 cte-

2122 4604 2252 4658 lunt.
2732 4637 2735 4643 -

2194 4671 2258 4726 ll.
2277 4700 2349 4711 -——
2380 4668 2744 4725 Tolerantiam.
2777 4666 3015 4723 Illustrat
3036 4666 3179 4722 hunc
3206 4668 3382 4724 locum
3407 4670 3715 4730 llolstenius

2122 4744 2175 4800 in
2205 4741 2344 4798 notis
2373 4741 2440 4796 ad
2482 4740 2792 4795 Passionem
2833 4746 3133 4809 sanctarum
3176 4738 3455 4809 Perpetua:
3493 4754 3550 4798 et
3578 4743 3717 4800 Feli-

2122 4814 2319 4879 citatis,
2358 4812 2670 4886 ubinuncth
2714 4809 2866 4886 ponit
2893 4807 3260 4886 spti‘ergntiam
3287 4807 3413 4886 pro
3466 4830 3532 4867 eo
3570 4818 3713 4886 quod

2122 4886 2418 4957 Cyprianus
2437 4880 2572 4957 dixit
2595 4880 2662 4957 δ’)
2688 4878 3041 4957 tolerantiam.
3059 4878 3173 4934 Vox
3189 4891 3272 4957 est
3291 4878 3537 4941 Africana
3557 4878 3723 4956 {qum

2122 4949 2386 5025 reperitur
2430 4954 2593 5025 etiam
2638 4951 2692 5005 in
2724 4949 2871 5004 Actis
2912 4957 3205 5021 martyrum
3239 4949 3634 5025 DOaatistaruni
3662 4958 3717 5012 in

2122 5022 2260 5083 libro
2280 5042 2331 5098 tt_
2341 5022 2809 5098 miscellaneorum
2830 5029 3156 5098 nostrorum:
3180 5037 3299 5098 pag.
3324 5024 3473 5089 60,et
3490 5040 3721 5098 scqueuc

2125 5100 2285 5154 tibus.
2315 5094 2450 5149 Vide
2482 5092 2800 5164 glossarium
2829 5091 3075 5164 Latinum
3110 5091 3316 5164 caligii.

2199 5162 2607 5225 Futaebunt.....
2644 5163 2945 5219 discurrant.
2992 5162 3118 5218 Haec
3151 5162 3342 5218 desunt
3373 5164 3427 5218 in
3466 5168 3715 5225 undecim

2128 5231 2401 5321 chicigus
2427 5234 2805 5321 mgpuggrigtis
2819 5242 2888 5321 et.
2901 5233 2952 5287 in
2972 5231 3206 5321 editione
3228 5233 3467 5321 Manutii:
3491 5239 3720 5321 Deerant

2128 5312 2288 5366 etiam
2317 5310 2370 5364 in
2393 5306 2569 5376 capite
2590 5301 2939 5376 I2_Epistolte
2962 5302 3026 5376 ad
3050 5301 3400 5361 Fortunatum
3426 5308 3489 5362 de
3512 5308 3721 5366 Exhor-

2134 5382 2323 5435 tatione
2349 5374 2601 5448 martyrii.
2626 5374 2740 5448 l‘los
2766 5375 3122 5448 reposuimus.

2208 5451 2272 5515 In
2291 5444 2591 5522 gehennam.
2623 5446 2847 5522 Reliqua
2880 5444 3034 5522 istius
3064 5444 3301 5514 epISlOi’J!
3320 5446 3516 5522 desunt
3550 5450 3599 5504 iu
3628 5467 3722 5507 co-

2130 5522 2250 5578 dice
2291 5515 2463 5575 sancti
2502 5516 2787 5586 Arnulphi,
2819 5524 2873 5569 et
2913 5515 2965 5567 in
2997 5529 3183 5570 eorum
3212 5533 3334 5588 qua:
3365 5518 3556 5575 desunt
3601 5522 3721 5579 loco

2129 5591 2417 5649 substituto
2458 5599 2542 5646 est
2568 5595 3185 5659 consequentermagna
3220 5603 3341 5657 pars
3367 5588 3623 5659 Ερίειυιευ
3651 5594 3721 5648 αα

2127 5662 2495 5727 Antonianum,
2529 5655 2834 5732 incipiendo
2873 5655 3052 5713 abhis
3082 5655 3258 5714 verbis
3289 5655 3547 5732 pag.'7l:
3574 5660 3721 5718 Exo-

2126 5734 2398 5809 motogesis
2423 5731 2561 5806 apud
2602 5730 2792 5804 inferos
2832 5744 2937 5783 non
2966 5736 3056 5801 est,
3090 5737 3221 5795 etc.,
3264 5730 3432 5804 usque
3459 5731 3527 5790 ad
3566 5735 3728 5797 tinem

3169 5819 3247 5891 1’s
