4302 6296
404 334 518 398 420

1749 318 2087 389 EPlSTOLA
2123 298 2385 389 Lx'xxn.

3610 340 3717 400 430

415 452 823 506 consummatur
852 446 905 503 in
936 444 1108 514 vobis,
1127 443 1357 502 assiduis
1382 443 1713 505 orationibus
1729 445 2013 503 Dominum
2039 445 2095 508 Α
2119 444 2278 502 Multa
2314 449 2456 505 enim
2488 450 2631 507 varia
2675 421 2956 509 et'incerta
2981 452 3324 524 opinionibus
3353 455 3702 513 ventiiamnr.

419 540 792 613 deprecamur,
822 548 900 607 ut,
939 538 1105 595 initiis
1129 538 1196 595 ad
1221 553 1431 595 summa
1462 538 1838 613 pergentibus,
1882 554 2018 613 quos

418 635 666 694 confiteri
698 633 855 703 fecit,
897 631 1059 689 faciat
1083 641 1139 690 ct
1176 633 1446 689 coronari.
1487 631 1625 704 Opto
1653 647 1786 700 vos,
1827 631 2020 689 fratres

421 725 728 783 charissimi
756 740 818 780 ac
842 722 1158 790 beatissimi,
1194 723 1504 781 in’Domino
1530 738 1745 795 semper
1775 728 1913 780 bene
1931 740 2021 779 va-

422 818 533 873 lere
564 826 617 875 ct
644 816 711 872 ad
734 831 988 873 coronam
1017 815 1256 872 caelestis
1281 815 1469 887 glorias
1498 816 1802 887 pervenire.
1834 814 2022 877 Victor

424 900 682 967 diaconus
705 918 757 965 et
782 908 876 981 qui
900 922 1111 965 mecum
1138 919 1261 962 sunt
1287 923 1381 963 vos
1407 907 1659 963 salutant.

909 1040 1243 1102 EPISTULA
1280 1038 1539 1099 LXXXII.

425 1159 660 1225 (Pamel.,
703 1154 907 1223 Rigalt.,
944 1156 1138 1225 Baluz.,
1176 1172 1363 1210 cxxxn.
1400 1159 1596 1225 >Paris.,
1631 1170 1798 1210 Lxxxt.
1841 1159 2024 1221 Oxon.,
2064 1194 2068 1198 ~

1043 1222 1201 1287 Lips.,
1239 1222 1415 1286 Lxxx.)

427 1345 496 1387 Δί)
521 1341 838 1395 ευεοεεεωι,
872 1342 940 1382 DE
970 1341 1180 1383 NUNTIIS
1214 1341 1356 1382 ROHA
1384 1341 1645 1400 REVERSIS
1668 1342 2025 1386 PEBSBCUTIO'

958 1436 1066 1477 NBII
1095 1434 1504 1477 NUNTIAN'HBUS.

430 1538 829 1597 Ancuucxruu.
873 1563 945 1576 —-
996 1532 1216 1589 Nuntiat
1260 1532 1507 1589 Successo
1548 1535 1785 1607 episwpo
1820 1533 2031 1607 Cypria-

506 1646 621 1698 nus,
647 1628 987 1702 persecutione
1013 1626 1199 1682 acriori
1224 1627 1329 1692 iam
1350 1628 1549 1682 decreta
1576 1644 1666 1697 per
1704 1626 2032 1683 Valerianum

505 1724 863 1791 imperatorem
906 1722 927 1795 (
942 1720 1081 1775 haud
1107 1719 1256 1774 dubie
1306 1736 1420 1775 cum
1462 1719 1773 1793 Gallieno),
1828 1738 2033 1791 passum

2122 537 2251 605 Quae
2283 548 2461 598 autem
2496 551 2621 598 sunt
2650 543 2704 598 in
2734 558 2861 603 vero
2895 544 2965 599 ita
3004 560 3064 602 se
3095 543 3316 603 habent.
3349 547 3713 619 Rescripsisse

2122 633 2467 690 Valerianum
2493 635 2559 691 ad
2590 645 2833 692 senatum
2874 647 2931 697 ut
2973 638 3212 710 episcopi
3242 651 3299 696 et
3337 642 3633 712 presbyteri
3663 654 3719 699 et

2125 727 2383 784 diacones
2421 730 2474 783 in
2514 729 2807 785 continenti
2858 730 3389 801 animadvertantur,
3441 743 3719 791 senatores

2124 836 2255 877 vero
2293 830 2347 876 et
2394 820 2594 892 egregii
2621 820 2718 876 viri
2746 830 2794 878 el
2843 822 3052 893 equites
3094 824 3320 881 Romani
3353 834 3379 863 ιι
3404 865 3418 891 ,
3465 825 3723 896 dignitate

2126 914 2344 980 amissa,
2367 914 2528 969 etiam
2544 914 2697 969 bonis
2720 914 3049 985 spolientur;
3083 926 3155 984 et,
3187 918 3229 971 si
3258 917 3522 988 ademptis
3551 918 3720 975 facul-

2129 1004 2327 1061 tatibus
2356 1003 2637 1060 christiani
2668 1020 2789 1060 esse
2834 1010 3336 1076 perseveraverint,
3384 1011 3559 1080 capite
3584 1027 3721 1079 quo-

2129 1111 2233 1167 que
2264 1096 2618 1162 mulcteutur;
2665 1108 2925 1152 matromc
2966 1114 3115 1166 vero,
3155 1101 3419 1172 ademptis
3456 1102 3639 1167 bonis,
3666 1104 3723 1158 in
3774 1120 3780 1141 σ

2131 1190 2378 1246 exsilium
2405 1188 2741 1260 rclegentur;
2771 1188 3059 1245 Caesariani
3086 1200 3267 1248 autem
3289 1193 3607 1265 quicumque
3639 1194 3725 1250 vel

2130 1280 2280 1352 prius
2339 1278 2573 1336 confessi
2613 1279 2821 1336 fuerant
2874 1283 2957 1338 vel
3023 1299 3165 1339 nunc
3224 1286 3454 1341 confessi
3503 1287 3724 1354 fuerint,

2130 1371 2493 1428 confiscentur
2541 1380 2596 1428 et
2656 1372 2817 1430 vincti
2870 1375 2923 1428 in
2976 1373 3309 1434 Caesarianos
3361 1379 3726 1448 possessiones

2133 1464 2388 1537 descripti
2434 1464 2463 1504 Ι)
2519 1467 2816 1524 mittantur.
2896 1464 3133 1540 Snbjccit
3200 1468 3362 1529 etiam
3416 1473 3729 1532 Valerianus

2134 1558 2430 1630 imperator
2474 1559 2701 1615 orationi
2750 1574 2861 1615 sua:
2906 1561 3212 1631 exemplum
3254 1562 3551 1621 litterarum
3599 1581 3733 1638 quas

2136 1650 2203 1705 ad
2256 1649 2513 1722 praesides
2560 1651 2962 1721 provinciarum
3027 1652 3094 1710 de
3145 1655 3300 1711 nobis
3359 1655 3483 1713 fecit
3533 1670 3565 1714 :‘
3602 1675 3735 1730 quas

2136 1745 2341 1801 litteras
2390 1743 2630 1817 quotidie
2672 1760 2952 1817 Speramus
3011 1747 3232 1814 venire,
3282 1758 3484 1807 stantes
3543 1766 3737 1809 secun-

512 1815 695 1872 Roma:
717 1815 922 1871 thtum
952 1815 1246 1887 pontiﬁcem
1271 1831 1363 1871 Vlll
1394 1815 1508 1871 idus
1533 1817 1773 1890 Augusti,
1809 1816 1960 1889 idque
1979 1827 2036 1872 ut
2064 1843 2075 1904 1

2141 1838 2266 1895 dum
2319 1815 2441 1894 fidei
2481 1815 2785 1895 firmitatem
2837 1839 2903 1895 ad
2958 1839 3222 1916 passionis
3275 1840 3641 1911 tolerantiam,
3685 1856 3741 1902 et

509 1914 717 1985 collegis
752 1912 946 1969 cwteris
992 1911 1239 1984 significet
1285 1911 1447 1982 petit,
1493 1929 1594 1984 quo
1638 1930 1787 1968 suum
1825 1914 2035 1985 quisque

503 2024 700 2080 gregem
725 2006 795 2061 ad
814 2005 1115 2077 martyrium
1139 2003 1346 2060 enimet.
1378 2000 1511 2058 Cum
1539 2013 1707 2059 autem
1740 2006 1896 2076 paulo
1926 2013 2039 2076 post

504 2116 676 2155 mense
714 2098 983 2171 septeutbri
1020 2114 1201 2169 passus
1229 2097 1293 2151 sit
1324 2094 1616 2168 Cyprianus
1640 2138 1656 2164 ,
1694 2115 1798 2153 non
1828 2098 2037 2157 dubium

504 2195 624 2267 quin
649 2191 740 2249 sub
764 2193 920 2264 ﬁnem
945 2191 1059 2246 vita:
1086 2193 1275 2263 scripta
1297 2190 1361 2247 sit
1388 2191 1497 2261 lucc
1516 2191 1751 2264 epistola.

506 2307 544 2362 Ι.
567 2305 866 2379 Cyprianus
879 2305 1141 2361 Successo
1163 2303 1313 2359 fratri
1330 2303 1580 2362 salutem.
1601 2304 1671 2362 Ut
1687 2321 1795 2363 non
1817 2307 1970 2365 vobis
1987 2308 2040 2365 in

440 2399 735 2457 continenti
754 2400 1068 2468 scriberent,
1100 2398 1264 2454 frater
1288 2397 1628 2467 charissime,
1660 2400 1747 2458 illa
1777 2417 1864 2458 res
1890 2403 2037 2472 fecit,

441 2492 580 2563 quod
609 2491 846 2547 universi
873 2489 1055 2546 clerici
1086 2490 1188 2548 sub
1216 2491 1323 2547 ictu
1348 2490 1537 2562 agonis
1558 2493 1861 2563 constituti,
1890 2509 2042 2551 reeec

439 2585 567 2642 dere
612 2586 770 2641 istinc
804 2584 1025 2640 omnino
1056 2599 1163 2640 non
1208 2593 1472 2655 poterant,
1518 2586 1692 2657 parati
1725 2603 1913 2645 omnes
1943 2604 2041 2659 pro

441 2679 602 2735 animi
628 2680 709 2735 sui
739 2678 1024 2734 devotione
1055 2679 1121 2734 ad
1150 2677 1382 2733 divinam
1409 2689 1462 2734 et
1486 2680 1762 2736 cmlestem
1791 2683 2037 2753 gloriam.

441 2773 635 2830 Sciatis
659 2781 836 2829 autem
867 2786 962 2828 eos
985 2772 1195 2827 venisse
1217 2786 1352 2843 quos
1373 2771 1441 2827 ad
1474 2772 1673 2828 Urbem
1700 2783 1921 2845 propter
1943 2776 2045 2830 hoc

442 2867 736 2934 miSeram,
770 2876 827 2922 ut
851 2865 1354 2937 quomodocumque
1401 2864 1471 2921 de
1519 2865 1673 2921 nobis
1723 2869 2045 2942 rescriptum

444 2960 668 3030 fuisset,
687 2959 1013 3032 exploratam
1042 2958 1146 3016 sibi
1175 2959 1458 3016 veritatem
1488 2957 1556 3015 ad
1587 2974 1686 3017 nos
1717 2959 2034 3031 perferrent.

2143 1940 2487 2003 expectantes
2511 1931 2579 1987 de
2597 1946 2700 2003 ope
2721 1941 2774 1987 et
2800 1931 3126 2003 indulgentia
3156 1932 3361 1989 Domini
3385 1935 3505 1992 vita:
3524 1946 3741 1994 (eterna:

2142 2015 2416 2080 coronam.
2451 2022 2663 2080 Xistum
2693 2032 2872 2080 autem
2916 2024 2970 2079 in
2999 2025 3263 2083 cimiterio
3308 2026 3740 2087 animadversum

2147 2118 2331 2177 sciatis
2357 2126 2547 2175 octavo
2584 2117 2766 2175 iduum
2788 2126 3133 2189 angustarum
3162 2118 3268 2182 die,
3297 2128 3352 2175 et
3378 2134 3497 2175 cum
3528 2136 3592 2176 eo
3621 2120 3740 2177 dia-

2146 2231 2311 2275 cenes
2365 2222 2593 2287 quatuor
2635 2222 2680 2267 ο.
2731 2210 2837 2269 Sed
2865 2222 2917 2269 et
2950 2212 3075 2270 huic
3116 2214 3473 2286 persecutioni
3503 2215 3743 2286 quotidie

2150 2304 2654 2378 insistuntpracfecti
2671 2304 2911 2375 inlirbe;
2933 2315 3008 2375 ut,
3037 2307 3083 2362 si
3105 2309 3194 2379 qui
3214 2307 3315 2364 sibi
3342 2306 3504 2374 oblati
3527 2309 3743 2377 fuerint,

2147 2401 2663 2466 animadvertantur,
2689 2405 2742 2454 ct
2762 2398 2901 2454 bona
2921 2413 3109 2456 eorum
3139 2398 3207 2432 ¹⁶⁶
3230 2398 3359 2456 fisco
3386 2398 3742 2459 vindicentur.

2219 2490 2286 2547 Il.
2322 2491 2447 2547 Haec
2476 2500 2600 2561 peto
2625 2500 2721 2561 per
2749 2503 2843 2545 vos
2865 2498 2919 2546 et
2951 2490 3160 2549 caeteris
3186 2491 3403 2564 collegis
3427 2496 3629 2548 nostris
3659 2494 3746 2549 in-

2152 2592 2454 2650 notescant,
2485 2590 2543 2640 ut
2567 2584 2769 2655 ubique
2793 2582 3009 2639 hertatu
3034 2599 3220 2639 eorum
3254 2585 3421 2657 possit
3444 2580 3750 2643 fraternitas

2151 2664 2491 2738 corroborari
2536 2688 2589 2734 et
2632 2677 2699 2733 ad
2749 2692 2975 2749 agonem
3019 2678 3313 2749 Spiritalem
3343 2679 3663 2750 praeparari,
3693 2688 3753 2736 ut

2153 2774 2345 2846 singuli
2391 2790 2458 2829 ex
2489 2772 2685 2827 nostris
2714 2787 2819 2828 non
2849 2771 3019 2842 magis
3055 2780 3283 2826 mortem
3324 2773 3560 2842 cogitent
3591 2787 3754 2842 quant
3806 2790 3815 2801 ·

2161 2848 2646 2933 immortalitatem,
2668 2873 2742 2929 et,
2777 2864 2930 2934 plena
2955 2863 3059 2920 ﬁde
3083 2880 3147 2919 ac
3175 2873 3284 2919 tota
3312 2864 3506 2918 virtute
3530 2863 3755 2920 Domino

2154 2958 2340 3025 dicati,
2369 2957 2636 3030 gaudeant
2677 2954 2848 3028 magis
2873 2968 3035 3027 quam
3077 2955 3298 3011 timeant
3331 2954 3381 3010 in
3409 2954 3512 3012 hac
3546 2954 3755 3013 confes-

1689 3062 2078 3134 LECTIONES
2117 3072 2533 3134 VARIANTES.

513 3196 537 3225 ο
562 3193 624 3255 Et
659 3189 833 3245 delevit
866 3190 996 3263 .Lips.
1044 3187 1238 3252 editor,
1291 3187 1525 3261 suadente
1573 3186 1813 3241 Neandro
1850 3188 1950 3302 ΚΕ.
1989 3191 2047 3261 ,1,
2077 3189 2122 3254 C

524 3257 630 3316 H1,
657 3269 704 3305 n.
726 3256 775 3316 3,
798 3267 877 3305 cut
898 3249 1111 3306 adsensit
1133 3253 1184 3304 Μ
1189 3257 1410 3303 uenterus
1432 3246 1671 3315 primorei.
1719 3249 1853 3303 Eccl.
1933 3249 2049 3316 frte.

444 3270 495 3321 p.
522 3246 630 3371 ἒ
726 3256 775 3369 ἱ),
798 3251 878 3305 cui
898 3246 1111 3306 adsensit
1133 3253 1184 3304 Μ
1189 3246 1410 3303 uenterus
1432 3246 1671 3315 primorei.
1719 3249 1853 3303 Eccl.

444 3334 493 3371 υ.
617 3356 631 3371 .
693 3355 706 3368 .
767 3356 780 3367 .
1814 3334 1822 3343 ·

442 3334 493 3383 p.
522 3334 631 3383 m,
655 3334 706 3370 rt.
731 3334 780 3369 ι.
1814 3334 1822 3343 ·

449 3526 768 3591 prmparent.
791 3514 1260 3591 itaquecastrensi
1286 3513 1549 3570 vocabulo
1570 3526 1699 3569 usus
1724 3523 1806 3571 est
1827 3522 2048 3572 sanctus

447 3587 783 3664 Cyp_i-ianns_._
798 3587 937 3644 Vide
963 3587 1300 3664 Vegetiutn.__
1379 3637 1385 3644 .
1700 3662 1707 3664 _
1947 3644 1971 3664 ,μ

533 3654 701 3716 Victor
717 3660 1000 3715 Diaconus.
1025 3654 1151 3713 llaec
1180 3654 1359 3712 addita
1387 3665 1512 3712 sunt
1534 3666 1598 3712 ex
1624 3662 1836 3712 vetusto
1862 3657 2049 3715 codice

450 3733 782 3788 Rt‘tttitziatto.

522 3749 1028 3863 ίιέὲιὶἓιῗξὲῒψκχχιι.
1057 3799 1310 3871 -—Hujus
1338 3799 1639 3871 Epistulae,
1681 3798 1835 3870 cujus
1878 3801 2050 3871 prima

522 3815 1028 3863 "'lSt>tsv.Lxxxn.
1057 3815 1310 3870 -—nu1us
1352 3815 1639 3924 tspltswtzc,
1681 3815 1835 3870 cuius
1878 3815 2050 3871 prtttta

448 3875 611 3931 editio
639 3875 864 3930 debetur
894 3872 1149 3939 Manutio,
1190 3870 1349 3924 habui
1440 3885 1589 3925 eccm
1634 3877 1816 3926 vetera
1861 3888 2051 3927 exent-

448 3947 633 4021 plaria.
653 3945 924 4021 Eamelius
945 3944 1138 4021 habuit
1160 3942 1287 4021 duo.
1314 3941 1470 4021 Angli
1499 3940 1700 4021 nullum
1730 3942 2047 4021 habuerunt.

520 4018 638 4072 l.———
659 4014 923 4083 Successo,
945 4014 1213 4085 Episcopo
1238 4013 1307 4067 alt
1332 4011 1500 4085 Abbir
1513 4012 1942 4085 chntaniciana,
1963 4015 2052 4082 qui

450 4089 687 4145 interfuit
709 4088 941 4143 concilio
963 4082 1377 4154 Carthagincnsi
1405 4084 1506 4155 sub
1530 4082 1821 4155 Cypriane.
1856 4084 2054 4155 Marty-

448 4161 529 4215 rio
544 4162 705 4215 vitam
726 4158 930 4213 (iniisse
950 4156 1289 4212 docentActa
1304 4153 1555 4226 passionis
1580 4153 1885 4226 sanctorum
1901 4153 2051 4211 Mutt-

452 4231 583 4297 lani,
627 4231 777 4287 Lucii
817 4235 875 4284 et
907 4229 1133 4284 aliorum
1169 4223 1313 4283 edita
1351 4242 1381 4280 a
1412 4225 1575 4281 sociis
1603 4223 1967 4283 Bollandianis
2000 4234 2056 4281 et

452 4300 792 4359 Theoderico
818 4299 1096 4356 Ruinartn.

535 4371 639 4427 Illa
667 4387 744 4425 res
776 4371 910 4442 fecit.
936 4371 1025 4427 Sic
1053 4366 1337 4442 legendum
1366 4362 1507 4442 apud
1530 4366 1834 4442 Ruriciunt_.
1872 4368 1961 4442 lib.
1995 4383 2053 4434 tt,

457 4440 633 4513 Epist.
677 4438 945 4513 “(Apud
977 4438 1268 4513 Caesarium
1302 4441 1671 4513 Arelatensem
1708 4442 1762 4513 in
1786 4438 2058 4513 Exhorta-

456 4510 601 4571 tione
626 4512 692 4569 ad
710 4514 1022 4570 cltaritatem
1054 4530 1069 4567 :
1100 4511 1208 4567 ιιια
1233 4511 1311 4568 vel
1332 4510 1552 4565 maxime
1580 4527 1660 4565 res
1690 4511 1831 4580 facit.

530 4587 638 4642 Sub
675 4587 778 4645 ictu
817 4586 1015 4657 agonia.
1061 4586 1191 4640 Acta
1242 4592 1548 4657 sanctorum
1591 4592 1894 4657 martyrum
1937 4596 2056 4652 qua:

2218 3185 2249 3226 b
2272 3187 2335 3238 Et
2350 3186 2519 3249 scripti
2549 3187 2668 3249 Ver.

2223 3254 2245 3282 ε
2274 3247 2464 3311 Quarto
2474 3247 2592 3300 Ver.
2614 3247 2738 3327 Cum
2758 3247 2936 3298 eodem
2953 3253 3180 3313 quartum
3205 3251 3363 3307 Oxon.

1686 3395 1938 3453 STEPH.
1977 3394 2253 3454 BALUZII
2290 3392 2519 3452 NOTAE.

2153 3527 2345 3587 versus
2362 3511 2709 3581 Pelagianos;
2736 3507 2986 3587 Euagrius
3014 3510 3259 3568 Ponticus
3285 3517 3531 3587 confudit
3552 3517 3601 3572 Χ
3604 3520 3755 3575 istum

2154 3585 2538 3711 gytitagoreum
2578 3598 2694 3636 cum
2739 3581 2886 3636 Sixto
2915 3593 3137 3654 martyre
3164 3594 3209 3638 et
3242 3581 3755 3657 episcopo-Romanae

2207 3673 2261 3711 cc
2285 3671 2419 3710 estw.

2207 3671 2419 3711 cctestw.

2228 3726 2283 3781 Μ
2292 3727 2557 3781 uiolentur.
2572 3723 2707 3779 Tres
2727 3722 2849 3778 libri
2873 3732 3084 3780 veteres
3111 3724 3308 3781 habent
3334 3728 3629 3798 puniantur,
3646 3731 3755 3789 duo

2240 3808 2457 3857 alantur.
2588 3814 2595 3822 ”

2155 3799 2672 3941 Ριεῧὲἷὲΐξίζιιωκ.
2728 3862 2974 3941 Quinque
3021 3866 3143 3941 libri
3193 3877 3400 3926 veteres
3462 3874 3756 3941 prazfernnt

2157 3941 2351 4015 quinto.
2382 3936 2492 4015 Sed
2507 3936 2571 4015 in
2602 3936 3008 4015 “martyrologiis
3044 3939 3302 4010 scripturn
3340 3950 3424 3999 est
3461 3936 3658 4015 octavo,
3700 3949 3753 4004 in

2158 4006 2338 4071 Gestis
2353 4006 2742 4079 pontiﬁcalibus
2760 4006 2930 4079 sexto.
3001 4024 3007 4031 ’

2230 4078 2484 4154 Diacones
2509 4088 2746 4154 quatuor.
2777 4078 2903 4154 Scio
2925 4079 3045 4154 istic
3067 4080 3169 4152 legi
3194 4083 3581 4154 inguihusdam
3604 4098 3754 4146 vete-

2159 4154 2308 4210 ribus
2337 4153 2484 4208 libris
2511 4158 2566 4207 et
2594 4150 2648 4205 in
2687 4151 3074 4220 posterioribus
3102 4150 3428 4212 editionibns
3451 4168 3496 4212 et
3523 4177 3637 4214 cum
3661 4177 3752 4217 eo-

2159 4226 2271 4280 dem
2300 4226 2571 4290 Quartum.
2610 4223 2676 4277 At
2713 4236 2814 4292 ego
2853 4220 3082 4292 praefero
3122 4225 3404 4283 lectionem
3446 4227 3664 4285 Manutii
3700 4242 3756 4287 et

2160 4295 2409 4360 Morellii,
2434 4304 2487 4349 et
2510 4302 2639 4364 puto
2660 4302 2901 4350 veterum
2935 4294 3190 4350 librorum
3214 4297 3498 4353 lectionem
3529 4302 3615 4366 qui
3653 4301 3749 4354 Ita-

2162 4368 2293 4424 bent
2311 4366 2575 4441 Quartum
2592 4373 2765 4419 ortam
2785 4380 2908 4420 esse
2933 4380 2997 4418 ex
3029 4381 3189 4433 prava
3215 4367 3444 4441 lectione
3467 4367 3625 4441 hujus
3650 4372 3752 4427 loci

2163 4437 2488 4510 Cyprianici.
2526 4434 2906 4510 Errorantem
2934 4444 3084 4510 ortus
3113 4446 3215 4510 est.
3248 4446 3305 4492 ut
3336 4434 3553 4507 Opinor,
3592 4457 3657 4497 ex
3688 4457 3755 4497 eo

2163 4506 2385 4581 quodin
2415 4507 2645 4577 quodam
2682 4506 2820 4581 libro
2856 4507 3023 4562 veteri
3065 4507 3319 4581 scriptum
3362 4506 3475 4564 erat
3518 4512 3570 4566 in
3606 4527 3757 4568 com.

2164 4578 2363 4655 pendio
2387 4590 2447 4655 et
2483 4595 2598 4634 cum
2633 4593 2694 4655 eo_
2731 4578 2783 4633 ά.
2815 4593 2887 4633 tv.
2923 4578 3374 4655 quentatltitodum
3414 4597 3514 4651 ego
3541 4599 3757 4655 quoque

458 4671 580 4728 mox
610 4645 889 4713 citavinttfs
915 4676 928 4712 :
959 4654 1181 4728 Negavit
1203 4654 1393 4728 essein
1412 4652 1663 4728 passionis
1684 4645 1786 4708 iciu
1806 4645 2055 4728 dolorem.
2082 4645 2135 4706 Β
2161 4645 2556 4728 vidiscripttnn
2581 4666 2653 4705 tv.
2682 4650 2735 4704 in
2767 4664 2873 4703 uno
2902 4645 3063 4703 veteri
3092 4648 3249 4728 libro.
3284 4651 3360 4728 Et
3391 4645 3498 4722 qu'o
3525 4645 3754 4728 sequen-

457 4725 592 4783 Vide
617 4744 733 4801 qntc
763 4728 899 4783 dicta
929 4723 1063 4785 suuf
1077 4741 1239 4801 supra
1266 4723 1334 4781 ad
1355 4723 1652 4797 Epistulam
1686 4741 1838 4793 xxvi,
1866 4726 1921 4779 in
1943 4726 2055 4795 ipso

458 4801 660 4854 interitu
688 4814 807 4854 [περ.
835 4796 963 4854 412.

458 4801 660 4854 interitu
688 4814 807 4854 [περ.
835 4801 963 4854 412.

533 4815 1036 4941 ῗθῖιέίιοε
1071 4869 1641 4941 tnitti_consueverant
1676 4864 1931 4941 Epistolas
1970 4880 2061 4923 ec-

462 4942 800 5008 cit-.siasticte,
825 4952 882 4995 ut
907 4939 995 4995 alii
1023 4939 1519 4997 animadverterunt
1542 4948 1595 4994 et
1622 4940 1754 4995 satis
1776 4947 1957 4992 notum
1980 4946 2064 4994 est

465 5013 547 5067 vel
564 5029 623 5067 cx
640 5014 798 5068 unico
810 5012 1099 5084 Cypriane.
1114 5010 1477 5081 Hieronymus
1494 5011 1545 5065 in
1560 5008 2059 5081 EpitapltioPattltc:

466 5084 609 5138 Misit
637 5084 723 5138 tibi
753 5101 841 5153 per
861 5083 1104 5154 clericum
1125 5099 1274 5154 suum
1296 5083 1584 5154 epistolam.

540 5155 720 5209 Parati
754 5150 957 5209 omnes.
1000 5153 1181 5209 Editio
1222 5150 1532 5209 Moreiliana
1575 5161 1628 5208 et
1671 5151 1903 5222 quinque
1944 5150 2064 5205 libri

464 5237 699 5292 veteres,
737 5227 907 5299 parati
935 5240 1109 5282 omnes
1146 5242 1240 5298 pro
1271 5226 1581 5280 auimatione
1615 5221 1789 5279 divina
1811 5232 1860 5279 et
1882 5221 2070 5278 ewtesti

465 5314 674 5354 corona.

549 5368 900 5425 Valerianum.
916 5366 1052 5425 Vide
1066 5376 1223 5424 notas
1245 5378 1459 5425 nostras
1485 5365 1555 5423 ad
1576 5374 1738 5437 caput
1758 5382 1791 5421 v
1811 5363 2076 5421 Lactantii

467 5440 529 5495 de
551 5438 1238 5518 t}_!_ot-tibus_Pers_ecutorttnt.
1339 5511 1351 5518 ι
1421 5510 1483 5518 ___
1727 5509 1739 5518 _
1781 5508 1814 5518 η
1923 5507 1935 5518 ⁸
2012 5504 2027 5518 ,

542 5509 769 5565 Xistum.
805 5513 1027 5568 Pontius
1051 5512 1310 5568 diaconus
1339 5511 1394 5566 iit
1421 5510 1543 5565 Vita
1572 5509 1744 5579 sancti
1775 5507 2029 5579 Cypriani
2061 5521 2075 5559 :

469 5579 595 5637 Jam
633 5582 697 5635 de
734 5580 1045 5652 Xistobono
1083 5593 1131 5638 et
1173 5584 1390 5652 paciﬁco
1425 5576 1687 5641 sacerdote
1716 5597 1775 5635 ac
1812 5576 2082 5651 propterea

471 5653 761 5727 beatissimo
783 5650 1011 5727 artyre
1031 5654 1092 5727 ab
1119 5650 1254 5712 Urbe
1277 5650 1481 5711 numina
1506 5664 1729 5727 uenerat.
1751 5651 1880 5727 Vide
1900 5656 2083 5727 Anna-

475 5725 556 5779 lcs
575 5721 992 5794 Cyprianicos'et
1018 5722 1454 5790 dissertationem
1472 5739 1526 5794 xi
1545 5724 1920 5794 Cyprianicam
1945 5721 2084 5794 Dod-

478 5791 1047 5874 wciliTliieronymtts
1080 5798 1133 5856 in
1172 5795 1414 5873 Epistula
1448 5793 1518 5855 ad
1553 5791 1959 5868 Ctesiphontem
1987 5791 2084 5852 ad-

2160 4733 2240 4781 tes
2286 4720 2485 4778 librarii
2530 4720 2773 4776 fecerunt
2825 4728 2872 4773 et
2915 4735 3029 4773 cum
3089 4720 3263 4775 eodem
3309 4720 3576 4787 Quartum.
3603 4720 3754 4783 'Nam

2160 4804 2284 4851 sunt
2306 4793 2467 4864 aliqui
2495 4791 2615 4848 libri
2646 4800 2856 4864 veteres
2878 4789 3196 4864 qui‘habeut
3223 4802 3425 4864 tantum
3451 4804 3497 4849 et
3521 4812 3638 4851 cum
3663 4815 3753 4852 eo-

2162 4867 2278 4922 dem
2305 4860 2542 4938 quatuor.
2570 4861 2930 4938 omissavoce
2958 4860 3213 4938 diacones.
3242 4863 3462 4938 Certum
3487 4877 3573 4923 est
3596 4884 3755 4938 porro

2164 4932 2362 4994 nullam
2397 4934 2582 5010 Quarti
2626 4933 2959 5010 mentionem
2991 4932 3122 5010 alibi
3155 4936 3571 5010 repeririqttam
3596 4932 3757 5010 'apud

2166 5007 2575 5079 ntartyrologtrs,
2591 5004 2692 5079 qui
2723 5004 2890 5079 citant
2918 5003 3759 5079 EpistulamCytwiani.gt3erittm

2168 5074 2379 5151 quoque
2403 5086 2486 5151 est
2508 5074 2899 5151 Felicissiutunt
2920 5085 2971 5151 et
2998 5074 3554 5151 Agapitum'diaconos
3571 5081 3760 5137 decol-

2169 5144 2311 5206 latos
2346 5147 2511 5204 fuisse
2548 5161 2667 5218 eum
2708 5144 2881 5201 Xisto.
2914 5145 3091 5214 Quare
3116 5144 3260 5218 puto
3288 5149 3470 5203 taleam
3492 5165 3613 5206 esse
3641 5154 3760 5206 ani-

2174 5219 2600 5278 madversionem
2631 5215 2853 5274 Pamelii
2881 5215 3148 5272 censentis
3178 5220 3324 5274 nullo
3360 5221 3520 5275 modo
3545 5223 3760 5280 defendi

2177 5305 2335 5364 posse
2370 5290 2654 5345 lectionem
2686 5288 2902 5364 Manutii
2930 5298 2983 5343 et
3009 5287 3435 5364 Morellii._8ane
3464 5292 3582 5348 istic
3610 5310 3761 5349 com-

2180 5359 2549 5420 memorantur
2576 5369 2805 5429 quatuor
2833 5359 3041 5413 diaconi
3064 5374 3184 5412 cum
3213 5360 3367 5416 Xisto
3394 5363 3555 5429 passi.
3586 5364 3653 5419 Et
3686 5374 3766 5420 ta-

2183 5450 2305 5507 men
2324 5434 2429 5507 duo
2446 5439 2646 5486 tantum
2661 5445 2783 5507 curn
2798 5444 2866 5507 co_
2876 5429 3120 5507 decollati
3134 5430 3381 5507 dicuntur
3394 5433 3451 5488 in
3468 5436 3616 5507 Actis
3628 5437 3765 5507 ejus.

2186 5507 2244 5562 In
2261 5504 2439 5561 Gcstis
2460 5517 2589 5557 vero
2604 5500 3013 5572 pontificalibus,
3031 5516 3151 5570 qua:
3161 5503 3391 5559 citantur
3408 5506 3592 5572 etiam,
3608 5500 3771 5562 in'nn-

2185 5576 2347 5643 tiquis
2373 5572 2786 5649 tuartyrologiis,
2810 5571 3067 5649 scriptum
3094 5582 3178 5649 est
3195 5588 3288 5630 sex
3314 5590 3436 5631 cum
3467 5577 3559 5631 illo
3580 5571 3772 5649 passos

2188 5662 2329 5704 esse.
2370 5643 2479 5701 Sed
2511 5643 2612 5700 ista
2641 5643 2989 5714 repugnantia
3020 5643 3220 5700 nullius
3251 5656 3335 5702 est
3362 5643 3641 5704 momenii.
3672 5650 3776 5705 Fc-

2186 5718 2477 5796 licissimus
2497 5724 2553 5771 et
2588 5714 2848 5796 Agapitus
2880 5723 3108 5770 mortem
3140 5715 3395 5796 obierunt
3434 5734 3556 5777 cum
3598 5719 3777 5796 XiSto,

2189 5790 2382 5866 reliqui
2410 5788 2589 5865 aliquo
2612 5801 2678 5847 ex
2701 5786 2887 5846 diebus
2912 5786 3278 5861 sequentibus.
