4302 6296
553 394 648 448 451
715 429 717 431 ι

1964 384 2097 444 DIVI
2137 379 2458 444 CYI’RIANI

3761 381 3872 442 452

551 509 736 574 sione;
771 509 824 563 in
871 520 972 577 qua
1003 505 1173 560 sciunt
1209 503 1301 559 Dei
1348 501 1626 559 ethristi
1674 503 1868 559 milites
1914 519 2018 558 non
2053 519 2142 573 pe-
2183 504 2231 564 Α
2262 511 2404 573 ptem
2455 510 2508 556 ct
2559 499 2805 556 debeam.
2855 497 3216 570 Expectamus
3248 497 3502 570 ergobic,
3547 499 3600 555 in
3647 513 3867 556 secessu

551 602 693 668 rimi,
721 599 814 656 sed
837 599 1104 654 coronari.
1132 597 1274 669 Opto
1299 605 1349 653 te
1372 638 1390 667 ,
1424 598 1591 654 frater
1619 597 1936 654 charissima
1961 639 1974 666 ,
2003 613 2143 654 sem-

553 709 647 764 per
667 693 722 746 in
750 690 982 746 Domino
1011 690 1147 746 bene
1173 690 1370 746 valere.

1012 800 1344 858 EPISTOLA
1396 801 1679 857 LXXXIII.

555 893 732 958 (Pam,
755 891 957 956 Rigalt.,
977 892 1166 954 Baluz.,
1190 907 1391 1005 angui.
1418 893 1598 1022 l)’aris.,
1616 906 1782 946 Lxm.
1797 892 1977 955 Oxon,
1997 895 2152 956 Lips.,

1254 972 1281 1006 ι.
1319 971 1421 1006 χλι.

1254 971 1421 1006 LXXXI.

551 1082 618 1121 AD
657 1079 868 1120 CLERUI
911 1078 982 1119 ET
1017 1078 1246 1130 PLEBEI,
1295 1079 1363 1120 DE
1392 1079 1488 1122 SUO
1527 1079 1770 1132 SECESSU,
1796 1078 1969 1122 PAULO
2017 1079 2156 1119 ANTE

1203 1172 1487 1213 PASSIONEI
1496 1197 1509 1212 .

553 1274 950 1330 Anconenruu.
973 1304 1044 1316 —-
1073 1275 1196 1330 Cum
1223 1276 1358 1346 jam,
1408 1273 1499 1328 sub
1530 1273 1682 1342 ﬁnem
1719 1274 1851 1336 vitw,
1889 1275 1956 1327 ad
1987 1273 2160 1329 hortos

621 1381 739 1419 suos
772 1381 969 1422 reverso
1001 1367 1257 1438 Cypriano
1289 1366 1608 1420 nuntiaretur
1639 1367 1815 1421 missos
1841 1381 1948 1420 esse
1977 1367 2063 1432 qui
2107 1381 2160 1420 se

632 1457 833 1513 Uticam
861 1460 928 1512 ad
950 1459 1263 1529 supplicium
1289 1458 1656 1528 pertraherent,
1683 1459 1907 1512 secessit.
1939 1457 2023 1512 Ne
2042 1473 2158 1511 vero

622 1561 758 1604 metu
788 1552 968 1605 mortis
996 1551 1051 1604 id
1090 1552 1266 1622 fecisse
1292 1551 1582 1605 crederetur
1604 1591 1618 1616 ,
1659 1550 1754 1603 hac
1783 1548 2000 1613 epistola
2033 1565 2159 1602 cau-

627 1659 737 1697 sam
768 1642 968 1708 reddit,
1016 1652 1070 1696 ut
1094 1659 1272 1714 nempe
1292 1659 1393 1697 non
1417 1642 1538 1697 alibi
1567 1658 1718 1712 quam
1745 1640 2078 1714 Carthagine,
2106 1643 2161 1697 in

623 1744 891 1805 conspectu
909 1751 1139 1801 suorum,
1172 1736 1474 1806 martyrium
1499 1734 1704 1789 subiret.

625 1848 667 1902 I.
726 1845 1023 1918 Cyprianus
1069 1847 1393 1918 presbyteris
1438 1856 1493 1902 et
1539 1845 1855 1903 diaconibus
1908 1855 1962 1900 et
2013 1844 2152 1916 plebi

553 1941 819 1996 universae
847 1940 1094 1996 salutem.
1123 1937 1256 1997 Cum
1288 1940 1550 2011 perlatum
1579 1939 1644 1995 ad
1673 1955 1770 1996 nos
1793 1941 1976 1996 fuisset
1995 1940 2148 2008 ,.fra-

554 2041 666 2089 tres
702 2032 1004 2088 charissimi
1033 2075 1048 2098 ,
1089 2031 1509 2088 commentarios
1554 2047 1674 2087 esse
1703 2032 1900 2086 missos
1931 2032 2020 2101 qui
2065 2047 2153 2088 me

555 2125 762 2181 Uticam
789 2124 1182 2196 perducerent,
1212 2132 1268 2180 et
1293 2125 1520 2180 consilio
1544 2123 1986 2180 cbarissimorum
2021 2139 2152 2193 per-

553 2233 771 2273 suasum
800 2226 946 2273 esset
977 2225 1036 2271 ut
1065 2216 1131 2272 de
1163 2217 1330 2272 hortis
1358 2217 1557 2272 nostris
1599 2217 1815 2272 interim
1857 2215 2149 2272 secedere-

556 2325 695 2376 mus,
711 2309 854 2379 justa
873 2309 1263 2365 interveniente
1287 2323 1470 2376 causa,
1494 2309 1764 2373 consensi,
1785 2323 1849 2363 eo
1872 2307 2014 2378 quod
2028 2321 2159 2362 con-

557 2413 714 2474 gruat
740 2404 1050 2475 episcopum
1074 2403 1126 2458 in
1155 2418 1217 2458 ea
1243 2403 1458 2459 civitate
1485 2403 1536 2458 in
1564 2417 1668 2473 qua
1691 2401 1947 2457 Ecclesiae
1972 2402 2155 2456 Domi-

557 2499 692 2554 niese
761 2504 976 2568 praeest,
1031 2497 1140 2552 illic
1183 2496 1470 2552 Dominum
1524 2496 1770 2551 confiteri
1827 2503 1886 2551 et
1947 2495 2160 2565 plebem

558 2593 860 2645 universam
891 2590 1162 2660 praepositi
1193 2589 1474 2660 prmsentis
1493 2589 1832 2646 confessione
1852 2589 2157 2643 clarificari.

558 2683 946 2754 Quodcumque
995 2684 1140 2738 enim
1193 2684 1292 2738 sub
1344 2683 1438 2737 illo
1480 2681 1835 2738 confessionis
1881 2689 2158 2736 momento

558 2772 834 2828 confessor
860 2773 1141 2843 episcopus
1163 2773 1417 2843 loquitur,
1449 2773 1724 2843 aspirante
1755 2771 1886 2836 Deo,
1915 2785 2010 2826 ore
2037 2785 2158 2826 om-

558 2865 705 2920 nium
735 2865 986 2936 loquitur.
1029 2865 1296 2921 Czeterum
1340 2864 1672 2920 mutilabitur
1716 2862 1892 2918 honor
1917 2863 2163 2918 ecclesia:

561 2967 757 3012 nostra:
774 2967 878 3012 tam
900 2956 1168 3029 gloriosae,
1190 2957 1234 3012 si
1253 2972 1354 3029 ego
1377 2957 1658 3028 episcopus
1672 2955 1893 3012 alterius
1918 2955 2164 3011 ecclesiae

559 3053 881 3121 prcepositus
901 3091 916 3117 ,
956 3060 1174 3122 accepta
1203 3050 1342 3122 apud
1371 3049 1581 3107 Uticam
1632 3065 1796 3120 super
1824 3048 2165 3106 confessione

561 3145 828 3198 sententia
853 3185 868 3209 ,
923 3143 1116 3200 exinde
1160 3154 1368 3216 martyr
1407 3143 1472 3199 ad
1502 3143 1788 3202 Dominum
1827 3142 2158 3214 proficiscar,

563 3234 998 3304 quandoquidem
1019 3227 1127 3306 ego
1154 3245 1207 3291 et
1236 3250 1333 3306 pro
1359 3251 1446 3292 me
1486 3244 1535 3292 et
1569 3250 1668 3306 pro
1707 3235 1857 3290 vobis
1885 3235 2025 3306 apud
2068 3249 2165 3290 vos

563 3327 806 3382 confiteri
833 3337 888 3382 et
914 3327 984 3383 ibi
1010 3329 1136 3397 pati,
1166 3339 1220 3382 et
1244 3328 1438 3384 exinde
1466 3327 1532 3382 ad
1559 3327 1840 3382 Dominum
1862 3327 2158 3398 proficisci,

565 3417 896 3475 orationibus
921 3417 1192 3474 continuis
1217 3417 1476 3489 deprecer
1511 3427 1564 3475 et
1593 3418 1731 3474 votis
1749 3418 2001 3474 omnibus
2034 3433 2168 3475 exo-

2262 594 2445 650 abdito
2474 592 2768 659 constituti,
2802 591 3090 647 adventum
3117 591 3457 662 proconsulis
3484 589 3864 661 Carthaginem

2261 688 2573 754 redeuntis,
2615 685 2844 742 audituri
2888 685 2957 742 ab
3015 702 3080 742 co
3123 687 3251 756 quid
3301 688 3650 742 imoeratores
3703 699 3865 756 super

2259 779 2682 835 Christianorum
2709 778 2968 834 laicorum
2995 787 3050 834 et
3072 779 3447 850 episcoporum
3470 777 3686 834 nomine
3708 792 3862 831 man-

2259 871 2526 937 daverint,
2556 877 2611 926 et
2641 869 2837 926 dicturi
2864 869 3008 942 quod
3030 869 3098 926 ad
3131 869 3318 930 horam
3350 870 3610 926 Dominus
3638 869 3739 924 dici
3767 883 3860 924 γο-

2261 963 2442 1020 luerit.

2334 1056 2400 1110 Il.
2443 1054 2552 1110 Vos
2579 1065 2756 1112 autem
2783 1098 2798 1124 ,
2846 1057 3038 1112 fratres
3065 1056 3400 1126 charissimi,
3455 1072 3552 1128 pro
3577 1055 3860 1128 disciplina

2261 1163 2420 1218 quam
2447 1146 2516 1203 de
2537 1148 2803 1204 mandatis
2830 1149 3122 1204 Dominicis
3146 1166 3175 1204 a
3200 1165 3285 1205 me
3312 1165 3526 1221 semper
3551 1149 3864 1220 accepistis,

2263 1250 2317 1296 et
2341 1240 2635 1296 secundum
2663 1241 2806 1312 quod
2838 1257 2925 1296 me
2956 1250 3220 1298 tractante
3247 1242 3543 1313 saepissime
3569 1242 3857 1311 didicistis,

2262 1335 2500 1407 quietem
2539 1345 2592 1390 et
2619 1335 3062 1406 tranquillitatem
3089 1345 3269 1392 tenete
3288 1377 3305 1404 ,
3339 1351 3440 1392 nec
3466 1336 3744 1408 quisquam
3769 1349 3863 1390 ve-

2263 1439 2432 1485 strum
2458 1430 2690 1500 aliquem
2721 1430 3008 1485 tumultum
3055 1429 3310 1486 fratribus
3335 1439 3565 1498 moveat,
3598 1439 3689 1485 aut
3715 1429 3858 1485 ultro

2264 1537 2323 1578 se
2359 1523 2650 1594 gentilibus
2679 1523 2889 1578 offerat.
2937 1522 3326 1592 Apprehensus
3366 1523 3507 1577 cnim
3538 1531 3590 1577 et
3634 1521 3857 1578 traditus

2265 1615 2408 1684 loqui
2437 1615 2629 1681 debet;
2665 1613 2930 1683 siquidem
2962 1619 3014 1670 in
3040 1615 3194 1670 nobis
3221 1615 3478 1670 Dominus
3511 1616 3716 1686 positus
3762 1615 3854 1672 illa

2266 1703 2398 1760 hora
2449 1705 2716 1776 loquatur,
2761 1707 2850 1777 qui
2880 1721 2977 1761 nos
3003 1705 3250 1761 confiteri
3289 1705 3460 1777 magis
3493 1706 3658 1762 voluit
3700 1722 3862 1778 quam

2266 1800 2509 1871 profiteri
2537 1809 2584 1854 ³.
2612 1799 2751 1868 Quid
2777 1808 2954 1855 autem
2985 1799 3051 1855 de
3071 1810 3267 1855 caetero
3293 1792 3710 1856 nos'obscrvare
3729 1815 3863 1856 con-

2183 1899 2232 1959 B
2262 1892 2442 1948 veniat
2483 1901 2770 1962 antequam
2814 1893 2868 1946 in
2912 1906 2999 1947 me
3035 1907 3200 1962 super
3227 1892 3578 1947 confessione
3625 1892 3860 1949 nominis

2260 1983 2357 2040 Dei
2389 1983 2679 2054 proconsul
2725 1985 3045 2039 sententiam
3094 1981 3269 2050 ferat,
3300 1984 3598 2040 instruente
3629 1983 3858 2039 Domino

2259 2075 2312 2129 in
2367 2089 2654 2131 commune
2707 2075 3077 2146 disponemus.
3129 2074 3427 2131 Incolumes
3474 2092 3606 2142 vos,
3662 2077 3856 2133 fratres

2260 2167 2563 2223 cbarissimi
2591 2210 2604 2232 ,
2652 2167 2912 2224 Dominus
2944 2178 3129 2224 noster
3165 2169 3216 2224 in
3260 2168 3496 2224 Ecclesia
3523 2184 3620 2224 sua
3652 2185 3860 2240 perma-

2261 2277 2391 2316 nere
2421 2260 2580 2316 faciat
2609 2245 2664 2317 et
2702 2276 3026 2318 conservare
3052 2261 3319 2332 dignetur.
3349 2258 3425 2316 Ita
3456 2259 3549 2316 fiat
3579 2276 3674 2331 per
3700 2276 3854 2317 suam

2261 2353 2690 2411 misericordiam
2714 2353 2763 2409 δ.

2329 2468 2395 2500 “7
2440 2467 2568 2518 Tres
2611 2467 2834 2530 epistola:
2866 2482 2977 2531 quae
3013 2473 3288 2531 sequuntur
3322 2469 3452 2531 inter
3492 2466 3723 2530 episwlas
3776 2467 3863 2531 Cy-

2263 2532 2418 2594 priani
2439 2529 2759 2593 reperiuntur
2789 2531 2840 2581 in
2861 2529 3150 2594 quibusdam
3178 2529 3315 2580 libris
3335 2529 3548 2592 antiquis
3573 2532 3609 2578 ‘.

2446 2670 2702 2713 EPISTOLA
2751 2669 3009 2723 CORNELIL
3050 2672 3198 2712 PAPE
3249 2673 3319 2713 AD
3363 2671 3686 2713 CYPRIANUI.

2340 2767 2652 2824 Dilectionis
2674 2776 2778 2822 tua:
2804 2784 2911 2824 non
2942 2768 3284 2825 delectabilia
3309 2777 3362 2825 et
3391 2779 3588 2825 contra
3617 2769 3741 2826 fidei
3772 2784 3862 2826 re-

2266 2857 2448 2933 gulam
2471 2863 2668 2932 scripta
2695 2863 2928 2933 suscepi,
2959 2865 3010 2918 in
3039 2863 3234 2934 quibus
3275 2879 3500 2920 nauseas
3536 2865 3821 2936 recognovi
3845 2904 3864 2934 ,

2269 2965 2325 3012 et
2348 2971 2554 3012 venena
2579 2972 2891 3013 sermonum
2920 2957 3180 3014 adversus
3205 2958 3524 3015 catholicam
3555 2974 3650 3030 per
3687 2969 3855 3016 totum

2269 3049 2457 3103 orbem
2487 3047 2737 3104 diffusam
2767 3049 3058 3106 Ecclesiam
3087 3050 3433 3106 horribilibus
3459 3067 3487 3105 a
3518 3061 3568 3107 te
3593 3051 3866 3122 superseri

2272 3137 2492 3196 zizaniis
2544 3155 2654 3197 non
2705 3141 2935 3197 laudavi.
2985 3142 3116 3211 Quae
3156 3152 3280 3213 peto
3321 3143 3578 3198 velociter
3618 3143 3773 3198 tollas
3799 3157 3864 3200 ac

2274 3235 2634 3307 praedamnes.
2665 3235 2819 3302 Quod
2853 3236 2999 3306 prius
3039 3235 3256 3306 quidem
3289 3245 3342 3292 te
3381 3235 3558 3292 facere
3585 3237 3869 3307 oportebat

2272 3343 2431 3398 quam
2461 3328 2516 3383 in
2565 3327 2768 3384 mundo
2809 3327 3007 3383 lethale
3031 3327 3176 3384 virus
3221 3343 3500 3399 aspersum
3541 3328 3866 3398 simplicium

2270 3427 2323 3474 et
2347 3418 2712 3475 innocentium
2743 3418 3070 3476 interﬁceret
3094 3429 3320 3476 mentes.
3342 3418 3462 3476 Non
3489 3435 3617 3492 ergo
3640 3419 3865 3492 dignum

1819 3549 2111 3609 LECTION
2117 3552 2197 3610 ES
2257 3552 2666 3612 VARIANTES.

632 3653 658 3684 α
682 3650 901 3704 Temere
923 3648 1144 3714 proﬁteri
1176 3653 1278 3699 Vat.
1305 3649 1352 3698 1.

2337 3643 2366 3682 ι)
2391 3647 2514 3698 Haec
2537 3645 2710 3700 ultima
2732 3647 2878 3700 verba
2898 3646 3125 3714 reiiciunt
3148 3650 3306 3704 Oxon.
3344 3648 3474 3715 Lips.

1801 3753 2044 3811 STEPH.
2087 3751 2356 3812 BALUZII
2393 3754 2623 3813 NOTAE.

640 3852 821 3909 EPIST.
856 3867 1078 3906 Lxxxm.
1119 3879 1193 3891 -—
1233 3848 1272 3903 Ι.
1306 3846 1737 3903 Commentarios:
1762 3845 2048 3910 Manutius,
2071 3847 2160 3902 cui

569 3926 740 3994 prima
798 3923 1050 3991 Epistula:
1096 3920 1249 3994 istius
1301 3919 1466 3974 editio
1511 3917 1754 3994 debetur,
1795 3927 1850 3971 et
1889 3917 2164 3994 Morellius

573 3988 867 4066 posuerunt
927 3992 1320 4066 {runtentariou
1375 4005 1538 4066 quam
1607 3988 1890 4066 lectionem
1949 3988 2168 4066 praefert

572 4058 734 4121 etiam
765 4058 935 4117 codex'
963 4063 1248 4117 Remensis
1278 4058 1446 4116 sancti
1483 4059 1736 4125 Dionysii.
1770 4058 1970 4113 Omnes
1997 4060 2084 4114 alii
2113 4067 2170 4114 et

573 4139 680 4190 duo
718 4133 916 4188 laudati
960 4148 990 4186 a
1033 4131 1265 4186 Pamelio
1321 4130 1518 4185 habent
1560 4131 1967 4184 commentarios.
2008 4129 2167 4185 Istam

575 4206 858 4261 lectionem
889 4203 990 4258 sibi
1026 4205 1194 4272 magis
1240 4201 1449 4272 probari
1489 4199 1622 4255 dixit
1663 4201 1951 4268 Pamelius,
1993 4211 2044 4256 et
2091 4211 2167 4255 ta-

576 4293 698 4331 men
730 4275 898 4330 edidit
925 4271 1303 4344 fruiiientarios.
1339 4271 1720 4344 Commentarij
1750 4272 1863 4344 sive
1889 4287 2170 4344 commen-

577 4348 860 4411 tarienses,
902 4341 1129 4415 quorum
1163 4343 1332 4415 multa
1364 4343 1570 4415 mentio
1599 4342 1650 4397 in
1678 4341 1877 4398 Codice
1917 4342 2169 4415 ’I‘lteodo-

575 4419 748 4483 siano,
783 4417 870 4472 ubi
900 4413 1160 4471 vocantur
1181 4413 1511 4482 nequissimi,
1544 4414 1575 4467 ii
1608 4422 1780 4479 erant,
1816 4424 1871 4467 ut
1901 4413 1974 4468 ait
1999 4413 2172 4470 Julius

575 4488 841 4543 Firmicus
884 4489 936 4541 in
982 4487 1120 4541 libro
1156 4487 1219 4540 de
1258 4484 1582 4539 Institutione
1621 4483 1936 4550 Matbeseos,
1981 4485 2174 4554 quibus

575 4559 950 4614 damnatorum
985 4557 1054 4590 ⁵⁸³
1083 4573 1209 4612 cura
1241 4555 1702 4621 connnittehatur,
1756 4556 1837 4610 vel
1894 4570 2174 4610 carcerum

577 4631 848 4695 custodes,
896 4644 1032 4698 quos
1085 4643 1185 4682 nos
1229 4641 1481 4681 vocamus
1505 4626 1788 4698 geolarios,
1819 4626 2054 4698 geoliers.
2087 4627 2176 4682 Sic

577 4702 717 4755 enim
737 4709 879 4755 recte
891 4697 1289 4770 explicanturin
1314 4699 1457 4770 Actis
1490 4697 1642 4770 primi
1667 4698 1936 4770 ingressus
1952 4697 2172 4760 Joannis

577 4771 874 4833 d‘Ot-leans,
928 4767 1164 4838 episcopi
1210 4768 1626 4833 Aurelianensis,
1685 4767 1738 4822 in
1794 4767 1979 4822 urbem
2019 4783 2169 4824 suam

575 4857 718 4896 anno
746 4842 914 4908 1522;
947 4841 1285 4910 Episcopatus
1318 4839 1696 4910 Aurelianensis
1735 4855 2169 4910 carcerumrcom-

575 4914 933 4967 mentarienses
958 4909 1059 4967 sive
1085 4909 1356 4981 geolarios.
1383 4909 1594 4973 Iisdem,
1627 4918 1682 4963 ut
1711 4911 1783 4963 ait
1807 4909 1946 4981 idem
1981 4909 2171 4964 Firmi-

574 4999 692 5047 cus,
726 4984 1056 5053 publicarum
1089 4980 1406 5053 catenarum
1446 4996 1574 5053 cura
1616 4980 2069 5053 demandabatur;
2103 4982 2172 5038 de

573 5051 770 5122 quibus
809 5055 932 5108 vide
973 5055 1132 5108 etiam
1174 5051 1501 5106 Ludovicum
1539 5051 1758 5105 Caelium
1805 5051 2166 5121 Rbodiginum

575 5125 668 5180 lib.
722 5141 798 5190 rx,
847 5141 965 5195 cap.
1013 5124 1100 5178 ⁸54.
1156 5122 1321 5195 Recte
1361 5137 1495 5195 ergo
1525 5122 1826 5195 Cyprianus
1864 5124 1938 5177 ait
1977 5123 2170 5195 missos

572 5211 694 5252 esse
723 5192 1138 5250 commentarios
1172 5193 1264 5262 qui
1294 5209 1415 5248 cum
1456 5192 1660 5248 Uticam
1691 5193 2062 5264 perducerent.
2097 5194 2166 5248 Ii-

571 5267 695 5322 dem
728 5267 941 5321 lictores
968 5274 1224 5320 vocantur
1254 5265 1304 5318 in
1340 5264 1577 5334 Epistula
1612 5264 1916 5335 Hieronymi
1958 5264 2025 5319 de
2050 5265 2169 5320 Mu-

571 5337 706 5392 liere
726 5337 923 5405 septies
948 5338 1048 5393 icta
1073 5353 1092 5390 :
1113 5335 1370 5390 Turbatur
1397 5336 1488 5389 tali
1512 5335 1688 5388 nuntio
1715 5337 1832 5390 urbs
1863 5335 2169 5406 propinqua,

571 5419 619 5463 et
641 5417 745 5462 tota
773 5409 1008 5462 lictorum
1038 5418 1239 5461 caterva
1267 5409 1596 5478 glomeratur,
1622 5423 1648 5460 e
1667 5407 1847 5476 quibus
1870 5408 2084 5471 medius,
2104 5408 2174 5462 ad

606 5495 720 5534 uem
749 5482 1106 5534 damnatorum
1147 5477 1281 5532 cura,
1297 5477 1592 5546 pertinebat,
1625 5494 1913 5544 erumpens,
1945 5488 2051 5533 etc.
2101 5479 2172 5534 De

594 5552 939 5605 rumentariis
964 5549 1084 5605 vide
1109 5560 1263 5604 notas
1300 5549 1533 5605 Andreae
1563 5548 1769 5603 Scltotti
1800 5549 1864 5602 ad
1893 5550 2168 5605 Aurelium

572 5621 880 5687 Victorem;
905 5622 1191 5677 Henricum
1214 5621 1484 5675 Valesium
1511 5620 1576 5674 ad
1602 5619 1796 5674 librum
1818 5636 1892 5683 vt,
1926 5635 2044 5689 cap.
2074 5620 2167 5688 30,

567 5691 705 5746 Ilist.
742 5693 948 5749 Eccles.
977 5692 1214 5754 Eusebii,
1250 5700 1301 5747 et
1340 5691 1662 5762 glossariunt
1685 5689 1931 5746 Latinum
1959 5690 2165 5762 Cangii.

567 5763 690 5816 Alio
724 5777 884 5818 sensu
921 5762 1152 5818 Iacobus
1195 5762 1380 5816 Billius
1423 5762 1473 5814 in
1518 5760 1736 5816 scboliis
1765 5761 1830 5816 ad
1857 5760 2167 5817 Orationem

568 5829 809 5903 Gregorii
834 5833 1156 5891 Nazianzeni
1183 5832 1246 5886 de
1272 5831 1437 5903 Plaga
1459 5831 1754 5900 Grandinis,
1790 5831 2169 5893 frumentarios

2267 3865 2362 3906 eos
2390 3859 2546 3906 vocat
2587 3850 2676 3921 qui
2719 3849 2934 3908 idcirco-
2962 3851 3293 3908 frumentum
3342 3861 3522 3909 emunt
3572 3861 3628 3909 ut
3675 3853 3868 3912 fratres

2269 3935 2394 3992 suos
2420 3923 2747 3992 opprimant.

2345 3991 2421 4045 De
2449 3991 2618 4066 hortis
2651 3995 2854 4050 nostris.
2906 3994 3038 4050 Vide
3067 4010 3188 4066 qua:
3227 3994 3296 4050 de
3343 3994 3514 4052 hortis
3553 3996 3672 4056 istis
3723 3997 3870 4056 dicta

2271 4073 2395 4137 sunt
2425 4065 2491 4118 ad
2522 4064 2819 4137 Epistolam
2850 4081 2923 4131 vr,
2955 4064 3228 4137 pagﬁ593.

2346 4133 2412 4188 II.
2445 4166 2515 4175 —
2545 4133 2831 4209 Proconsul
2850 4133 3148 4192 senteniiam
3179 4141 3331 4208 ferat.
3363 4137 3605 4209 Quinque
3625 4137 3745 4194 libri
3774 4153 3870 4196 vc-

2277 4214 2442 4279 ter_es,
2471 4207 2789 4279 proconsulis
2817 4209 3064 4262 sententia
3093 4207 3264 4279 feriat.

2347 4275 2716 4350 Incommune.
2743 4275 3204 4350 Quamquam'ista
3226 4279 3394 4350 lectio
3417 4280 3487 4334 sit
3511 4280 3729 4350 optima,
3761 4297 3871 4338 non

2276 4347 2521 4419 displicet
2549 4357 2726 4403 tamen
2750 4365 2812 4404 ea
2839 4347 2998 4419 quam
3027 4348 3193 4404 codex
3214 4349 3358 4404 2442
3386 4347 3727 4409 bibliothecas
3748 4352 3874 4408 Col—

2278 4418 2503 4474 bertina:
2551 4430 2605 4474 et
2646 4418 2911 4475 Fuxensis
2960 4419 3239 4475 exhibent.
3292 4421 3562 4477 Exhibent
3609 4434 3790 4480 autem
3819 4425 3873 4479 in

2279 4492 2576 4557 comminus,
2623 4489 2675 4544 id
2719 4499 2800 4545 est
2840 4505 2962 4546 cum
3007 4490 3164 4544 simul
3199 4491 3417 4559 erimus,
3451 4508 3571 4548 cum
3614 4493 3665 4548 in
3707 4509 3872 4549 unum

2279 4563 2711 4632 convenerimus.
2757 4562 2888 4616 Cum
2916 4569 3092 4632 autem
3137 4560 3445 4632 frequenter
3471 4564 3870 4620 observaverim

2199 4665 2253 4724 1)
2281 4631 2507 4724 9991995.
2519 4631 2900 4724 ﬂammae
2912 4641 3000 4724 ει,
3009 4631 3614 4724 Εεῑιεξεξιεέιπ,.ριςεεθΐςπτρ
3630 4636 3872 4724 ,ςξιειιςειι

2281 4701 2561 4767 lectiones,
2587 4701 2702 4758 haec
2730 4718 2850 4758 mea
2872 4703 3179 4758 observatio
3210 4701 3424 4760 fulcitur
3437 4707 3596 4761 etiam
3630 4707 3872 4762 tesumo-

2277 4773 2366 4828 nio
2398 4773 2550 4829 istius
2591 4774 2715 4828 loci.
2751 4773 3082 4830 Veronensis
3119 4776 3260 4829 enim
3298 4775 3528 4831 habebat
3568 4778 3869 4832 comminus.

2276 4843 2392 4916 Quo
2429 4845 2590 4916 etiam
2631 4844 2792 4916 modo
2820 4845 3095 4916 scriptum
3143 4845 3248 4916 vidi
3295 4847 3436 4916 apud
3466 4846 3783 4902 Suetonium
3816 4849 3871 4902 in

2288 4912 2399 4987 Vita
2423 4915 2658 4970 Cazsaris.
2694 4912 3012 4987 Apollonius
3059 4915 3201 4985 apud
3231 4912 3505 4984 Rufinum,
3530 4917 3621 4972 lib.
3642 4934 3695 4972 v.
3727 4919 3870 4974 Hist.

2278 4985 2509 5067 Eccles.,
2564 5001 2684 5057 cap.
2740 4985 2827 5056 i8,
2873 4998 2964 5042 aut
3013 4988 3058 5042 si
3098 4988 3384 5057 conﬁdunt,
3426 4989 3479 5041 in
3516 4989 3745 5044 cominus
3782 5005 3870 5044 ve-

2273 5069 2436 5112 ntant.

2347 5127 2432 5183 Ita
2460 5130 2572 5200 ﬁat.
2600 5129 2746 5186 Istud
2771 5128 3074 5186 addidimus
3105 5145 3166 5184 ex
3198 5128 3337 5186 libro
3364 5129 3618 5186 Fuxcnsi.

2347 5269 2364 5290 '
2385 5265 2642 5334 Quamvis
2691 5266 2855 5320 nolim
2903 5273 3158 5336 prrestare
3190 5265 3288 5319 has
3319 5273 3428 5336 tres
3456 5265 3715 5336 epistolas
3752 5279 3874 5322 esse

2274 5336 2547 5409 Cypriani,
2573 5338 2751 5409 putavi
2781 5347 2966 5409 tamen
2988 5335 3187 5409 debere
3214 5351 3299 5409 me
3343 5335 3464 5390 illas
3493 5335 3654 5392 edere
3687 5337 3738 5409 in
3771 5337 3874 5392 hcc

2275 5406 2414 5471 loco,
2457 5406 2586 5477 quia
2619 5406 2926 5477 referuntur
2955 5407 3010 5460 in
3053 5406 3371 5476 quibusdam
3418 5409 3688 5462 veteribus
3721 5408 3873 5464 IIbl‘tS

2277 5476 2639 5547 Epistolarum
2670 5479 2839 5532 sancti
2871 5476 3148 5547 Cypriani.
3187 5477 3296 5531 Viri
3343 5477 3488 5533 docti
3521 5478 3638 5533 illas
3665 5479 3876 5534 exarni—

2276 5550 2500 5620 nabunt.
2548 5547 2756 5620 Prima,
2789 5563 2908 5615 qua:
2939 5559 3020 5620 cst
3045 5547 3491 5620 CorneliiPapze,
3523 5551 3737 5605 inventa
3765 5557 3870 5617 est,

2275 5629 2333 5674 ut
2363 5619 2428 5674 ad
2461 5619 2754 5690 Epistolam
2783 5635 2907 5674 Lxx.
2935 5618 3134 5690 dictum
3165 5629 3266 5684 est,
3291 5619 3343 5674 in
3362 5618 3573 5676 duobus
3601 5621 3752 5676 libris
3774 5636 3874 5675 ve-

2277 5690 2499 5756 teribus,
2526 5689 2758 5745 secunda
2789 5691 2843 5744 in
2871 5689 3056 5746 codice
3082 5690 3314 5746 Fuxensi
3363 5690 3704 5748 bibliotheca:
3747 5691 3872 5746 Col-

2274 5759 2521 5828 bertinze,
2552 5762 2704 5832 tertia
2733 5762 2788 5816 in
2817 5761 3005 5816 eodem
3033 5760 3218 5817 codice
3249 5760 3482 5817 Fuxensi
3522 5772 3576 5820 et
3605 5764 3661 5821 in
3690 5777 3751 5818 co
3775 5759 3868 5832 qui

2275 5841 2523 5891 servatur
2549 5831 2730 5893 Remis
2752 5832 2805 5889 in
2827 5832 3038 5890 abbatia
3063 5833 3233 5889 sancti
3260 5832 3522 5906 Dionysii.
