4332 6292
495 316 606 379 455

1471 319 1808 379 EPISTOLA
1838 319 1930 377 AD
1968 316 2321 378 TURASIUM
2360 323 2892 388 PRESBYTERUM.

3692 332 3798 389 454

495 436 579 491 ést
615 433 968 505 rebaptizarc.
997 435 1137 507 Ergo
1167 435 1376 494 eradica
1404 444 1458 493 ct
1484 435 1682 492 extrica
1707 477 1721 504 ,
1744 443 1804 492 ut
1829 436 2078 500 diximus,
2112 431 2168 492 Α
2195 439 2452 509 torqueri,
2481 455 2708 511 quorum
2732 441 2982 513 exempla
3008 441 3287 501 habemus.
3335 445 3524 502 Tertio
3567 461 3795 520 negave-

493 525 792 582 ﬂorulenlis
820 527 1163 582 sermonibus
1204 537 1366 600 atque
1400 527 1574 600 dignis
1603 543 1696 599 per
1739 529 2093 600 posteriorem

493 611 777 684 epistolam
810 614 989 682 priora
1022 614 1216 684 scripta
1247 655 1260 679 ,
1293 630 1411 685 qum
1459 626 1645 670 contra
1683 614 1997 671 catholicam
2027 613 2096 668 ﬁ-

493 705 614 761 dem
642 719 860 760 servare
903 715 1230 761 censuerunt
1277 707 1546 778 genimina
1594 709 1919 778 viperarum.
1980 708 2093 764 Non

493 800 636 855 enim
669 798 825 855 decet
853 808 1016 854 tanta:
1051 800 1200 856 urbis
1226 800 1518 856 antistitem
1547 801 2080 857 excellentissimum-

493 906 598 962 quc
624 891 901 946 doctorem
932 899 1008 956 ιιι,
1042 890 1167 946 dum
1213 901 1362 962 putas
1393 892 1612 948 hmresis
1658 893 1917 964 baptisma
1948 909 2086 966 pra:-

493 983 878 1050 damnandum,
909 998 1094 1039 verum
1125 983 1397 1055 Baptisma
1439 986 1777 1041 sermonibus
1816 987 2090 1042 maculare

493 1077 684 1134 audias
708 1093 826 1149 quae
851 1077 1003 1134 doles
1031 1086 1220 1133 contra
1249 1080 1564 1150 Apostolum
1594 1079 1800 1137 scilicet
1826 1093 2090 1150 repugna-

494 1184 556 1227 re
579 1169 842 1227 dicentem
874 1188 886 1225 :
919 1169 1067 1226 Unus
1098 1169 1258 1238 Deus,
1299 1187 1401 1225 una
1430 1171 1579 1240 ﬁdes,
1603 1188 1762 1227 unum
1801 1172 2087 1242 Baptismu.

922 1324 990 1364 AD
1033 1323 1240 1364 PLEBEH
1285 1323 1657 1366 CABTHAGINIS.

563 1445 864 1518 Cyprianus
892 1443 1030 1515 plebi
1059 1443 1370 1516 Carthagini
1398 1445 1719 1502 consistenti
1747 1454 2002 1502 aeternam
2035 1447 2086 1501 in

491 1539 720 1596 Domino
767 1539 1019 1595 salutem.
1053 1538 1264 1596 Gratias
1309 1539 1522 1606 quidem
1565 1539 1773 1610 agimus
1802 1538 1914 1594 Deo
1945 1539 2086 1594 Patri

492 1640 550 1688 et
588 1632 815 1687 Domino
841 1630 967 1686 Jesu
1003 1630 1240 1699 Christo,
1269 1631 1358 1703 qui
1391 1647 1485 1687 vos
1516 1630 1779 1686 adunatos
1829 1640 1990 1702 atque
2034 1631 2086 1685 in

492 1724 862 1782 conventicula
893 1726 1146 1781 restituit.
1183 1727 1408 1796 Propter
1432 1739 1590 1795 quam
1619 1741 1732 1792 rem
1764 1725 2084 1781 memoravi-

2199 538 2344 595 runt,
2374 538 2428 585 et
2456 541 2847 588 sacramentum
2879 550 2984 590 non
3011 537 3367 593 tradiderunt.
3401 536 3464 592 lli
3491 547 3669 594 autem
3703 540 3798 610 qui

2198 635 2298 676 nec
2327 622 2634 695 interrogati
2671 625 2998 695 obtulerunt,
3023 629 3248 685 interim
3280 645 3456 698 usque
3483 630 3549 685 ad
3594 640 3792 687 statum

2197 712 2406 767 consilii
2435 713 2550 770 laici
2580 719 3072 774 communicabunt.
3102 721 3484 776 Verumtamen
3510 722 3561 776 in
3592 731 3788 779 statum

2197 805 2407 859 consilii
2428 807 2569 877 quod
2597 807 2873 878 Scriptura
2898 820 3080 866 sancta
3112 814 3797 881 promoverit,‘secundum

2197 897 2517 952 sententiam
2548 898 2704 954 ﬁxam
2752 901 2952 958 sanctis
2988 912 3042 959 et
3075 905 3268 960 amicis
3310 905 3402 960 Dei
3433 899 3669 978 suppleri
3697 923 3793 962 vo-

2197 986 2391 1054 lumus,
2423 1004 2542 1045 cum
2567 991 2675 1061 jam
2711 1001 2874 1049 testes
2901 1003 2956 1050 et
2981 995 3209 1064 proximi
3235 996 3556 1068 aliquidjam
3586 999 3786 1055 dudum

2195 1087 2496 1137 statuerant
2525 1084 2693 1138 nostri
2723 1094 3114 1142 antecessores.
3141 1086 3220 1143 Ob
3245 1103 3399 1158 quam
3428 1105 3543 1145 rem
3565 1105 3788 1149 necesse

2194 1178 2277 1225 est
2322 1187 2421 1227 nos
2463 1174 2688 1229 testibus
2729 1177 3038 1232 consentire
3083 1179 3370 1250 complecti
3415 1189 3470 1235 et
3512 1183 3789 1252 supplere.

2194 1261 2332 1334 Opto
2360 1279 2459 1320 vos
2488 1266 2538 1320 in
2575 1266 2799 1322 Domino
2826 1282 3040 1340 semper
3063 1269 3200 1327 bene
3229 1272 3430 1327 valere.
3454 1274 3647 1330 Amen.
3679 1275 3794 1332 Deo

2194 1355 2412 1425 gratias.

2592 1512 2660 1551 AD
2701 1513 2966 1556 TURASIUM
2993 1515 3389 1558 PRESBYTERUM.

2261 1633 2563 1705 Cyprianus
2588 1635 2871 1693 benedicto
2907 1647 2960 1693 et
2985 1639 3338 1698 dilectissimo
3378 1643 3584 1713 parenti
3613 1643 3781 1698 Tura-

2193 1726 2274 1781 sio
2296 1728 2346 1781 in
2380 1728 2607 1784 Domino
2636 1739 2894 1785 aeternam
2925 1731 3175 1788 salutem.
3218 1733 3504 1791 Charitatis
3527 1748 3632 1790 tuae
3657 1737 3787 1792 scri-

491 1833 613 1874 mus
666 1827 721 1874 et
777 1817 1033 1889 scriptum
1095 1818 1528 1873 beatissimorum
1577 1826 1874 1888 martyrum
1923 1825 2082 1898 atque
2113 1822 2163 1884 B
2193 1829 2278 1890 pta
2310 1822 2545 1891 percepi,
2579 1824 2771 1892 quibus
2797 1825 3035 1879 animum
3066 1835 3214 1881 tuum
3245 1827 3430 1884 dolore
3457 1841 3785 1886 commotum

407 1929 416 1934 ·
491 1911 855 1966 confessorum
884 1910 1152 1966 voluimus
1172 1909 1539 1982 adponsilium
1569 1919 1811 1965 nostrum
1843 1924 2080 1965 servare.

483 2002 647 2060 Jubet
672 2003 902 2073 desuper
941 2003 1195 2073 majestas
1221 2011 1380 2074 atque
1404 2003 1634 2074 Spiritus
1664 2013 1900 2068 sanctus,
1931 2005 2083 2074 cujus

485 2096 538 2152 in
562 2095 716 2151 nobis
739 2097 911 2167 gratia
935 2096 1086 2151 testis
1107 2105 1186 2150 est
1215 2094 1653 2161 salutaris.Nam,
1679 2110 1799 2150 cum
1824 2102 2080 2150 tractaret

483 2188 550 2244 dc
603 2188 972 2252 traditoribus,
1024 2188 1177 2257 jubet
1217 2199 1322 2242 tam
1377 2187 1427 2242 in
1477 2187 1770 2258 Evangelio
1823 2201 1981 2257 quam
2028 2186 2080 2241 in

482 2280 767 2350 Apostolo,
801 2289 905 2334 tam
937 2280 987 2350 in
1019 2279 1244 2335 Psalmis
1268 2295 1428 2351 quam
1460 2280 1511 2333 in
1559 2279 1844 2350 PrOphetis
1888 2287 1943 2335 et
1978 2294 2083 2335 ca:-

485 2376 612 2431 leris
653 2373 945 2446 Scripturis
979 2391 992 2429 :
1021 2375 1333 2430 Scrutamiui
1381 2372 1523 2446 (10a.
1549 2389 1601 2440 v,
1633 2372 1747 2445 59).
1777 2373 1893 2440 Quo
1919 2388 2074 2429 scru-

486 2479 597 2525 tato
650 2485 680 2525 a
733 2470 908 2536 nobis,
945 2469 1174 2524 inventis
1203 2478 1228 2507 θ
1268 2468 1335 2521 ab
1386 2469 1451 2524 iis
1481 2469 1570 2539 qui
1609 2468 1912 2538 Scripturas
1952 2482 2079 2522 san-

483 2573 596 2619 ctas
637 2563 971 2619 tradiderunt
1001 2578 1104 2617 non
1136 2562 1330 2617 mereri
1376 2576 1470 2616 eos
1510 2561 1762 2632 congredi
1793 2559 2079 2615 consilium

484 2669 749 2726 nostrum,
782 2658 832 2712 id
866 2667 945 2713 est
972 2656 1255 2712 consilium
1288 2655 1552 2710 habitare.
1591 2654 1761 2710 Nemo
1814 2663 1898 2710 est
1935 2657 2076 2710 enim

480 2753 571 2826 qui
628 2753 729 2808 hoc
781 2750 1062 2807 consilium
1094 2748 1418 2804 condreatur
1447 2748 1474 2788 ι)
1509 2763 1612 2803 n0n
1643 2747 1925 2802 cmlestem
1953 2761 2076 2814 Spe-

480 2855 612 2901 ctct.
646 2847 721 2898 A’c
770 2842 1522 2914 proptcrcacmemoravimus
1572 2850 1632 2896 ut
1685 2840 1717 2894 ii
1765 2839 1856 2910 qui
1901 2839 2078 2895 taliter

481 2942 789 3012 Scripturas
816 2946 1178 2994 tractaverunt
1219 2935 1285 2991 ad
1317 2945 1516 2992 statum
1544 2934 1718 3006 plebis
1739 2944 1795 2992 et
1815 2933 2077 3005 judicium

479 3037 548 3093 ab
575 3035 705 3106 ipsis
733 3042 1060 3105 porrectum,
1097 3046 1195 3086 nec
1223 3029 1398 3100 aliqua
1437 3031 1578 3083 actio
1607 3029 1674 3083 ab
1702 3028 1832 3099 ipsis
1863 3026 2031 3099 promi
2057 3069 2071 3092 ,

479 3128 573 3184 sed
613 3143 711 3184 nec
748 3127 908 3182 etiam
937 3126 1002 3180 ad
1034 3133 1230 3179 statum
1257 3121 1508 3178 sacriﬁcii
1540 3136 1713 3192 neque
1743 3121 1914 3191 plebis
1952 3135 2073 3175 esse

2190 1913 2256 1969 de
2288 1915 2408 1971 filia:
2433 1915 2762 1972 dormitione
2803 1919 3054 1988 cognovi.
3096 1919 3213 1975 Non
3247 1921 3389 1976 aliud
3422 1923 3786 1993 principaliter

2187 2006 2481 2063 admiratus
2505 2023 2622 2062 sum
2655 2025 2815 2079 quatn
2837 2009 3119 2065 christiani
3160 2011 3394 2081 pectoris
3439 2013 3492 2068 in
3538 2024 3588 2069 te
3618 2015 3788 2084 jacta-

2190 2104 2296 2152 tam
2328 2097 2488 2153 fuisse
2512 2099 2782 2164 virtutem,
2816 2108 2875 2154 ut
2901 2101 3136 2155 animum
3166 2102 3414 2159 ﬂecteres
3439 2103 3784 2161 addolorcm.

2185 2187 2280 2245 Stu
2294 2205 2393 2260 peo
2419 2205 2629 2244 murum
2653 2190 2778 2246 ﬁdei
2806 2201 3142 2262 penetratum
3171 2194 3480 2250 vulneribus
3517 2195 3782 2262 orbitatis,

2186 2298 2343 2354 quem
2383 2285 2559 2355 sepire
2606 2283 2867 2343 debuerat
2900 2301 3026 2356 spes
3070 2289 3480 2344 resurrectionis
3522 2299 3576 2344 et
3621 2289 3773 2360 regni

2184 2380 2441 2435 caelestis.
2477 2379 2773 2451 Numquam
2804 2397 2927 2452 spes
2953 2397 3075 2437 cum
3118 2383 3306 2440 dolore
3336 2386 3647 2450 concordat,
3683 2400 3782 2441 nec

2184 2471 2317 2528 fides
2347 2472 2633 2543 aliquando
2654 2475 2820 2530 sentit
2843 2491 3179 2547 quacumque
3197 2477 3486 2548 jacturam.
3521 2479 3786 2549 Resurge-

2183 2580 2242 2621 re
2271 2565 2542 2621 credimus
2575 2577 2834 2635 mortuos,
2864 2577 2916 2622 et
2945 2569 3279 2640 plangimus:
3307 2570 3432 2640 quid
3463 2571 3778 2635 faceremus,

2183 2657 2229 2712 si
2256 2659 2390 2712 mori
2445 2660 2816 2715 tantummodo
2851 2662 2967 2718 sine
3010 2665 3402 2720 resurrectione
3455 2663 3771 2734 prmciperct

2185 2749 2362 2806 Deus?
2415 2751 2675 2808 Voluntas
2716 2755 2897 2824 utique
2937 2755 3052 2825 ejus
3090 2757 3203 2810 sola
3244 2757 3518 2812 sufficeret
3563 2756 3628 2810 ad
3651 2757 3785 2810 sola-

2183 2841 2349 2906 tium,
2400 2842 2485 2895 cui
2533 2844 2738 2898 nullum
2792 2848 3210 2916 praiponendum
3259 2849 3458 2922 scimus
3505 2847 3779 2905 affectum.

2182 2936 2334 3004 Quod
2380 2937 2601 3021 dederat
2649 2938 2871 2995 abstulit
2915 2942 3004 3011 qui
3056 2951 3351 2998 creaverat.
3402 2941 3538 3009 Quid
3594 2951 3772 2996 certas

2182 3030 2436 3102 plangere
2462 3031 2606 3102 quod
2635 3031 2704 3087 ad
2742 3041 2950 3104 tempus
2978 3036 3298 3106 acceperas?
3327 3033 3776 3090 Comntodaverat

2184 3132 2242 3178 ut
2269 3123 2493 3180 haberes
2526 3137 2958 3197 quantocumque
2980 3136 3222 3197 tempore
3250 3127 3524 3196 voluisset,
3576 3135 3779 3184 etcum

481 3220 739 3294 proximi;
774 3218 864 3290 qui
894 3219 1096 3287 utique,
1125 3215 1237 3286 jam
1260 3214 1459 3269 dudum
1482 3213 1738 3269 derelicta
1770 3212 1945 3282 plebe,
1977 3228 2074 3266 nu-
2103 3205 2152 3274 C
2189 3217 2351 3274 vellet
2370 3233 2556 3274 rursus
2578 3218 2832 3275 auferret.
2857 3219 3000 3275 Nihil
3030 3220 3248 3275 abstulit
3276 3227 3422 3275 tuum
3454 3221 3544 3292 qui
3575 3221 3779 3289 recipe-

479 3314 603 3369 data
632 3311 840 3378 altaria,
872 3317 1118 3380 prompta
1159 3305 1418 3362 sacriﬁcia
1442 3316 1485 3358 ο.
1517 3303 1704 3358 Merito
1733 3303 1849 3359 haec
1877 3317 2080 3358 memo-

479 3413 660 3461 rantes
685 3419 806 3460 cum
834 3401 1089 3458 mmstilia
1115 3409 1274 3469 atque
1303 3397 1490 3452 dolore
1519 3395 1680 3450 animi
1709 3393 1900 3466 proﬁci
1935 3403 2073 3449 teste

479 3499 546 3555 ad
592 3497 872 3553 Dominum
895 3495 1036 3568 quod
1082 3493 1366 3549 debuimus
1395 3498 1653 3554 statuere,
1701 3504 1859 3559 quam
1887 3503 2076 3544 omnes

478 3591 894 3662 disceptationes
922 3596 977 3644 et
1004 3587 1373 3644 dissensiones
1399 3596 1454 3641 et
1476 3587 1709 3642 hmreses
1734 3594 1789 3641 et
1815 3584 2064 3640 scandala

480 3685 788 3750 hauserant,
808 3697 875 3737 ne
902 3681 1127 3736 ulterius
1165 3687 1460 3750 provocent
1487 3693 1547 3733 se
1575 3677 1826 3733 homines
1855 3691 1949 3732 seu
1975 3677 2076 3731 mi-

478 3792 578 3833 nus
601 3775 719 3832 fidei
748 3790 842 3830 seu
867 3773 1155 3844 Scripturis
1179 3773 1322 3827 leves
1347 3771 1455 3827 sint
1480 3781 1535 3827 et
1552 3771 1781 3828 lectores
1805 3771 1854 3827 id
1885 3772 2072 3826 statui-

477 3884 598 3925 mus
619 3877 778 3938 atque
804 3867 1085 3921 statuimus
1106 3863 1151 3930 ιι,
1173 3873 1332 3935 atque
1354 3871 1551 3918 statuto
1569 3873 1754 3918 nostro
1775 3862 1953 3918 recedi
1974 3879 2072 3917 no-

478 3963 675 4028 lumus,
714 3970 771 4015 ut
805 3956 964 4030 siqui
998 3957 1214 4013 tradidit
1261 3955 1584 4026 praepositus
1634 3953 1925 4024 huicjplebi
1958 3971 2072 4011 nte-

475 4062 696 4109 reantur
734 4053 1024 4108 antistitem
1055 4049 1522 4106 administrantem
1552 4049 1707 4104 altari
1735 4064 1797 4104 ac
1847 4063 2074 4117 corpore

475 4144 703 4216 integro.
739 4143 805 4199 lis
838 4159 966 4200 vero
1007 4144 1269 4212 jussimus
1310 4157 1338 4195 a
1394 4141 1585 4211 quibus
1636 4149 1692 4195 et
1749 4139 2070 4196 sacrificium

475 4236 657 4292 offerri
684 4236 950 4305 jubcmus,
976 4236 1166 4292 merito
1189 4234 1470 4305 praeceptis
1508 4235 1572 4287 iis
1599 4233 1666 4265 ⁸⁸⁸
1690 4232 1906 4302 obtemp
1931 4229 2071 4287 crari

478 4329 660 4394 debet,
692 4341 790 4382 nec
815 4327 954 4383 aliud
981 4327 1252 4399 ﬁetquam
1283 4325 1462 4381 statim
1489 4327 1797 4397 evangelica
1823 4342 1922 4383 vox
1947 4328 2057 4382 sin-

476 4434 598 4475 cera
624 4429 740 4474 cata
766 4418 1063 4475 Johannem
1087 4419 1322 4491 loquitur
1351 4438 1364 4473 :
1397 4417 1559 4482 Nolo,
1582 4419 1773 4488 inquit,
1806 4419 1870 4473 de
1898 4421 2065 4474 mani-

475 4513 567 4567 bus
588 4513 763 4567 vestris
788 4513 1060 4581 sacriﬁcia,
1084 4514 1321 4572 quianon
1347 4511 1547 4567 venistis
1572 4510 1640 4564 ad
1662 4528 1740 4565 me
1764 4528 1880 4565 cum
1903 4513 2069 4566 hostia

2183 3323 2244 3364 re
2268 3309 2515 3381 dignatus
2541 3320 2622 3366 est
2666 3311 2960 3381 pr0prium.
2995 3310 3287 3379 ,Creditum
3334 3325 3490 3366 suum
3535 3309 3778 3382 recipere

2183 3401 2436 3457 decuerat
2461 3403 2814 3470 creditorem,
2842 3411 2896 3458 et
2927 3402 3058 3457 nihil
3097 3403 3238 3457 aliud
3270 3404 3428 3460 decet
3453 3418 3614 3474 quam
3658 3417 3775 3458 cre-

2181 3494 2340 3572 ditori
2370 3508 2468 3549 suo
2487 3495 2685 3565 gratias
2710 3509 2868 3565 agere
2897 3504 3256 3550 mutuantem.
3289 3495 3378 3550 Sic
3418 3494 3522 3550 Job
3550 3495 3776 3566 legimus

2180 3603 2337 3657 quam
2378 3603 2666 3659 sequamur
2691 3587 3092 3645 devotissimam
3116 3604 3301 3647 vocem
3338 3587 3644 3655 :Dominus,
3697 3588 3777 3643 in-

2178 3683 2312 3750 quit,
2344 3679 2502 3746 dedit,
2544 3679 2794 3735 Dominus
2833 3681 3063 3736 abstulit.
3113 3679 3260 3736 Sicut
3295 3679 3515 3734 Domino
3560 3679 3774 3750 placuit,

2178 3773 2250 3827 ita
2280 3777 2470 3844 factum
2498 3783 2590 3828 est.
2632 3773 2712 3830 Sit
2765 3789 2946 3828 nomen
2982 3773 3191 3827 Domini
3233 3772 3550 3828 benedictum
3583 3771 3703 3844 (Job
3729 3787 3768 3837 ι,

2176 3864 2297 3935 21).
2319 3864 2513 3918 Parum
2546 3879 2677 3934 ergo
2707 3879 2813 3920 non
2843 3875 2956 3920 erat
2986 3864 3099 3919 haec
3127 3865 3240 3919 sola
3267 3864 3563 3918 consolatio
3582 3871 3770 3918 contra

2177 3954 2375 4010 luctum
2397 3953 2539 4023 quod
2570 3969 2730 4008 nemo
2757 3955 2940 4025 lugere
2968 3954 3160 4009 debeat
3180 3969 3301 4009 cum
3344 3953 3543 4025 aliquid
3591 3953 3774 4009 reddi.

2176 4043 2316 4099 derit
2341 4044 2574 4098 alienum
2597 4086 2611 4110 ,
2644 4044 2766 4114 quia
2792 4045 2870 4099 fas
2902 4059 3007 4099 non
3037 4055 3151 4100 erat
3180 4045 3318 4114 apud
3349 4045 3514 4100 alium
3541 4044 3774 4100 detineri

2176 4139 2318 4212 quod
2349 4138 2567 4194 domino
2593 4155 2691 4195 suo
2722 4140 2897 4195 fuerat
2925 4141 3309 4196 necessarium.
3340 4141 3566 4196 Additur
3584 4156 3772 4197 conso-

2176 4233 2392 4289 lationis
2416 4235 2516 4290 alia
2543 4234 2898 4304 providentia,
2929 4250 3046 4298 qua:
3070 4235 3263 4306 jaculis
3289 4244 3537 4290 occurrat
3559 4234 3762 4289 orbita-

2176 4328 2264 4382 tis.
2317 4326 2563 4383 Gaudere
2611 4327 2899 4382 debuimus
2941 4327 3009 4383 de
3053 4328 3250 4383 saeculo
3295 4326 3694 4390 recedentibus,
3728 4327 3772 4379 si

2173 4419 2355 4474 smcoli
2385 4429 2570 4474 contra
2601 4433 2700 4474 nos
2731 4420 3033 4475 inimicitias
3069 4419 3392 4475 sentiremus
3416 4457 3430 4482 ,
3461 4425 3517 4472 et
3557 4417 3761 4487 plangi-

2175 4526 2294 4566 mus
2319 4511 2574 4568 beneficia
2609 4512 2840 4580 Domini,
2870 4512 2962 4582 qui
2991 4511 3146 4566 nobis
3179 4509 3321 4582 quod
3363 4516 3581 4578 prastat
3624 4508 3770 4562 infir-

473 4607 685 4660 munda.
717 4605 816 4674 Qui
849 4607 1030 4676 utique
1078 4605 1306 4662 hostium
1340 4605 1590 4661 mundam
1618 4621 1721 4661 non
1753 4605 1937 4673 oll'ert,
1965 4604 2050 4660 ho-
2096 4599 2150 4659 D
2177 4605 2346 4661 mitati
2375 4612 2574 4659 nostrzc
2607 4611 2840 4674 prazstat.
2881 4602 3179 4659 Periclitari
3215 4601 3434 4655 volebat
3479 4599 3654 4656 adhuc
3680 4601 3770 4670 qui

475 4698 575 4752 stia
603 4697 670 4752 de
699 4697 944 4753 manibus
975 4698 1092 4767 ejus
1119 4714 1223 4754 non
1252 4698 1514 4753 ascendit.
1545 4697 1676 4753 Nam
1707 4699 1899 4753 iterum
1942 4697 2071 4768 legi-

473 4802 594 4843 mus
629 4807 641 4841 :
673 4787 737 4842 In
766 4790 1018 4863 principio
1051 4799 1156 4845 erat
1209 4789 1446 4856 Verbum,
1472 4800 1517 4845 et
1552 4789 1767 4845 Verbum
1796 4801 1906 4844 erat
1933 4791 2073 4859 apud

472 4879 658 4948 Deum,
688 4892 733 4937 et
749 4881 885 4937 Deus
902 4893 1010 4937 erat
1037 4881 1253 4937 Verbum
1271 4883 1450 4956 (Joan.
1471 4884 1704 4954 l,l).Qui
1721 4899 1814 4954 per
1835 4881 2065 4938 Verbum

473 4973 785 5042 ﬁnctiooem
822 4976 1074 5031 finxerint
1099 4977 1227 5032 dare
1257 4992 1345 5032 res
1377 4977 1749 5032 inhabitabiles
1780 4977 1919 5048 apud
1953 4977 2072 5033 illos

474 5081 570 5121 seu
614 5082 770 5122 veras
808 5068 1102 5137 scripturas
1124 5077 1333 5124 sanctas
1350 5084 1444 5124 seu
1468 5068 1744 5140 fictas,qui
1775 5069 1863 5124 dat
1881 5085 2066 5125 vocem

473 5169 520 5214 et
541 5160 629 5228 qui
657 5159 746 5214 dat
776 5159 1042 5214 desideria
1059 5161 1320 5230 proxima,
1341 5162 1429 5232 qui
1464 5162 1642 5232 utique
1667 5161 1826 5232 ﬁnget
1855 5165 2068 5217 tradere

470 5254 741 5323 supplebit
781 5255 1147 5311 traditionem.
1175 5255 1386 5326 '_lllerito
1423 5267 1676 5328 negantes
1706 5256 1950 5311 volumus
1983 5257 2065 5310 in-

470 5350 625 5403 terim
660 5349 868 5404 veniam
898 5350 1098 5405 habere
1128 5352 1444 5406 confitentes
1474 5361 1670 5421 patres.
1705 5349 1834 5404 Nam
1865 5351 1953 5420 qui
1985 5350 2066 5405 di-

472 5440 543 5495 cit
579 5448 651 5514 sc.
676 5441 982 5512 Scripturas
1008 5452 1136 5510 mon
1177 5441 1398 5510 habere,
1429 5443 1609 5515 utique
1651 5453 1865 5514 paratus
1896 5443 1992 5498 fuit
2017 5455 2072 5499 et

2176 4698 2322 4753 dolet
2345 4696 2580 4768 aliquem
2604 4697 2979 4762 dormientem,
3007 4703 3063 4750 et
3091 4696 3228 4750 inter
3260 4694 3451 4748 fluctus
3480 4693 3602 4748 vitae
3632 4708 3769 4764 prm-

2176 4793 2343 4846 scntis
2376 4791 2561 4845 videre
2600 4789 2850 4860 cupiebat
2900 4788 3156 4840 miserum
3193 4786 3460 4841 laborare.
3513 4784 3594 4840 Ad
3638 4784 3768 4856 quid

2176 4885 2527 4941 christianum
2558 4891 2612 4938 et
2640 4881 2854 4936 fidelem
2883 4880 3117 4933 animam
3147 4887 3302 4950 putas
3333 4879 3470 4934 intra
3496 4893 3768 4935 carcerem

2176 4977 2360 5033 mundi
2399 4974 2658 5030 remorari
2688 4973 2958 5039 debuisse,
3004 4971 3090 5026 cui
3127 4980 3268 5026 totus
3299 4971 3530 5026 mundus
3558 4969 3774 5026 naufra-

2173 5068 2546 5144 giumest?169
2577 5065 2761 5122 Tantis
2790 5073 2844 5120 et
2871 5064 3064 5120 talibus
3105 5063 3512 5136 tempestatibus
3542 5065 3665 5118 vitae
3697 5072 3775 5130 tot

2175 5161 2598 5234 impugnationes
2629 5158 2862 5224 diaboli,
2899 5167 2976 5212 tot
3003 5157 3245 5226 corporis
3273 5157 3431 5222 bella,
3468 5164 3546 5210 tot
3572 5155 3755 5210 clades

2175 5253 2378 5318 swculi,
2411 5261 2486 5306 tot
2514 5250 2848 5305 calamitates
2887 5248 3074 5304 evasit.
3126 5249 3191 5302 Et
3233 5249 3498 5320 lacrymas
3539 5246 3718 5302 fundis
3746 5289 3762 5312 ,

2175 5348 2327 5421 quasi
2356 5347 2562 5402 nescias
2587 5343 2714 5416 quid
2758 5344 2808 5398 in
2837 5353 2890 5398 te
2921 5343 3034 5413 ipse
3072 5341 3304 5412 quotidie
3349 5341 3590 5412 patiaris.
3632 5341 3762 5395 Pro-

2176 5456 2295 5520 pter
2314 5439 2453 5512 quod
2486 5439 2742 5494 Dominus
2769 5436 2848 5492 sic
2892 5436 3148 5490 admonet
3192 5433 3478 5505 Apostolos
3517 5447 3644 5490 suos
3681 5433 3767 5489 di-

1691 5556 1980 5618 LECTION
1991 5562 2097 5621 ES.
2109 5552 2526 5620 VARIANTES.

537 5669 562 5737 ξι
592 5666 848 5737 [mentum
871 5679 948 5723 est
973 5671 1165 5737 coniicit
1184 5674 1355 5737 Batus.

540 5727 568 5800 ξι
594 5728 950 5800 Congrediatur
971 5727 1110 5800 forte.
1147 5735 1276 5785 Edd.

545 5797 566 5823 ε
596 5793 742 5844 Forte
763 5793 1160 5861 dereliquerunt.
1187 5799 1315 5850 Edd.

2244 5673 2271 5712 «ι
2298 5672 2458 5733 Atque
2483 5668 2758 5733 statuimus.
2775 5667 2898 5720 Hazc
2915 5670 3172 5731 supersunt
3191 5663 3455 5730 ac'psatma
3474 5659 3778 5716 amanuensis

2181 5731 2424 5791 redolent.
2448 5731 2577 5782 Edd.
