4302 6296
491 321 600 383 455

1863 318 2001 378 DIVI
2035 316 2359 379 CYPRIANI

3695 322 3806 395 436

466 454 665 500 ,ccns:
701 438 764 495 Si
788 453 868 494 me
890 436 1195 510 diligentis,
1238 436 1557 510 gaudentis,
1592 437 1835 511 quoniam
1855 437 1986 493 uado
2020 435 2090 493 ad
2115 435 2169 501 Α
2193 452 2375 497 secum
2406 455 2603 501 vacare
2630 453 2764 516 quos
2787 432 3015 515 diligunt
3039 444 3339 514 patiuntur.
3375 448 3440 507 Et
3466 456 3523 506 ut
3550 446 3615 507 ad
3644 452 3799 524 pala-

410 602 417 615 .
498 545 692 608 patrem
706 531 888 604 (Joaa.
911 529 1154 611 xtv,28).
1179 529 1345 586 Plane
1367 539 1633 586 mortuum
1649 530 1907 587 Lazarum
1930 528 2096 599 ﬁevit,

498 627 597 684 sed
624 641 729 681 non
756 624 861 680 tuis
886 621 1159 696 lacrymis.
1196 622 1626 679 Resurrectionis
1661 623 1960 695 promissor
1985 623 2085 678 do-

477 704 615 767 ‘lere
658 723 765 763 non
797 716 1010 778 poterat
1032 749 1050 774 ,
1082 723 1150 764 ne
1189 707 1350 764 ﬁdem
1379 708 1657 778 perﬁdiam
1702 707 1905 763 faceret
1941 721 2100 779 quam

507 802 752 857 docebat.
788 800 963 857 Doluit
1001 800 1260 856 Lazarum
1310 816 1416 856 non
1457 800 1847 868 dormientem,
1879 799 1972 855 scd
2005 814 2102 871 po-

506 896 612 951 tius
642 903 1032 965 tesurgentem,
1066 903 1119 950 ct
1156 895 1319 950 ﬁebat
1346 909 1504 965 quem
1536 895 1847 965 cogebatur,
1879 901 2103 964 propter

508 986 796 1043 salvandos
821 987 955 1044 alios
980 995 1035 1042 et
1062 986 1470 1043 confundeudos
1497 987 1823 1054 incredulos,
1839 984 1905 1041 ad
1932 1001 2102 1042 szecu-

506 1081 623 1136 lum
651 1094 925 1136 revocare.
958 1080 1101 1137 llanc
1125 1082 1286 1135 vitam
1317 1080 1453 1136 dans
1483 1081 1739 1137 Dominus
1770 1080 2097 1152 ingemisce-

507 1172 620 1239 bat,
659 1186 819 1243 quam
862 1180 915 1225 tu
952 1172 1104 1227 doles
1141 1186 1264 1228 esse
1299 1173 1579 1228 sublatam.
1612 1172 1808 1229 Contra
1841 1173 2105 1245 lacrymas

512 1269 629 1337 ejus
655 1277 887 1338 pugnant
918 1267 1168 1339 lacrymae
1195 1275 1300 1323 tua:
1324 1309 1338 1333 ,
1371 1275 1426 1322 et
1463 1282 1617 1321 amor
1644 1277 1767 1327 tuus
1792 1266 1963 1321 amori
1990 1267 2107 1334 ejus

514 1377 624 1417 non
650 1362 919 1417 convenit.
958 1360 1141 1417 Fletus
1170 1361 1286 1431 ejus
1325 1376 1432 1416 non
1462 1359 1621 1415 habet
1648 1375 1849 1430 parem.
1882 1358 1979 1413 llle
2004 1372 2106 1413 no-

511 1457 657 1512 lebat
694 1455 918 1512 reddere
945 1454 1219 1511 laboribus
1258 1470 1417 1528 quem
1453 1455 1733 1522 dilexerat,
1762 1462 1815 1509 ct
1845 1463 1899 1508 tu
1926 1467 2108 1508 amare

514 1561 568 1604 te
593 1549 767 1605 credis
791 1550 873 1604 cui
902 1548 1147 1605 laborum
1168 1548 1387 1604 volebas
1417 1547 1591 1603 adhuc
1620 1557 1823 1604 restare
1851 1559 2096 1603 tormen-

513 1644 598 1697 ta?
617 1642 908 1710 Cit-terum,
933 1642 976 1695 si
1005 1649 1159 1712 putas
1184 1654 1305 1696 eum
1330 1648 1597 1695 mortuum
1623 1639 1882 1695 Lazarum
1901 1638 2106 1695 doluis-

511 1750 592 1802 se,
620 1741 745 1791 ante
780 1746 887 1789 nou
924 1734 1255 1805 permisisset
1281 1733 1431 1789 exire
1459 1734 1550 1805 qui
1584 1733 1850 1804 repellere
1890 1740 2104 1804 poterat

2204 532 2334 588 tium
2362 535 2509 602 cmli,
2554 535 2623 592 ad
2652 536 2827 593 studia
2853 535 3075 603 Christi,
3100 539 3169 594 ad
3201 539 3463 599 honorem
3510 545 3633 599 vita:
3681 562 3804 617 pcr-

2204 635 2396 696 petuaa,
2428 627 2494 683 ad
2522 626 2902 700 patrimonium
2934 631 3290 699 possessionis
3333 642 3553 692 auertite
3591 637 3656 669 ¹⁷⁰
3679 653 3803 696 cum

2205 719 2491 776 securitate
2518 720 2735 777 valeant
2775 723 3078 792 pervenire,
3108 739 3266 781 nemo
3296 725 3434 783 ﬁlios
3461 742 3589 784 suos
3628 728 3805 789 liben-

2207 819 2287 864 ter
2341 799 2392 864 a'
2422 826 2482 867 se
2530 813 2826 883 gratulatur
2868 813 3184 872 abscedere.
3220 817 3448 890 Propter
3474 820 3677 878 incerta
3709 839 3806 895 per

2208 901 2410 957 incerta
2438 901 2603 959 ﬁlium
2632 904 2719 961 vel
2751 904 2971 963 fratrem
3013 907 3098 962 vel
3154 922 3430 981 parentem
3472 916 3803 986 peregrinari

2207 992 2571 1064 ttnttsquiSqlte
2616 997 2912 1068 compellit,
2968 1005 3025 1054 et
3074 1011 3292 1074 propter
3339 1012 3484 1060 certa
3524 1021 3619 1076 per
3660 1017 3808 1066 certa

2209 1100 2427 1142 suorum
2457 1088 2691 1160 aliquem
2720 1090 2987 1162 proﬁcisci
3018 1094 3192 1151 nullus
3219 1095 3468 1153 admittit.
3487 1097 3568 1156 Ad
3591 1115 3813 1172 compa-

2208 1178 2373 1234 randa
2402 1192 2619 1250 peccata
2651 1182 2885 1253 gaudent
2914 1193 3019 1240 tam
3051 1195 3299 1256 parentes
3328 1204 3358 1245 a
3387 1188 3509 1246 ﬁliis
3530 1206 3689 1262 qualn
3719 1193 3811 1249 ﬁlii

2209 1288 2237 1326 a
2267 1275 2579 1345 parentibus
2613 1279 2851 1348 separari
2895 1291 3222 1349 provocante
3250 1282 3466 1338 diabolo
3487 1326 3502 1350 ,
3537 1284 3602 1340 ad
3634 1286 3809 1341 indul-

2209 1365 2440 1437 gentiam
2469 1366 2869 1438 percipiendam
2895 1369 3083 1425 nolunt
3108 1370 3178 1425 ab
3198 1371 3564 1429 invicemDeo
3585 1386 3812 1431 vocante

2211 1455 2474 1523 discerni,
2506 1466 2564 1512 nt
2596 1469 2851 1531 appareat
2880 1476 2987 1516 non
3018 1476 3116 1532 pro
3145 1473 3332 1519 nostra
3361 1465 3570 1520 ratione
3602 1479 3699 1520 nos
3724 1465 3812 1522 do-

2211 1546 2322 1604 lere
2377 1564 2768 1623 quemcumque
2820 1546 3065 1612 videmur
3113 1553 3382 1623 amittere,
3413 1554 3509 1611 sed
3554 1555 3810 1614 indicium

2211 1639 2380 1713 magis
2424 1641 2711 1698 ostendere
2766 1640 3119 1713 difﬁdentiae,
3177 1644 3269 1718 qui
3322 1662 3428 1702 non
3485 1647 3813 1707 suStinemus

2214 1744 2516 1790 nostrorum
2551 1732 2915 1807 profectiones
2955 1735 3023 1792 ad
3056 1736 3371 1808 Dominum,
3401 1756 3631 1810 quorum
3661 1757 3788 1812 pere

514 1836 766 1893 mortem,
800 1833 891 1881 aut
912 1834 1058 1882 certe
1083 1823 1759 1896 nonlleretquimortuum
1782 1825 2106 1882 resuscitan-
2134 1827 2183 1892 Β
2211 1826 2540 1897 grinattones
2591 1826 2643 1882 in
2687 1826 2887 1885 smculo
2937 1829 3290 1907 gratulamur.
3348 1829 3483 1900 Quia
3539 1831 3813 1888 credimus

514 1920 571 1976 di
602 1918 940 1989 postmodum
994 1917 1253 1973 habuerat
1294 1924 1640 1988 potestatem.
1689 1917 1840 1975 Unde
1891 1926 2115 1990 apparet

515 2028 638 2069 eum
665 2013 778 2069 sola
807 2027 869 2067 ea
909 2024 1067 2068 causa
1099 2012 1259 2067 fuisse
1286 2021 1639 2078 commotum,
1670 2010 1812 2082 quod
1858 2008 1923 2064 ad
1955 2009 2115 2065 hosﬁ.

516 2106 623 2160 lcm
646 2107 808 2160 vitam
829 2103 1204 2161 charissimam
1229 2118 1383 2158 suum
1407 2117 1664 2159 revocare
1688 2102 1865 2158 denuo
1892 2112 2111 2173 propter

514 2200 811 2254 credituros
838 2198 1052 2269 aliquos
1078 2199 1162 2254 vel
1184 2195 1594 2254 confundendos
1622 2195 1928 2252 incredulos
1952 2210 2114 2266 urge-

519 2294 693 2348 batur.
729 2292 967 2363 Denique
990 2293 1068 2348 sic
1102 2291 1420 2347 subsecutus
1464 2300 1546 2346 est
1577 2290 1835 2345 Dominus
1882 2289 2067 2346 dicens
2098 2304 2112 2343 :

518 2385 701 2458 Ergo,.
732 2385 906 2454 Pater,
940 2395 995 2440 ut
1031 2385 1238 2441 credant
1271 2387 1392 2457 quia
1426 2393 1479 2438 tu
1515 2400 1593 2438 me
1618 2383 1830 2449 misisti,
1861 2384 1935 2438 ait
1973 2382 2120 2438 clara

517 2493 651 2535 voce
681 2496 693 2531 :
726 2479 944 2547 Lazare,
969 2481 1115 2551 prodi
1160 2484 1304 2552 foras
1349 2479 1526 2553 (Joan.
1561 2494 1636 2546 χι,
1668 2477 1783 2548 45).
1810 2478 1876 2533 Ει
1920 2476 2119 2533 factum

521 2585 624 2633 est.
652 2576 901 2633 Gaudere
929 2590 1056 2647 ergo
1081 2573 1247 2630 debes
1274 2574 1413 2629 unde
1439 2573 1533 2629 ille
1571 2579 1790 2628 coactus
1819 2580 1903 2627 est
1945 2569 2113 2636 flere,

523 2683 593 2724 ne
650 2668 882 2722 videaris
940 2666 1259 2722 dormientis
1309 2664 1651 2721 felicitatibus
1712 2663 1973 2719 invidere.
2041 2664 2122 2719 Ab

523 2760 704 2816 alieno
730 2760 938 2817 mundo
964 2760 1029 2815 ad
1060 2762 1330 2833 proprium
1361 2758 1635 2826 transivit,
1665 2760 1905 2815 transivit
1930 2757 1997 2814 ad
2023 2757 2127 2814 Do-

526 2855 759 2920 minum,
786 2862 840 2911 et
865 2853 934 2909 de
962 2853 1143 2909 hostili
1166 2854 1335 2925 patria
1361 2853 1426 2909 ad
1456 2863 1735 2924 paternam
1766 2852 1988 2923 patriam
2018 2850 2121 2906 mi-

529 2950 704 3020 gravit
728 2948 795 3005 ad
820 2949 1017 3005 caelum
1038 2989 1054 3014 ,
1084 2947 1294 3005 dicente
1322 2947 1581 3018 Apostolo
1616 2962 1630 2999 :
1664 2945 1887 3011 Scimus,
1918 2943 2122 3015 inquit,

534 3044 793 3115 (yroniam,
825 3043 869 3097 ai
896 3050 1094 3097 terrena
1122 3040 1302 3096 domus
1322 3042 1498 3095 nostra
1519 3039 1672 3109 hujus
1700 3037 1928 3108 corporis
1964 3037 2137 3091 περιέ

530 3148 699 3204 vatur,
748 3138 885 3209 quod
921 3136 1281 3192 habitationem
1320 3134 1560 3192 habemus
1596 3149 1696 3187 non
1732 3147 1889 3185 manu
1938 3132 2128 3202 {actam

2217 1917 2401 1974 mundi
2432 1917 2596 1974 lucris
2617 1961 2632 1987 ,
2663 1919 2953 1976 toleramus
2980 1919 3151 1977 divisa
3178 1922 3349 1979 nostri
3374 1923 3616 1996 corporis
3637 1940 3811 1981 mem-

2219 2010 2333 2067 bra.
2369 2012 2423 2069 Si
2452 2012 2793 2070 crederemus
2821 2015 2912 2071 Dei
2941 2015 3241 2087 promissis,
3266 2025 3387 2093 post
3412 2018 3813 2078 abscessionem

2220 2112 2526 2160 nostrorum
2557 2106 2691 2161 nihil
2722 2105 2865 2163 aliud
2894 2124 3052 2179 quam
3096 2110 3291 2180 gratias
3319 2108 3618 2167 debuerant
3663 2127 3817 2169 reso-

2220 2211 2350 2252 nare
2392 2197 2561 2253 nostri
2601 2199 2833 2267 pectoris
2880 2199 3092 2272 gaudia.
3134 2198 3257 2255 Mihi
3285 2200 3468 2267 crede,
3502 2204 3733 2275 semper
3762 2204 3816 2259 in

2221 2288 2471 2344 omnibus
2516 2289 2866 2347 incredulitas
2918 2301 3134 2360 maeret,
3187 2302 3241 2349 et
3288 2294 3431 2350 sicut
3478 2310 3584 2351 non
3643 2306 3822 2368 potest

2223 2396 2385 2438 nosse
2408 2381 2539 2438 ﬁdes
2567 2383 2710 2456 quod
2737 2384 2938 2451 doleat,
2970 2386 3048 2441 sic
3085 2385 3381 2443 difﬁdentia
3403 2389 3517 2444 sola
3542 2386 3820 2446 doloribus

2226 2484 2437 2531 tenetur
2465 2476 2676 2532 ancilla.
2700 2476 2832 2533 Nam
2853 2478 2896 2534 si
2921 2478 3250 2536 dormientes
3272 2479 3521 2550 dicimus,
3543 2481 3820 2539 dormien-

2224 2579 2307 2644 tes
2349 2569 2532 2641 utique
2575 2569 2799 2628 credere
2843 2570 3133 2639 debemus,
3168 2589 3272 2629 non
3305 2582 3567 2642 mortuos,
3610 2575 3705 2631 scd
3738 2591 3824 2633 re-

2225 2661 2566 2733 quiescentes
2596 2664 2810 2720 interim
2825 2664 3118 2721 secundum
3144 2682 3327 2724 vocem
3355 2666 3564 2723 Domini
3587 2667 3825 2726 ﬁdeliter

2228 2755 2494 2827 loquentis
2525 2772 2539 2809 :
2570 2756 2773 2824 Omnis,
2816 2759 3007 2830 inquit,
3049 2760 3136 2832 qui
3174 2760 3332 2816 credit
3355 2760 3407 2815 in
3431 2777 3530 2828 me,
3559 2760 3671 2817 licet
3709 2778 3823 2817 mo-

2227 2850 2409 2919 riatur,
2430 2850 2556 2905 vivet
2580 2849 2784 2924 (Joan.,
2815 2853 2892 2923 xi,
2917 2851 3031 2927 25).
3050 2855 3108 2912 Si
3136 2855 3223 2911 cui
3251 2855 3493 2913 medicus
3514 2855 3677 2913 homo
3704 2872 3826 2931 pro-

2230 2944 2470 3001 mitteret
2527 2949 2809 3020 quicquam
2850 2995 2864 3023 ,
2916 2949 3035 3006 sine
3082 2949 3247 3006 dubio
3312 2951 3655 3022 promissioni
3709 2952 3827 3023 ejus

2234 3052 2430 3111 negare
2454 3055 2558 3096 non
2591 3041 2786 3112 poterit
2814 3043 3040 3099 omnino
3081 3044 3346 3100 laetitiam.
3390 3044 3543 3103 Nunc
3570 3046 3691 3117 quia
3723 3046 3828 3102 Do-

2235 3133 2415 3188 minus
2454 3130 2702 3189 Cbristus
2753 3133 3043 3193 fabricator
3069 3145 3126 3192 et
3154 3137 3504 3193 resuscitator
3542 3138 3825 3209 promittit,

511 3243 771 3291 -teteruam
814 3233 867 3285 in
899 3231 1037 3287 catis
1077 3230 1142 3301 (ll
1172 3229 1291 3287 Cor.
1343 3245 1396 3297 v,
1436 3230 1498 3299 l).
1552 3227 1735 3283 Caruit
1776 3240 1905 3297 ergo
1942 3225 2127 3292 domo,
2156 3215 2203 3281 ϐ
2238 3239 2349 3279 ηοη
2379 3225 2535 3282 times
2565 3225 2838 3298 plangere,
2870 3237 2927 3283 ut
2961 3215 3257 3284 ﬁdeliorem
3294 3227 3514 3286 Christo
3548 3232 3749 3307 pariter
3773 3241 3828 3288 et

539 3346 696 3403 qnam
730 3344 830 3386 nec
859 3344 1017 3384 nosse
1043 3326 1331 3389 debuerat;
1356 3321 1533 3379 caruit
1560 3322 1717 3377 malis
1741 3320 1967 3387 civibus,
1997 3333 2131 3389 quo-

534 3439 653 3479 rum
711 3420 833 3478 odia
882 3419 1200 3485 sustinebat,
1253 3431 1322 3471 ne
1368 3414 1542 3469 adlmc
1590 3412 2023 3483 peregrinaretur
2075 3411 2129 3467 in

540 3526 683 3573 terra
734 3513 1023 3578 contraria,
1073 3511 1210 3566 sicut
1252 3507 1542 3580 Apostolus
1588 3514 1852 3562 memorat
1884 3505 2071 3560 dicens
2116 3519 2130 3558 :

543 3610 798 3679 Quamdiu
825 3623 995 3663 smnus
1022 3607 1074 3661 in
1096 3606 1188 3660 hoc
1214 3604 1418 3669 swculo,
1441 3603 1822 3673 prrcgrinumur
1846 3618 1877 3653 a
1910 3597 2131 3655 Domino

549 3702 734 3771 (Ibid,
768 3701 847 3770 6).
887 3699 1000 3755 Non
1026 3696 1177 3753 nobis
1203 3712 1331 3767 ergo
1374 3694 1533 3750 debet
1573 3694 1745 3748 luctus
1787 3692 2129 3758 incumbere,

545 3797 786 3867 quisquis
833 3809 861 3848 a
898 3790 1327 3864 peregrinatione
1383 3787 1557 3844 redire
1600 3788 1858 3841 meruerit
1900 3785 1963 3839 ad
2007 3799 2132 3855 pro-

541 3892 709 3963 priam
744 3890 1053 3959 regionem,
1085 3887 1317 3941 maxime
1349 3897 1467 3937 cum
1500 3896 1605 3936 non
1647 3878 1820 3934 inanis
1850 3886 1905 3934 et
1934 3892 2133 3933 vacuus

546 3984 724 4040 redire.
769 3991 1021 4036 noscatur
1060 3981 1147 4049 qui
1178 3975 1579 4033 Christianitatis
1627 3980 1895 4027 mercatus
1941 3981 2021 4024 est
2052 3971 2133 4025 lu-

545 4095 717 4141 crum,
752 4084 967 4146 propter
1012 4072 1152 4140 quod
1190 4070 1335 4124 venit
1382 4070 1446 4124 ad
1492 4066 1673 4122 mundi
1725 4063 2129 4120 eummcrcium.

539 4170 820 4243 Negotium
879 4165 1186 4239 explicavit,
1239 4164 1413 4231 rediit,
1448 4173 1501 4218 et
1536 4165 1642 4219 Deo
1683 4160 1917 4216 debitum
1953 4159 2130 4213 solvit.

544 4266 888 4336 Contparavit
921 4273 1136 4334 propter
1177 4277 1334 4331 quam
1381 4257 1739 4313 descenderat
1780 4253 2129 4323 emptionem,

541 4371 593 4417 ct
622 4361 685 4415 ad
719 4358 997 4415 Dominum
1048 4353 1256 4425 regredi
1289 4351 1623 4422 properavit,
1648 4348 1733 4403 cui
1760 4347 1946 4401 olferat
1988 4360 2132 4399 tuer-

542 4470 684 4521 cem,
712 4461 767 4508 ιιι
811 4457 1133 4521 comparata:
1177 4446 1370 4501 mercis
1397 4454 1499 4499 tam
1529 4441 1870 4498 securitatem
1911 4437 2135 4507 accipiat

545 4564 702 4619 quam
735 4544 1015 4601 honorem.
1064 4541 1131 4597 Et
1166 4556 1285 4612 ego,
1314 4538 1537 4609 inquies,
1571 4535 1715 4591 nulla
1747 4532 2131 4603 promissorum

2235 3318 2595 3388 potentiorem
2626 3320 2893 3377 medicum
2928 3321 3160 3377 videaris
3193 3322 3243 3377 in
3270 3323 3824 3395 promissiOnibnsju-

2235 3409 2434 3468 dicare.
2465 3410 2569 3469 Sed
2596 3413 2925 3483 destitutam,
2956 3414 3114 3483 dicis,
3141 3414 3298 3470 doleo
3323 3424 3673 3480 senectutem,
3701 3419 3826 3489 quia

2235 3503 2532 3561 debueram
2580 3520 2728 3561 meos
2776 3506 2971 3562 liberos
3019 3507 3198 3577 potius
3252 3503 3613 3573 antecedere,
3666 3500 3745 3566 ne
3776 3512 3826 3567 in

2239 3597 2509 3652 laboribus
2538 3613 2895 3653 remanerem.
2934 3598 3158 3667 Quando
3186 3600 3252 3657 de
3280 3602 3652 3673 spiritualibus
3675 3603 3830 3661 bouis

2239 3689 2616 3762 quodcumque
2647 3698 2923 3757 tractatur,
2955 3691 3085 3746 nihil
3125 3702 3208 3749 est
3237 3695 3457 3750 omnino
3486 3695 3554 3750 de
3595 3695 3827 3753 carnali-

2248 3781 2347 3835 bus
2375 3790 2501 3838 ante
2528 3782 2713 3837 oculos
2742 3783 3131 3853 reponendum.
3167 3785 3277 3857 Ego
3318 3785 3409 3840 tibi
3445 3786 3637 3841 melius
3670 3788 3833 3860 proﬁ-

2242 3881 2358 3930 teor
2387 3875 2651 3941 evenisse,
2676 3876 2928 3945 quoniam
2960 3894 3063 3931 non
3095 3877 3363 3932 carnalem
3385 3877 3480 3932 sed
3504 3878 3829 3948 spiritualctn

2238 3966 2378 4021 eirea
2410 3973 2462 4021 te
2484 3967 2774 4022 considero
2800 3966 3131 4025 fidelitatem.
3162 3968 3241 4023 Tu
3280 3979 3331 4024 te
3360 3970 3492 4026 dicis
3522 3970 3587 4025 de
3610 3971 3831 4039 alicujus

2240 4059 2476 4131 pignoris
2521 4059 2668 4115 obitu
2718 4061 2770 4114 in
2823 4071 3100 4117 senectute
3147 4062 3468 4118 confzctum.
3506 4063 3613 4134 Ego
3645 4075 3831 4119 contra

2239 4150 2532 4223 cmnprolu)
2575 4154 2907 4210 sublevatam
2950 4162 3279 4209 senectutem
3325 4167 3487 4209 tuam.
3523 4157 3830 4227 Amputavit

2245 4246 2504 4303 Dominus
2532 4249 2943 4304 sollicitudinem
2971 4265 3089 4319 qua:
3114 4259 3165 4303 te
3191 4248 3470 4320 torquebat
3489 4248 3556 4303 de
3579 4249 3691 4303 viva
3725 4248 3828 4304 lilia

2234 4330 2315 4393 'nc
2346 4340 2566 4410 periret.
2612 4339 2799 4394 Melius
2827 4340 3010 4409 utique
3038 4355 3178 4394 nunc
3217 4349 3483 4395 mortuam
3516 4341 3828 4409 sa-culore-

2246 4432 2395 4488 disse
2428 4432 2493 4486 ad
2529 4429 2810 4488 Dominum
2846 4430 3018 4485 vivam
3059 4448 3216 4504 quam
3246 4433 3421 4488 vivam
3454 4432 3649 4488 saeculo
3675 4434 3828 4489 dole-

2242 4544 2328 4585 res
2377 4528 2598 4585 forsitan
2646 4528 2785 4600 apud
2826 4527 3107 4583 Dominum
3159 4537 3444 4583 mortuam.
3496 4528 3682 4585 Gaude
3735 4530 3829 4585 tibi

540 4611 839 4696 caelestium
892 4611 1222 4691 dubitatione
1261 4632 1571 4695 conturbor,
1633 4628 1726 4685 scd
1764 4629 1873 4683 sola
1919 4641 2134 4694 separa-
2158 4611 2213 4672 ἶ)
2250 4624 2391 4695 quod
2418 4624 2760 4679 christianum
2794 4623 3087 4680 merebcris
3117 4622 3264 4694 sequi
3292 4664 3307 4689 ,
3335 4638 3493 4692 quam
3522 4631 3735 4678 secutus
3777 4624 3830 4678 in

547 4734 692 4790 tione
721 4731 1001 4788 morientis
1026 4736 1262 4784 (esttrans
1290 4726 1559 4781 desolatus
1581 4725 1770 4781 snlatio
1799 4724 1869 4796 pii
1897 4722 2131 4795 pignoris

539 4828 733 4900 jactur.
764 4824 1048 4882 Excusatio
1076 4824 1191 4879 hate
1218 4820 1303 4877 est
1335 4822 1450 4876 sine
1489 4820 1652 4876 dubio
1699 4818 1995 4887 fragilitatis
2035 4817 2133 4872 bu-

550 4935 745 4983 mante,
790 4932 909 4988 quae
957 4913 1275 4985 patrocinari
1325 4928 1429 4967 non
1461 4918 1652 4982 'potest
1695 4909 2021 4964 difﬁdentiae.
2075 4909 2131 4964 Si

543 5013 686 5068 enim
708 5008 1096 5066 desolationem
1119 5005 1360 5061 homines
1387 5004 1530 5059 ferre
1559 5020 1663 5059 non
1688 5002 1945 5067 valerent,
1973 5018 2132 5057 nunt-

541 5121 698 5177 quam
742 5118 960 5174 prorsus
990 5117 1018 5153 a
1046 5115 1105 5155 se
1144 5114 1238 5154 sua
1270 5099 1492 5170 pignora
1515 5097 1866 5153 dimisisscnt.
1904 5097 2134 5152 Destitu-

538 5206 621 5250 tos
648 5210 706 5250 se
733 5210 763 5252 a
791 5192 1147 5270 morientibus
1172 5198 1595 5263 conqueruutur,
1626 5198 1679 5244 et
1704 5190 1851 5245 vivos
1882 5189 2016 5245 filios
2043 5198 2135 5263 aut

536 5296 755 5360 propter
791 5288 993 5341 litteras
1031 5295 1116 5341 aut
1146 5295 1367 5357 propter
1391 5284 1624 5340 honores
1648 5292 1738 5337 attt
1775 5295 1994 5354 propter
2039 5298 2134 5337 nc-

534 5381 675 5452 gotia
703 5379 998 5451 peregrinis
1039 5377 1345 5451 regionibus
1384 5376 1628 5442 credunt,
1661 5384 1734 5441 et,
1761 5375 1995 5448 gaudent
2024 5384 2132 5430 tota

533 5474 641 5526 vita
687 5466 807 5527 sine
855 5471 1131 5527 affectibus
1185 5471 1530 5537 commorari,
1578 5469 1870 5526 dummodo
1917 5471 2131 5540 capiant

534 5564 675 5636 quod
716 5564 784 5618 de
830 5563 940 5618 suis
974 5563 1195 5634 cupiunt
1238 5563 1550 5633 pignoribus
1587 5562 1845 5632 adipisci;
1897 5571 1946 5616 et
1979 5570 2035 5615 ιιι
2064 5561 2130 5616 ad

538 5657 728 5727 palatia
748 5664 993 5727 pergant,
1022 5654 1537 5731 peregrinantumAd
1550 5654 1723 5711 studia
1739 5652 2097 5725 dignitatisna
2109 5681 2129 5692 -

539 5749 1075 5822 vigantacquirenda,
1105 5748 1192 5805 vel
1232 5762 1421 5805 causas
1447 5748 1749 5820 patrimonii
1787 5745 2129 5817 explicandas

576 5853 637 5893 er
658 5839 867 5900 labores
895 5852 950 5899 et
990 5841 1225 5900 Pericula
1293 5840 1658 5899 roﬁcisceotcs
1695 5839 1996 5911 impellunt.
2031 5854 2132 5898 nec

2251 4716 2389 4771 creto
2417 4714 2650 4786 gaudeas
2675 4731 2861 4771 rursus
2907 4714 3176 4786 amplecti.
3225 4713 3340 4770 Non
3368 4723 3420 4770 te
3449 4715 3705 4784 deseruit,
3735 4716 3831 4772 scd

2246 4808 2554 4879 prtecessit;
2579 4818 2633 4865 ct
2654 4826 2720 4866 ne
2747 4808 2951 4865 doleret
2967 4808 3309 4864 excedentem
3333 4817 3538 4880 patrem
3558 4825 3835 4879 suscrpero

2238 4902 2543 4958 festinavit.
2579 4902 2695 4957 Non
2741 4903 2963 4957 amisisti
3008 4911 3091 4957 tua
3147 4901 3486 4979 nutrimenta.
3530 4902 3584 4958 Si
3632 4903 3833 4959 luctum

2251 4995 2526 5052 horrueris
2575 5005 2630 5053 et
2664 5012 2831 5052 senex
2878 5006 3021 5051 tuum
3061 4996 3315 5053 obtulisse
3368 4998 3555 5068 pignus
3606 4998 3833 5053 Domino

2250 5089 2509 5159 deputare
2539 5090 2759 5160 poteris,
2793 5099 2945 5160 potes
2974 5088 3264 5145 secundant
3291 5099 3470 5147 votum
3494 5089 3692 5148 habere
3713 5103 3836 5163 post

2245 5179 2539 5247 Abraham,
2565 5180 2607 5234 si
2633 5195 2736 5235 non
2763 5189 2914 5249 poles
2938 5181 3191 5252 primttm,
3215 5192 3270 5236 ttt
3295 5181 3437 5251 quod
3468 5182 3559 5237 ille
3587 5198 3691 5237 non
3727 5194 3830 5239 trc-

2240 5271 2441 5343 pidavit
2468 5273 2682 5340 offerre,
2712 5282 2766 5327 tu
2813 5273 3000 5327 saltem
3033 5273 3267 5328 videaris
3295 5273 3361 5330 de
3386 5275 3596 5331 sublato
3621 5274 3823 5347 gaude-

2239 5380 2316 5419 re.
2348 5363 2431 5419 Ab
2458 5364 2549 5420 illo
2580 5363 2837 5418 Dominus
2859 5366 3165 5434 postulavit,
3188 5382 3214 5418 a
3239 5376 3290 5420 te
3313 5366 3451 5421 tulit.
3484 5366 3830 5439 lllejussioni

2238 5457 2433 5527 paruit,
2484 5462 2539 5510 tu
2590 5456 2853 5511 voluntati
2903 5455 3245 5512 consensisti.
3302 5457 3398 5512 Ille
3449 5474 3545 5523 per
3591 5458 3828 5515 illicitatn

2237 5551 2408 5620 legem
2438 5558 2641 5605 naturae
2672 5567 2843 5620 quem
2874 5551 3130 5607 Dominus
3157 5554 3255 5607 sibi
3288 5552 3531 5622 probavit
3552 5553 3827 5622 devotum,

2237 5651 2288 5695 te
2321 5641 2510 5697 saltem
2543 5656 2637 5710 per
2667 5641 2863 5696 licitam
2905 5642 3269 5703 conditionem
3297 5645 3574 5718 religionis
3612 5655 3833 5701 annotct

2238 5737 2568 5808 religiosum,
2598 5739 2825 5797 advocet
2860 5740 3196 5812 religiosum.
3234 5740 3368 5798 Nam
3413 5743 3528 5798 sive
3557 5740 3832 5803 voluntate

2234 5848 2335 5893 nec
2379 5834 2700 5893 necessitate
2744 5833 3088 5906 compelleris
3121 5832 3424 5891 devotionis
3469 5834 3695 5891 Domino
3736 5832 3827 5888 ali-
