4332 6292
442 315 549 385 ᾇ37

1376 314 1709 374 EPISTULA
1751 314 1842 370 AD
1883 313 2239 372 TURASIUM
2279 315 2815 376 PRESBYTERL’M.

3641 320 3751 377 458

447 431 572 506 quid
598 429 876 496 exhibere,
912 427 966 485 in
996 442 1095 498 qua
1144 437 1292 500 parte
1334 439 1384 487 te
1425 430 1773 486 christianum
1827 430 2033 498 poteris
2063 429 2281 498 Aquod
2315 431 2396 484 vel
2424 430 2493 486 de
2537 433 2820 502 occasione
2849 417 3047 489 debeas
3101 432 3336 489 tolerare
3380 432 3590 488 Domini
3649 450 3742 488 vo-

449 524 768 597 approbare.
795 521 1093 579 Erubescat
1122 522 1468 580 incredulitas
1498 531 1681 591 nostra
1712 536 1832 577 cum
1863 522 2039 593 gentl-

447 618 618 681 libus,
665 617 711 671 si
765 614 995 670 Domino
1042 616 1156 669 vult
1219 628 1341 671 esse
1409 614 1667 685 subjecta.
1730 611 2045 668 Communis

449 720 533 769 est
552 709 708 765 nobis
729 723 855 765 cum
884 707 991 763 illis
1016 706 1191 763 exitus
1221 708 1413 762 mortis
1436 747 1451 773 ,
1495 716 1550 762 et
1577 706 1794 762 dolores
1831 705 2045 762 illorum

450 816 769 874 superamus
839 799 1114 855 doloribus
1159 799 1379 855 nostris.
1442 798 1579 868 Quid
1651 813 1932 870 ageremus
1999 800 2045 855 si

453 891 797 964 peculiariter
823 890 1024 962 aliquid
1068 890 1374 962 exigeretur
1402 905 1432 946 a
1474 890 1629 947 nobis
1658 890 1801 962 quod
1839 890 1904 946 ad
1951 891 2049 947 de-

454 988 623 1045 decus
676 993 922 1042 nostrum
978 985 1313 1056 pertineret?
1378 983 1621 1041 Gentiles
1671 984 1887 1039 dolores
1945 999 2049 1040 sa:-

450 1095 532 1152 pe'
580 1084 961 1143 contemnunt,
1022 1090 1144 1132 cum
1206 1089 1313 1131 non
1375 1075 1440 1131 ad
1495 1075 1758 1146 promissa
1811 1075 2048 1131 coelestia

452 1168 549 1228 sed
575 1168 640 1224 ad
664 1182 849 1240 pinnas
874 1168 1058 1222 tartari
1091 1167 1386 1237 rapiantur.
1421 1167 1488 1221 Et
1529 1179 1627 1221 nos
1656 1167 1721 1229 "3
1751 1165 2049 1237 plangimus

453 1270 645 1320 euntes
706 1261 775 1316 ad
840 1259 1057 1316 ccelum.
1136 1257 1465 1314 Consideret.
1526 1257 1852 1313 christianos
1894 1258 2049 1313 ‘talis
2102 1296 2103 1299 η

451 1356 579 1429 quid
624 1355 882 1425 deinceps
940 1361 1216 1409 mereatur
1253 1353 1345 1423 qui
1390 1365 1490 1407 nec
1528 1351 1725 1405 imitari
1773 1348 2051 1405 contendit

452 1450 698 1521 exempla
739 1455 1070 1509 sanctorum.
1103 1460 1203 1501 nec
1251 1451 1613 1513 contemptum
1641 1441 1840 1497 habere
1872 1442 2050 1512 genti-

453 1543 603 1598 lium.
632 1540 718 1597 llli
754 1538 931 1594 luctus
970 1534 1308 1609 desperando
1345 1533 1682 1607 despiciunt,
1714 1544 1769 1590 et
1805 1550 1901 1588 nos
1928 1547 2051 1603 spe—

456 1634 627 1692 rando
655 1632 937 1703 despicere
984 1645 1263 1687 conamur.
1309 1628 1551 1701 Denique
1595 1625 1830 1683 vendere
1852 1627 2051 1681 liberos

456 1739 603 1797 szepe
646 1709 754 1780 non
783 1721 1048 1788 dubitant,
1079 1728 1135 1777 ut
1155 1720 1327 1786 vivos,
1357 1717 1495 1791 quod
1525 1716 1676 1790 peius
1725 1728 1807 1774 est
1832 1759 1847 1785 ,
1899 1732 2051 1788 sper-

464 1929 564 1972 nos
602 1912 843 1970 sublatos
865 1910 1159 1984 captivitati
1198 1918 1252 1965 et
1277 1907 1526 1964 libertate
1554 1904 1783 1962 donatos
1807 1904 2055 1959 volumus

459 2004 687 2062 servire.
719 2001 889 2058 Filios
934 2015 1062 2057 suos
1105 1998 1369 2072 intrepide
1414 1996 1737 2054 mortalibus
1793 1994 2051 2063 tradunt,

460 2107 514 2155 et
554 2112 652 2154 nos
675 2097 746 2153 de
786 2104 974 2151 nostro
1009 2093 1169 2150 simul
1215 2102 1270 2148 et
1315 2105 1442 2147 suos
1485 2088 1684 2147 liberos
1730 2099 1786 2145 et
1840 2098 2057 2144 nostros

462 2190 770 2248 liberandos
813 2188 1083 2244 dimittere
1131 2185 1389 2257 sacrilega
1456 2192 1638 2240 mente
1698 2194 2052 2251 cunctamur,

463 2282 613 2354 quasi
658 2279 823 2336 tutius
880 2278 1019 2350 apud
1061 2276 1306 2333 homines
1352 2274 1657 2347 iudicemus
1698 2276 1870 2345 magis
1896 2290 2057 2346 quam

463 2386 632 2445 penes
670 2370 960 2426 Dominum
990 2367 1358 2425 commendari
1386 2367 1619 2438 aliquem
1664 2365 1924 2420 ﬁliorum.
1952 2365 2060 2422 Pu-

466 2468 701 2525 dendum
742 2466 927 2524 nescio
973 2465 1099 2537 quid
1142 2462 1468 2519 christianns
1518 2469 1603 2516 est
1646 2458 1787 2531 apud
1832 2460 2060 2530 gentiles

469 2562 766 2635 opprobrii;
797 2559 994 2632 quibus
1011 2558 1230 2629 pejores
1256 2556 1375 2611 sine
1403 2553 1565 2609 dubio
1588 2552 1899 2623 iudicantur
1925 2567 2062 2622 quos

468 2668 627 2725 pares
653 2653 852 2709 habere
890 2665 997 2705 non
1025 2649 1199 2704 dicam
1239 2646 1490 2702 meliores
1530 2643 1702 2700 fuerat
1735 2653 1929 2715 putare
1953 2644 2060 2699 cri-

469 2747 757 2802 minosum.
820 2742 1109 2799 Christiani
1154 2739 1346 2795 nolunt
1396 2739 1481 2794 vel
1534 2738 1889 2809 gratulatione
1936 2753 2064 2793 suos

468 2838 741 2895 deducere
763 2833 831 2892 ad
859 2835 1021 2901 bona,
1043 2832 1271 2904 gentiles
1295 2830 1504 2887 tradere
1525 2844 1633 2886 non
1655 2836 1973 2885 cunctantur
2000 2830 2065 2885 ad

470 2932 635 2988 maia.
664 2931 946 2987 Postremo
991 2927 1076 2985 vel
1114 2941 1238 2984 cum
1284 2926 1398 2995 ipsa
1452 2924 1705 2981 felicitate
1754 2932 2071 2985 nostrorum,

470 3023 815 3082 morientium
840 3034 1097 3092 cogamur
1133 3019 1369 3074 animum
1397 3016 1638 3083 ﬂectere,
1690 3025 1745 3072 et
1783 3016 2069 3074 desideriis

472 3132 659 3175 eorum
687 3113 955 3172 desideria
997 3120 1179 3169 nostra
1208 3111 1464 3182 incipiant
1503 3124 1827 3181 repugnare.
1850 3109 2065 3166 Lzetan-

2151 519 2448 589 luntatem,
2495 523 2583 577 cui
2633 536 2738 578 non
2785 532 2939 599 potes
2994 522 3385 583 contradicere.
3432 524 3646 579 Etcum
3680 526 3750 580 sit

2152 611 2403 667 omnibus
2429 614 2729 669 communis
2755 611 2845 669 hic
2882 630 3069 681 casus,
3105 629 3274 669 vanus
3317 613 3471 669 dolor
3496 625 3609 680 est,
3653 616 3748 685 qui

2153 719 2254 760 nec
2280 705 2488 776 primus
2512 707 2724 761 videtur
2744 722 2866 763 esse
2895 723 2997 764 nec
3025 707 3193 764 solus.
3227 706 3331 764 Sed
3353 707 3488 762 dicis
3522 726 3535 763 :
3561 708 3749 765 Nullus

2154 811 2242 853 me
2268 796 2336 853 de
2362 813 2482 854 mea
2508 797 2844 856 desolatione
2873 800 3066 855 mentis
3093 813 3262 869 angor
3286 799 3599 866 exulcerat,
3652 800 3750 855 SCtl

2154 906 2253 961 pro
2296 891 2507 948 delictis
2552 892 3084 965 parvuli‘morientis
3140 891 3486 948 humanitatis
3527 892 3750 949 allectus

2154 984 2429 1057 impulsat.
2455 985 2567 1040 Nec
2594 986 2697 1041 hoc
2717 986 2843 1041 licet
2867 1000 3211 1045 commovere
3237 986 3475 1041 animum
3505 985 3751 1041 christia-

2154 1092 2318 1144 num,
2349 1094 2418 1134 ne
2447 1089 2637 1135 contra
2684 1078 2886 1134 Christi
2927 1079 3152 1149 imperia
3180 1080 3432 1135 luctetur.
3484 1079 3622 1148 Quid
3669 1088 3752 1135 est
3810 1126 3816 1131 _

2155 1172 2296 1227 inter
2329 1186 2696 1244 quoscumque
2737 1182 2790 1228 et
2817 1173 3235 1243 qualescumque
3278 1171 3415 1227 ﬁlios
3444 1171 3710 1227 dimisisse
3731 1214 3749 1237 ,

2155 1277 2288 1333 quos
2314 1263 2599 1333 jubeamur
2623 1279 2654 1318 a
2677 1264 2900 1318 Domino
2921 1278 3020 1333 pro
3044 1278 3206 1320 causa
3224 1262 3526 1318 deretiouis
3547 1263 3747 1329 odisse,

2156 1353 2346 1408 Melius
2372 1370 2514 1409 nunc
2551 1356 2722 1411 salvat
2746 1355 2978 1409 animam
3003 1371 3152 1410 suam
3181 1356 3439 1411 moriens.
3472 1356 3756 1426 Relinquit

2156 1446 2208 1499 in
2235 1461 2383 1515 pace,
2408 1463 2476 1501 ne
2498 1449 2933 1518 persecutionem
2966 1448 3238 1504 dimittere
3264 1463 3384 1504 cum
3408 1462 3506 1503 suo
3533 1448 3753 1502 interitu
3825 1514 3828 1517 λ

2156 1550 2262 1591 non
2291 1537 2521 1603 valeret,
2564 1538 2678 1607 ipse
2723 1539 2798 1593 illi
2846 1538 3137 1594 auxiliatur
3173 1539 3229 1594 in
3279 1538 3482 1594 mundo
3522 1553 3751 1608 quorum

2157 1638 2330 1685 mater
2357 1629 2562 1686 habitat
2588 1631 2639 1685 in
2664 1632 2822 1699 casto,
2856 1639 2911 1687 et
2937 1632 3028 1702 qui
3057 1632 3213 1686 matri
3240 1632 3513 1698 subvenit,
3544 1640 3597 1685 et
3627 1630 3753 1685 tiliis

2157 1736 2255 1793 pro
2282 1732 2431 1778 certo
2453 1724 2736 1779 succurrit.
2783 1724 3063 1778 Postremo
3087 1723 3209 1779 vide
3248 1724 3293 1778 si
3325 1724 3519 1783 habeat
3563 1723 3754 1793 aliquis

360 1821 369 1827 ’
456 1827 608 1877 nant.
639 1818 708 1875 Et
744 1832 843 1874 nos
873 1831 973 1873 nec
1009 1814 1386 1872 defunctorum
1426 1811 1605 1869 obitus
1649 1810 1948 1868 sublevant.
1981 1812 2052 1865 Et
2080 1827 2128 1888 Β
2156 1815 2343 1870 dolore
2368 1814 2612 1881 concidi,
2648 1816 2737 1870 ubi
2781 1816 2899 1870 sine
2932 1815 3112 1886 aliquo
3156 1815 3396 1871 remedio
3442 1825 3617 1886 potest.
3656 1817 3756 1870 ali-

2159 1909 2279 1980 quis
2309 1907 2535 1979 tatigari.
2595 1908 2877 1979 Sapienter
2918 1909 3078 1965 debet
3121 1909 3310 1965 dolere
3355 1910 3448 1981 qui
3487 1909 3653 1975 dolet,
3685 1925 3754 1965 ne

2160 1999 2348 2070 perdat
2376 2000 2493 2055 sine
2517 2015 2677 2055 causa
2735 2000 2879 2071 quod
2931 2000 3097 2057 dolet.
3146 2000 3299 2057 Nunc
3338 2008 3519 2056 autem
3565 2011 3754 2055 contra

2161 2094 2362 2149 luctum
2388 2094 2651 2149 sumenda
2679 2101 2803 2148 sunt
2831 2109 3017 2162 arma,
3075 2103 3135 2149 ut
3178 2110 3303 2166 spes
3349 2104 3533 2151 nostra
3588 2094 3759 2164 possit

2162 2188 2363 2245 habere
2380 2189 2681 2244 victoriam.
2720 2187 3098 2258 Principaliter
3125 2188 3267 2259 quod
3295 2188 3555 2243 Dominus
3590 2186 3760 2241 voluit

2163 2284 2438 2353 suscipere
2458 2281 2808 2353 gratulemur.
2844 2281 3085 2350 Denique
3127 2281 3247 2351 quia
3293 2281 3397 2336 hoc
3425 2281 3675 2337 omnibus
3702 2280 3756 2333 in

2164 2381 2364 2437 mundo
2391 2394 2677 2437 commune
2704 2378 2952 2447 additur,
3002 2379 3263 2448 privatum
3296 2377 3619 2449 particularc
3650 2390 3720 2430 no
3740 2404 3756 2416 -

2164 2485 2333 2529 strum
2386 2472 2531 2543 quod
2566 2472 2636 2527 ad
2686 2471 2927 2542 requiem
2956 2485 3293 2526 revocamur.
3336 2469 3594 2541 Sequitur
3636 2482 3762 2523 eon-

2166 2567 2454 2625 snmmatio
2479 2565 2720 2623 omnium
2742 2564 3083 2637 gaudiorum,
3116 2579 3236 2635 quae
3265 2564 3320 2618 in
3362 2562 3758 2619 resurrectione

2166 2659 2394 2715 invicem
2427 2658 2582 2713 nobis
2631 2657 2857 2711 Domino
2912 2655 3242 2712 reformante
3293 2654 3568 2719 reddetur,
3621 2654 3760 2707 sicut

2169 2750 2458 2820 Apostolus
2487 2747 2770 2818 pollicetur
2815 2765 2827 2801 :
2860 2746 3118 2802 Nolumus
3170 2747 3326 2820 igitur
3377 2748 3616 2819 ignorare
3640 2760 3760 2807 vos.

2171 2846 2375 2913 fratres,
2408 2840 2470 2893 de
2494 2838 2876 2903 dormientibus,
2914 2847 2970 2893 ut
2996 2855 3096 2893 non
3144 2838 3509 2892 contristemini
3554 2836 3684 2890 sicut
3712 2843 3763 2889 et

2170 2932 2339 2988 σωτετί
2362 2932 2449 3003 qui
2485 2946 2625 3001 spem
2664 2947 2767 2985 non
2806 2929 3010 2985 habent.
3061 2929 3124 2985 Si
3162 2933 3295 2984 enim
3338 2929 3589 2983 credimus
3626 2927 3761 2997 quod

2174 3025 2327 3080 Jesus
2356 3032 2587 3078 mortuus
2612 3031 2683 3076 est
2714 3030 2761 3075 et
2787 3020 3097 3085 resurrexit,
3128 3021 3200 3073 sic
3228 3028 3275 3073 et
3300 3035 3383 3074 eos
3412 3019 3498 3089 qui
3537 3018 3761 3071 dormie-

2171 3127 2291 3174 runt
2333 3119 2385 3172 in
2415 3115 2541 3171 Jesu
2571 3116 2787 3171 adducet
2822 3130 2936 3169 cum
2965 3130 3023 3168 eo
3069 3112 3112 3187 (Ι
3139 3111 3319 3167 Thess.
3344 3128 3425 3179 tv,
3476 3109 3588 3183 12).
3638 3110 3766 3165 Ιιιιια

476 3221 563 3267 tur
583 3210 658 3266 illi
684 3209 779 3280 qui
800 3215 999 3265 exeunt
1030 3205 1313 3262 venientes
1357 3204 1425 3260 ad
1474 3205 1738 3275 requiem.
1798 3204 2068 3260 Laetamur
2093 3212 2138 3275 ρ
2174 3210 2264 3265 tibi
2290 3253 2304 3275 ,
2335 3206 2616 3263 benedicta
2639 3248 2653 3274 ,
2706 3220 2802 3276 pro
2826 3204 3086 3260 eharitate
3116 3212 3296 3259 mutua
3328 3201 3618 3258 transmisi.
3650 3199 3764 3255 Cm-

475 3311 529 3357 et
554 3315 654 3357 nos
702 3314 824 3356 cum
878 3299 1041 3370 ipsis,
1093 3298 1281 3353 saltem
1334 3305 1710 3367 computantes
1753 3305 2064 3370 nostrorum

480 3394 789 3453 exeuntium
814 3390 1225 3450 beatitudinem.
1274 3389 1331 3446 Si
1374 3365 1660 3460 religiosus
1706 3388 1789 3444 vel
1835 3365 2069 3444 novitius

478 3488 568 3560 qui
598 3487 788 3554 evasit,
844 3486 890 3542 si
943 3500 1052 3541 non
1098 3492 1251 3554 potes
1294 3481 1379 3538 vel
1407 3480 1587 3537 exulta
1627 3481 1750 3551 quia
1800 3479 2066 3551 placuisse

479 3580 760 3653 cognoscis
780 3577 1116 3654 participium
1144 3577 1220 3634 tui
1243 3575 1518 3648 sanguinis
1559 3573 1807 3643 Christo,
1838 3575 2070 3634 maxime

2175 3313 2347 3360 terum
2378 3302 2489 3356 scio
2516 3308 2568 3355 te
2610 3299 2746 3354 bene
2774 3297 2974 3363 valere,
3005 3296 3140 3350 alios
3164 3295 3454 3351 consolari.
3506 3294 3657 3348 Tunc
3711 3304 3763 3347 te

2174 3397 2378 3452 orbitas
2408 3410 2516 3450 non
2548 3393 2786 3448 inveniet
2824 3389 3212 3462 penetrabilem
3236 3430 3251 3456 ,
3305 3389 3351 3444 si
3394 3388 3529 3444 alios
3573 3398 3759 3443 contra

2172 3488 2315 3544 illam
2343 3502 2449 3543 non
2475 3483 2713 3542 cessabis
2737 3483 3111 3554 armare.0pto
3139 3489 3213 3551 te,
3234 3480 3401 3537 frater
3423 3479 3762 3548 citatissime,

2176 3597 2391 3656 semper
2416 3582 2555 3639 bene
2575 3579 2759 3638 valere
2785 3572 3037 3637 et’nostri
3066 3575 3397 3635 meminisse.

1847 4702 2421 4759 *σῶα-...-
