4302 6296
570 327 681 396 443

1962 337 2098 396 DIVI
2135 337 2455 399 CYPRIANI

3772 339 3877 405 ll!

573 455 686 528 gari
719 449 1056 526 postmodum
1094 451 1304 523 patitur,
1334 451 1427 510 sed
1479 452 1608 524 ipsis
1639 454 1815 526 potius
1861 455 2052 526 quibus
2082 472 2168 512 sa-
2195 457 2245 519 Α
2273 457 2485 528 placere
2517 461 2762 531 cuiquam
2797 460 2896 517 nisi
2939 457 3160 517 domino
3189 473 3289 519 suo
3338 459 3607 530 studeant,
3638 477 3664 516 a
3691 478 3797 535 quo
3824 472 3877 523 ct

573 558 730 604 natus
761 547 934 602 fuerat
962 547 1264 614 maneipato
1285 546 1496 616 gravius
1524 547 1904 616 comminatur,
1932 548 2072 620 quod
2097 550 2165 604 sit

573 638 780 694 scilicet
834 637 1010 692 minor
1049 637 1206 706 culpa
1249 637 1539 709 deliquisse
1586 649 1710 695 ante
1768 656 1889 696 cum
1939 641 2164 696 necdum

576 743 766 785 nosses
803 728 1140 800 disciplinam
1178 731 1292 798 Dei,
1318 733 1460 786 nulla
1487 732 1554 787 sit
1576 734 1728 789 venia
1762 743 1786 769 ἰ
1818 736 1955 789 ultra
1991 735 2168 791 delin-

571 837 739 895 quere
767 831 1046 894 postquam
1082 825 1244 879 Deum
1283 839 1442 881 nosse
1470 826 1698 897 ccepisti.
1727 828 1789 881 Et
1818 827 2033 898 quidem
2066 829 2166 884 hoe

573 927 678 973 tam
704 917 807 972 viri
831 931 990 988 quam
1020 919 1293 984 mulieres,
1318 927 1424 974 tam
1454 921 1604 991 pueri
1659 936 1819 991 quam
1848 921 1915 953 1”
1949 921 2161 992 puellm,

573 1025 736 1068 sexus
755 1012 930 1067 omnis
951 1019 1110 1083 atque
1137 1013 1314 1068 omnis
1343 1023 1472 1069 aetas
1497 1014 1771 1083 observet,
1799 1023 1851 1070 et
1874 1025 2041 1082 curet,
2069 1031 2166 1086 pro

572 1103 831 1177 religione
867 1113 921 1161 et
955 1105 1059 1161 [ide
1085 1122 1244 1178 quam
1277 1107 1385 1162 Deo
1413 1107 1591 1173 debet,
1639 1125 1707 1164 ne
1748 1109 1890 1178 quod
1920 1125 2165 1167 sanetum

571 1209 627 1256 et
648 1198 838 1270 plirum
859 1198 927 1255 de
956 1199 1168 1254 Domini
1198 1201 1503 1272 dignatione
1522 1201 1832 1272 percipitur,
1864 1203 2040 1261 minus
2059 1207 2168 1261 sol-

575 1295 724 1350 licito
769 1295 962 1351 timore
995 1303 1258 1351 teneatur.

641 1388 730 1445 ill.
767 1387 919 1443 Nunc
964 1389 1120 1444 nobis
1158 1389 1223 1444 ad
1269 1389 1502 1461 virgines
1555 1404 1734 1446 sermo
1783 1399 1895 1457 est;
1942 1407 2166 1462 quarum

572 1495 680 1552 quo
701 1480 979 1536 sublimior
1005 1481 1172 1552 gloria
1215 1489 1317 1548 est,
1345 1480 1516 1552 major
1535 1491 1591 1536 et
1634 1495 1761 1537 cura
1799 1491 1900 1538 est.
1939 1483 2063 1539 Flos
2087 1494 2168 1540 est

574 1574 663 1629 ille
689 1573 716 1613 ιτ
743 1575 1095 1630 ecclesiastici
1137 1575 1412 1647 germinis,
1459 1575 1625 1632 decus
1669 1585 1828 1647 atque
1876 1593 2167 1634 ornamen-

573 1675 684 1722 tum
716 1667 901 1738 gratia:
931 1666 1206 1737 spiritalis,
1237 1668 1361 1722 laeta
1397 1667 1624 1737 indoles,
1669 1669 1840 1726 laudis
1865 1678 1922 1726 et
1950 1671 2168 1728 honoris

572 1774 707 1830 opus
730 1759 996 1830 integrum
1013 1767 1173 1830 atque
1201 1760 1590 1829 incorruptum,
1618 1761 1710 1816 Dei
1743 1761 1917 1832 imago
1944 1777 2168 1832 respon-

2273 552 2580 610 mcrcedem
2609 556 2927 626 virginitatis
2958 564 3280 626 expectant,
3316 555 3530 611 dicente
3563 556 3678 627 ipso
3706 575 3716 611 :
3753 557 3874 613 Non

2269 660 2441 699 omnes
2487 647 2694 716 capiunt
2726 648 2948 716 verbum,
2981 648 3070 703 sed
3096 647 3174 702 illi
3199 646 3378 717 quibus
3409 647 3584 700 datum
3613 657 3703 702 est.
3740 647 3875 703 Sunt

2269 738 2400 792 enim
2439 738 2690 808 spadones
2741 740 2827 809 qui
2873 756 2935 794 ea:
2982 749 3122 794 utero
3160 740 3336 793 matris
3367 739 3438 793 sic
3484 740 3592 792 nati
3648 748 3784 806 sunt,
3827 749 3876 794 et

2269 839 2385 884 sum
2403 819 2654 902 spadones
2679 833 2764 904 qui
2792 834 2950 888 coacti
2976 842 3092 887 sunt
3116 833 3180 886 ab
3207 832 3512 898 hominibus,
3536 841 3582 886 et
3612 839 3728 886 sunt
3753 849 3876 901 spa-

2250 920 2425 981 dones
2448 925 2530 994 qui
2567 939 2618 977 se
2640 925 2778 994 ipsos
2800 933 3144 980 castraveruut
3175 935 3380 995 propter
3400 941 3609 994 regnum
3631 921 3874 979 coriorum

2271 1011 2485 1084 (Matth.
2533 1029 2645 1078 XIX,
2682 1013 2769 1080 ll,
2808 1012 2918 1085 ιε).
2965 1014 3150 1069 Denuo
3189 1029 3402 1085 quoque
3445 1030 3541 1084 per
3578 1014 3716 1068 hanc
3756 1014 3872 1069 Au-

2269 1104 2373 1175 geli
2400 1120 2584 1161 vocem
2637 1107 2981 1162 continentia:
3028 1123 3220 1162 munus
3251 1107 3569 1175 ostenditur,
3590 1105 3870 1180 virginitas

2273 1198 2588 1268 prmdicatnr
2617 1216 2629 1254 :
2664 1197 2735 1253 lli
2764 1211 2880 1254 sunt
2907 1201 2993 1270 qui
3022 1216 3135 1255 cum
3181 1202 3472 1255 mulieribus
3499 1219 3552 1257 se
3592 1217 3691 1256 non
3726 1204 3872 1257 coin-

2269 1291 2620 1361 quinavcruut.
2666 1289 2894 1364 Virgines
2921 1292 3051 1345 enim
3081 1302 3485 1362 permanserunt.
3523 1291 3594 1346 lli
3633 1302 3752 1347 sunt
3787 1295 3875 1364 qui

2271 1394 2547 1454 sequuntur
2570 1385 2767 1455 Agnum
2799 1399 3113 1455 quocumque
3137 1385 3248 1439 ierit
3278 1376 3460 1458 (Apoc.
3495 1399 3601 1453 xw,
3629 1382 3705 1458 4).
3756 1383 3864 1440 Ne-

2272 1491 2375 1546 que
2399 1476 2542 1532 enim
2577 1486 2778 1531 tantum
2815 1477 3066 1532 masculis
3091 1477 3435 1532 continentia
3467 1475 3729 1547 gratiami
3769 1477 3868 1530 Do-

2271 1569 2450 1623 minus
2481 1568 2803 1639 repromittit
2831 1578 2886 1624 et
2916 1569 3143 1624 feminas
3174 1570 3430 1640 prseterit,
3462 1568 3577 1633 sed,
3611 1568 3870 1639 quoniam

2272 1662 2467 1719 femina
2496 1663 2595 1718 viri
2628 1664 2802 1734 portio
2828 1673 2910 1718 est
2947 1673 3000 1718 et
3027 1679 3092 1719 ex
3119 1678 3184 1718 eo
3211 1673 3420 1734 sumpta
3449 1673 3610 1733 atque
3638 1660 3867 1716 formata

2271 1766 2372 1822 est,
2400 1756 2451 1811 in
2485 1757 2777 1829 Scripturis
2801 1758 2910 1813 fere
2938 1759 3189 1814 omnibus
3219 1756 3282 1812 ad
3319 1757 3702 1829 prntoplastum
3731 1756 3870 1812 Deus

571 1851 703 1908 deus
725 1851 791 1904 ad
839 1851 1246 1906 sanctimoniam
1286 1851 1517 1918 Domini,
1551 1851 1810 1907 illustrior
1842 1855 2016 1924 portio
2045 1870 2163 1925 gre-
2193 1853 2240 1914 B
2269 1851 2531 1922 loquitur,
2565 1853 2686 1921 quia
2709 1861 2831 1905 sunt
2857 1850 2962 1905 duo
2989 1851 3040 1905 in
3073 1866 3232 1906 carne
3256 1865 3356 1905 una
3381 1857 3432 1905 et
3457 1849 3508 1905 in
3538 1847 3775 1903 masculo
3796 1847 3868 1902 si-

571 1942 652 2012 gis
682 1941 900 1996 Christi.
951 1941 1159 1999 Gaudet
1185 1952 1204 1980 ο
1239 1957 1335 2013 per
1365 1943 1482 1997 illas
1509 1952 1670 2014 atque
1714 1945 1766 1998 in
1813 1945 1917 2001 illis
1949 1947 2165 2016 largiter

572 2034 727 2089 ﬂoret
744 2031 994 2089 Ecclesiae
1018 2035 1202 2089 matris
1228 2033 1459 2104 gloriosa
1489 2033 1832 2101 foecunditas;
1856 2045 2165 2108 quantoque

570 2124 693 2196 plus
738 2125 953 2195 copiosa
1021 2124 1294 2195 virginitas
1341 2139 1565 2180 numero
1609 2127 1729 2180 'suo
1786 2126 1971 2193 addit,
2019 2138 2164 2183 tanto

573 2217 692 2287 plus
716 2217 964 2287 gaudium
994 2216 1179 2272 matris
1195 2212 1223 2253 σί
1249 2217 1506 2287 augescit.
1527 2216 1608 2274 Ad
1637 2217 1732 2272 has
1753 2217 2044 2290 loquimur,
2068 2220 2165 2277 has

571 2310 920 2366 adhortamur
973 2308 1257 2366 affectione
1304 2311 1481 2381 potius
1516 2325 1672 2380 quam
1707 2320 2006 2380 potestate;
2058 2329 2162 2370 non

570 2403 732 2475 quod,
764 2404 987 2458 extremi
1011 2411 1063 2457 et
1079 2403 1284 2457 minimi
1306 2413 1328 2439 ο
1347 2413 1401 2457 et
1425 2403 1739 2458 humilitatis
1762 2413 1959 2459 nostrre
1982 2405 2166 2461 admo-

569 2496 696 2550 dum
728 2495 951 2564 conscii,
971 2495 1164 2567 aiiquid
1196 2495 1211 2532 τ
1243 2494 1311 2550 ad
1352 2510 1633 2551 censuram
1664 2497 1894 2552 licentia:
1924 2499 2162 2556 vindice-

569 2603 709 2654 mus,
761 2589 855 2645 sed
895 2587 1036 2658 quod
1064 2597 1110 2653 8,
1134 2588 1201 2643 ad
1241 2587 1655 2644 sollicitudinem
1684 2586 1709 2626 ¹ι
1740 2590 1907 2661 magis
1949 2593 2087 2646 cauti
2120 2593 2158 2661 ί,

569 2683 688 2752 plus
714 2680 781 2736 de
820 2679 1018 2736 diaboli
1045 2680 1384 2737 infestatione
1426 2683 1729 2738 timeamus.

641 2773 728 2830 iV.
757 2773 940 2846 Neque
981 2774 1125 2829 enim
1157 2775 1330 2830 inanis
1354 2774 1465 2829 haec
1495 2777 1672 2832 cautio
1697 2786 1779 2832 est
1812 2787 1869 2834 et
1890 2793 2022 2833 vana
2053 2779 2162 2835 for-

568 2865 713 2922 mido
741 2877 862 2937 Qua:
893 2866 958 2920 ad
996 2866 1185 2922 Salutis
1212 2867 1348 2921 viam
1377 2868 1629 2935 consulit,
1662 2885 1776 2938 qua:
1808 2869 2081 2927 Dominica
2109 2881 2164 2928 et

567 2960 747 3016 vitalia
798 2969 1065 3030 praecepta
1091 2960 1345 3027 custodit,
1376 2970 1430 3015 ut
1459 2977 1577 3032 qua:
1604 2974 1662 3016 se
1690 2961 1904 3018 Christo
1951 2964 2163 3020 dicave-

568 3052 699 3119 rint,
730 3060 784 3107 et
814 3066 844 3106 a
874 3053 1072 3108 carnali
1103 3051 1534 3122 concupiscentia
1570 3053 1884 3112 recedentes
1919 3064 2024 3111 tam
2047 3073 2164 3112 Car-

565 3160 632 3201 ne
662 3159 818 3216 quatn
863 3154 1043 3202 mente
1084 3161 1142 3202 se
1187 3145 1296 3201 Deo
1325 3147 1600 3214 voverint,
1627 3133 2000 3206 consumment
2029 3166 2163 3223 opus

2269 1942 2378 1997 mul
2406 1942 2733 2012 significatur
2759 1953 2811 1998 et
2843 1942 3061 1997 femina.

2344 2033 2405 2088 V.
2439 2033 2590 2102 Quod
2612 2035 2654 2087 si
2679 2033 2951 2088 Christum
2974 2031 3301 2089 continentia
3325 2031 3584 2101 sequitur,
3613 2039 3668 2086 et
3695 2043 3862 2100 regno

2269 2125 2363 2180 Dei
2392 2125 2669 2194 virginitas
2700 2126 3023 2189 destinatur,
3053 2125 3180 2197 quid
3211 2133 3294 2180 est
3343 2123 3447 2179 illis
3471 2137 3594 2178 cum
3644 2131 3864 2178 terreno

2268 2217 2413 2272 cultu
2443 2227 2640 2272 etcum
2671 2216 3234 2288 ornamentis,‘quibus
3254 2216 3378 2272 dum
3414 2213 3719 2270 hominibus
3751 2215 3866 2284 pla-

2269 2323 2392 2363 cere
2432 2310 2685 2379 gestiunt,
2736 2310 2903 2365 Deum
2949 2309 3246 2375 offendunt,
3283 2323 3387 2364 non
3423 2308 3716 2378 cogitantes
3743 2321 3864 2362 esse

2272 2401 2582 2470 prmdictum
2615 2418 2627 2456 :
2661 2403 2760 2471 Qui
2794 2403 3078 2457 hominibus
3124 2404 3322 2474 placent
3345 2402 3544 2471 confusi
3570 2409 3706 2468 sunt,
3733 2417 3862 2469 quo-

2270 2496 2407 2548 niam
2434 2494 2573 2550 Deus
2611 2497 2740 2550 nihil
2766 2499 2884 2568 fecit
2913 2496 3030 2551 illos
3058 2496 3232 2570 (Psal.
3287 2513 3377 2561 ιιι,
3412 2495 3491 2568 6),
3545 2505 3596 2551 et
3641 2495 3860 2550 Paulum

2267 2603 2478 2658 quoque
2499 2590 2732 2659 gloriose
2761 2599 2813 2645 et
2833 2591 3132 2645 sublimiter
3160 2589 3478 2660 przcdicasse
3512 2623 3523 2662 ε
3563 2605 3576 2642 :
3607 2587 3669 2644 Si
3693 2588 3858 2641 homi-

2264 2680 2412 2733 nibus
2438 2681 2637 2751 placere
2666 2684 2841 2737 vellent
2866 2718 2908 2753 μ
2937 2681 3127 2738 Christi
3162 2699 3335 2737 seruus
3366 2698 3465 2737 non
3505 2697 3663 2736 essem
3713 2678 3854 2749 (Gal.

2268 2789 2303 2838 ι,
2353 2773 2466 2842 10).
2529 2774 2868 2831 Continentia
2911 2792 3039 2832 vero
3089 2785 3144 2832 et
3190 2776 3444 2848 pudicitia
3493 2789 3598 2830 non
3641 2776 3693 2828 in
3745 2773 3858 2829 sola

2266 2870 2446 2925 carnis
2476 2870 2782 2940 integritate
2806 2871 3071 2937 consistit,
3101 2871 3196 2926 sed
3225 2872 3384 2926 etiam
3414 2869 3658 2924 incultus
3689 2878 3740 2923 et
3765 2885 3860 2922 or-

2267 2973 2422 3018 natus
2463 2963 2665 3048 honore
2693 2965 2895 3033 pariter
2932 2980 2994 3018 ac
3022 2964 3245 3034 pudore,
3281 2971 3356 3028 ut,
3391 2961 3684 3017 secundum
3717 2960 3859 3030 Apo-

2267 3059 2486 3124 stolum,
2513 3075 2631 3130 qum
2651 3060 2870 3130 innupta
2899 3070 2981 3116 est
3007 3069 3188 3115 sancta
3219 3061 3356 3114 silet
3375 3071 3602 3128 corpore
3631 3063 3683 3108 et
3705 3052 3861 3124 spiri-

2268 3161 2346 3208 tu.
2376 3153 2595 3208 lnstruit
2626 3168 2722 3208 nos
2753 3153 2951 3208 Paulus
2980 3162 3035 3209 et
3060 3153 3217 3208 docet
3247 3152 3484 3207 dicensm
3511 3168 3523 3204 :
3553 3145 3741 3204 Ca’lebs
3773 3162 3860 3197 co-

565 3252 718 3293 suum
751 3252 944 3308 magno
976 3237 1197 3308 pramiio
1223 3237 1575 3308 destinatum,
1600 3255 1698 3296 nec
1725 3243 1903 3297 ornari
1933 3241 2042 3312 jam
2063 3252 2156 3300 aut
2182 3235 2226 3300 C
2259 3247 2383 3318 gitat
2429 3263 2487 3300 ea
2516 3262 2628 3317 quas
2651 3255 2766 3300 sunt
2793 3245 3021 3312 Domini,
3053 3246 3303 3316 quomodo
3345 3244 3542 3313 placeat
3585 3239 3689 3293 Deo
3725 3253 3743 3291 :
3772 3237 3858 3305 qui

1791 3353 2086 3412 LECTION
2094 3358 2176 3416 ES
2214 3357 2628 3416 VARIANTES.

630 3445 655 3478 ⁸
680 3445 789 3496 Νοιι
811 3444 968 3497 facitis
989 3447 1130 3495 venia
1159 3444 1298 3497 Voss.
1315 3447 1372 3494 5.

629 3507 658 3545 ι»
684 3508 772 3557 Ha:
812 3517 930 3558 sunt
961 3509 1282 3558 ecclesiastici
1319 3509 1559 3569 germinis
1598 3509 1749 3560 liores
1789 3511 1894 3560 ΝΟ.
1941 3512 1984 3560 1.
2024 3513 2159 3562 Laut.

568 3571 694 3648 Είῖρῖ
702 3607 730 3648 1.
743 3572 902 3648 04’9":

628 3639 654 3770 ξ
678 3631 1584 3770 mali-isnatura.
1609 3698 1744 3748 Foss.

631 3764 654 3822 ξ’
682 3759 980 3822 Potestates,
1007 3760 1217 3822 extremi
1243 3768 1294 3822 et
1317 3760 1500 3810 minimi
1525 3762 1615 3810 Ar.

629 3818 648 3858 ί
678 3821 866 3884 Conscii
891 3818 989 3884 tale
1013 3820 1127 3884 quid
1154 3819 1276 3871 Ded.
1301 3823 1349 3871 2.
1391 3825 1524 3872 Lam.
1549 3822 1693 3873 Ebor.
1722 3823 1842 3873 Ben.
1869 3823 1975 3874 ΝΟ.
2004 3824 2050 3873 1.

629 3887 653 3925 Β
679 3882 783 3935 Nec
819 3883 950 3946 quod
995 3882 1128 3936 Voss.
1169 3885 1211 3934 1.
1254 3885 1381 3936 Bod.
1412 3885 1471 3946 1,
1509 3886 1572 3947 2,
1614 3885 1660 3934 4.
1707 3885 1829 3935 Thu.
1868 3884 2008 3937 Corb.
2059 3887 2165 3937 Nec

2266 3465 2362 3516 qu."
2388 3455 2501 3516 ΜΒ·
2524 3451 2660 3516 QUQd
2697 3453 2834 3504 Foss.

2331 3512 2360 3551 ¹ι
2385 3514 2767 3564 Sollicitudinem
2788 3515 3006 3574 pertinet
3028 3514 3146 3562 Ver.

2336 3576 2352 3614 ί
2381 3577 2451 3627 Ex
2479 3575 2603 3627 ultra
2628 3578 2727 3626 nati
2751 3575 2854 3626 Lin.
2891 3576 3055 3624 Matris
3077 3574 3177 3623 nati
3202 3581 3329 3624 Man.

2339 3642 2352 3689 ι
2387 3640 2746 3690 Continentiam
2769 3638 3143 3688 Dominus'MR.

2334 3702 2361 3739 ιε
2387 3702 2540 3752 Paulo
2582 3701 2873 3763 praedimnte
2893 3699 3021 3751 Bod.
3046 3702 3092 3749 4.
3127 3702 3244 3749 Ver.
3289 3695 3472 3748 Paulus
3497 3707 3696 3760 quoque
3743 3708 3866 3758 prac-

2268 3765 2400 3814 dicat
2429 3769 2589 3821 Voss.,
2614 3766 2664 3814 5.

2341 3826 2354 3862 ι
2386 3827 2437 3876 Si
2463 3820 2739 3876 hominibus
2782 3825 3031 3888 placerem
3072 3826 3207 3875 Lam.
3249 3823 3354 3872 ΝΕ.
3386 3822 3429 3874 1.
3463 3823 3604 3872 Voss.
3646 3823 3694 3873 1.
3721 3820 3865 3876 Corb.

2329 3890 2367 3918 π’
2391 3889 2572 3940 Paulus
2596 3897 2649 3939 et
2681 3889 2792 3939 dicit
2820 3889 2977 3940 Oxon.

1810 3991 2050 4048 STEPH.
2094 3993 2362 4051 BALUZII
2399 3992 2631 4049 NOTlE.

578 4085 693 4140 Vita
724 4081 991 4155 Agricola:
1018 4079 1202 4155 :_l_dem
1232 4089 1678 4155 _prr_eturte_tcnor.
1702 4081 1832 4136 ltcm
1859 4081 2158 4155 Cyprianus

575 4157 744 4226 Epist.
763 4151 873 4226 gn,
895 4167 1013 4224 pag.
1042 4151 1113 4207 55
1142 4152 1353 4226 scripsit
1380 4152 1843 4226 disciplinaenum,
1865 4151 2036 4226 Epist.
2066 4171 2156 4222 LII,

572 4222 696 4299 pag.
736 4224 826 4291 72,
877 4222 1098 4299 tenorem
1146 4222 1555 4299 gloriw.__Epis_l._
1592 4240 1666 4299 ιι,
1720 4239 1839 4294 pag.
1867 4222 1957 4289 65,
1991 4227 2158 4299 Epist.

580 4293 781 4359 Lvivtt,
816 4310 937 4366 pag.
995 4293 1427 4366 158,‘custodito
1483 4295 1601 4360 ﬁdei
1641 4293 1827 4348 tenore.
1871 4293 2158 4359 Arnobius,

576 4371 668 4424 lib.
717 4383 774 4434 tt,
817 4365 1106 4439 ’Virtutum
1153 4365 1375 4439 omnium
1429 4381 1682 4439 servamus
1709 4375 1870 4439 atque
1903 4437 1908 4439 Α
1943 4367 2165 4439 integra-

575 4457 686 4494 nms
713 4436 1286 4501 tenorem.Lactuntius,
1308 4435 1400 4489 lib.
1420 4451 1471 4500 ν,
1487 4452 1604 4506 cap.
1625 4437 1678 4499 9,
1698 4435 1872 4490 Pietas
1894 4437 1944 4490 in
1968 4435 2164 4494 summa

574 4511 802 4581 regulam
824 4519 993 4562 tenens
1023 4518 1244 4581 tenorem
1276 4523 1426 4560 suum
1463 4518 1643 4562 seruat.
1673 4508 1805 4562 Dido
1840 4510 1890 4563 in
1928 4509 2164 4581 Epistola

571 4578 886 4660 adﬁlncam
917 4581 1056 4660 apud
1082 4578 1326 4660 Ovidium
1361 4597 1372 4632 :
1562 4650 1570 4660 _
1631 4651 1639 4659 .

665 4652 823 4702 Durat
849 4653 897 4699 in
925 4652 1205 4699 eittrcmum
1225 4652 1436 4712 vitarque
1465 4652 1722 4698 novissima
1750 4653 1901 4702 nostri

728 4715 1058 4775 Prosequitur
1081 4713 1164 4760 fati
1189 4712 1273 4774 qui
1297 4711 1387 4760 fuit
1411 4717 1525 4760 ante
1550 4718 1710 4761 tenor.

583 4799 720 4854 Sunt
774 4797 874 4851 alia
917 4798 1081 4851 multa
1125 4795 1367 4866 exempla
1406 4795 1700 4866 istiusmodi
1745 4796 1882 4866 apud
1923 4797 2170 4854 eumdem

584 4868 858 4934 Ovidium,
888 4866 1226 4929 Suetonium,

592 4939 892 5011 Virgilium,
917 4939 1136 5003 etalios,
1169 4937 2026 5011 a‘quihusreferendis‘abstineo.
2055 4937 2166 4994 Ad;

588 5007 712 5067 dam
763 5020 940 5065 tamen
976 5011 1148 5082 locum
1200 5007 1373 5082 Ponti]
1410 5008 1640 5082 diaconi
1669 5009 1720 5063 in
1750 5009 1869 5065 Vita
1915 5011 2167 5082 Cypriani

591 5092 751 5154 prout
793 5084 986 5151 legitur
1026 5081 1077 5135 in
1114 5079 1300 5154 codice
1345 5079 1668 5146 Bodleiano,
1715 5079 2175 5154 concupiscentiam

591 5153 944 5209 sanctimonite
964 5163 1134 5208 tenore
1156 5153 1394 5218 calcaret,
1416 5163 1514 5221 pro
1543 5164 1610 5205 eo
1638 5153 1778 5221 quod
1803 5153 2062 5209 editiones
2084 5154 2176 5208 ba-

572 5225 698 5282 bent
726 5228 912 5298 vigore.

652 5293 824 5352 Minus
856 5296 1095 5351 sollicito.
1136 5293 1319 5350 Codex
1360 5293 1708 5362 Turonensis,
1750 5296 1916 5353 minus
1951 5309 2096 5352 caute
2131 5305 2178 5351 et

571 5369 785 5424 sollicito
816 5369 1011 5422 timore.

647 5439 922 5496 Tenentur.
974 5440 1102 5494 Post
1145 5437 1244 5494 ista
1288 5437 1558 5494 Pamelius
1605 5437 1799 5496 adiecit
1853 5454 1918 5494 cx
1969 5440 2166 5496 Codice

574 5513 1013 5577 Cambcronensi,
1037 5510 1156 5580 quia
1187 5512 1431 5580 scriptum
1471 5520 1553 5581 est
1593 5527 1610 5564 :
1652 5510 1752 5575 Qui
1794 5513 2176 5581 perseveraverit

583 5601 743 5654 usque
772 5585 824 5638 in
867 5585 1018 5650 ﬁnem
1052 5583 1134 5635 hic
1169 5581 1346 5654 saluus
1387 5583 1501 5654 erit.
1531 5580 1598 5636 At
1624 5596 1725 5651 ego
1751 5580 2173 5638 additamentum

595 5652 726 5710 illud
758 5656 955 5720 delevi,
985 5656 1106 5724 quia
1136 5652 1261 5706 illud
1293 5653 1537 5724 nuspiam
1581 5653 1758 5707 inveni
1802 5654 1852 5724 in
1899 5654 2174 5709 codicibus

595 5731 828 5798 antiquis
856 5743 975 5782 cum
1003 5723 1196 5796 quibus
1226 5723 1423 5798 contuli
1447 5739 1608 5798 opera
1633 5725 1800 5781 sancti
1827 5723 2090 5797 Martyris,
2121 5735 2174 5780 et

594 5794 746 5854 deest
769 5801 930 5854 etiam
958 5794 1230 5853 in‘novem
1249 5794 1576 5865 Anglicanis.

2198 4536 2252 4597 Β
2280 4513 2503 4597 riacensi
2555 4513 2663 4597 illic
2695 4514 2857 4568 citato
2885 4527 3144 4581 generosa.

1305 4864 1528 4938 alerium
1548 4864 1817 4933 Flaccum,
1836 4866 2168 4938 Lucretium,
2185 4901 2198 4912 -

2332 4083 2580 4140 ΙΙΙ.-⁸²³
2609 4083 2664 4139 Ν
2669 4102 2765 4139 unc
2794 4086 3029 4158 nobisad
3053 4085 3287 4158 virgines.
3307 4083 3489 4158 Refert
3514 4081 3656 4158 hunc
3682 4083 3853 4158 loeun

2263 4167 2500 4281 sanctugs1
2526 4159 2857 4230 Augustinus
2905 4156 2997 4212 lib.
3047 4154 3219 4212 Vt'de
3246 4156 3492 4210 Doctrina
3544 4154 3848 4222 christiana,

2263 4243 2382 4281 can.
2516 4273 2529 4281 _

2262 4243 2382 4286 can.
2437 4230 2529 4286 21.

2369 4271 2382 4284 .
2437 4243 2472 4281 ‘z
2516 4273 2529 4286 .

2330 4243 2782 4355 pSanZIimoniam.
2837 4297 3035 4368 Codex,
3071 4298 3238 4353 sancti
3287 4295 3551 4368 Arnuiphi
3585 4297 3833 4352 sanctimo

2268 4371 2430 4442 nium.
2461 4371 2594 4427 Vide
2623 4387 2804 4442 supra,
2838 4386 2956 4440 pag.
2980 4367 3107 4442 407.
3225 4369 3234 4442 ς

2342 4441 2579 4512 Capiasa.
2610 4439 2760 4513 Apud
2791 4439 3144 4512 Augustinum
3180 4439 3426 4513 gloriosa,
3466 4440 3520 4513 in
3540 4440 3724 4513 codice
3744 4440 3841 4496 Flo

3224 4511 3270 4566 ic
3300 4511 3462 4566 etiam
3505 4512 3780 4568 Morellius
3812 4514 3862 4572 ia

2280 4585 2443 4639 veteri
2471 4585 2674 4639 codice.

2353 4654 2515 4709 lV.—
2533 4655 2820 4726 Spadones.
2839 4653 2970 4710 the
2999 4653 3372 4710 annotationes
3394 4653 3602 4709 Erasmi
3633 4656 3683 4710 in
3711 4667 3866 4726 caput

2279 4741 2368 4782 xu:
2401 4727 2652 4784 Matthzei.

2350 4800 2527 4870 Angeli
2576 4815 2767 4854 vocem.
2825 4796 2940 4852 Duo
2980 4795 3103 4870 libri
3145 4795 3600 4870 veteres__liahent
3645 4797 3844 4870 archan
3897 4851 3901 4857 ,

2277 4870 2400 4938 geli,
2432 4865 2623 4925 novem
2659 4870 2924 4939 evangelii.
2971 4867 3061 4923 Sic
3111 4867 3269 4923 etiam
3321 4865 3451 4922 vidit
3490 4865 3760 4924 Morellius
3815 4869 3868 4923 in

2274 4943 2439 4995 veteri
2465 4943 2666 4997 codice.

2355 5011 2819 5082 V.——Continentia
2835 5026 2984 5082 ivero.
3013 5008 3143 5069 Vide
3161 5026 3279 5082 qua:
3303 5009 3369 5066 de
3394 5009 3718 5082 continentia
3734 5010 3871 5066 dixi-

2281 5097 2400 5155 mus
2421 5099 2604 5153 supra,
2637 5083 2704 5155 ad
2746 5081 3328 5155 Epistolam_ut,’pag.
3357 5081 3484 5155 442.

2353 5152 2542 5209 Cttlebs
2595 5154 2800 5224 cogitat.
2871 5153 2946 5207 Ita
2989 5153 3147 5218 etiam
3198 5152 3300 5210 lib.’
3323 5169 3378 5208 ιιι
3413 5152 3864 5224 Testimoniorum

2281 5241 2380 5296 cap
2420 5226 2510 5282 52.
2567 5231 2636 5280 At
2658 5222 3032 5296 Vllieronymus
3067 5225 3125 5279 in
3151 5225 3392 5296 Epistola
3424 5222 3492 5278 ad
3521 5223 3869 5296 Eustochium

2283 5294 2676 5367 rte—Virginitate
2697 5294 2944 5352 servanda
2975 5295 3130 5367 aliter
3187 5294 3350 5352 refert
3381 5294 3533 5367 hunc
3581 5295 3754 5349 locum
3803 5310 3871 5350 ex

2283 5365 2508 5438 quadam
2558 5369 2725 5423 veteri
2758 5368 3004 5422 versione
3042 5366 3144 5422 hoc
3171 5367 3386 5428 ,modo:
3434 5365 3536 5431 Qui
3561 5367 3671 5438 sine
3715 5381 3872 5438 uxore

2281 5437 2352 5493 est
2377 5441 2624 5493 sollicitus
2647 5449 2720 5493 est
2751 5455 2808 5492 ea
2834 5454 2946 5508 qua:
2975 5438 3183 5494 Domini
3225 5449 3340 5494 sunt
3369 5437 3622 5508 quomodo
3673 5437 3872 5506 placeat

2282 5509 2520 5564 Domino.
2554 5511 2653 5577 Qui
2677 5519 2841 5563 autem
2876 5525 2988 5562 cum
3019 5526 3177 5564 uxore
3205 5520 3277 5566 est
3301 5508 3547 5564 sollicitus
3577 5517 3650 5577 est
3681 5523 3739 5562 ea
3759 5523 3872 5576 qua:

2279 5591 2395 5635 sunt
2425 5575 2588 5653 hujus
2625 5580 2800 5634 mundi
2849 5582 3100 5647 quomodo
3148 5583 3344 5652 placeat
3371 5580 3540 5653 uxori.
3587 5575 3779 5632 Divisa
3799 5586 3874 5632 est

2278 5655 2458 5706 mulier
2487 5650 2533 5707 et
2561 5654 2717 5723 virgo.
2752 5653 2878 5716 Qua?
2918 5667 3020 5706 non
3070 5650 3154 5707 est
3182 5661 3342 5723 rrttpta
3389 5650 3577 5723 cogitat
3618 5657 3874 5723 quassant

2279 5723 2506 5790 Domini,
2538 5734 2590 5777 ut
2617 5719 2680 5778 sit
2725 5734 2898 5778 sancta
2925 5739 3135 5794 corpore
3177 5735 3224 5778 et
3251 5719 3683 5794 spiritu_.’.Vel_'um
3731 5719 3873 5794 idem

2293 5795 2652 5867 Hieronymus
2703 5797 2751 5850 in
2785 5794 2920 5850 libro
2947 5792 3124 5866 primo
3153 5792 3392 5851 adversus
3417 5792 3743 5848 Jovinianum
3773 5792 3844 5846 im
3863 5817 3877 5831 ο
