4302 6296
418 326 529 393 445

1580 334 1785 394 LIBER
1823 335 1911 396 DE
1953 335 2207 399 IIABITU
2247 337 2601 401 VIRGINUM.

3616 315 3766 405 ac

422 462 591 507 autem
614 448 993 505 matrimonium
1020 446 1291 517 contraxit,
1316 448 1504 523 cogitat
1529 466 1588 506 ea
1607 461 1718 523 qua:
1737 461 2022 507 suntmun-
2051 450 2099 515 Α
2127 453 2298 525 inquit
2327 454 2499 512 Esaias
2532 457 2673 513 Deus
2707 474 2718 512 :
2749 456 2932 515 Omnis
2956 474 3076 516 caro
3106 461 3317 533 ftBilllm,
3347 466 3393 517 et
3418 462 3582 517 oneris
3610 460 3725 519 cla‘

431 545 487 599 di
537 544 710 614 huius,
739 542 992 614 quomodo
1018 543 1217 615 placeat
1244 545 1411 599 uxori.
1447 546 1537 601 Sic
1583 554 1628 602 et
1657 546 1798 618 virgo
1837 556 1885 600 et
1915 561 2027 600 mn-

423 624 517 693 lier
557 638 776 705 innupta
805 636 992 709 cogitat
1029 651 1089 692 ea
1117 652 1229 707 qua:
1257 646 1373 692 sunt
1402 636 1630 705 Domini,
1667 649 1721 693 ut
1762 638 1825 693 sit
1850 647 2026 695 sancta

422 741 471 789 et
495 747 723 804 corpore.
737 740 783 787 et
801 730 985 803 spiritu
1013 730 1052 801 (ι
1074 731 1299 793 Cor.vn.
1329 731 1545 803 52-54).
1575 730 1738 803 Virgo
1765 747 1871 787 non
1905 746 2025 789 esse

423 835 629 883 tantum
660 826 753 881 sed
781 832 836 881 et
860 822 1080 896 intelligi
1113 823 1273 881 debet
1298 834 1353 881 et
1380 825 1553 882 credi.
1583 826 1750 882 Nemo
1770 841 1891 882 cum
1919 827 2026 882 vir-

423 917 603 993 ginem
624 916 817 972 viderit
853 925 901 984 α,
934 916 1138 973 dubitet
1170 933 1236 972 an
1286 918 1437 989 virgo
1484 918 1573 973 sit.
1606 918 1794 974 Parem
1840 926 1891 975 te
1943 919 2024 974 in-

423 1012 647 1083 tegritas
673 1011 726 1065 in
757 1010 1008 1066 omnibus
1038 998 1277 1081 praestet,
1325 1025 1425 1066 nec
1450 1010 1648 1066 bonum
1682 1010 1877 1067 mentis
1902 1026 2025 1069 cor-

425 1104 571 1174 poris
623 1102 797 1158 cultus
845 1099 1087 1157 infamet.
1150 1100 1289 1170 Quid
1343 1111 1569 1169 ornata,
1618 1102 1744 1175 quid
1808 1113 2023 1175 compta

424 1194 688 1270 procedit,
721 1196 874 1267 quasi
912 1195 1291 1252 maritumtaut
1320 1194 1513 1253 habeat
1538 1198 1895 1269 autqnterat?
1933 1198 2024 1271 Ti-

424 1300 565 1346 meat
595 1291 772 1361 potius
812 1289 1048 1361 placere,
1098 1289 1143 1345 si
1171 1289 1321 1362 virgo
1342 1299 1445 1359 est,
1494 1305 1592 1346 nec
1620 1290 1915 1362 periculum
1941 1293 2024 1349 sui

424 1393 643 1457 appetat
668 1399 789 1457 quae
814 1384 880 1440 ad
906 1382 1130 1441 meliora
1156 1392 1211 1440 et
1240 1384 1417 1440 divina
1451 1400 1509 1441 se
1538 1395 1733 1441 servat.
1766 1384 1898 1455 Quae
1946 1384 2024 1440 vi-

423 1494 544 1536 rum
587 1494 693 1535 non
745 1477 966 1544 habent,
1012 1478 1095 1534 cui
1136 1476 1349 1549 placere
1391 1494 1449 1535 sc
1480 1480 1771 1549 simulent,
1802 1481 2024 1553 integrae

426 1582 482 1628 et
510 1587 655 1643 purze
679 1586 786 1627 non
811 1579 1014 1627 tantum
1046 1586 1276 1642 corpore
1322 1572 1418 1651 sed
1467 1573 1628 1629 etiam
1676 1574 1867 1645 Spiritu
1895 1590 2023 1645 per-

428 1672 699 1721 severent.
716 1664 900 1737 Neque
926 1664 1068 1721 enim
1100 1663 1176 1719 fas
1198 1672 1279 1720 est
1300 1664 1557 1734 virginem
1580 1666 1645 1720 ad
1667 1666 1900 1736 speciem
1919 1667 2023 1722 for-

427 1774 533 1815 ma:
548 1772 659 1814 Sua:
683 1756 818 1813 comi
844 1768 931 1812 aut
953 1756 1020 1813 de
1048 1770 1209 1813 carne
1241 1765 1295 1812 et
1318 1755 1384 1813 de
1406 1757 1522 1831 ejus
1543 1757 1609 1790 ’⁷⁸
1626 1756 2023 1828 pulchritudine

2130 545 2256 600 ritas
2285 548 2394 617 ejus
2435 556 2491 601 ut
2529 550 2625 618 [los
2651 550 2793 620 fwni.
2833 550 2979 606 Arult
3021 556 3243 624 faznmn,
3277 563 3323 607 et
3362 556 3460 624 ﬂos
3498 555 3683 609 decidit
3707 567 3729 612 :

2128 653 2294 692 sermo
2340 648 2511 693 autem
2569 639 2778 696 Domini
2816 653 2984 698 manet
3031 644 3085 699 in
3142 657 3386 702 retentum
3427 645 3447 720 (
3473 643 3577 703 lsn.
3625 663 3725 715 xc,

2130 727 2276 802 6—8.)
2319 727 2598 786 Neminem
2633 729 2982 789 christianum
3010 735 3201 804 decet,
3231 746 3285 792 et
3313 739 3542 794 maxime
3571 738 3732 812 virgi-

2128 835 2250 877 nem
2281 836 2388 877 non
2415 821 2591 891 decet,
2617 823 2916 881 claritatem
2960 826 3120 883 ullam
3152 838 3467 901 computare
3496 842 3517 869 ε
3551 831 3729 889 carnis

2127 920 2181 967 et
2209 911 2469 968 honorem
2494 956 2509 980 ,
2557 913 2650 971 sed
2694 915 2864 971 solum
2903 927 3161 989 appetere
3190 934 3497 978 sermonem
3526 919 3553 959 ἀ
3588 921 3683 979 Del
3708 966 3724 991 ,

2129 1002 2267 1058 bona
2293 1004 2345 1058 in
2374 1011 2639 1061 aeternum
2671 1021 2920 1064 mansura
2943 1009 3252 1081 complecti.
3283 1012 3390 1068 Aut
3416 1012 3461 1068 si
3492 1014 3543 1069 in
3565 1028 3726 1071 carne

2127 1097 2197 1154 sit
2223 1099 2580 1170 gloriandum,
2611 1109 2741 1157 tunc
2771 1101 2930 1173 plane
2959 1103 3173 1174 quando
3201 1105 3252 1161 in
3280 1106 3513 1164 nominis
3544 1117 3567 1145 θ
3592 1122 3728 1164 con-

2129 1191 2362 1249 l‘essione
2385 1193 2679 1261 cruciatur,
2711 1194 2926 1266 quando
2970 1194 3163 1252 fortior
3192 1197 3389 1254 femina
3432 1198 3559 1255 viris
3612 1208 3725 1257 tor-

2127 1282 2415 1356 quentibus
2457 1284 2762 1356 invenitur,
2810 1286 3026 1358 quando
3066 1287 3219 1359 ignes
3257 1301 3348 1346 aut
3399 1304 3590 1348 cruces
3634 1301 3727 1349 aut

2127 1375 2328 1433 ferrum
2369 1386 2463 1433 aut
2514 1377 2715 1434 bestias
2755 1380 2953 1450 patitur
3002 1389 3060 1436 ut
3101 1390 3409 1438 coronetur.
3460 1382 3554 1439 Illa
3602 1392 3728 1440 sunt

2126 1470 2303 1525 carnis
2363 1469 2597 1544 pretiosa
2656 1469 2917 1541 monilia,
2968 1471 3056 1527 illa
3104 1473 3349 1545 corporis
3401 1485 3724 1533 ornamenta

2127 1564 2367 1620 meliora.

2205 1657 2314 1713 νη.
2349 1657 2453 1714 Sed
2485 1666 2608 1714 sunt
2629 1657 2825 1731 aliquae
2850 1658 3043 1717 divites
3071 1644 3455 1719 etfacultalum
3484 1661 3727 1721 ubertate

2125 1751 2447 1823 locupletes,
2482 1768 2602 1823 qum
2630 1768 2764 1825 opes
2805 1768 2931 1810 suas
2957 1755 3245 1828 prml‘erant
3265 1765 3319 1813 et
3341 1773 3405 1815 se
3429 1758 3587 1815 bonis
3616 1761 3728 1816 suis

428 1849 672 1923 gloriari,
703 1864 822 1907 cum
852 1849 997 1905 nulla
1041 1849 1110 1904 sit
1139 1849 1211 1903 illi
1237 1849 1402 1920 magis
1434 1863 1595 1921 quam
1625 1848 1885 1907 adversus
1907 1865 2025 1906 car-
2054 1848 2102 1911 B
2130 1844 2203 1899 uti
2229 1843 2425 1901 debere
2474 1844 2818 1902 contendant.
2859 1846 3045 1903 Sciant
3084 1849 3260 1917 primo
3304 1849 3456 1905 illam
3498 1850 3722 1908 divitem

428 1959 550 2000 nem
584 1942 890 2007 colluctatio
918 1953 972 1999 et
1000 1941 1246 2000 vincendi
1276 1945 1521 2016 corporis
1550 1958 1612 1999 ac
1639 1942 1892 2000 domandi
1921 1943 2021 2001 ob-

427 2034 619 2091 stinata
639 2034 885 2090 certatio.

499 2124 584 2182 Vl.
610 2124 808 2183 Paulus
826 2125 949 2182 forti
966 2141 1028 2183 ac
1055 2125 1266 2183 sublimi
1283 2142 1414 2185 voce
1428 2129 1723 2199 proclamat
1747 2147 1759 2184 :
1778 2129 1910 2185 Milli
1932 2146 2026 2185 au-

428 2227 525 2273 tem
545 2218 676 2274 absit
695 2218 908 2291 gloriari
927 2202 1026 2274 nisi
1038 2218 1090 2274 in
1104 2235 1252 2276 cruce
1271 2216 1478 2275 Domini
1490 2205 1653 2277 nostri
1672 2220 1702 2276 J
1710 2239 1796 2278 esu
1813 2220 2022 2293 Christi,

429 2329 518 2383 per
558 2322 704 2383 quem
741 2312 867 2366 mihi
892 2312 1113 2367 mundus
1153 2314 1426 2384 cruciﬁxus
1456 2323 1562 2382 est,
1605 2324 1653 2368 et
1694 2332 1783 2387 ego
1810 2315 2024 2371 mumlo.

431 2404 575 2479 (Gal.
605 2404 792 2475 v1.14)
816 2423 831 2462 :
858 2414 913 2462 et
936 2406 1086 2478 virgo
1120 2408 1174 2461 in
1209 2404 1448 2463 Ecclesia
1472 2407 1539 2464 de
1561 2408 1740 2478 specie
1757 2408 1935 2465 carnis
1962 2422 2025 2464 ac

428 2498 495 2554 de
521 2499 763 2569 corporis
802 2498 1204 2568 pulchritudine
1223 2501 1520 2571 gloriatur!
1554 2500 1716 2556 Addit
1745 2501 1944 2557 Paulus
1971 2510 2025 2557 et

429 2589 557 2646 dicit
581 2607 595 2645 :
624 2588 726 2656 Qui
740 2590 875 2645 enim
898 2600 1014 2646 sunt
1039 2590 1247 2661 Christi,
1268 2608 1473 2647 carnem
1495 2609 1639 2648 suam
1662 2595 2027 2666 cruci/iacerent

428 2698 541 2737 cum
565 2683 698 2738 vitiis
731 2692 777 2737 et
807 2683 1223 2755 concupiscentiis
1257 2682 1418 2755 (Gal.
1452 2702 1503 2754 v,
1543 2686 1651 2759 24)
1685 2682 1715 2743 ε’
1740 2696 1794 2744 et
1820 2705 1940 2761 qua:
1967 2705 2026 2746 se

428 2775 883 2844 concupiscentiis
912 2777 1093 2832 carnis
1120 2783 1172 2832 et
1201 2777 1342 2833 vitiis
1355 2778 1699 2835 renuntiasse
1717 2782 2019 2850 prolitctur,

428 2867 692 2923 iniisdem
716 2869 909 2941 quibus
930 2870 1357 2938 renuntiaverat,
1381 2872 1652 2927 invenitur
1677 2872 1690 2926 !
1718 2873 2025 2945 Deprehen-

416 2956 574 3013 ‘deris
601 2958 750 3029 virgo
773 3002 786 3025 ,
818 2959 1100 3032 detegeris.
1133 2959 1292 3016 Aliud
1324 2976 1448 3019 esse
1474 2971 1524 3017 te
1548 2961 1757 3034 jactas,
1787 2971 1840 3019 et
1882 2963 2026 3021 aliud

427 3050 664 3109 allectus.
692 3050 902 3108 Maculis
926 3063 976 3111 te
996 3055 1444 3126 concupiscentiae
1470 3057 1699 3114 carnalis
1715 3061 1953 3133 aspergis
1973 3057 2023 3129 δ,

427 3161 551 3202 cum
606 3148 923 3219 integritatis
970 3136 1249 3205 candidate
1296 3148 1371 3207 sis
1424 3160 1479 3208 et
1532 3150 1769 3223 puderis.
1819 3152 2021 3225 Clama,

2128 1952 2249 1994 esse
2274 1953 2394 2010 quae
2421 1939 2474 1994 in
2503 1938 2613 1995 Deo
2641 1938 2792 1995 dives
2820 1948 2929 2008 est,
2953 1940 3099 1997 illam
3124 1956 3244 1998 esse
3259 1940 3580 2015 locupletem
3607 1959 3728 2015 quae

2128 2030 2366 2101 locuples
2394 2032 2444 2086 in
2473 2029 2692 2087 Christo
2721 2042 2824 2099 est,
2856 2032 2996 2089 bona
3027 2032 3114 2088 illa
3142 2047 3264 2091 esse
3294 2049 3413 2106 qua:
3445 2046 3571 2091 sunt
3609 2035 3722 2107 spi-

2128 2121 2323 2191 ritalia,
2353 2122 2529 2179 divina
2548 2165 2563 2192 ,
2592 2124 2831 2181 caelestia
2854 2165 2870 2193 ,
2911 2140 3031 2197 quae
3060 2139 3157 2182 nos
3181 2126 3246 2182 ad
3273 2127 3439 2184 Deum
3484 2127 3680 2185 ducant
3707 2171 3723 2197 ,

2129 2230 2249 2286 quae
2304 2215 2582 2271 nobiscum
2650 2217 2791 2287 apud
2845 2217 3011 2273 Deum
3068 2229 3329 2290 perpetua
3383 2223 3729 2290 possessione

2130 2304 2508 2379 permaneant.
2533 2307 2825 2379 Czeterum,
2853 2325 3208 2383 qumcumque
3253 2321 3463 2368 terrena
3504 2323 3630 2370 sunt
3674 2316 3725 2371 in

2128 2402 2326 2459 sarculo
2354 2412 2574 2474 accepta
2598 2406 2652 2459 et
2682 2404 2769 2460 hic
2798 2420 2919 2460 cum
2950 2405 3150 2461 smeulo
3194 2419 3509 2464 remansura
3540 2404 3586 2476 ί,
3619 2418 3726 2465 tam

2129 2496 2402 2575 contemni
2450 2496 2649 2553 debent
2701 2512 2859 2568 quam
2917 2497 3147 2555 mundus
3188 2498 3304 2571 ipse
3342 2501 3724 2572 contemnitur,

2129 2588 2280 2660 cujus
2310 2589 2518 2660 pompis
2544 2597 2597 2645 et
2627 2588 2835 2645 deliciis
2860 2589 2971 2662 jam
3002 2598 3127 2646 tunc
3152 2591 3579 2649 renuntiavimus
3603 2608 3725 2650 cum

2129 2681 2351 2736 meliore
2394 2689 2730 2752 transgressu
2759 2680 2827 2736 ad
2854 2680 3020 2739 Deum
3051 2684 3317 2740 venimus.
3349 2683 3589 2742 Joannes
3624 2701 3724 2743 nos

2130 2772 2411 2828 cxcitat’et
2444 2771 2688 2828 hortatur
2732 2773 2956 2843 spiritali
3000 2783 3054 2831 ct
3094 2773 3305 2833 caelesti
3360 2792 3491 2834 voce
3538 2786 3727 2835 conte-

2129 2874 2278 2919 stans
2306 2882 2319 2920 :
2351 2861 2548 2935 Nolite,
2580 2865 2692 2934 ait,
2735 2866 2946 2937 diligere
2974 2866 3220 2921 mundum
3248 2874 3408 2938 neque
3430 2885 3491 2923 ea
3528 2885 3644 2940 qua:
3670 2870 3725 2926 in

2131 2960 2320 3014 mundo
2341 2967 2457 3014 sunt
2477 2970 2521 3014 Β.
2551 2960 2611 3016 Si
2635 2961 2749 3031 quis
2774 2960 3004 3014 dilexerit
3036 2959 3302 3027 mundum,
3332 2969 3535 3033 nonest
3559 2962 3729 3016 citari-

2132 3064 2210 3110 tas
2232 3053 2406 3109 Patris
2433 3053 2903 3125 inillo:quoniam
2943 3070 3090 3108 omne
3132 3051 3268 3126 quod
3312 3054 3366 3107 in
3394 3054 3585 3109 mundo
3630 3061 3726 3122 est,

2131 3150 2536 3224 concupiscentia
2561 3147 2731 3204 carnis
2755 3154 2825 3203 est
2843 3189 2858 3215 ,
2900 3156 2945 3203 et
2985 3146 3397 3218 concupiscentia
3422 3146 3722 3216 oculorum,

1651 3288 2032 3347 LECTIONES
2069 3287 2481 3350 VARIANTES.

425 3487 572 3539 Ebor.

431 3606 434 3610 ,
489 3550 518 3587 b
541 3552 709 3617 Qarnis
729 3555 950 3617 aspergis
973 3556 1098 3605 Bod.
1121 3554 1171 3604 4.

491 3617 513 3644 ε
541 3614 825 3671 Ρινοβοιιειεέ
846 3614 937 3669 Ir.
960 3618 1092 3667 Lam.
1124 3619 1172 3668 Ν
1179 3618 1230 3670 C.
1258 3619 1303 3669 1.
1329 3617 1472 3670 Ebor.
1502 3619 1627 3671 Bod.
1650 3619 1697 3668 2.
1722 3620 1845 3669 Ben.

489 3674 517 3714 εἴ
542 3674 760 3728 Verbum
782 3679 910 3730 Bod.
932 3680 982 3730 4.
1006 3681 1147 3732 Foss.

492 3428 518 3456 ⁸
540 3426 797 3493 Virginem
836 3427 971 3479 videt
1023 3430 1179 3481 Oxon.
1226 3427 1579 3495 Viderettin.
1609 3432 1749 3497 Voss.
1794 3431 1841 3483 1.
1882 3432 2014 3501 Lam.
2043 3431 2089 3496 C
2188 3424 2459 3501 fNominis
2480 3419 3420 3501 ChristiANIQ.;1;§@t:_Bgtl;2.‘Beyz

2188 3487 2210 3526 ί
2236 3489 2293 3539 In
2314 3489 2495 3539 saeculo
2517 3493 2570 3537 et
2591 3487 2774 3537 saculo
2794 3481 3077 3535 remansura
3100 3483 3227 3535 Bod.
3274 3485 3324 3535 1.
3355 3486 3569 3551 Accepta
3594 3485 3733 3539 Lam.

2126 3553 2230 3656 Eb:
2232 3565 2345 3665 1λιιι
2370 3627 2431 3663 ea
2452 3624 2563 3677 quae
2587 3613 2637 3662 in
2658 3610 2842 3661 mundo
2864 3616 2979 3662 sunt
3003 3610 3145 3665 Pent.
3184 3610 3322 3661 Voss.
3346 3608 3396 3660 2.

1685 3786 1931 3843 STEPll.
1975 3784 2244 3843 BALUZII
2283 3783 2511 3842 ΝΟΤᾹΞ.

428 3893 619 3970 probat
648 3895 785 3970 hanc
811 3897 1200 3970 versionem-et
1237 3899 1309 3954 ait
1336 3898 1479 3954 illam
1507 3914 1612 3957 non
1650 3916 1772 3956 esse
1803 3911 2024 3970 aposto-

429 3969 541 4021 lica:
570 3967 829 4021 veritatis.
879 3968 1168 4034 Et.tamen
1218 3969 1425 4025 inlibro
1472 3972 1710 4027 adversus
1736 3967 2025 4027 Heluidium

429 4038 671 4112 referens
695 4038 946 4112 eumdem
976 4039 1149 4094 locum
1183 4042 1255 4095 ait
1280 4059 1292 4096 :
1320 4042 1459 4111 Quid
1509 4043 1753 4109 oblatras,
1784 4044 1906 4112 quid
1946 4059 2026 4097 re-

430 4109 669 4183 pugnas!
735 4108 832 4183 l’as
878 4110 1130 4183 electionis
1172 4110 1412 4183 loquitur,
1454 4114 1631 4168 Divisa
1678 4108 2023 4181 εει,ἰ1ἱιέηε,

429 4182 612 4234 mulier
633 4189 681 4234 et
707 4181 866 4252 uirgo.
899 4181 1098 4237 Eadem
1121 4181 1367 4238 versione
1405 4200 1556 4239 usum
1593 4200 1715 4239 esse
1756 4184 2024 4241 Tertulla-

430 4267 556 4306 num
587 4252 754 4321 liquet
784 4268 850 4306 ex
891 4253 1029 4307 libro
1070 4256 1186 4323 ejus
1203 4254 1280 4316 de
1317 4255 1601 4325 Virginibus
1630 4256 1876 4311 vetandis.

510 4344 605 4420 Sic
646 4355 693 4400 et
724 4345 990 4420 _virg_o_:_ln
1021 4346 1406 4420 codicesancti
1458 4349 1745 4420 Arnulphi,
1802 4349 1853 4402 in
1900 4347 2033 4403 Bec-

439 4417 691 4491 censi,_et
722 4417 775 4470 in
798 4417 1031 4473 editione
1066 4417 1287 4474 Morellii
1320 4420 1516 4491 legitur
1548 4436 1560 4473 :
1596 4417 1686 4475 Sic
1712 4430 1757 4475 et
1782 4419 1966 4474 mulier
1985 4426 2033 4473 et

438 4490 579 4558 uirgo
602 4489 838 4556 innupta.

512 4560 721 4633 Dubitet
761 4575 827 4633 an
867 4560 1009 4633 virgo
1061 4562 1144 4616 sit.
1196 4559 1252 4616 ln
1303 4560 1488 4618 codice
1538 4562 2032 4632 Gratianopolitano

439 4629 648 4703 legitur,
681 4630 869 4703 dubitet
893 4629 962 4685 mi
999 4643 1158 4703 nupta
1211 4644 1298 4687 aut
1349 4635 1489 4703 uirgo
1539 4637 1623 4690 sit.
1674 4629 2032 4688 Tertullianus

443 4702 496 4776 in
544 4702 682 4756 libro
707 4701 773 4757 de
788 4701 1095 4776 Virginibus
1118 4704 1354 4759 velandis
1379 4723 1390 4757 :
1416 4701 1646 4776 Difﬁcile
1672 4706 1855 4759 mulier
1880 4705 2034 4760 semel

442 4773 498 4840 ﬁt
527 4788 643 4843 qua!
668 4789 768 4848 non
817 4775 956 4848 timet
985 4775 1097 4843 ﬁeri
1127 4778 1335 4848 quisque
1352 4777 1473 4848 jam
1489 4773 1650 4847 'facla
1679 4785 1837 4845 potest
1882 4778 2037 4848 virgi-

440 4859 554 4919 nem
570 4845 769 4919 mentiri
787 4845 878 4898 sub
892 4845 1019 4899 Deo.
1039 4850 1077 4901 Α
1089 4845 1428 4919 pudDionem
1443 4845 1708 4913 Cassium,
1727 4849 1815 4902 lib.
1838 4864 1865 4902 x
1877 4845 2036 4914 xxvii,

306 4931 361 4975 υ,
442 4914 677 4988 legimus
709 4917 975 4971 Caesarem
1007 4914 1229 4971 uxon-m
1271 4932 1422 4972 suam
1467 4931 1768 4988 suspectam
1792 4920 2036 4976 adulterii

442 4985 783 5060 repudiasse,
816 5002 921 5042 non
948 4990 1089 5059 quod
1116 4989 1360 5045 crederet
1382 5005 1501 5060 qua:
1523 4985 1589 5044 de
1619 5005 1679 5045 ea
1711 4990 2034 5058 ferebantur,

441 5058 533 5111 sed
564 5056 706 5127 quod
736 5056 1255 5132 (liceretiiongpusse
1281 5075 1338 5115 se
1372 5056 1488 5115 eam
1517 5061 1795 5132 coniugem
1838 5056 2036 5120 habere

440 5142 561 5202 quae
583 5122 594 5127 ’
621 5130 791 5184 semel
841 5122 1389 5185 adulterii'commissi
1435 5122 1705 5201 susllec'ta"
1727 5132 2031 5202 haberetur,

438 5198 820 5276 pudicteenim
851 5215 1105 5276 essenon
1134 5203 1295 5276 uredo
1317 5211 1374 5259 ut
1424 5218 1493 5260 ne
1518 5198 1644 5276 quid
1677 5214 1880 5276 peccet,
1926 5198 2019 5260 sed

434 5284 502 5324 ne
527 5271 887 5341 suspicionem
909 5272 1121 5343 quidem
1153 5273 1310 5329 ullam
1341 5271 1547 5345 turpem
1577 5275 1644 5330 de
1667 5271 1726 5331 se
1765 5279 2015 5347 priebeat.

495 5361 703 5417 Parem.
754 5364 939 5421 Codex
986 5365 1382 5437 Seguierianus,
1430 5365 1603 5423 Talem
1645 5377 1693 5429 te,
1727 5369 2009 5439 integritas.

493 5453 618 5509 Non
660 5466 854 5511 tantum
906 5473 1134 5528 corpore.
1192 5458 1538 5515 Dissimulare
1582 5474 1690 5516 non
1729 5460 1900 5516 debeo
1923 5460 2026 5515 de-

420 5538 540 5602 cem
568 5537 623 5579 et
669 5543 862 5602 novem
896 5537 1076 5584 vetera
1114 5530 1469 5602 exemplaria.
1500 5539 1555 5586 et
1600 5532 1651 5586 in
1697 5532 1774 5587 eis
1803 5531 2023 5602 Segnio-

423 5594 655 5674 riannm,
685 5596 886 5674 habere.
914 5617 1012 5654 non
1043 5599 1208 5655 solum
1233 5594 1566 5670 corporaliter
1592 5605 1681 5658 sed
1701 5594 2018 5674 spiritaliter.

424 5665 738 5754 hect'i'oneni
766 5671 1032 5754 vulgatam
1060 5689 1165 5754 non
1193 5665 1369 5754 reperi
1399 5676 1499 5754 nisi
1541 5678 1619 5754 in_
1647 5665 1879 5754 aniiquis
1904 5678 2019 5733 edi-

428 5738 662 5796 tionibus
686 5750 742 5798 et
770 5742 823 5797 in
851 5738 1062 5801 duobus
1087 5743 1236 5800 libris
1257 5738 1556 5802 veteribus.
1584 5738 1793 5803 Retinui
1842 5738 2017 5805 t'amen

424 5824 544 5867 eam
572 5813 695 5884 quia
725 5823 810 5874 est
834 5815 1150 5885 elegantior,
1203 5816 1445 5896 quamvis
1474 5818 1638 5890 sciam
1687 5820 1739 5874 in
1777 5818 1915 5875 libro
1941 5820 2019 5894 ,αθ

2057 4723 2113 4785 1)
2143 4723 2494 4808 ιυιῗὲἓὶῑὶἑιῖἑὶἱὶξ

2135 3898 2377 3970 Oratione
2391 3896 2684 3970 Dominica,
2707 3909 2828 3967 pag.
2845 3893 2972 3970 204,
2994 3909 3093 3966 pro
3105 3910 3170 3951 eo
3186 3894 3457 3970 quodillie
3469 3897 3728 3970 scriptum

2131 3981 2215 4051 est
2242 3969 2404 4094 ῃΐιρίε
2439 3967 2707 4039 spiritalis,
2739 3967 2999 4038 quosdam
3046 3976 3257 4024 veteres
3310 3967 3478 4026 libros
3530 3967 3729 4028 habere

2131 4050 2278 4094 smrtl
2334 4056 2433 4094 tor.
2794 4076 2799 4081 ι

2131 4041 2433 4103 spiritalior.
2794 4076 2799 4081 ι
3554 4096 3559 4103 .

2158 4059 2433 4111 ptrutuwr.
2794 4076 2799 4081 ι
3554 4096 3559 4103 ,

2202 4110 2363 4184 Comi.
2424 4109 2503 4184 ita
2540 4109 2783 4184 plerique
2828 4109 2965 4184 libri
3009 4119 3238 4184 veteres.
3288 4111 3379 4169 Sic
3399 4112 3563 4184 etiam
3586 4113 3727 4184 apud

2132 4183 2433 4239 Aldelmum
2464 4182 2514 4254 in
2546 4180 2681 4235 libro
2700 4180 2787 4237 ide
2817 4180 2995 4236 Laude
3028 4180 3364 4253 Virginitatis.
3394 4182 3509 4239 Non
3539 4180 3729 4254 displio

2132 4264 2219 4310 cet
2249 4263 2428 4309 tamen
2466 4252 2570 4308 alia
2621 4253 2800 4320 lectio,
2849 4269 3045 4307 comam
3088 4252 3302 4318 nutrire.
3334 4255 3495 4319 Infra,
3541 4256 3592 4309 in
3625 4252 3726 4308 hoc

2135 4325 2251 4396 ipso
2276 4326 2433 4390 libro,
2468 4339 2586 4394 pag.
2613 4324 2736 4391 178,
2770 4325 2920 4392 Quod
2951 4328 3123 4379 ornari
3156 4336 3395 4395 (epulas,
3419 4325 3556 4394 quod
3581 4335 3730 4395 putas

2136 4397 2286 4464 comi,
2318 4396 2631 4466 iutpugnatio
2656 4407 2727 4449 est
2747 4398 2845 4451 ista
2880 4396 3036 4450 diuini
3060 4396 3246 4466 operis.

2208 4463 2499 4523 VL—Cum
2519 4467 2838 4539 integritatis.
2859 4467 2973 4521 Duo
3000 4463 3119 4521 libri
3149 4474 3379 4539 veteres,
3402 4481 3517 4539 cum
3545 4463 3729 4539 aﬂ‘ecm

2134 4539 2454 4611 integritatis.
2501 4536 2781 4605 Alii'tres,
2833 4554 2946 4592 cum
2969 4538 3268 4609 integritate
3320 4536 3542 4591 candida
3584 4538 3654 4592 sis
3682 4547 3729 4593 ει

2171 4610 2346 4665 adure.

2136 4629 2515 4736 pu‘gzrriedidata.
2561 4681 2635 4737 Ita
2685 4680 2848 4735 editio
2895 4678 3126 4747 Erasmi,
3173 4693 3295 4735 cum
3337 4686 3490 4750 antea
3523 4677 3729 4750 legere-

2526 4753 2693 4820 Quam
2718 4750 3005 4823 lectionem
3031 4766 3132 4823 ego
3168 4749 3494 4823 deprehendi
3524 4751 3599 4823 in
3627 4767 3729 4823 un-

2144 4825 2319 4879 decim
2364 4825 2513 4880 libris
2540 4822 2832 4878 veteribus.
2865 4821 3036 4877 Aliam
3074 4821 3367 4893 reperinin
3407 4821 3731 4893 editionibus

2143 4894 2358 4950 Manutii
2385 4906 2439 4950 et
2477 4894 2698 4950 Mor-ellii
2725 4902 2779 4948 et
2819 4893 2869 4947 in
2893 4893 3013 4947 aliis
3037 4904 3159 4949 octo
3185 4892 3478 4949 codicibus.
3514 4892 3729 4948 Tertul-

2143 4966 2381 5022 lianusin
2400 4967 2537 5021 libro
2555 4983 2587 5019 ιι
2615 4963 2682 5016 ad
2703 4963 3066 5020 Uxoremtlisit
3102 4984 3114 5018 :
3150 4964 3175 5018 l
3183 4981 3273 5035 pse
3299 4962 3403 5035 Dei
3423 4963 3729 5018 candidatus

2140 5048 2211 5092 est
2240 5039 2434 5092 timore.
2487 5036 2556 5092 Et
2592 5036 2644 5091 in
2677 5034 2812 5090 libro
2842 5036 2909 5090 de
2942 5034 3209 5107 Baptismt)
3240 5052 3253 5089 :
3283 5034 3535 5107 Agebatur
3562 5036 3730 5105 itaque

2140 5108 2432 5177 Baptismus
2456 5108 2758 5178 pcenitentia:
2795 5107 2940 5176 quasi
2985 5106 3289 5163 candidatus
3327 5106 3638 5162 remissionis
3680 5116 3727 5161 et

2135 5177 2548 5248 sarrcti/icationis
2573 5182 2625 5233 in
2653 5177 2855 5234 Christo
2883 5179 3240 5235 subsecutum.

2226 5250 2425 5308 Sermo.
2493 5249 2742 5321 Plerique
2805 5250 2925 5305 libri
2989 5261 3221 5317 veteres,
3284 5256 3340 5304 ut
3372 5319 3385 5321 _
3416 5248 3726 5318 frequenter

2127 5321 2278 5387 alibi,
2309 5323 2509 5377 habent
2531 5319 2754 5376 verbum.
2778 5320 2916 5377 Vide
2941 5335 3126 5392 supra,
3151 5335 3273 5392 pag.
3323 5319 3451 5387 465,
3478 5328 3535 5374 et
3571 5330 3727 5375 notas

2122 5391 2188 5447 ad
2201 5392 2499 5466 Epistolam
2527 5407 2713 5466 nam,
2744 5406 2861 5466 pag.
2897 5391 3020 5448 521..

2200 5461 2755 5518 Vll.——'-Possessione.
2774 5461 2996 5520 Veteres
3025 5463 3291 5520 editiones
3310 5470 3366 5520 ct
3390 5461 3581 5520 decem
3604 5461 3727 5518 libri

2126 5541 2337 5590 veteres
2361 5537 2642 5589 mansione.
3346 5598 3351 5603 κ
3675 5556 3697 5566 -

2198 5605 2514 5661 Contestans.
2562 5605 2635 5661 Ita
2690 5604 2946 5675 scriptum
2995 5605 3102 5662 vidi
3149 5607 3211 5661 in
3255 5606 3526 5677 plerisque
3576 5604 3727 5677 codi-

2126 5677 2279 5733 cibus
2313 5676 2966 5747 manuscriptisaQuidam
3001 5689 3174 5733 tamen
3204 5676 3271 5733 et
3296 5688 3506 5733 veteres
3531 5676 3727 5732 editio-

2125 5764 2221 5804 nes
2263 5748 2558 5820 przel'erunt
2596 5750 2950 5820 corroborans.
2976 5748 3118 5804 Infra
3156 5750 3209 5804 in
3244 5748 3384 5804 libro
3429 5749 3493 5805 de
3522 5747 3723 5819 Lapsis,

2124 5835 2242 5891 pag.
2267 5819 2407 5890 185,
2440 5819 2534 5877 Dei
2559 5836 2726 5877 servos
2750 5819 2933 5877 caelesti
2952 5836 3070 5878 voce
3088 5820 3437 5878 corroborans.
