4302 6296
419 278 530 341 sig
1079 363 1088 368 _
1501 273 1706 336 LIBER
1744 277 1834 336 DE
1877 270 2128 342 llABlTU
2175 246 2525 340 mutauit.
2567 281 2576 291 '
3588 283 3737 350 '450

423 391 617 447 mundo
652 396 885 456 utuntur,
945 389 1093 459 quasi
1134 403 1234 444 non
1276 395 1484 444 utantur
1525 400 1572 446 δ.
1624 389 1860 446 Prazterit
1900 392 2033 446 enim
2061 400 2113 454 Α
2139 390 2337 448 ferrum
2361 408 2483 450 esse
2529 393 2596 449 ad
2643 393 2904 450 culturam
2953 403 3108 453 terra:
3131 397 3272 454 Deus
3301 399 3489 468 voluit,
3515 415 3614 458 nec
3638 402 3734 458 ho-

424 485 592 555 ﬁgura
619 483 772 551 hujus
796 481 970 533 mundi
993 481 1033 550 (l
1055 479 1172 534 Cor.
1189 495 1282 544 vu,
1303 481 1391 546 '50,
1407 480 1521 550 5i).
1540 482 1924 549 Pctrusctiam,
1943 485 2027 538 eui

423 592 554 633 oves
582 589 706 630 suas
740 574 998 629 Dominus
1040 573 1338 644 pascendas
1371 573 1703 645 tuendasque
1749 591 2024 631 commen-

422 671 537 737 dat,
583 685 746 740 super
777 683 937 740 quem
969 666 1151 738 posuit
1177 673 1230 722 et
1257 665 1496 722 fundavit
1525 668 1819 724 Ecclesium
1852 668 1901 736 ι),
1931 685 2027 723 au-

422 782 541 822 rum
571 765 800 836 quidem,
818 763 921 819 sibi
949 777 1069 819 esse
1097 771 1152 819 et
1179 772 1457 833 argentum
1487 771 1646 833 negat
1673 761 1809 835 (Act.
1839 779 1915 829 ιιι,
1941 761 2018 835 6),

422 859 519 915 sed
544 873 664 914 esse
691 871 750 913 se
768 856 898 912 dicit
921 854 1120 910 Christi
1127 855 1314 926 jgratia
1334 854 1576 919 divitem,
1600 869 1720 910 esse
1764 853 1868 909 tide
1906 855 2024 923 ejus

423 960 478 1008 et
497 951 689 1006 virtute
713 949 1056 1020 locupletem,
1079 947 1274 1018 quibus
1304 946 1472 1002 multa
1491 945 1755 1017 magnalia
1779 960 1898 1001 cum
1923 944 2022 999 mi-

422 1044 605 1099 raculo
634 1042 854 1108 taceret,
885 1039 1086 1111 quibus
1114 1038 1182 1094 ad
1211 1039 1432 1109 gratiam
1462 1037 1648 1109 gloria:
1673 1037 1828 1094 bonis
1852 1048 1874 1075 ε
1905 1037 2021 1106 spi-

423 1134 664 1190 ritalibus
689 1131 1008 1188 abundaret.
1044 1129 1152 1186 Has
1177 1144 1330 1201 opes,
1363 1129 1460 1184 has
1490 1129 1705 1184 divitias
1737 1129 2016 1199 possidere

345 1247 364 1256 '
424 1245 531 1286 non
561 1236 735 1299 potest
759 1241 879 1297 qua:
915 1239 974 1281 se
998 1223 1219 1280 divitem
1245 1222 1444 1280 smculo
1475 1221 1676 1278 mavult
1712 1236 1836 1278 esse
1860 1235 2022 1293 quam

423 1323 658 1380 Christo.

495 1414 587 1470 XI.
638 1412 984 1485 Locupletem
1014 1419 1067 1466 te
1094 1410 1232 1467 dicis
1258 1418 1314 1466 et
1367 1408 1623 1475 divitem,
1671 1417 1727 1464 et
1766 1406 2021 1464 utendum

425 1519 580 1580 putas
607 1507 674 1563 iis
697 1523 814 1578 qua:
837 1504 1116 1578 possidere
1147 1513 1200 1561 te
1224 1505 1364 1560 Deus
1394 1504 1579 1560 voluit.
1613 1502 1795 1570 Utere,
1834 1503 1929 1559 sed
1955 1502 2023 1558 ad

425 1623 516 1664 res
536 1606 834 1671 salutares;
863 1613 1033 1672 utere,
1061 1603 1157 1659 sed
1181 1602 1247 1658 ad
1271 1602 1442 1659 bonas
1469 1609 1611 1656 artes
1634 1597 1699 1667 (1;
1733 1610 1903 1665 utere,
1929 1599 2025 1655 sed

425 1699 494 1755 ad
524 1699 614 1754 illa
658 1713 778 1768 qua:
826 1698 968 1753 Deus
1003 1696 1244 1767 prmcipit
1279 1736 1295 1764 ,
1327 1710 1447 1766 qua:
1477 1693 1734 1749 Dominus
1767 1692 2023 1750 ostendit.

2133 482 2343 538 micidia
2390 493 2514 538 sunt
2555 485 2753 542 ideirco
2798 488 3065 554 facienda;
3097 498 3189 544 aut
3216 491 3338 560 quia
3366 492 3518 547 thura
3537 506 3590 549 et
3619 511 3735 550 ine-

2131 591 2248 629 rum
2279 585 2334 632 et
2355 577 2539 648 ignem
2569 580 2708 636 Deus
2759 580 3020 650 instituit,
3052 583 3461 640 sacrificandum
3493 596 3573 642 est
3606 587 3729 643 inde

2129 666 2317 734 idolis;
2361 669 2444 724 vel
2477 669 2599 740 quia
2643 672 2918 728 abundant
2960 675 3223 744 pecudum
3265 693 3457 749 greges
3498 681 3548 734 in
3581 681 3729 750 agris

2147 758 2272 826 tuis,
2305 761 2546 819 victimas
2573 774 2627 820 et
2653 765 2852 820 hostias
2881 767 2982 822 diis
3010 768 3286 826 immolare
3313 771 3553 828 debebis.
3579 772 3730 828 Alio-

2126 854 2214 923 qui
2255 856 2476 910 tentatio
2516 865 2597 911 est
2637 857 3019 927 patrimonium
3063 860 3296 931 grande,
3349 863 3450 917 nisi
3490 863 3556 918 ad
3596 880 3724 921 usus

2125 945 2296 1002 bonos
2309 963 2503 1003 census
2534 959 2806 1020 operetur,
2842 961 2899 1006 ut
2927 951 3249 1021 patrimonio
3271 953 3408 1010 1*suo
3438 958 3726 1027 unusquis-

2126 1055 2230 1110 que
2258 1042 2577 1113 locupletior
2604 1045 2770 1115 magis
2799 1044 3287 1118 redimerc‘debeat
3321 1063 3481 1118 quam
3526 1043 3726 1122 augere

2125 1133 2340 1188 delicta.

2198 1227 2312 1282 ΧΠ.
2342 1226 2791 1285 Ornamentorum
2817 1244 2879 1286 ac
2898 1232 3127 1288 vestium
3153 1232 3375 1304 insignia
3393 1242 3447 1290 et
3463 1234 3726 1293 lenocinia

2129 1321 2420 1377 formarum
2459 1322 2523 1352 ¹⁷⁷
2553 1337 2658 1378 non
2689 1325 2789 1378 nisi
2814 1325 3111 1393 prostitutis
3135 1326 3489 1398 etimpudicis
3517 1328 3728 1385 feminis

2127 1423 2462 1488 congruunt,
2514 1425 2570 1470 ct
2615 1417 2882 1472 nullarum
2932 1417 3046 1474 fere
3094 1420 3382 1488 pretiosior
3433 1421 3608 1478 cultus
3645 1431 3730 1479 est

2126 1522 2284 1577 quam
2313 1523 2539 1577 quarum
2574 1509 2748 1578 pudor
2773 1509 2896 1564 vilis
2925 1519 3026 1564 est.
3058 1509 3150 1566 Sic
3171 1511 3220 1565 in
3243 1511 3539 1582 Scripturis
3566 1527 3725 1569 sanc-

2129 1599 2230 1665 tis,
2262 1598 2454 1668 quibus
2501 1613 2600 1654 nos
2646 1600 2838 1655 instrui
2869 1602 3128 1657 Dominus
3171 1604 3340 1658 voluit
3381 1613 3435 1660 et
3480 1608 3724 1675 moneri,

2129 1690 2452 1747 describitur
2509 1692 2697 1747 civitas
2747 1694 3034 1759 meretrix;
3085 1706 3302 1766 compta
3345 1696 3618 1767 pulchrius
3673 1707 3729 1754 et

430 1792 661 1847 Divitem
685 1798 738 1846 te
766 1790 998 1845 sentiant
1025 1803 1306 1860 pauperes,
1339 1787 1662 1858 locupletem
1702 1794 1756 1840 te
1791 1789 2025 1842 sentiant
2052 1790 2099 1851 Β
2128 1790 2336 1848 ornata,
2361 1791 2414 1836 et
2438 1795 2563 1837 cum
2589 1785 2922 1839 ornamentis
2943 1785 3055 1839 suis
3077 1800 3140 1841 ac
3165 1797 3384 1857 propter
3408 1790 3519 1858 ipsa
3549 1790 3726 1859 potius

427 1884 766 1956 indigentes;
798 1884 1123 1954 patrimonio
1164 1892 1254 1938 tuo
1317 1882 1427 1938 Deo
1473 1881 1676 1938 fmnera
1706 1899 1718 1934 ε
1749 1880 2021 1938 Christum

427 1979 566 2035 ciba.
591 1975 658 2034 Ut
680 1977 1002 2049 virginitatis
1030 1975 1504 2047 perferregloriam
1530 1974 1711 2042 liceat,
1743 1983 1800 2030 ut
1826 1974 1893 2029 ad
1922 1975 2024 2030 Do-

429 2071 566 2127 mini
597 2071 815 2143 praemia
849 2070 1034 2126 venire
1075 2069 1387 2138 contingat,
1437 2068 1728 2123 multorum
1772 2067 2022 2138 precibus

427 2178 609 2220 exora.
642 2159 970 2218 Commenda
1003 2161 1110 2216 illic
1137 2160 1422 2218 thesauros
1453 2168 1571 2214 tuos
1609 2158 1699 2215 ubi
1731 2157 1814 2213 fur
1842 2157 2020 2214 nullus

429 2253 682 2320 effodiat,
727 2268 834 2324 quo
882 2253 1060 2308 nullus
1106 2252 1367 2308 insidians
1412 2259 1684 2323 grassator
1740 2251 2020 2322 irrumpat.

431 2347 804 2404 Possessiones
849 2347 944 2401 tibi
991 2345 1086 2401 sed
1117 2346 1367 2403 caelestes
1402 2345 1574 2416 magis
1601 2359 1850 2415 compara
1877 2385 1892 2412 ,
1934 2341 2026 2400 ubi

431 2441 633 2496 fructus
659 2451 777 2496 tuos
811 2439 966 2512 juges
993 2456 1055 2494 ac
1084 2455 1349 2510 perennes
1397 2449 1452 2495 et
1493 2440 1561 2495 ab
1588 2440 1732 2494 omni
1773 2447 2023 2495 contactu

431 2530 640 2602 injuriae
663 2531 936 2586 sazcularis
963 2531 1228 2587 immunes
1258 2541 1280 2567 ε
1304 2545 1405 2586 nec
1445 2529 1633 2600 rubigo
1662 2537 1892 2597 atterat,
1925 2544 2024 2585 nec

393 2675 396 2678 .
430 2624 635 2694 grando
661 2623 834 2679 cazdat
858 2665 873 2691 ,
923 2639 1021 2680 nec
1051 2624 1129 2679 sol
1159 2633 1295 2690 urat,
1342 2638 1441 2679 nec
1469 2623 1644 2694 pluvia
1685 2632 2018 2694 corrumpat.

432 2714 562 2770 Nam
589 2714 856 2786 delinquis
881 2723 937 2770 et
963 2714 1064 2770 hoc
1089 2715 1204 2785 ipso
1227 2717 1278 2770 in
1310 2714 1496 2781 Deum,
1527 2715 1570 2769 si
1600 2713 1666 2768 ad
1698 2714 1799 2769 hoc
1830 2715 1924 2768 tibi
1952 2714 2018 2768 ab

433 2808 523 2862 illo
551 2807 768 2863 divitias
794 2807 947 2862 datas
973 2806 1148 2863 credis
1193 2816 1251 2862 ut
1282 2807 1386 2861 illis
1437 2823 1542 2861 non
1586 2805 1871 2861 salubriter
1900 2821 2023 2876 per-

431 2897 648 2954 fruaris.
680 2898 814 2953 Nam
830 2908 1090 2954 etvocem
1121 2897 1263 2954 Deus
1289 2898 1490 2954 homini
1517 2897 1665 2954 dedit
1696 2898 1740 2964 τ,
1770 2906 1825 2953 et
1846 2908 2022 2954 tamen

432 3007 541 3047 non
567 3000 692 3048 sunt
722 2991 918 3047 idcirco
950 3003 973 3041 ε
1006 2992 1267 3048 amatoria
1289 2990 1549 3063 cantanda
1575 2994 1690 3062 ξιιθο
1727 2992 1930 3061 turpia;
1973 2999 2027 3046 et

2128 1884 2442 1931 ornamenta
2473 1877 2729 1945 peritura.
2763 1875 2830 1930 Et
2868 1878 3023 1945 venit,
3056 1878 3248 1949 inquit,
3282 1897 3412 1935 unus
3441 1897 3504 1935 ea;
3531 1891 3722 1951 septem

2136 1968 2346 2038 Angelis
2377 1967 2677 2023 habentibus
2701 1969 2903 2039 phialas
2931 1981 3120 2042 septem
3140 2012 3156 2040 ,
3187 1981 3234 2026 et
3261 1989 3530 2044 aggressus
3559 1983 3630 2029 est
3651 1992 3729 2030 me

2128 2062 2299 2116 dicens
2330 2078 2348 2115 :
2389 2060 2542 2125 Veni,
2591 2063 2852 2117 ostendant
2898 2064 2987 2118 tibi
3033 2064 3414 2120 damnationem
3454 2069 3729 2124 meretricis

2128 2168 2324 2224 magna:
2347 2153 2566 2209 sedentis
2593 2168 2748 2222 super
2776 2171 2936 2226 aquas
2967 2155 3176 2222 multas,
3210 2173 3327 2211 cum
3354 2175 3454 2228 qua
3482 2161 3728 2229 fornicati

2127 2257 2243 2323 sunt
2268 2263 2408 2319 reges
2432 2256 2598 2303 terrm.
2630 2246 2697 2300 Et
2727 2248 2873 2302 duxit
2903 2265 2982 2304 me
3002 2250 3054 2304 in
3095 2251 3297 2320 spiritu.
3330 2251 3398 2305 Et
3430 2252 3728 2308 vidimulie-

2130 2357 2235 2394 rem
2261 2339 2516 2395 sedentem
2543 2357 2696 2410 super
2727 2341 2968 2409 bestiam;
2995 2352 3042 2396 et
3072 2345 3253 2398 mulier
3281 2344 3372 2398 illa
3401 2345 3588 2398 amicta
3613 2356 3726 2400 erat

2129 2432 2288 2502 pallio
2315 2448 2570 2503 purpureo
2603 2431 2619 2469 ί
2655 2442 2703 2487 et
2731 2434 2963 2489 coccineo
2985 2474 3000 2500 ,
3032 2445 3076 2489 et
3107 2435 3359 2491 adornata
3387 2445 3492 2492 erat
3521 2453 3648 2492 auro
3680 2447 3727 2492 et

2123 2522 2379 2593 lapidibus
2421 2524 2654 2594 pretiosis
2705 2534 2754 2578 et
2797 2527 3126 2596 margaritis,
3175 2536 3350 2584 tenens
3393 2533 3634 2600 poculum
3672 2532 3726 2586 in

2127 2635 2280 2672 manu
2295 2635 2387 2672 sua
2402 2619 2607 2688 plenum
2627 2622 3003 2674 execrationum
3029 2631 3074 2675 et
3099 2622 3432 2679 immunditite
3458 2625 3470 2674 i
3503 2635 3547 2680 et
3568 2625 3729 2695 forni-

2124 2714 2339 2767 cationis
2368 2714 2521 2768 totius
2553 2724 2699 2768 terra:
2728 2713 2913 2785 (Apoc.
2938 2731 3070 2783 XVII,
3096 2717 3181 2770 1οᾷ
3200 2715 3241 2787 ).
3276 2717 3545 2788 Ρυεὶειηιιί
3566 2730 3728 2775 casta:

2125 2805 2359 2876 virgines
2389 2816 2441 2860 et
2469 2805 2674 2876 pudica:
2713 2807 3037 2862 incestarum
3068 2809 3271 2876 cultus,
3307 2811 3522 2868 habitus
3553 2814 3728 2882 impu-

2127 2898 2402 2965 dicarum,
2451 2897 2787 2968 lupanarium
2843 2899 3110 2970 insignia,
3166 2911 3497 2959 ornamenta
3549 2919 3724 2960 mere-

2130 2992 2340 3047 tricum.

1644 3106 2025 3166 LECTIONES
2065 3108 2482 3167 \‘ARIANTES.

499 3223 524 3251 α
557 3221 763 3274 Utantur
787 3238 848 3276 eo
871 3229 961 3277 Ar.
989 3227 1122 3278 Lam.
1148 3226 1259 3278 NG.
1289 3227 1334 3276 1.
1361 3225 1506 3278 Ebor.

494 3280 522 3321 Ι)
547 3287 816 3337 Ecclesiam
838 3301 974 3339 suam
995 3289 1124 3342 Bod.
1148 3291 1198 3339 4.

498 3351 521 3378 ο
547 3349 699 3400 Donis
721 3351 846 3401 Bod.
871 3351 919 3403 4.

497 3409 524 3448 ιι
549 3412 804 3462 Salutares
827 3420 879 3465 et
897 3415 956 3464 ad
979 3415 1132 3465 bonas
1153 3421 1288 3465 artes
1313 3415 1445 3465 Lam.
1477 3413 1581 3466 Lin.
1608 3417 1746 3471 Foss.

441 3475 527 3584 ra:
549 3472 815 3584 111110101168,
861 3490 956 3527 nec
994 3478 1149 3541 judex
1193 3478 1374 3528 ambiat
1410 3491 1504 3529 nec
1542 3482 1775 3547 quiasitor
1813 3478 2030 3543 inquirat

502 3594 524 3635 ἲ
549 3596 838 3653 Hominibus
858 3601 997 3654 dedit
1021 3602 1124 3655 Lin.

2201 3227 2226 3299 β
2253 3226 2608 3299 ldeircopmitt.
2631 3229 2766 3299 L_(qn.
2792 3228 2938 3282 Ebor.
2959 3232 3067 3284 ΝΟ.
3093 3233 3140 3283 1.
3165 3233 3292 3285 Bod.
3322 3235 3368 3299 1,
3391 3237 3438 3286 2.

2197 3287 2228 3327 ιι
2250 3289 2312 3339 Et
2363 3292 2619 3340 atrimonio
2647 3289 2772 3343 Thu.

2203 3351 2221 3391 ί
2263 3307 2469 3402 Pallium
2491 3368 2772 3402 nurnureun

2133 3351 2469 3471 ca;bl’allium
2491 3368 2794 3419 purpureum
2822 3355 2927 3408 Lin.
2947 3358 3055 3412 NC.
3073 3359 3117 3410 1.
3135 3359 3272 3412 Pent.
3300 3363 3417 3414 Ver.
3432 3364 3589 3428 Neap.
3603 3359 3729 3419 Tha.

2197 3479 2213 3527 i
2257 3476 2430 3528 Omnia
2451 3479 2772 3530 immunditiaa
2801 3483 2923 3534 Ver.

2192 3540 2222 3578 κ
2256 3539 2482 3605 Fugiant,
2509 3541 2704 3608 fugiant
2731 3546 2851 3597 Ver.

1673 3691 1894 3750 STEPH
1904 3733 1916 3748 .
1957 3693 2230 3754 BALUZII
2266 3698 2496 3756 NOTAE.

432 3802 752 3876 Cyprianus,
784 3804 877 3859 lib.
922 3821 1002 3860 ιιι.
1029 3804 1454 3861 Testimoniorum
1481 3820 1602 3876 cap.
1651 3807 1736 3875 11,
1772 3805 2022 3864 eumdem

433 3875 606 3950 locum
637 3875 957 3950 describens
977 3878 1137 3950 etiam
1167 3877 1269 3933 hoc
1296 3875 1631 3950 segmentUm
1684 3877 1867 3950 refert.
1911 3880 2022 3950 Ego

433 3947 596 4021 enim,
629 3957 684 4000 ut
715 3956 870 4003 antea
909 3947 1040 4014 dixi,
1076 3948 1134 4021 in
1157 3947 1506 4021 emendandis
1557 3951 1746 4021 sancti
1775 3947 2022 4021 Martyris

433 4018 814 4090 operibusgnon
842 4034 1027 4088 quaero
1052 4019 1178 4090 quid
1222 4021 1522 4090 reperiatur
1550 4021 1601 4074 in
1633 4018 2021 4076 codicibus'sa-

432 4102 644 4162 crurum
677 4088 991 4162 Bibliorum,
1039 4088 1133 4146 sed
1183 4088 1311 4159 quid
1363 4091 1662 4162 Cyprianus
1722 4091 2017 4161 scripserit.

433 4157 657 4233 Videtur
683 4160 982 4233 autemille
1011 4157 1243 4218 voluisse
1268 4157 1488 4218 sensum
1531 4162 1706 4218 facere
1753 4157 2019 4233 integrum

432 4243 552 4284 cum
582 4229 680 4283 ista
709 4230 928 4286 addidit.
1816 4283 1819 4287 .

507 4299 998 4357 XL—Patrimonio
1017 4313 1122 4359 tuo.
1142 4303 1410 4360 Pamelius
1427 4313 1479 4360 et
1496 4313 1746 4373 posteum
1765 4303 2020 4374 Rigaltius

433 4381 731 4446 posuerunt
760 4375 1116 4446 patrimonium
1158 4386 1300 4430 tuum
1333 4375 1441 4430 Deo
1471 4380 1681 4446 imitere.
1713 4375 1881 4444 Quam
1912 4375 2021 4430 lec-

436 4443 634 4497 tionem
652 4443 844 4518 _i_u_veni
873 4447 924 4500 in
949 4455 1177 4516 quatuor
1203 4443 1597 4515 exemplaribus
1635 4443 1886 4518 antiquis.
1919 4447 2022 4500 Ve-

435 4521 577 4586 teres
602 4513 864 4572 editiones
889 4526 943 4572 et
965 4513 1208 4572 undecim
1231 4513 1407 4574 vetera
1436 4513 2018 4586 exen'iplaria'habent:

435 4582 758 4659 Patrimonia
785 4599 870 4642 tua
903 4587 1010 4659 Deo
1046 4593 1260 4658 recitem.
1296 4582 1610 4643 Lectionem—
1633 4599 1812 4644 autem
1862 4603 2021 4659 quam

434 4670 534 4730 ego
556 4657 750 4730 retinui
780 4657 1366 4730 prmferuntduodecim
1399 4659 1520 4714 libri
1543 4670 1751 4716 veteres
1776 4668 1831 4716 et
1859 4657 2022 4715 editio

434 4725 754 4802 Manutiana,
780 4725 1013 4800 itemque
1028 4731 1353 4802 Anglicana.

507 4799 770 4854 Amatoria
810 4801 1088 4872 cantanda.
1132 4799 1340 4858 Seneca
1399 4800 1581 4856 rhetor
1620 4801 1671 4856 in
1713 4801 2025 4872 praefatione

435 4866 933 4942 Controversiarum
963 4888 981 4928 :
1006 4871 1260 4929 Cantandi
1287 4873 1607 4942 saltandique
1643 4866 1774 4942 nunc
1795 4872 2028 4928 obscama

434 4940 604 5013 studia
631 4940 1532 5012 e/feminatosteneiit.Quintilianus
1564 4945 1692 4999 :lib.
1726 4940 1765 5012 t,
1799 4959 1918 5013 cap.
1949 4945 2023 4998 2:

439 5010 601 5086 Quine
637 5016 918 5070 convivium
956 5010 1213 5086 ,obscaznis
1265 5018 1495 5071 cantibus
1544 5010 1757 5086 strepit,
1793 5010 2031 5086 pudenda

435 5083 573 5155 dictu
593 5094 903 5155 spectantur.
935 5085 1232 5143 Concilium
1246 5087 1582 5151 Veneticum,
1602 5083 1721 5143 can.
1748 5088 1809 5142 11
1835 5105 1848 5144 :
1871 5084 2028 5140 Pres-

435 5154 627 5230 byteri,
671 5157 890 5230 diaconi,
943 5168 1093 5230 atque
1163 5159 1460 5215 subdiaconi
1503 5160 1799 5230 nuptiarum
1851 5163 2031 5212 evitent

433 5226 794 5291 convivia,nec
821 5229 885 5283 iis
925 5226 1300 5285 admisceantur
1344 5233 1428 5285 ubi
1470 5226 1720 5288 amatoria
1763 5237 2032 5284 cantantur

432 5305 481 5370 et
507 5298 703 5370 turpia.
726 5299 814 5355 Sic
843 5302 1003 5355 etiam
1030 5304 1080 5355 in
1105 5319 1310 5358 canone
1341 5304 1407 5358 57
1420 5303 1642 5370 concilii
1668 5299 2027 5370 Agathensis;

432 5365 797 5443 Burcliardus,
844 5371 934 5443 hb.
967 5389 1022 5439 ιι,
1069 5388 1187 5441 cap.
1247 5376 1346 5431 l5l
1386 5365 1488 5430 hoc
1534 5365 1808 5430 decretum
1837 5368 2032 5443 synodi

431 5439 756 5514 agathensis
797 5442 968 5499 refert
995 5460 1059 5498 ea:
1084 5439 1231 5500 dictis
1260 5447 1549 5514 Augustini.
1599 5445 1689 5500 Sic
1730 5439 1890 5498 etiam
1938 5439 2028 5494 Iro

433 5508 801 5585 Carnotensis,
853 5523 1001 5583 parte
1053 5516 1108 5582 6,
1139 5531 1258 5585 cap.
1297 5508 1426 5572 269.
1462 5518 1532 5572 At
1567 5514 1854 5572 Gratianus
1884 5522 2030 5585 recte

435 5595 500 5633 ex
526 5583 752 5655 euincilio
773 5581 1086 5655 Agathensi.
1111 5585 1164 5640 in
1188 5581 1416 5642 concilio
1434 5587 1769 5650 Trosleiano,
1786 5599 1903 5652 cap.
1936 5581 2027 5655 11,

436 5650 795 5730 prohiben'ur
823 5650 992 5730 iurpia
1022 5657 1672 5730 cantica.ulliergnymus,
1701 5657 1753 5730 in
1789 5650 2024 5730 Epistula

438 5721 506 5779 ad
537 5721 739 5781 Laetam
765 5725 833 5785 de
858 5721 1194 5787 Institutione
1219 5726 1342 5784 tiliae
1374 5745 1387 5784 :
1418 5721 1612 5804 Turpia
1637 5721 1784 5784 verba
1814 5721 1914 5783 non
1939 5724 2025 5780 in-

2127 3813 2338 3888 telligat.
2364 3815 2565 3888 cantica
2596 3816 2775 3888 mundi
2801 3815 3016 3884 ignoret.
3047 3815 3222 3872 Elius
3273 3816 3590 3888 Spartianus
3622 3827 3730 3875 tran

2127 3881 2544 4008 :lit'VAdrianum
2594 3881 2978 3955 Imperatorem
3010 3888 3292 3958 scripsisse
3314 3881 3544 3946 'cantica
3583 3906 3728 3947 ama-

2152 3969 2285 4008 orta.
3339 3982 3347 3992 ι

2152 3969 2285 4008 01⁸13.
3339 3982 3347 3992 ¹

2198 4023 2420 4080 Ferrum
2446 4027 2514 4081 ad
2538 4028 2813 4084 culturam.
2847 4027 3086 4098 Ovidius,
3123 4031 3216 4088 lib.
3245 4047 3305 4088 ιι.
3337 4031 3590 4089 Tristium
3625 4051 3640 4088 :

2218 4160 2282 4212 Et
2305 4161 2431 4228 latro
2455 4168 2513 4228 et_
2525 4168 2696 4228 cautus
2719 4165 3038 4228 praecingitur
3063 4176 3185 4214 ense
3211 4167 3382 4216 viator.

2311 4221 2402 4274 Ille
2427 4225 2516 4274 sed
2543 4221 2759 4286 insidias,
2785 4226 2864 4276 hic
2888 4221 2984 4296 sibi
3012 4235 3173 4292 portat
3197 4241 3362 4291 Opem.
3379 4259 3392 4266 -

2197 4351 2575 4420 Quintilianus,
2607 4352 2700 4407 lit).
2735 4370 2793 4417 ιι,
2817 4367 2937 4421 cap.
2973 4350 3039 4407 16
3071 4372 3085 4406 :
3121 4353 3239 4407 Non
3268 4353 3545 4422 fabricetur
3576 4354 3724 4408 militi

2163 4424 2346 4478 ludius.
2371 4422 2540 4479 Potest
2567 4426 2640 4478 uti
2659 4425 2835 4480 eodem
2857 4428 2992 4495 [erro
3013 4424 3163 4477 latro.
3191 4423 3568 4490 Tertullianus,
3591 4425 3656 4455 ⁶²⁷
3674 4426 3728 4480 in

2125 4442 2264 4549 fibra
2293 4494 2360 4549 de
2386 4495 2716 4549 SDCCIaculis
2737 4515 2748 4549 :
2773 4493 2992 4548 Ferrum
3019 4492 3116 4546 Dei
3143 4510 3219 4546 res
3241 4504 3332 4546 cst.
3361 4493 3623 4549 Numauid
3651 4506 3728 4549 ta-

2169 4495 2264 4548 bro
2293 4494 2360 4551 de
2386 4495 2716 4564 Spectaculis
2737 4515 2748 4549 :
2773 4492 2992 4548 Ferrum
3019 4492 3116 4546 Dei
3143 4510 3219 4546 res
3241 4504 3332 4546 est.
3361 4493 3409 4546 Ν
3419 4497 3623 4565 tunquid
3651 4506 3730 4550 ta-

2128 4581 2240 4619 men
2270 4568 2321 4619 in
2352 4567 2570 4619 hominis
2598 4582 2771 4621 necem
2798 4575 2974 4619 auctor
2999 4565 3096 4618 ista
3125 4565 3384 4636 providit?

2049 4633 2100 4692 D
2144 4659 2152 4662 ’
2201 4657 2399 4714 ΧΙΙ.-
2425 4659 2613 4714 Civitas
2640 4660 2897 4714 meretrix.
2923 4633 3264 4728 Nescioqnid
3288 4658 3408 4714 heic
3439 4661 3594 4716 iaciat
3624 4676 3727 4717 vox

2129 4729 2319 4802 civitas.
2351 4729 2469 4802 Non
2493 4732 2635 4784 enim
2658 4732 2830 4802 agitur
2867 4729 2936 4784 de
2980 4729 3194 4802 civitate
3222 4730 3397 4799 aliqua
3438 4731 3488 4784 in
3521 4734 3729 4802 Apoca-

2129 4800 2288 4872 lypsi,
2320 4801 2412 4856 sed
2432 4801 2512 4874 de
2534 4800 2817 4874 meretrice
2846 4800 3302 4874 niggna._Yidetur
3329 4802 3486 4874 igitur
3503 4800 3729 4874 Cypria,-

2133 4869 2232 4926 Iius
2262 4873 2533 4943 accepisse
2558 4886 2627 4926 ex
2669 4872 2806 4943 libro
2831 4887 2866 4943 ιι
2898 4869 3210 4943 Tertulliani
3250 4872 3311 4925 de
3336 4869 3487 4930 Cultu
3517 4869 3732 4943 [emina-

2131 4959 2268 5009 rum,
2313 4941 2409 4998 ubi
2427 4944 2618 5014 legitur
2649 4941 2792 4997 :llla
2819 4942 2994 4996 civitas
3017 4942 3188 4996 valida
3215 4959 3328 5014 qua:
3357 4941 3729 5014 supermontes

2133 5023 2322 5083 septem
2366 5024 2412 5067 et
2457 5013 2702 5084 plurimas
2748 5029 2906 5084 aquas
2955 5014 3213 5084 prtesidet.
3266 5013 3428 5069 ltlem'
3460 5015 3728 5070 civitatem

2135 5087 2295 5138 etiam
2329 5083 2665 5153 prostitutam
2690 5083 2845 5140 vocat
2870 5085 2922 5138 in
2955 5083 3093 5138 libro
3123 5087 3181 5137 de
3212 5084 3594 5140 Resurrectione
3617 5103 3731 5140 car-

2132 5155 2230 5208 nis.
2253 5153 2308 5208 ln
2337 5154 2510 5226 capite
2534 5154 2709 5223 primo
2735 5155 2886 5226 Isaiae
2914 5156 3106 5224 legitur
3130 5171 3147 5208 :
3178 5157 3444 5220 Quomodo
3487 5162 3622 5226 facta
3657 5166 3732 5212 est

2134 5226 2383 5298 mentri;
2423 5223 2595 5298 civitas
2614 5226 2827 5298 fidelis.
2873 5223 3229 5298 lliernnymus
3279 5228 3341 5298 in
3387 5223 3622 5296 Epistola
3663 5228 3731 5282 ad

2135 5295 2482 5350 Eustochium
2510 5295 2578 5351 de
2602 5295 3208 5366 CustodiaVirginitatis
3239 5315 3252 5349 :
3291 5295 3373 5350 Ne
3399 5295 3488 5366 ραι
3528 5299 3732 5353 obsecro

2135 5368 2313 5440 civitas
2350 5369 2587 5440 meretrix
2631 5368 2800 5436 ﬁdelis
2845 5365 2994 5422 Sion.
3044 5366 3174 5422 Vide
3217 5365 3422 5423 Estium
3466 5367 3518 5423 in
3571 5379 3734 5440 caput

2134 5437 2264 5492 illud
2289 5438 2661 5509 Apocalypsis.

2209 5507 2519 5562 Urnantenta
2561 5509 2896 5562 meretricum.
2944 5507 3081 5563 Vide
3129 5507 3333 5565 Nicolai
3367 5509 3584 5564 Abrami
3630 5527 3731 5566 no-

2134 5589 2212 5634 tas
2239 5578 2303 5633 ad
2327 5580 2636 5636 Orationem
2661 5578 2932 5634 Ciceronis
2956 5595 3050 5649 pro
3075 5579 3144 5635 Μ.
3173 5580 3360 5648 Caelio,
3387 5597 3507 5650 pag.
3525 5581 3652 5646 49!,
3677 5589 3735 5637 et

2129 5649 2574 5778 cuiiineigqtarium
2621 5650 2842 5708 Joannis
2901 5639 3229 5708 Bourdelmii
3275 5639 3358 5708 ad'
3387 5639 3730 5725 'Pe'tronium,
3765 5639 3781 5652 “

2132 5735 2250 5778 nan.
2384 5759 2398 5774 .

2131 5735 2250 5794 pag.
2272 5735 2398 5778 ΖΗ.
