  <div class='ocr_page' id='page_1' title='image "/cluster/home/n/w/nwhite01/storage/ocr_20150623/4/hvd.32044048207708/235.png"; bbox 0 0 4332 6292; ppageno 0'>
   <div class='ocr_carea' id='block_1_1' title="bbox 573 264 2284 333">
    <p class='ocr_par' dir='ltr' id='par_1_1' title="bbox 573 264 2284 333">
     <span class='ocr_line' id='line_1_1' title="bbox 573 264 2284 333; baseline -0.002 -1"><span class='ocrx_word' id='word_1_1' title='bbox 573 274 678 333; x_wconf 71' lang='grc'><strong>439</strong></span> <span class='ocrx_word' id='word_1_2' title='bbox 1968 266 2108 327; x_wconf 73' lang='lat' dir='ltr'><strong>DlVI</strong></span> <span class='ocrx_word' id='word_1_3' title='bbox 2130 264 2284 331; x_wconf 58' lang='lat' dir='ltr'><strong>‘CYPE</strong></span> 
     </span>
    </p>
   </div>
   <div class='ocr_carea' id='block_1_2' title="bbox 2165 264 3876 333">
    <p class='ocr_par' dir='ltr' id='par_1_2' title="bbox 2165 264 3876 332">
     <span class='ocr_line' id='line_1_2' title="bbox 2165 264 3876 332; baseline 0.002 -5"><span class='ocrx_word' id='word_1_4' title='bbox 2165 264 2473 331; x_wconf 66' lang='lat' dir='ltr'><strong>IYPRIANI</strong></span> <span class='ocrx_word' id='word_1_5' title='bbox 3398 278 3401 279; x_wconf 65' lang='grc'><strong><em>⁷</em></strong></span> <span class='ocrx_word' id='word_1_6' title='bbox 3638 324 3646 332; x_wconf 89' lang='grc'>.</span> <span class='ocrx_word' id='word_1_7' title='bbox 3767 264 3876 331; x_wconf 71' lang='grc' dir='ltr'><strong>ιδο</strong></span> 
     </span>
    </p>
   </div>
   <div class='ocr_carea' id='block_1_3' title="bbox 578 381 3876 458">
    <p class='ocr_par' dir='ltr' id='par_1_3' title="bbox 578 381 3876 458">
     <span class='ocr_line' id='line_1_3' title="bbox 578 381 3876 458; baseline 0 -17"><span class='ocrx_word' id='word_1_8' title='bbox 578 387 745 444; x_wconf 86' lang='lat' dir='ltr'><strong>vestis</strong></span> <span class='ocrx_word' id='word_1_9' title='bbox 780 386 953 442; x_wconf 80' lang='lat' dir='ltr'><strong>honor</strong></span> <span class='ocrx_word' id='word_1_10' title='bbox 996 383 1234 456; x_wconf 88' lang='lat' dir='ltr'><strong>corporis</strong></span> <span class='ocrx_word' id='word_1_11' title='bbox 1274 393 1337 438; x_wconf 89' lang='lat' dir='ltr'><strong>ac</strong></span> <span class='ocrx_word' id='word_1_12' title='bbox 1376 381 1547 454; x_wconf 90' lang='lat' dir='ltr'><strong>pudor</strong></span> <span class='ocrx_word' id='word_1_13' title='bbox 1590 382 1823 455; x_wconf 77' lang='lat' dir='ltr'><strong>ponitur,</strong></span> <span class='ocrx_word' id='word_1_14' title='bbox 1861 381 2165 439; x_wconf 87' lang='lat' dir='ltr'><strong>denotauda</strong></span> <span class='ocrx_word' id='word_1_15' title='bbox 2191 390 2443 449; x_wconf 74' lang='lat' dir='ltr'><strong>Aestote</strong></span> <span class='ocrx_word' id='word_1_16' title='bbox 2471 385 2605 443; x_wconf 88' lang='lat' dir='ltr'><strong>tales</strong></span> <span class='ocrx_word' id='word_1_17' title='bbox 2635 385 2825 458; x_wconf 80' lang='lat' dir='ltr'><strong>quales</strong></span> <span class='ocrx_word' id='word_1_18' title='bbox 2868 398 2966 443; x_wconf 86' lang='lat' dir='ltr'><strong>vos</strong></span> <span class='ocrx_word' id='word_1_19' title='bbox 3011 399 3202 443; x_wconf 84' lang='lat' dir='ltr'><strong>manus</strong></span> <span class='ocrx_word' id='word_1_20' title='bbox 3248 385 3425 444; x_wconf 89' lang='lat' dir='ltr'><strong>Patris</strong></span> <span class='ocrx_word' id='word_1_21' title='bbox 3452 384 3683 443; x_wconf 81' lang='lat' dir='ltr'><strong>instituit</strong></span> <span class='ocrx_word' id='word_1_22' title='bbox 3717 403 3730 440; x_wconf 90' lang='lat'>:</span> <span class='ocrx_word' id='word_1_23' title='bbox 3763 402 3876 442; x_wconf 84' lang='lat' dir='ltr'><strong>ma-</strong></span> 
     </span>
    </p>
   </div>
   <div class='ocr_carea' id='block_1_4' title="bbox 581 468 3876 552">
    <p class='ocr_par' dir='ltr' id='par_1_4' title="bbox 581 468 3876 552">
     <span class='ocr_line' id='line_1_4' title="bbox 581 468 3876 552; baseline 0 -17"><span class='ocrx_word' id='word_1_24' title='bbox 581 488 635 535; x_wconf 90' lang='lat' dir='ltr'><strong>et</strong></span> <span class='ocrx_word' id='word_1_25' title='bbox 666 474 1045 534; x_wconf 88' lang='lat' dir='ltr'><strong>contrectanda</strong></span> <span class='ocrx_word' id='word_1_26' title='bbox 1066 473 1343 544; x_wconf 82' lang='lat' dir='ltr'><strong>virginitas</strong></span> <span class='ocrx_word' id='word_1_27' title='bbox 1371 474 1659 531; x_wconf 87' lang='lat' dir='ltr'><strong>revelatur.</strong></span> <span class='ocrx_word' id='word_1_28' title='bbox 1690 475 1806 531; x_wconf 83' lang='lat' dir='ltr'><strong>Jam</strong></span> <span class='ocrx_word' id='word_1_29' title='bbox 1831 490 1973 531; x_wconf 89' lang='lat' dir='ltr'><strong>nunc</strong></span> <span class='ocrx_word' id='word_1_30' title='bbox 2001 478 2180 531; x_wconf 90' lang='lat' dir='ltr'><strong>consi-</strong></span> <span class='ocrx_word' id='word_1_31' title='bbox 2283 489 2409 539; x_wconf 82' lang='lat' dir='ltr'><strong>neat</strong></span> <span class='ocrx_word' id='word_1_32' title='bbox 2444 479 2500 534; x_wconf 92' lang='lat' dir='ltr'><strong>in</strong></span> <span class='ocrx_word' id='word_1_33' title='bbox 2538 478 2692 535; x_wconf 88' lang='lat' dir='ltr'><strong>vobis</strong></span> <span class='ocrx_word' id='word_1_34' title='bbox 2717 477 2883 544; x_wconf 85' lang='lat' dir='ltr'><strong>facies</strong></span> <span class='ocrx_word' id='word_1_35' title='bbox 2929 468 3271 552; x_wconf 63' lang='lat' dir='ltr'><strong>incorrupta,</strong></span> <span class='ocrx_word' id='word_1_36' title='bbox 3298 479 3483 536; x_wconf 83' lang='lat' dir='ltr'><strong>cervix</strong></span> <span class='ocrx_word' id='word_1_37' title='bbox 3525 493 3677 550; x_wconf 89' lang='lat' dir='ltr'><strong>pura,</strong></span> <span class='ocrx_word' id='word_1_38' title='bbox 3704 477 3876 535; x_wconf 82' lang='lat' dir='ltr'><strong>forma</strong></span> 
     </span>
    </p>
   </div>
   <div class='ocr_carea' id='block_1_5' title="bbox 583 567 3879 639">
    <p class='ocr_par' dir='ltr' id='par_1_5' title="bbox 583 567 3879 639">
     <span class='ocr_line' id='line_1_5' title="bbox 583 567 3879 639; baseline 0 -10"><span class='ocrx_word' id='word_1_39' title='bbox 583 574 709 630; x_wconf 88' lang='lat' dir='ltr'><strong>dera</strong></span> <span class='ocrx_word' id='word_1_40' title='bbox 731 588 821 639; x_wconf 90' lang='lat' dir='ltr'><strong>an,</strong></span> <span class='ocrx_word' id='word_1_41' title='bbox 843 585 966 627; x_wconf 89' lang='lat' dir='ltr'><strong>cum</strong></span> <span class='ocrx_word' id='word_1_42' title='bbox 987 567 1184 624; x_wconf 84' lang='lat' dir='ltr'><strong>vestita</strong></span> <span class='ocrx_word' id='word_1_43' title='bbox 1213 583 1293 637; x_wconf 86' lang='lat' dir='ltr'><strong>es,</strong></span> <span class='ocrx_word' id='word_1_44' title='bbox 1317 569 1616 625; x_wconf 87' lang='lat' dir='ltr'><strong>verecunda</strong></span> <span class='ocrx_word' id='word_1_45' title='bbox 1638 570 1711 626; x_wconf 89' lang='lat' dir='ltr'><strong>sis</strong></span> <span class='ocrx_word' id='word_1_46' title='bbox 1732 570 1873 625; x_wconf 90' lang='lat' dir='ltr'><strong>inter</strong></span> <span class='ocrx_word' id='word_1_47' title='bbox 1893 569 2036 625; x_wconf 88' lang='lat' dir='ltr'><strong>viros</strong></span> <span class='ocrx_word' id='word_1_48' title='bbox 2059 570 2181 625; x_wconf 85' lang='lat' dir='ltr'><strong>talis</strong></span> <span class='ocrx_word' id='word_1_49' title='bbox 2282 570 2515 627; x_wconf 87' lang='lat' dir='ltr'><strong>sincera.</strong></span> <span class='ocrx_word' id='word_1_50' title='bbox 2543 570 2659 627; x_wconf 92' lang='lat' dir='ltr'><strong>Non</strong></span> <span class='ocrx_word' id='word_1_51' title='bbox 2692 570 2991 628; x_wconf 85' lang='lat' dir='ltr'><strong>inferantur</strong></span> <span class='ocrx_word' id='word_1_52' title='bbox 3016 573 3239 628; x_wconf 81' lang='lat' dir='ltr'><strong>auribus</strong></span> <span class='ocrx_word' id='word_1_53' title='bbox 3259 572 3502 638; x_wconf 83' lang='lat' dir='ltr'><strong>vulnera,</strong></span> <span class='ocrx_word' id='word_1_54' title='bbox 3534 588 3633 628; x_wconf 90' lang='lat' dir='ltr'><strong>nec</strong></span> <span class='ocrx_word' id='word_1_55' title='bbox 3654 572 3879 630; x_wconf 83' lang='lat' dir='ltr'><strong>brachia</strong></span> 
     </span>
    </p>
   </div>
   <div class='ocr_carea' id='block_1_6' title="bbox 583 662 3882 735">
    <p class='ocr_par' dir='ltr' id='par_1_6' title="bbox 583 662 3882 735">
     <span class='ocr_line' id='line_1_6' title="bbox 583 662 3882 735; baseline -0 -13"><span class='ocrx_word' id='word_1_56' title='bbox 583 666 668 722; x_wconf 93' lang='lat' dir='ltr'><strong>cui</strong></span> <span class='ocrx_word' id='word_1_57' title='bbox 693 665 761 721; x_wconf 89' lang='lat' dir='ltr'><strong>ad</strong></span> <span class='ocrx_word' id='word_1_58' title='bbox 788 662 1228 719; x_wconf 83' lang='lat' dir='ltr'><strong>inverecundiam</strong></span> <span class='ocrx_word' id='word_1_59' title='bbox 1257 662 1473 734; x_wconf 91' lang='lat' dir='ltr'><strong>proﬁcit</strong></span> <span class='ocrx_word' id='word_1_60' title='bbox 1497 662 1722 719; x_wconf 80' lang='lat' dir='ltr'><strong>audacia</strong></span> <span class='ocrx_word' id='word_1_61' title='bbox 1751 663 2008 719; x_wconf 89' lang='lat' dir='ltr'><strong>nuditatis</strong></span> <span class='ocrx_word' id='word_1_62' title='bbox 2023 701 2036 716; x_wconf 95' lang='lat'><strong>.</strong></span> <span class='ocrx_word' id='word_1_63' title='bbox 2248 712 2257 717; x_wconf 87' lang='lat'><strong>.</strong></span> <span class='ocrx_word' id='word_1_64' title='bbox 2284 663 2521 718; x_wconf 81' lang='lat' dir='ltr'><strong>includat</strong></span> <span class='ocrx_word' id='word_1_65' title='bbox 2545 671 2636 718; x_wconf 85' lang='lat' dir='ltr'><strong>aut</strong></span> <span class='ocrx_word' id='word_1_66' title='bbox 2660 663 2797 719; x_wconf 89' lang='lat' dir='ltr'><strong>colla</strong></span> <span class='ocrx_word' id='word_1_67' title='bbox 2818 664 2886 720; x_wconf 89' lang='lat' dir='ltr'><strong>de</strong></span> <span class='ocrx_word' id='word_1_68' title='bbox 2911 664 3138 720; x_wconf 84' lang='lat' dir='ltr'><strong>armillis</strong></span> <span class='ocrx_word' id='word_1_69' title='bbox 3154 674 3209 721; x_wconf 88' lang='lat' dir='ltr'><strong>et</strong></span> <span class='ocrx_word' id='word_1_70' title='bbox 3234 665 3520 720; x_wconf 86' lang='lat' dir='ltr'><strong>monilibus</strong></span> <span class='ocrx_word' id='word_1_71' title='bbox 3540 672 3732 720; x_wconf 86' lang='lat' dir='ltr'><strong>catena</strong></span> <span class='ocrx_word' id='word_1_72' title='bbox 3753 679 3882 735; x_wconf 89' lang='lat' dir='ltr'><strong>pre-</strong></span> 
     </span>
    </p>
   </div>
   <div class='ocr_carea' id='block_1_7' title="bbox 660 753 3881 829">
    <p class='ocr_par' dir='ltr' id='par_1_7' title="bbox 660 753 3881 829">
     <span class='ocr_line' id='line_1_7' title="bbox 660 753 3881 829; baseline 0.001 -17"><span class='ocrx_word' id='word_1_73' title='bbox 660 755 779 812; x_wconf 83' lang='lat' dir='ltr'><strong>XX.</strong></span> <span class='ocrx_word' id='word_1_74' title='bbox 821 755 910 812; x_wconf 90' lang='lat' dir='ltr'><strong>Sic</strong></span> <span class='ocrx_word' id='word_1_75' title='bbox 957 770 1089 827; x_wconf 88' lang='lat' dir='ltr'><strong>ergo</strong></span> <span class='ocrx_word' id='word_1_76' title='bbox 1131 753 1442 826; x_wconf 85' lang='lat' dir='ltr'><strong>frequenter</strong></span> <span class='ocrx_word' id='word_1_77' title='bbox 1481 755 1722 813; x_wconf 83' lang='lat' dir='ltr'><strong>Ecclesia</strong></span> <span class='ocrx_word' id='word_1_78' title='bbox 1769 756 2006 827; x_wconf 76' lang='lat' dir='ltr'><strong>virgines</strong></span> <span class='ocrx_word' id='word_1_79' title='bbox 2056 770 2185 811; x_wconf 90' lang='lat' dir='ltr'><strong>suas</strong></span> <span class='ocrx_word' id='word_1_80' title='bbox 2287 756 2463 821; x_wconf 84' lang='lat' dir='ltr'><strong>tiosa;</strong></span> <span class='ocrx_word' id='word_1_81' title='bbox 2508 756 2663 810; x_wconf 89' lang='lat' dir='ltr'><strong>sinta</strong></span> <span class='ocrx_word' id='word_1_82' title='bbox 2694 757 3039 828; x_wconf 86' lang='lat' dir='ltr'><strong>compedibus</strong></span> <span class='ocrx_word' id='word_1_83' title='bbox 3065 759 3241 814; x_wconf 89' lang='lat' dir='ltr'><strong>aureis</strong></span> <span class='ocrx_word' id='word_1_84' title='bbox 3283 759 3447 829; x_wconf 87' lang='lat' dir='ltr'><strong>pedes</strong></span> <span class='ocrx_word' id='word_1_85' title='bbox 3489 757 3665 827; x_wconf 89' lang='lat' dir='ltr'><strong>liberi,</strong></span> <span class='ocrx_word' id='word_1_86' title='bbox 3701 757 3881 815; x_wconf 88' lang='lat' dir='ltr'><strong>crines</strong></span> 
     </span>
    </p>
   </div>
   <div class='ocr_carea' id='block_1_8' title="bbox 587 845 3880 922">
    <p class='ocr_par' dir='ltr' id='par_1_8' title="bbox 587 845 3880 922">
     <span class='ocr_line' id='line_1_8' title="bbox 587 845 3880 922; baseline 0.001 -17"><span class='ocrx_word' id='word_1_87' title='bbox 587 848 813 921; x_wconf 89' lang='lat' dir='ltr'><strong>plangit,</strong></span> <span class='ocrx_word' id='word_1_88' title='bbox 843 848 921 903; x_wconf 90' lang='lat' dir='ltr'><strong>sic</strong></span> <span class='ocrx_word' id='word_1_89' title='bbox 946 848 1014 903; x_wconf 88' lang='lat' dir='ltr'><strong>ad</strong></span> <span class='ocrx_word' id='word_1_90' title='bbox 1044 847 1271 905; x_wconf 80' lang='lat' dir='ltr'><strong>infames</strong></span> <span class='ocrx_word' id='word_1_91' title='bbox 1296 863 1480 905; x_wconf 89' lang='lat' dir='ltr'><strong>earum</strong></span> <span class='ocrx_word' id='word_1_92' title='bbox 1510 863 1574 905; x_wconf 87' lang='lat' dir='ltr'><strong>ac</strong></span> <span class='ocrx_word' id='word_1_93' title='bbox 1601 849 1947 905; x_wconf 85' lang='lat' dir='ltr'><strong>detestabiles</strong></span> <span class='ocrx_word' id='word_1_94' title='bbox 1971 847 2181 903; x_wconf 84' lang='lat' dir='ltr'><strong>fabulas</strong></span> <span class='ocrx_word' id='word_1_95' title='bbox 2286 845 2435 901; x_wconf 89' lang='lat' dir='ltr'><strong>nullo</strong></span> <span class='ocrx_word' id='word_1_96' title='bbox 2478 846 2664 903; x_wconf 90' lang='lat' dir='ltr'><strong>colore</strong></span> <span class='ocrx_word' id='word_1_97' title='bbox 2706 846 2894 914; x_wconf 83' lang='lat' dir='ltr'><strong>fucati,</strong></span> <span class='ocrx_word' id='word_1_98' title='bbox 2941 850 3085 905; x_wconf 89' lang='lat' dir='ltr'><strong>oculi</strong></span> <span class='ocrx_word' id='word_1_99' title='bbox 3129 851 3513 921; x_wconf 90' lang='lat' dir='ltr'><strong>eonspicieudo</strong></span> <span class='ocrx_word' id='word_1_100' title='bbox 3555 850 3668 905; x_wconf 90' lang='lat' dir='ltr'><strong>Deo</strong></span> <span class='ocrx_word' id='word_1_101' title='bbox 3710 849 3880 922; x_wconf 81' lang='lat' dir='ltr'><strong>digni.</strong></span> 
     </span>
    </p>
   </div>
   <div class='ocr_carea' id='block_1_9' title="bbox 588 939 2186 1014">
    <p class='ocr_par' dir='ltr' id='par_1_9' title="bbox 588 939 2186 1014">
     <span class='ocr_line' id='line_1_9' title="bbox 588 939 2186 1014; baseline -0.001 -16"><span class='ocrx_word' id='word_1_102' title='bbox 588 940 916 1014; x_wconf 85' lang='lat' dir='ltr'><strong>ingemiscit,</strong></span> <span class='ocrx_word' id='word_1_103' title='bbox 949 942 1028 997; x_wconf 88' lang='lat' dir='ltr'><strong>sic</strong></span> <span class='ocrx_word' id='word_1_104' title='bbox 1059 939 1163 996; x_wconf 83' lang='lat' dir='ltr'><strong>llos</strong></span> <span class='ocrx_word' id='word_1_105' title='bbox 1188 941 1454 1012; x_wconf 82' lang='lat' dir='ltr'><strong>virginum</strong></span> <span class='ocrx_word' id='word_1_106' title='bbox 1486 941 1833 1012; x_wconf 81' lang='lat' dir='ltr'><strong>extinguitur,</strong></span> <span class='ocrx_word' id='word_1_107' title='bbox 1858 940 2035 996; x_wconf 91' lang='lat' dir='ltr'><strong>honor</strong></span> <span class='ocrx_word' id='word_1_108' title='bbox 2054 955 2186 996; x_wconf 89' lang='lat' dir='ltr'><strong>con-</strong></span> 
     </span>
    </p>
   </div>
   <div class='ocr_carea' id='block_1_10' title="bbox 591 1022 2193 1106">
    <p class='ocr_par' dir='ltr' id='par_1_10' title="bbox 591 1022 2193 1106">
     <span class='ocr_line' id='line_1_10' title="bbox 591 1022 2193 1106; baseline -0.003 -11"><span class='ocrx_word' id='word_1_109' title='bbox 591 1036 829 1095; x_wconf 76' lang='lat' dir='ltr'><strong>liuentia:</strong></span> <span class='ocrx_word' id='word_1_110' title='bbox 858 1050 922 1091; x_wconf 90' lang='lat' dir='ltr'><strong>ac</strong></span> <span class='ocrx_word' id='word_1_111' title='bbox 951 1035 1124 1106; x_wconf 91' lang='lat' dir='ltr'><strong>pudor</strong></span> <span class='ocrx_word' id='word_1_112' title='bbox 1140 1034 1366 1093; x_wconf 64' lang='lat' dir='ltr'><strong>cmditur</strong></span> <span class='ocrx_word' id='word_1_113' title='bbox 1385 1045 1432 1104; x_wconf 69' lang='grc'><strong>³,</strong></span> <span class='ocrx_word' id='word_1_114' title='bbox 1461 1036 1631 1106; x_wconf 85' lang='lat' dir='ltr'><strong>gloria</strong></span> <span class='ocrx_word' id='word_1_115' title='bbox 1662 1035 1840 1091; x_wconf 90' lang='lat' dir='ltr'><strong>omnis</strong></span> <span class='ocrx_word' id='word_1_116' title='bbox 1865 1050 1928 1091; x_wconf 92' lang='lat' dir='ltr'><strong>ac</strong></span> <span class='ocrx_word' id='word_1_117' title='bbox 1955 1022 2193 1106; x_wconf 82' lang='lat' dir='ltr'><strong>dignitas</strong></span> 
     </span>
    </p>
   </div>
   <div class='ocr_carea' id='block_1_11' title="bbox 592 1127 2189 1202">
    <p class='ocr_par' dir='ltr' id='par_1_11' title="bbox 592 1127 2189 1202">
     <span class='ocr_line' id='line_1_11' title="bbox 592 1127 2189 1202; baseline -0.004 -14"><span class='ocrx_word' id='word_1_118' title='bbox 592 1129 948 1202; x_wconf 90' lang='lat' dir='ltr'><strong>profanatur!</strong></span> <span class='ocrx_word' id='word_1_119' title='bbox 978 1128 1068 1185; x_wconf 90' lang='lat' dir='ltr'><strong>Sic</strong></span> <span class='ocrx_word' id='word_1_120' title='bbox 1112 1144 1173 1185; x_wconf 88' lang='lat' dir='ltr'><strong>se</strong></span> <span class='ocrx_word' id='word_1_121' title='bbox 1220 1138 1554 1199; x_wconf 78' lang='lat' dir='ltr'><strong>expugnator</strong></span> <span class='ocrx_word' id='word_1_122' title='bbox 1596 1127 1848 1182; x_wconf 84' lang='lat' dir='ltr'><strong>inimicus</strong></span> <span class='ocrx_word' id='word_1_123' title='bbox 1897 1142 1995 1197; x_wconf 89' lang='lat' dir='ltr'><strong>per</strong></span> <span class='ocrx_word' id='word_1_124' title='bbox 2043 1137 2189 1182; x_wconf 83' lang='lat' dir='ltr'><strong>artes</strong></span> 
     </span>
    </p>
   </div>
   <div class='ocr_carea' id='block_1_12' title="bbox 593 1216 2190 1289">
    <p class='ocr_par' dir='ltr' id='par_1_12' title="bbox 593 1216 2190 1289">
     <span class='ocr_line' id='line_1_12' title="bbox 593 1216 2190 1289; baseline -0.004 -11"><span class='ocrx_word' id='word_1_125' title='bbox 593 1235 721 1278; x_wconf 87' lang='lat' dir='ltr'><strong>suas</strong></span> <span class='ocrx_word' id='word_1_126' title='bbox 747 1220 965 1286; x_wconf 88' lang='lat' dir='ltr'><strong>inserit;</strong></span> <span class='ocrx_word' id='word_1_127' title='bbox 994 1219 1075 1275; x_wconf 90' lang='lat' dir='ltr'><strong>sic</strong></span> <span class='ocrx_word' id='word_1_128' title='bbox 1102 1218 1308 1274; x_wconf 90' lang='lat' dir='ltr'><strong>insidiis</strong></span> <span class='ocrx_word' id='word_1_129' title='bbox 1330 1232 1423 1289; x_wconf 91' lang='lat' dir='ltr'><strong>per</strong></span> <span class='ocrx_word' id='word_1_130' title='bbox 1444 1216 1653 1273; x_wconf 88' lang='lat' dir='ltr'><strong>occulta</strong></span> <span class='ocrx_word' id='word_1_131' title='bbox 1678 1216 1984 1273; x_wconf 78' lang='lat' dir='ltr'><strong>fallentibus</strong></span> <span class='ocrx_word' id='word_1_132' title='bbox 2004 1216 2190 1273; x_wconf 88' lang='lat' dir='ltr'><strong>diabo-</strong></span> 
     </span>
    </p>
   </div>
   <div class='ocr_carea' id='block_1_13' title="bbox 595 1309 2190 1383">
    <p class='ocr_par' dir='ltr' id='par_1_13' title="bbox 595 1309 2190 1383">
     <span class='ocr_line' id='line_1_13' title="bbox 595 1309 2190 1383; baseline -0.004 -13"><span class='ocrx_word' id='word_1_133' title='bbox 595 1314 681 1370; x_wconf 90' lang='lat' dir='ltr'><strong>lus</strong></span> <span class='ocrx_word' id='word_1_134' title='bbox 725 1312 954 1383; x_wconf 85' lang='lat' dir='ltr'><strong>obrepit.</strong></span> <span class='ocrx_word' id='word_1_135' title='bbox 989 1311 1101 1378; x_wconf 82' lang='lat' dir='ltr'><strong>Sic,</strong></span> <span class='ocrx_word' id='word_1_136' title='bbox 1149 1310 1276 1366; x_wconf 89' lang='lat' dir='ltr'><strong>dum</strong></span> <span class='ocrx_word' id='word_1_137' title='bbox 1312 1310 1492 1365; x_wconf 90' lang='lat' dir='ltr'><strong>ornari</strong></span> <span class='ocrx_word' id='word_1_138' title='bbox 1537 1309 1753 1376; x_wconf 89' lang='lat' dir='ltr'><strong>cultius,</strong></span> <span class='ocrx_word' id='word_1_139' title='bbox 1800 1309 1926 1365; x_wconf 92' lang='lat' dir='ltr'><strong>dum</strong></span> <span class='ocrx_word' id='word_1_140' title='bbox 1969 1309 2190 1365; x_wconf 87' lang='lat' dir='ltr'><strong>liberius</strong></span> 
     </span>
    </p>
   </div>
   <div class='ocr_carea' id='block_1_14' title="bbox 600 1400 2191 1479">
    <p class='ocr_par' dir='ltr' id='par_1_14' title="bbox 600 1400 2191 1479">
     <span class='ocr_line' id='line_1_14' title="bbox 600 1400 2191 1479; baseline -0.005 -16"><span class='ocrx_word' id='word_1_141' title='bbox 600 1406 817 1477; x_wconf 84' lang='lat' dir='ltr'><strong>evagari</strong></span> <span class='ocrx_word' id='word_1_142' title='bbox 844 1403 1081 1479; x_wconf 86' lang='lat' dir='ltr'><strong>virgines</strong></span> <span class='ocrx_word' id='word_1_143' title='bbox 1119 1402 1328 1470; x_wconf 87' lang='lat' dir='ltr'><strong>volunt,</strong></span> <span class='ocrx_word' id='word_1_144' title='bbox 1358 1416 1482 1458; x_wconf 90' lang='lat' dir='ltr'><strong>esse</strong></span> <span class='ocrx_word' id='word_1_145' title='bbox 1508 1401 1745 1472; x_wconf 79' lang='lat' dir='ltr'><strong>virgines</strong></span> <span class='ocrx_word' id='word_1_146' title='bbox 1772 1400 2045 1466; x_wconf 88' lang='lat' dir='ltr'><strong>desinunt,</strong></span> <span class='ocrx_word' id='word_1_147' title='bbox 2074 1400 2191 1456; x_wconf 86' lang='lat' dir='ltr'><strong>fur-</strong></span> 
     </span>
    </p>
   </div>
   <div class='ocr_carea' id='block_1_15' title="bbox 605 1492 2193 1566">
    <p class='ocr_par' dir='ltr' id='par_1_15' title="bbox 605 1492 2193 1566">
     <span class='ocr_line' id='line_1_15' title="bbox 605 1492 2193 1566; baseline -0.004 -13"><span class='ocrx_word' id='word_1_148' title='bbox 605 1499 714 1555; x_wconf 90' lang='lat' dir='ltr'><strong>tivo</strong></span> <span class='ocrx_word' id='word_1_149' title='bbox 739 1495 1005 1553; x_wconf 85' lang='lat' dir='ltr'><strong>dedecore</strong></span> <span class='ocrx_word' id='word_1_150' title='bbox 1024 1504 1315 1566; x_wconf 63' lang='lat' dir='ltr'><strong>corruptae,</strong></span> <span class='ocrx_word' id='word_1_151' title='bbox 1342 1492 1514 1550; x_wconf 66' lang='lat' dir='ltr'><strong>viduae</strong></span> <span class='ocrx_word' id='word_1_152' title='bbox 1534 1501 1821 1563; x_wconf 85' lang='lat' dir='ltr'><strong>antequam</strong></span> <span class='ocrx_word' id='word_1_153' title='bbox 1854 1501 2054 1562; x_wconf 76' lang='lat' dir='ltr'><strong>nuptae,</strong></span> <span class='ocrx_word' id='word_1_154' title='bbox 2084 1506 2193 1547; x_wconf 87' lang='lat' dir='ltr'><strong>non</strong></span> 
     </span>
    </p>
   </div>
   <div class='ocr_carea' id='block_1_16' title="bbox 599 1584 2195 1655">
    <p class='ocr_par' dir='ltr' id='par_1_16' title="bbox 599 1584 2195 1655">
     <span class='ocr_line' id='line_1_16' title="bbox 599 1584 2195 1655; baseline -0.006 -8"><span class='ocrx_word' id='word_1_155' title='bbox 599 1589 779 1647; x_wconf 87' lang='lat' dir='ltr'><strong>mariti</strong></span> <span class='ocrx_word' id='word_1_156' title='bbox 813 1587 907 1644; x_wconf 89' lang='lat' dir='ltr'><strong>sed</strong></span> <span class='ocrx_word' id='word_1_157' title='bbox 951 1584 1150 1644; x_wconf 86' lang='lat' dir='ltr'><strong>Christi</strong></span> <span class='ocrx_word' id='word_1_158' title='bbox 1193 1586 1489 1652; x_wconf 70' lang='lat' dir='ltr'><strong>adulterae;</strong></span> <span class='ocrx_word' id='word_1_159' title='bbox 1520 1600 1690 1655; x_wconf 81' lang='lat' dir='ltr'><strong>quam</strong></span> <span class='ocrx_word' id='word_1_160' title='bbox 1712 1585 1918 1641; x_wconf 90' lang='lat' dir='ltr'><strong>fuerant</strong></span> <span class='ocrx_word' id='word_1_161' title='bbox 1962 1584 2195 1653; x_wconf 84' lang='lat' dir='ltr'><strong>praemiis</strong></span> 
     </span>
    </p>
   </div>
   <div class='ocr_carea' id='block_1_17' title="bbox 602 1674 2193 1754">
    <p class='ocr_par' dir='ltr' id='par_1_17' title="bbox 602 1674 2193 1754">
     <span class='ocr_line' id='line_1_17' title="bbox 602 1674 2193 1754; baseline -0.006 -15"><span class='ocrx_word' id='word_1_162' title='bbox 602 1680 913 1754; x_wconf 87' lang='lat' dir='ltr'><strong>ingentibus</strong></span> <span class='ocrx_word' id='word_1_163' title='bbox 946 1678 1184 1751; x_wconf 90' lang='lat' dir='ltr'><strong>virgines</strong></span> <span class='ocrx_word' id='word_1_164' title='bbox 1210 1677 1514 1745; x_wconf 62' lang='lat' dir='ltr'><strong>destinatae,</strong></span> <span class='ocrx_word' id='word_1_165' title='bbox 1546 1685 1653 1733; x_wconf 90' lang='lat' dir='ltr'><strong>tam</strong></span> <span class='ocrx_word' id='word_1_166' title='bbox 1702 1690 1894 1748; x_wconf 85' lang='lat' dir='ltr'><strong>magna</strong></span> <span class='ocrx_word' id='word_1_167' title='bbox 1933 1674 2193 1747; x_wconf 85' lang='lat' dir='ltr'><strong>supplicia</strong></span> 
     </span>
    </p>
   </div>
   <div class='ocr_carea' id='block_1_18' title="bbox 605 1771 1548 1848">
    <p class='ocr_par' dir='ltr' id='par_1_18' title="bbox 605 1771 1548 1848">
     <span class='ocr_line' id='line_1_18' title="bbox 605 1771 1548 1848; baseline -0.006 -16"><span class='ocrx_word' id='word_1_168' title='bbox 605 1790 703 1848; x_wconf 91' lang='lat' dir='ltr'><strong>pro</strong></span> <span class='ocrx_word' id='word_1_169' title='bbox 727 1777 925 1830; x_wconf 88' lang='lat' dir='ltr'><strong>amissa</strong></span> <span class='ocrx_word' id='word_1_170' title='bbox 949 1771 1256 1844; x_wconf 81' lang='lat' dir='ltr'><strong>virginitate</strong></span> <span class='ocrx_word' id='word_1_171' title='bbox 1289 1786 1548 1828; x_wconf 82' lang='lat' dir='ltr'><strong>sensurae.</strong></span> 
     </span>
    </p>
   </div>
   <div class='ocr_carea' id='block_1_19' title="bbox 676 1862 2191 1935">
    <p class='ocr_par' dir='ltr' id='par_1_19' title="bbox 676 1862 2191 1935">
     <span class='ocr_line' id='line_1_19' title="bbox 676 1862 2191 1935; baseline -0.004 -13"><span class='ocrx_word' id='word_1_172' title='bbox 676 1864 819 1922; x_wconf 73' lang='lat' dir='ltr'><strong>XXI.</strong></span> <span class='ocrx_word' id='word_1_173' title='bbox 859 1862 1055 1920; x_wconf 81' lang='lat' dir='ltr'><strong>Audite</strong></span> <span class='ocrx_word' id='word_1_174' title='bbox 1084 1863 1264 1934; x_wconf 84' lang='lat' dir='ltr'><strong>itaque</strong></span> <span class='ocrx_word' id='word_1_175' title='bbox 1306 1879 1393 1920; x_wconf 88' lang='lat' dir='ltr'><strong>me</strong></span> <span class='ocrx_word' id='word_1_176' title='bbox 1415 1862 1468 1932; x_wconf 70' lang='grc' dir='ltr'><strong>δ,</strong></span> <span class='ocrx_word' id='word_1_177' title='bbox 1495 1862 1749 1935; x_wconf 87' lang='lat' dir='ltr'><strong>virgines,</strong></span> <span class='ocrx_word' id='word_1_178' title='bbox 1781 1871 1842 1919; x_wconf 91' lang='lat' dir='ltr'><strong>ut</strong></span> <span class='ocrx_word' id='word_1_179' title='bbox 1883 1870 2191 1934; x_wconf 84' lang='lat' dir='ltr'><strong>parentem;</strong></span> 
     </span>
    </p>
   </div>
   <div class='ocr_carea' id='block_1_20' title="bbox 600 1963 2195 2037">
    <p class='ocr_par' dir='ltr' id='par_1_20' title="bbox 600 1963 2195 2037">
     <span class='ocr_line' id='line_1_20' title="bbox 600 1963 2195 2037; baseline -0.001 -19"><span class='ocrx_word' id='word_1_180' title='bbox 600 1963 808 2035; x_wconf 77' lang='lat' dir='ltr'><strong>audite,</strong></span> <span class='ocrx_word' id='word_1_181' title='bbox 837 1981 1041 2037; x_wconf 69' lang='lat' dir='ltr'><strong>quaeso,</strong></span> <span class='ocrx_word' id='word_1_182' title='bbox 1071 1981 1167 2023; x_wconf 89' lang='lat' dir='ltr'><strong>vos</strong></span> <span class='ocrx_word' id='word_1_183' title='bbox 1200 1968 1473 2023; x_wconf 86' lang='lat' dir='ltr'><strong>timentem</strong></span> <span class='ocrx_word' id='word_1_184' title='bbox 1513 1965 1713 2035; x_wconf 88' lang='lat' dir='ltr'><strong>pariter</strong></span> <span class='ocrx_word' id='word_1_185' title='bbox 1740 1979 1804 2019; x_wconf 90' lang='lat' dir='ltr'><strong>ac</strong></span> <span class='ocrx_word' id='word_1_186' title='bbox 1843 1970 2150 2019; x_wconf 89' lang='lat' dir='ltr'><strong>monentem</strong></span> <span class='ocrx_word' id='word_1_187' title='bbox 2178 1977 2195 2029; x_wconf 88' lang='lat'><strong>;</strong></span> 
     </span>
    </p>
   </div>
   <div class='ocr_carea' id='block_1_21' title="bbox 608 2054 2195 2115">
    <p class='ocr_par' dir='ltr' id='par_1_21' title="bbox 608 2054 2195 2115">
     <span class='ocr_line' id='line_1_21' title="bbox 608 2054 2195 2115; baseline -0.001 -4"><span class='ocrx_word' id='word_1_188' title='bbox 608 2056 786 2113; x_wconf 89' lang='lat' dir='ltr'><strong>audite</strong></span> <span class='ocrx_word' id='word_1_189' title='bbox 810 2059 1125 2115; x_wconf 86' lang='lat' dir='ltr'><strong>utilitatibus</strong></span> <span class='ocrx_word' id='word_1_190' title='bbox 1168 2068 1223 2115; x_wconf 92' lang='lat' dir='ltr'><strong>et</strong></span> <span class='ocrx_word' id='word_1_191' title='bbox 1249 2057 1548 2115; x_wconf 87' lang='lat' dir='ltr'><strong>commodis</strong></span> <span class='ocrx_word' id='word_1_192' title='bbox 1575 2057 1767 2113; x_wconf 87' lang='lat' dir='ltr'><strong>vestris</strong></span> <span class='ocrx_word' id='word_1_193' title='bbox 1807 2054 2034 2112; x_wconf 90' lang='lat' dir='ltr'><strong>ﬁdeliter</strong></span> <span class='ocrx_word' id='word_1_194' title='bbox 2062 2068 2195 2111; x_wconf 84' lang='lat' dir='ltr'><strong>cou-</strong></span> 
     </span>
    </p>
   </div>
   <div class='ocr_carea' id='block_1_22' title="bbox 607 2147 2190 2223">
    <p class='ocr_par' dir='ltr' id='par_1_22' title="bbox 607 2147 2190 2223">
     <span class='ocr_line' id='line_1_22' title="bbox 607 2147 2190 2223; baseline -0.004 -17"><span class='ocrx_word' id='word_1_195' title='bbox 607 2149 889 2208; x_wconf 87' lang='lat' dir='ltr'><strong>sulentem.</strong></span> <span class='ocrx_word' id='word_1_196' title='bbox 920 2151 1107 2210; x_wconf 86' lang='lat' dir='ltr'><strong>Estote</strong></span> <span class='ocrx_word' id='word_1_197' title='bbox 1134 2152 1269 2208; x_wconf 88' lang='lat' dir='ltr'><strong>tales</strong></span> <span class='ocrx_word' id='word_1_198' title='bbox 1289 2151 1476 2223; x_wconf 90' lang='lat' dir='ltr'><strong>quales</strong></span> <span class='ocrx_word' id='word_1_199' title='bbox 1506 2165 1600 2206; x_wconf 87' lang='lat' dir='ltr'><strong>vos</strong></span> <span class='ocrx_word' id='word_1_200' title='bbox 1631 2151 1773 2205; x_wconf 87' lang='lat' dir='ltr'><strong>Deus</strong></span> <span class='ocrx_word' id='word_1_201' title='bbox 1797 2150 1991 2204; x_wconf 89' lang='lat' dir='ltr'><strong>artifex</strong></span> <span class='ocrx_word' id='word_1_202' title='bbox 2021 2147 2146 2204; x_wconf 84' lang='lat' dir='ltr'><strong>fecit</strong></span> <span class='ocrx_word' id='word_1_203' title='bbox 2177 2166 2190 2200; x_wconf 88' lang='lat'><strong>:</strong></span> 
     </span>
    </p>
   </div>
   <div class='ocr_carea' id='block_1_23' title="bbox 2287 935 3985 1013">
    <p class='ocr_par' dir='ltr' id='par_1_23' title="bbox 2287 935 3985 1013">
     <span class='ocr_line' id='line_1_23' title="bbox 2287 935 3985 1013; baseline 0.005 -20"><span class='ocrx_word' id='word_1_204' title='bbox 2287 935 2637 995; x_wconf 87' lang='lat' dir='ltr'><strong>Celebrentur</strong></span> <span class='ocrx_word' id='word_1_205' title='bbox 2664 942 2873 997; x_wconf 87' lang='lat' dir='ltr'><strong>lavacra</strong></span> <span class='ocrx_word' id='word_1_206' title='bbox 2903 956 3025 997; x_wconf 93' lang='lat' dir='ltr'><strong>cum</strong></span> <span class='ocrx_word' id='word_1_207' title='bbox 3071 939 3306 1010; x_wconf 82' lang='lat' dir='ltr'><strong>feminis,</strong></span> <span class='ocrx_word' id='word_1_208' title='bbox 3340 958 3565 1013; x_wconf 89' lang='lat' dir='ltr'><strong>quarum</strong></span> <span class='ocrx_word' id='word_1_209' title='bbox 3614 941 3757 1000; x_wconf 90' lang='lat' dir='ltr'><strong>inter</strong></span> <span class='ocrx_word' id='word_1_210' title='bbox 3780 960 3875 1000; x_wconf 91' lang='lat' dir='ltr'><strong>vos</strong></span> <span class='ocrx_word' id='word_1_211' title='bbox 3967 1003 3985 1013; x_wconf 66' lang='grc'><strong><em>,</em></strong></span> 
     </span>
    </p>
   </div>
   <div class='ocr_carea' id='block_1_24' title="bbox 2289 1028 3883 1107">
    <p class='ocr_par' dir='ltr' id='par_1_24' title="bbox 2289 1028 3883 1107">
     <span class='ocr_line' id='line_1_24' title="bbox 2289 1028 3883 1107; baseline 0.006 -24"><span class='ocrx_word' id='word_1_212' title='bbox 2289 1028 2479 1099; x_wconf 89' lang='lat' dir='ltr'><strong>pudica</strong></span> <span class='ocrx_word' id='word_1_213' title='bbox 2505 1042 2526 1069; x_wconf 78' lang='grc' dir='ltr'><strong>ο</strong></span> <span class='ocrx_word' id='word_1_214' title='bbox 2550 1031 2745 1087; x_wconf 85' lang='lat' dir='ltr'><strong>lavatio</strong></span> <span class='ocrx_word' id='word_1_215' title='bbox 2765 1043 2868 1088; x_wconf 87' lang='lat' dir='ltr'><strong>est.</strong></span> <span class='ocrx_word' id='word_1_216' title='bbox 2897 1031 3215 1103; x_wconf 85' lang='lat' dir='ltr'><strong>Nuptiarum</strong></span> <span class='ocrx_word' id='word_1_217' title='bbox 3240 1032 3376 1090; x_wconf 79' lang='lat' dir='ltr'><strong>festa</strong></span> <span class='ocrx_word' id='word_1_218' title='bbox 3403 1035 3647 1107; x_wconf 88' lang='lat' dir='ltr'><strong>improba</strong></span> <span class='ocrx_word' id='word_1_219' title='bbox 3670 1044 3722 1091; x_wconf 90' lang='lat' dir='ltr'><strong>et</strong></span> <span class='ocrx_word' id='word_1_220' title='bbox 3745 1051 3883 1092; x_wconf 87' lang='lat' dir='ltr'><strong>cou-</strong></span> 
     </span>
    </p>
   </div>
   <div class='ocr_carea' id='block_1_25' title="bbox 2290 1122 3888 1199">
    <p class='ocr_par' dir='ltr' id='par_1_25' title="bbox 2290 1122 3888 1199">
     <span class='ocr_line' id='line_1_25' title="bbox 2290 1122 3888 1199; baseline 0.005 -21"><span class='ocrx_word' id='word_1_221' title='bbox 2290 1123 2429 1179; x_wconf 87' lang='lat' dir='ltr'><strong>vivia</strong></span> <span class='ocrx_word' id='word_1_222' title='bbox 2471 1124 2672 1180; x_wconf 88' lang='lat' dir='ltr'><strong>lasciva</strong></span> <span class='ocrx_word' id='word_1_223' title='bbox 2700 1122 2727 1162; x_wconf 76' lang='lat' dir='ltr'><strong>d</strong></span> <span class='ocrx_word' id='word_1_224' title='bbox 2764 1125 3017 1194; x_wconf 84' lang='lat' dir='ltr'><strong>vitentur,</strong></span> <span class='ocrx_word' id='word_1_225' title='bbox 3066 1143 3293 1198; x_wconf 89' lang='lat' dir='ltr'><strong>quorum</strong></span> <span class='ocrx_word' id='word_1_226' title='bbox 3341 1128 3643 1199; x_wconf 87' lang='lat' dir='ltr'><strong>periculosa</strong></span> <span class='ocrx_word' id='word_1_227' title='bbox 3688 1140 3888 1186; x_wconf 81' lang='lat' dir='ltr'><strong>conta-</strong></span> 
     </span>
    </p>
   </div>
   <div class='ocr_carea' id='block_1_26' title="bbox 2289 1218 3885 1295">
    <p class='ocr_par' dir='ltr' id='par_1_26' title="bbox 2289 1218 3885 1295">
     <span class='ocr_line' id='line_1_26' title="bbox 2289 1218 3885 1295; baseline 0.004 -23"><span class='ocrx_word' id='word_1_228' title='bbox 2289 1219 2378 1289; x_wconf 91' lang='lat' dir='ltr'><strong>gio</strong></span> <span class='ocrx_word' id='word_1_229' title='bbox 2415 1228 2516 1274; x_wconf 91' lang='lat' dir='ltr'><strong>est.</strong></span> <span class='ocrx_word' id='word_1_230' title='bbox 2544 1218 2708 1275; x_wconf 79' lang='lat' dir='ltr'><strong>Vince</strong></span> <span class='ocrx_word' id='word_1_231' title='bbox 2751 1229 2977 1287; x_wconf 88' lang='lat' dir='ltr'><strong>vestem,</strong></span> <span class='ocrx_word' id='word_1_232' title='bbox 3015 1236 3137 1292; x_wconf 71' lang='lat' dir='ltr'><strong>qute</strong></span> <span class='ocrx_word' id='word_1_233' title='bbox 3165 1222 3317 1292; x_wconf 84' lang='lat' dir='ltr'><strong>virgo</strong></span> <span class='ocrx_word' id='word_1_234' title='bbox 3361 1236 3422 1278; x_wconf 87' lang='lat' dir='ltr'><strong>es</strong></span> <span class='ocrx_word' id='word_1_235' title='bbox 3450 1240 3463 1277; x_wconf 91' lang='lat'><strong>:</strong></span> <span class='ocrx_word' id='word_1_236' title='bbox 3493 1223 3647 1278; x_wconf 89' lang='lat' dir='ltr'><strong>vince</strong></span> <span class='ocrx_word' id='word_1_237' title='bbox 3672 1238 3885 1295; x_wconf 87' lang='lat' dir='ltr'><strong>aurum,</strong></span> 
     </span>
    </p>
   </div>
   <div class='ocr_carea' id='block_1_27' title="bbox 2292 1314 3892 1386">
    <p class='ocr_par' dir='ltr' id='par_1_27' title="bbox 2292 1314 3892 1386">
     <span class='ocr_line' id='line_1_27' title="bbox 2292 1314 3892 1386; baseline 0.006 -21"><span class='ocrx_word' id='word_1_238' title='bbox 2292 1327 2412 1382; x_wconf 65' lang='lat' dir='ltr'><strong>quae</strong></span> <span class='ocrx_word' id='word_1_239' title='bbox 2430 1327 2646 1368; x_wconf 87' lang='lat' dir='ltr'><strong>carnem</strong></span> <span class='ocrx_word' id='word_1_240' title='bbox 2678 1314 2846 1369; x_wconf 86' lang='lat' dir='ltr'><strong>vincis</strong></span> <span class='ocrx_word' id='word_1_241' title='bbox 2866 1324 2920 1368; x_wconf 91' lang='lat' dir='ltr'><strong>et</strong></span> <span class='ocrx_word' id='word_1_242' title='bbox 2941 1315 3216 1369; x_wconf 69' lang='lat' dir='ltr'><strong>saeculum.</strong></span> <span class='ocrx_word' id='word_1_243' title='bbox 3237 1314 3357 1370; x_wconf 85' lang='lat' dir='ltr'><strong>Non</strong></span> <span class='ocrx_word' id='word_1_244' title='bbox 3375 1323 3458 1371; x_wconf 91' lang='lat' dir='ltr'><strong>est</strong></span> <span class='ocrx_word' id='word_1_245' title='bbox 3477 1315 3717 1386; x_wconf 85' lang='lat' dir='ltr'><strong>ejusdem</strong></span> <span class='ocrx_word' id='word_1_246' title='bbox 3736 1327 3759 1353; x_wconf 78' lang='grc' dir='ltr'><strong>ο</strong></span> <span class='ocrx_word' id='word_1_247' title='bbox 3783 1332 3892 1374; x_wconf 91' lang='lat' dir='ltr'><strong>non</strong></span> 
     </span>
    </p>
   </div>
   <div class='ocr_carea' id='block_1_28' title="bbox 2292 1406 3893 1484">
    <p class='ocr_par' dir='ltr' id='par_1_28' title="bbox 2292 1406 3893 1484">
     <span class='ocr_line' id='line_1_28' title="bbox 2292 1406 3893 1484; baseline 0.005 -25"><span class='ocrx_word' id='word_1_248' title='bbox 2292 1418 2493 1474; x_wconf 88' lang='lat' dir='ltr'><strong>possea</strong></span> <span class='ocrx_word' id='word_1_249' title='bbox 2514 1406 2807 1477; x_wconf 80' lang='lat' dir='ltr'><strong>majoribus</strong></span> <span class='ocrx_word' id='word_1_250' title='bbox 2822 1407 2961 1463; x_wconf 81' lang='lat' dir='ltr'><strong>vinci</strong></span> <span class='ocrx_word' id='word_1_251' title='bbox 2975 1408 3299 1484; x_wconf 82' lang='lat' dir='ltr'><strong>etimparem</strong></span> <span class='ocrx_word' id='word_1_252' title='bbox 3318 1410 3610 1467; x_wconf 90' lang='lat' dir='ltr'><strong>minoribus</strong></span> <span class='ocrx_word' id='word_1_253' title='bbox 3640 1411 3893 1467; x_wconf 90' lang='lat' dir='ltr'><strong>inveniri.</strong></span> 
     </span>
    </p>
   </div>
   <div class='ocr_carea' id='block_1_29' title="bbox 2293 1497 3896 1577">
    <p class='ocr_par' dir='ltr' id='par_1_29' title="bbox 2293 1497 3896 1577">
     <span class='ocr_line' id='line_1_29' title="bbox 2293 1497 3896 1577; baseline 0.006 -26"><span class='ocrx_word' id='word_1_254' title='bbox 2293 1497 2482 1552; x_wconf 71' lang='lat' dir='ltr'><strong>Arctn‘</strong></span> <span class='ocrx_word' id='word_1_255' title='bbox 2507 1509 2553 1553; x_wconf 85' lang='lat' dir='ltr'><strong>et</strong></span> <span class='ocrx_word' id='word_1_256' title='bbox 2573 1509 2789 1570; x_wconf 75' lang='lat' dir='ltr'><strong>angusta</strong></span> <span class='ocrx_word' id='word_1_257' title='bbox 2810 1510 2884 1555; x_wconf 81' lang='lat' dir='ltr'><strong>est</strong></span> <span class='ocrx_word' id='word_1_258' title='bbox 2905 1502 2986 1555; x_wconf 81' lang='lat' dir='ltr'><strong>via</strong></span> <span class='ocrx_word' id='word_1_259' title='bbox 3004 1518 3116 1574; x_wconf 82' lang='lat' dir='ltr'><strong>qua:</strong></span> <span class='ocrx_word' id='word_1_260' title='bbox 3139 1502 3279 1556; x_wconf 88' lang='lat' dir='ltr'><strong>ducit</strong></span> <span class='ocrx_word' id='word_1_261' title='bbox 3298 1504 3368 1557; x_wconf 88' lang='lat' dir='ltr'><strong>ad</strong></span> <span class='ocrx_word' id='word_1_262' title='bbox 3392 1504 3545 1558; x_wconf 83' lang='lat' dir='ltr'><strong>vitam</strong></span> <span class='ocrx_word' id='word_1_263' title='bbox 3571 1502 3785 1577; x_wconf 69' lang='lat' dir='ltr'><strong>(Matth.</strong></span> <span class='ocrx_word' id='word_1_264' title='bbox 3801 1522 3896 1574; x_wconf 85' lang='lat' dir='ltr'><strong>vn,</strong></span> 
     </span>
    </p>
   </div>
   <div class='ocr_carea' id='block_1_30' title="bbox 2299 1589 3899 1667">
    <p class='ocr_par' dir='ltr' id='par_1_30' title="bbox 2299 1589 3899 1667">
     <span class='ocr_line' id='line_1_30' title="bbox 2299 1589 3899 1667; baseline 0.006 -23"><span class='ocrx_word' id='word_1_265' title='bbox 2299 1590 2363 1644; x_wconf 71' lang='lat' dir='ltr'><strong>li</strong></span> <span class='ocrx_word' id='word_1_266' title='bbox 2392 1589 2411 1660; x_wconf 91' lang='lat'>)</span> <span class='ocrx_word' id='word_1_267' title='bbox 2443 1589 2609 1645; x_wconf 87' lang='lat' dir='ltr'><strong>durus</strong></span> <span class='ocrx_word' id='word_1_268' title='bbox 2630 1602 2685 1647; x_wconf 88' lang='lat' dir='ltr'><strong>et</strong></span> <span class='ocrx_word' id='word_1_269' title='bbox 2712 1592 2911 1648; x_wconf 88' lang='lat' dir='ltr'><strong>arduus</strong></span> <span class='ocrx_word' id='word_1_270' title='bbox 2929 1603 2954 1641; x_wconf 74' lang='grc' dir='ltr'><strong><em>ε</em></strong></span> <span class='ocrx_word' id='word_1_271' title='bbox 2985 1604 3068 1649; x_wconf 91' lang='lat' dir='ltr'><strong>est</strong></span> <span class='ocrx_word' id='word_1_272' title='bbox 3100 1593 3253 1650; x_wconf 78' lang='lat' dir='ltr'><strong>limes</strong></span> <span class='ocrx_word' id='word_1_273' title='bbox 3274 1597 3364 1666; x_wconf 93' lang='lat' dir='ltr'><strong>qui</strong></span> <span class='ocrx_word' id='word_1_274' title='bbox 3392 1595 3561 1651; x_wconf 90' lang='lat' dir='ltr'><strong>tendit</strong></span> <span class='ocrx_word' id='word_1_275' title='bbox 3582 1595 3647 1651; x_wconf 89' lang='lat' dir='ltr'><strong>ad</strong></span> <span class='ocrx_word' id='word_1_276' title='bbox 3672 1594 3899 1667; x_wconf 78' lang='lat' dir='ltr'><strong>gloriam</strong></span> 
     </span>
    </p>
   </div>
   <div class='ocr_carea' id='block_1_31' title="bbox 2296 1681 3903 1761">
    <p class='ocr_par' dir='ltr' id='par_1_31' title="bbox 2296 1681 3903 1761">
     <span class='ocr_line' id='line_1_31' title="bbox 2296 1681 3903 1761; baseline 0.007 -26"><span class='ocrx_word' id='word_1_277' title='bbox 2296 1681 2530 1753; x_wconf 74' lang='lat' dir='ltr'><strong>(lb.l&#39;zi).</strong></span> <span class='ocrx_word' id='word_1_278' title='bbox 2547 1685 2649 1740; x_wconf 91' lang='lat' dir='ltr'><strong>Per</strong></span> <span class='ocrx_word' id='word_1_279' title='bbox 2673 1684 2813 1740; x_wconf 87' lang='lat' dir='ltr'><strong>hunc</strong></span> <span class='ocrx_word' id='word_1_280' title='bbox 2838 1686 2935 1740; x_wconf 74' lang='lat' dir='ltr'><strong>via:</strong></span> <span class='ocrx_word' id='word_1_281' title='bbox 2955 1686 3180 1742; x_wconf 89' lang='lat' dir='ltr'><strong>limitem</strong></span> <span class='ocrx_word' id='word_1_282' title='bbox 3201 1696 3466 1760; x_wconf 82' lang='lat' dir='ltr'><strong>martyres</strong></span> <span class='ocrx_word' id='word_1_283' title='bbox 3494 1700 3744 1761; x_wconf 90' lang='lat' dir='ltr'><strong>pergunt,</strong></span> <span class='ocrx_word' id='word_1_284' title='bbox 3774 1698 3903 1746; x_wconf 90' lang='lat' dir='ltr'><strong>eunt</strong></span> 
     </span>
    </p>
   </div>
   <div class='ocr_carea' id='block_1_32' title="bbox 2223 1774 3899 1847">
    <p class='ocr_par' dir='ltr' id='par_1_32' title="bbox 2223 1774 3899 1847">
     <span class='ocr_line' id='line_1_32' title="bbox 2223 1774 3899 1847; baseline 0.004 -20"><span class='ocrx_word' id='word_1_285' title='bbox 2223 1783 2273 1842; x_wconf 83' lang='grc' dir='ltr'><strong>Β</strong></span> <span class='ocrx_word' id='word_1_286' title='bbox 2298 1774 2549 1845; x_wconf 84' lang='lat' dir='ltr'><strong>virgines,</strong></span> <span class='ocrx_word' id='word_1_287' title='bbox 2572 1775 2700 1845; x_wconf 84' lang='lat' dir='ltr'><strong>justi</strong></span> <span class='ocrx_word' id='word_1_288' title='bbox 2727 1776 2925 1847; x_wconf 88' lang='lat' dir='ltr'><strong>quique</strong></span> <span class='ocrx_word' id='word_1_289' title='bbox 2949 1776 3281 1847; x_wconf 87' lang='lat' dir='ltr'><strong>gradiuntur.</strong></span> <span class='ocrx_word' id='word_1_290' title='bbox 3302 1777 3432 1833; x_wconf 85' lang='lat' dir='ltr'><strong>Lata</strong></span> <span class='ocrx_word' id='word_1_291' title='bbox 3460 1789 3513 1834; x_wconf 93' lang='lat' dir='ltr'><strong>et</strong></span> <span class='ocrx_word' id='word_1_292' title='bbox 3544 1778 3780 1847; x_wconf 81' lang='lat' dir='ltr'><strong>spatiosa</strong></span> <span class='ocrx_word' id='word_1_293' title='bbox 3809 1779 3899 1834; x_wconf 83' lang='lat' dir='ltr'><strong>iti-</strong></span> 
     </span>
    </p>
   </div>
   <div class='ocr_carea' id='block_1_33' title="bbox 2300 1866 3900 1940">
    <p class='ocr_par' dir='ltr' id='par_1_33' title="bbox 2300 1866 3900 1940">
     <span class='ocr_line' id='line_1_33' title="bbox 2300 1866 3900 1940; baseline 0.002 -21"><span class='ocrx_word' id='word_1_294' title='bbox 2300 1879 2428 1919; x_wconf 84' lang='lat' dir='ltr'><strong>nera</strong></span> <span class='ocrx_word' id='word_1_295' title='bbox 2445 1866 2625 1919; x_wconf 82' lang='lat' dir='ltr'><strong>vitate.</strong></span> <span class='ocrx_word' id='word_1_296' title='bbox 2646 1866 2894 1922; x_wconf 85' lang='lat' dir='ltr'><strong>Letliales</strong></span> <span class='ocrx_word' id='word_1_297' title='bbox 2912 1867 3018 1921; x_wconf 90' lang='lat' dir='ltr'><strong>illic</strong></span> <span class='ocrx_word' id='word_1_298' title='bbox 3034 1867 3299 1923; x_wconf 67' lang='lat' dir='ltr'><strong>illecebras</strong></span> <span class='ocrx_word' id='word_1_299' title='bbox 3316 1876 3371 1922; x_wconf 88' lang='lat' dir='ltr'><strong>et</strong></span> <span class='ocrx_word' id='word_1_300' title='bbox 3394 1867 3685 1924; x_wconf 70' lang='lat' dir='ltr'><strong>mortiferae</strong></span> <span class='ocrx_word' id='word_1_301' title='bbox 3709 1868 3900 1940; x_wconf 83' lang='lat' dir='ltr'><strong>volup-</strong></span> 
     </span>
    </p>
   </div>
   <div class='ocr_carea' id='block_1_34' title="bbox 2299 1956 3905 2025">
    <p class='ocr_par' dir='ltr' id='par_1_34' title="bbox 2299 1956 3905 2025">
     <span class='ocr_line' id='line_1_34' title="bbox 2299 1956 3905 2025; baseline 0.001 -13"><span class='ocrx_word' id='word_1_302' title='bbox 2299 1966 2456 2014; x_wconf 81' lang='lat' dir='ltr'><strong>tates.</strong></span> <span class='ocrx_word' id='word_1_303' title='bbox 2490 1959 2557 1990; x_wconf 72' lang='grc'><strong>³⁸⁸</strong></span> <span class='ocrx_word' id='word_1_304' title='bbox 2582 1956 2693 2013; x_wconf 81' lang='lat' dir='ltr'><strong>Illic</strong></span> <span class='ocrx_word' id='word_1_305' title='bbox 2718 1957 2961 2013; x_wconf 83' lang='lat' dir='ltr'><strong>diabolus</strong></span> <span class='ocrx_word' id='word_1_306' title='bbox 2998 1958 3268 2013; x_wconf 83' lang='lat' dir='ltr'><strong>blanditur</strong></span> <span class='ocrx_word' id='word_1_307' title='bbox 3298 1968 3368 2013; x_wconf 73' lang='lat' dir='ltr'><strong>‘ut</strong></span> <span class='ocrx_word' id='word_1_308' title='bbox 3396 1958 3578 2025; x_wconf 77' lang='lat' dir='ltr'><strong>fallat,</strong></span> <span class='ocrx_word' id='word_1_309' title='bbox 3605 1958 3806 2014; x_wconf 85' lang='lat' dir='ltr'><strong>arridet</strong></span> <span class='ocrx_word' id='word_1_310' title='bbox 3846 1965 3905 2014; x_wconf 79' lang='lat' dir='ltr'><strong>ut</strong></span> 
     </span>
    </p>
   </div>
   <div class='ocr_carea' id='block_1_35' title="bbox 2300 2049 3906 2123">
    <p class='ocr_par' dir='ltr' id='par_1_35' title="bbox 2300 2049 3906 2123">
     <span class='ocr_line' id='line_1_35' title="bbox 2300 2049 3906 2123; baseline -0.001 -17"><span class='ocrx_word' id='word_1_311' title='bbox 2300 2058 2511 2116; x_wconf 84' lang='lat' dir='ltr'><strong>noceat,</strong></span> <span class='ocrx_word' id='word_1_312' title='bbox 2533 2050 2686 2105; x_wconf 90' lang='lat' dir='ltr'><strong>illicit</strong></span> <span class='ocrx_word' id='word_1_313' title='bbox 2712 2060 2768 2103; x_wconf 84' lang='grc' dir='ltr'><strong>ιιι</strong></span> <span class='ocrx_word' id='word_1_314' title='bbox 2784 2049 3009 2105; x_wconf 85' lang='lat' dir='ltr'><strong>occidat.</strong></span> <span class='ocrx_word' id='word_1_315' title='bbox 3037 2051 3269 2117; x_wconf 85' lang='lat' dir='ltr'><strong>Primus,</strong></span> <span class='ocrx_word' id='word_1_316' title='bbox 3289 2065 3410 2106; x_wconf 91' lang='lat' dir='ltr'><strong>cum</strong></span> <span class='ocrx_word' id='word_1_317' title='bbox 3429 2058 3677 2119; x_wconf 88' lang='lat' dir='ltr'><strong>centeno,</strong></span> <span class='ocrx_word' id='word_1_318' title='bbox 3703 2059 3906 2123; x_wconf 77' lang='lat' dir='ltr'><strong>marty-</strong></span> 
     </span>
    </p>
   </div>
   <div class='ocr_carea' id='block_1_36' title="bbox 2300 2142 3904 2216">
    <p class='ocr_par' dir='ltr' id='par_1_36' title="bbox 2300 2142 3904 2216">
     <span class='ocr_line' id='line_1_36' title="bbox 2300 2142 3904 2216; baseline 0.002 -19"><span class='ocrx_word' id='word_1_319' title='bbox 2300 2158 2420 2197; x_wconf 90' lang='lat' dir='ltr'><strong>rum</strong></span> <span class='ocrx_word' id='word_1_320' title='bbox 2458 2142 2661 2198; x_wconf 83' lang='lat' dir='ltr'><strong>frnctus</strong></span> <span class='ocrx_word' id='word_1_321' title='bbox 2688 2150 2790 2209; x_wconf 90' lang='lat' dir='ltr'><strong>est,</strong></span> <span class='ocrx_word' id='word_1_322' title='bbox 2828 2143 3123 2212; x_wconf 89' lang='lat' dir='ltr'><strong>secundus,</strong></span> <span class='ocrx_word' id='word_1_323' title='bbox 3156 2145 3557 2216; x_wconf 77' lang='lat' dir='ltr'><strong>sexagenarius,</strong></span> <span class='ocrx_word' id='word_1_324' title='bbox 3583 2152 3761 2203; x_wconf 78' lang='lat' dir='ltr'><strong>vester</strong></span> <span class='ocrx_word' id='word_1_325' title='bbox 3800 2155 3904 2203; x_wconf 87' lang='lat' dir='ltr'><strong>est.</strong></span> 
     </span>
    </p>
   </div>
   <div class='ocr_carea' id='block_1_37' title="bbox 1856 2255 2688 2317">
    <p class='ocr_par' dir='ltr' id='par_1_37' title="bbox 1856 2255 2688 2317">
     <span class='ocr_line' id='line_1_37' title="bbox 1856 2255 2688 2317; baseline -0.008 0"><span class='ocrx_word' id='word_1_326' title='bbox 1856 2257 2240 2317; x_wconf 79' lang='lat' dir='ltr'><strong>LEGTIONES</strong></span> <span class='ocrx_word' id='word_1_327' title='bbox 2275 2255 2688 2315; x_wconf 80' lang='lat' dir='ltr'><strong>VARIANTES.</strong></span> 
     </span>
    </p>
   </div>
   <div class='ocr_carea' id='block_1_38' title="bbox 678 2375 1723 2442">
    <p class='ocr_par' dir='ltr' id='par_1_38' title="bbox 678 2375 1723 2442">
     <span class='ocr_line' id='line_1_38' title="bbox 678 2375 1723 2442; baseline -0.008 -11"><span class='ocrx_word' id='word_1_328' title='bbox 678 2379 938 2442; x_wconf 63' lang='lat' dir='ltr'><strong>f‘Ceditur</strong></span> <span class='ocrx_word' id='word_1_329' title='bbox 956 2381 1115 2442; x_wconf 83' lang='lat' dir='ltr'><strong>Neap.</strong></span> <span class='ocrx_word' id='word_1_330' title='bbox 1156 2379 1360 2429; x_wconf 88' lang='lat' dir='ltr'><strong>Ponitur</strong></span> <span class='ocrx_word' id='word_1_331' title='bbox 1387 2379 1500 2428; x_wconf 81' lang='lat' dir='ltr'><strong>Vat.</strong></span> <span class='ocrx_word' id='word_1_332' title='bbox 1528 2376 1577 2438; x_wconf 89' lang='grc'><strong>1,</strong></span> <span class='ocrx_word' id='word_1_333' title='bbox 1603 2375 1650 2439; x_wconf 75' lang='lat'><strong>2,</strong></span> <span class='ocrx_word' id='word_1_334' title='bbox 1675 2375 1723 2424; x_wconf 80' lang='lat'><strong>3.</strong></span> 
     </span>
    </p>
   </div>
   <div class='ocr_carea' id='block_1_39' title="bbox 676 2439 1223 2496">
    <p class='ocr_par' dir='ltr' id='par_1_39' title="bbox 676 2439 1223 2496">
     <span class='ocr_line' id='line_1_39' title="bbox 676 2439 1223 2496; baseline -0.004 -4"><span class='ocrx_word' id='word_1_335' title='bbox 676 2439 706 2477; x_wconf 68' lang='grc' dir='ltr'>δ</span> <span class='ocrx_word' id='word_1_336' title='bbox 726 2444 804 2492; x_wconf 84' lang='lat' dir='ltr'><strong>Me</strong></span> <span class='ocrx_word' id='word_1_337' title='bbox 829 2442 960 2496; x_wconf 75' lang='lat' dir='ltr'><strong>deest</strong></span> <span class='ocrx_word' id='word_1_338' title='bbox 990 2441 1042 2492; x_wconf 72' lang='lat' dir='ltr'><strong>t&#39;n</strong></span> <span class='ocrx_word' id='word_1_339' title='bbox 1064 2439 1223 2493; x_wconf 77' lang='lat' dir='ltr'><strong>Oxon.</strong></span> 
     </span>
    </p>
   </div>
   <div class='ocr_carea' id='block_1_40' title="bbox 677 2496 2208 2567">
    <p class='ocr_par' dir='ltr' id='par_1_40' title="bbox 677 2496 2208 2567">
     <span class='ocr_line' id='line_1_40' title="bbox 677 2496 2208 2567; baseline -0.006 -13"><span class='ocrx_word' id='word_1_340' title='bbox 677 2507 702 2535; x_wconf 73' lang='grc' dir='ltr'><strong>ο</strong></span> <span class='ocrx_word' id='word_1_341' title='bbox 743 2505 800 2554; x_wconf 89' lang='lat' dir='ltr'><strong>In</strong></span> <span class='ocrx_word' id='word_1_342' title='bbox 837 2518 923 2556; x_wconf 90' lang='lat' dir='ltr'><strong>vos</strong></span> <span class='ocrx_word' id='word_1_343' title='bbox 966 2504 1140 2567; x_wconf 87' lang='lat' dir='ltr'><strong>pudiea</strong></span> <span class='ocrx_word' id='word_1_344' title='bbox 1183 2503 1419 2567; x_wconf 82' lang='lat' dir='ltr'><strong>Impress.</strong></span> <span class='ocrx_word' id='word_1_345' title='bbox 1465 2502 1568 2565; x_wconf 83' lang='lat' dir='ltr'><strong>fere</strong></span> <span class='ocrx_word' id='word_1_346' title='bbox 1599 2511 1774 2551; x_wconf 72' lang='lat' dir='ltr'><strong>attines.</strong></span> <span class='ocrx_word' id='word_1_347' title='bbox 1822 2496 1991 2550; x_wconf 89' lang='lat' dir='ltr'><strong>Debet</strong></span> <span class='ocrx_word' id='word_1_348' title='bbox 2022 2499 2073 2547; x_wconf 92' lang='lat' dir='ltr'><strong>in</strong></span> <span class='ocrx_word' id='word_1_349' title='bbox 2122 2508 2208 2547; x_wconf 86' lang='lat' dir='ltr'><strong>vos</strong></span> 
     </span>
    </p>
   </div>
   <div class='ocr_carea' id='block_1_41' title="bbox 619 2566 1188 2680">
    <p class='ocr_par' dir='ltr' id='par_1_41' title="bbox 619 2566 1188 2680">
     <span class='ocr_line' id='line_1_41' title="bbox 619 2566 981 2621; baseline 0 -3"><span class='ocrx_word' id='word_1_350' title='bbox 619 2566 779 2621; x_wconf 76' lang='lat' dir='ltr'><strong>Oxon.</strong></span> <span class='ocrx_word' id='word_1_351' title='bbox 970 2566 981 2567; x_wconf 52' lang='grc'><strong>“</strong></span> 
     </span>
     <span class='ocr_line' id='line_1_42' title="bbox 682 2627 1188 2680; baseline -0.008 1"><span class='ocrx_word' id='word_1_352' title='bbox 682 2628 710 2671; x_wconf 76' lang='grc' dir='ltr'>ἀ</span> <span class='ocrx_word' id='word_1_353' title='bbox 745 2627 1038 2680; x_wconf 84' lang='lat' dir='ltr'><strong>Temulenta</strong></span> <span class='ocrx_word' id='word_1_354' title='bbox 1066 2630 1188 2679; x_wconf 74' lang='lat' dir='ltr'><strong>Ver.</strong></span> 
     </span>
    </p>
   </div>
   <div class='ocr_carea' id='block_1_42' title="bbox 2390 2367 3365 2430">
    <p class='ocr_par' dir='ltr' id='par_1_42' title="bbox 2390 2367 3365 2430">
     <span class='ocr_line' id='line_1_43' title="bbox 2390 2367 3365 2430; baseline 0.015 -16"><span class='ocrx_word' id='word_1_355' title='bbox 2390 2373 2413 2430; x_wconf 63' lang='grc' dir='ltr'><strong>ς·</strong></span> <span class='ocrx_word' id='word_1_356' title='bbox 2437 2368 2667 2430; x_wconf 80' lang='lat' dir='ltr'><strong>Ejusdem</strong></span> <span class='ocrx_word' id='word_1_357' title='bbox 2687 2369 2881 2418; x_wconf 89' lang='lat' dir='ltr'><strong>virtutis</strong></span> <span class='ocrx_word' id='word_1_358' title='bbox 2903 2372 2957 2417; x_wconf 81' lang='lat' dir='ltr'><strong>et</strong></span> <span class='ocrx_word' id='word_1_359' title='bbox 2978 2367 3128 2419; x_wconf 80' lang='lat' dir='ltr'><strong>animi</strong></span> <span class='ocrx_word' id='word_1_360' title='bbox 3158 2377 3290 2422; x_wconf 66' lang='grc' dir='ltr'><strong>νοω.</strong></span> <span class='ocrx_word' id='word_1_361' title='bbox 3316 2370 3365 2421; x_wconf 72' lang='grc' dir='ltr'><strong>Ξ.</strong></span> 
     </span>
    </p>
   </div>
   <div class='ocr_carea' id='block_1_43' title="bbox 2391 2427 3916 2504">
    <p class='ocr_par' dir='ltr' id='par_1_43' title="bbox 2391 2427 3916 2504">
     <span class='ocr_line' id='line_1_44' title="bbox 2391 2427 3916 2504; baseline 0.003 -22"><span class='ocrx_word' id='word_1_362' title='bbox 2391 2429 2411 2467; x_wconf 74' lang='grc' dir='ltr'><strong>ί</strong></span> <span class='ocrx_word' id='word_1_363' title='bbox 2438 2427 2592 2504; x_wconf 55' lang='grc' dir='ltr'><strong>μή</strong></span> <span class='ocrx_word' id='word_1_364' title='bbox 2744 2430 2920 2504; x_wconf 78' lang='lat' dir='ltr'><strong>Parem</strong></span> <span class='ocrx_word' id='word_1_365' title='bbox 2944 2443 3002 2479; x_wconf 90' lang='lat' dir='ltr'><strong>se</strong></span> <span class='ocrx_word' id='word_1_366' title='bbox 3021 2432 3301 2504; x_wconf 45' lang='lat' dir='ltr'><strong>integritas</strong></span> <span class='ocrx_word' id='word_1_367' title='bbox 3325 2438 3529 2504; x_wconf 60' lang='lat' dir='ltr'><strong>praestat</strong></span> <span class='ocrx_word' id='word_1_368' title='bbox 3574 2434 3627 2486; x_wconf 88' lang='lat' dir='ltr'><strong>in</strong></span> <span class='ocrx_word' id='word_1_369' title='bbox 3671 2434 3916 2501; x_wconf 81' lang='lat' dir='ltr'><strong>omnibus,</strong></span> 
     </span>
    </p>
   </div>
   <div class='ocr_carea' id='block_1_44' title="bbox 2322 2490 3377 2608">
    <p class='ocr_par' dir='ltr' id='par_1_44' title="bbox 2322 2490 3377 2608">
     <span class='ocr_line' id='line_1_45' title="bbox 2322 2490 3377 2548; baseline 0.005 -5"><span class='ocrx_word' id='word_1_370' title='bbox 2322 2507 2419 2543; x_wconf 89' lang='lat' dir='ltr'><strong>nec</strong></span> <span class='ocrx_word' id='word_1_371' title='bbox 2439 2494 2621 2543; x_wconf 91' lang='lat' dir='ltr'><strong>bonum</strong></span> <span class='ocrx_word' id='word_1_372' title='bbox 2644 2492 2715 2542; x_wconf 86' lang='lat' dir='ltr'><strong>vir</strong></span> <span class='ocrx_word' id='word_1_373' title='bbox 2752 2492 2935 2545; x_wconf 87' lang='lat' dir='ltr'><strong>initatis</strong></span> <span class='ocrx_word' id='word_1_374' title='bbox 2956 2490 3120 2545; x_wconf 82' lang='lat' dir='ltr'><strong>cultus</strong></span> <span class='ocrx_word' id='word_1_375' title='bbox 3147 2490 3377 2548; x_wconf 78' lang='lat' dir='ltr'><strong>infamet.</strong></span> 
     </span>
     <span class='ocr_line' id='line_1_46' title="bbox 2385 2507 2825 2608; baseline -0.007 0"><span class='ocrx_word' id='word_1_376' title='bbox 2385 2558 2412 2599; x_wconf 71' lang='grc' dir='ltr'><strong>ε</strong></span> <span class='ocrx_word' id='word_1_377' title='bbox 2434 2556 2617 2608; x_wconf 71' lang='lat' dir='ltr'><strong>Arctus</strong></span> <span class='ocrx_word' id='word_1_378' title='bbox 2638 2507 2825 2607; x_wconf 60' lang='lat'><strong>305.2.</strong></span> 
     </span>
    </p>
   </div>
   <div class='ocr_carea' id='block_1_45' title="bbox 1852 2727 2689 2788">
    <p class='ocr_par' dir='ltr' id='par_1_45' title="bbox 1852 2727 2689 2788">
     <span class='ocr_line' id='line_1_47' title="bbox 1852 2727 2689 2788; baseline 0.002 -3"><span class='ocrx_word' id='word_1_379' title='bbox 1852 2727 2092 2785; x_wconf 82' lang='lat' dir='ltr'><strong>STEPH.</strong></span> <span class='ocrx_word' id='word_1_380' title='bbox 2134 2728 2405 2788; x_wconf 82' lang='lat' dir='ltr'><strong>BALUZII</strong></span> <span class='ocrx_word' id='word_1_381' title='bbox 2458 2728 2689 2788; x_wconf 67' lang='lat' dir='ltr'><strong>NOTAE.</strong></span> 
     </span>
    </p>
   </div>
   <div class='ocr_carea' id='block_1_46' title="bbox 617 2843 2217 2924">
    <p class='ocr_par' dir='ltr' id='par_1_46' title="bbox 617 2843 2217 2924">
     <span class='ocr_line' id='line_1_48' title="bbox 617 2843 2217 2924; baseline -0.006 -14"><span class='ocrx_word' id='word_1_382' title='bbox 617 2853 950 2924; x_wconf 80' lang='lat' dir='ltr'><strong>expirantem</strong></span> <span class='ocrx_word' id='word_1_383' title='bbox 1006 2847 1215 2924; x_wconf 81' lang='lat' dir='ltr'><strong>capillis</strong></span> <span class='ocrx_word' id='word_1_384' title='bbox 1273 2854 1327 2902; x_wconf 90' lang='lat' dir='ltr'><strong>et</strong></span> <span class='ocrx_word' id='word_1_385' title='bbox 1382 2852 1539 2924; x_wconf 76' lang='lat' dir='ltr'><strong>veste</strong></span> <span class='ocrx_word' id='word_1_386' title='bbox 1565 2915 1577 2924; x_wconf 88' lang='lat'><strong>_</strong></span> <span class='ocrx_word' id='word_1_387' title='bbox 1604 2857 1761 2899; x_wconf 87' lang='lat' dir='ltr'><strong>crura</strong></span> <span class='ocrx_word' id='word_1_388' title='bbox 1804 2843 2112 2924; x_wconf 62' lang='lat' dir='ltr'><strong>contexisse</strong></span> <span class='ocrx_word' id='word_1_389' title='bbox 2147 2858 2217 2924; x_wconf 68' lang='lat' dir='ltr'><strong>ne</strong></span> 
     </span>
    </p>
   </div>
   <div class='ocr_carea' id='block_1_47' title="bbox 621 2911 2212 2993">
    <p class='ocr_par' dir='ltr' id='par_1_47' title="bbox 621 2911 2212 2993">
     <span class='ocr_line' id='line_1_49' title="bbox 621 2911 2212 2993; baseline -0.008 -13"><span class='ocrx_word' id='word_1_390' title='bbox 621 2911 748 2989; x_wconf 79' lang='lat' dir='ltr'><strong>quid</strong></span> <span class='ocrx_word' id='word_1_391' title='bbox 787 2932 968 2993; x_wconf 84' lang='lat' dir='ltr'><strong>posset</strong></span> <span class='ocrx_word' id='word_1_392' title='bbox 1005 2911 1325 2993; x_wconf 68' lang='lat' dir='ltr'><strong>in&#39;_co_i&#39;pore</strong></span> <span class='ocrx_word' id='word_1_393' title='bbox 1348 2917 1465 2986; x_wconf 85' lang='lat' dir='ltr'><strong>ejus</strong></span> <span class='ocrx_word' id='word_1_394' title='bbox 1493 2915 1803 2993; x_wconf 66' lang='lat' dir='ltr'><strong>indecorum</strong></span> <span class='ocrx_word' id='word_1_395' title='bbox 1834 2911 2120 2993; x_wconf 74' lang='lat' dir='ltr'><strong>videri._Et_</strong></span> <span class='ocrx_word' id='word_1_396' title='bbox 2145 2913 2212 2983; x_wconf 79' lang='grc' dir='ltr'><strong>ρ.</strong></span> 
     </span>
    </p>
   </div>
   <div class='ocr_carea' id='block_1_48' title="bbox 623 2985 2222 3058">
    <p class='ocr_par' dir='ltr' id='par_1_48' title="bbox 623 2985 2222 3058">
     <span class='ocr_line' id='line_1_50' title="bbox 623 2985 2222 3058; baseline -0.009 -7"><span class='ocrx_word' id='word_1_397' title='bbox 623 2985 843 3051; x_wconf 78' lang='lat' dir='ltr'><strong>Curtius</strong></span> <span class='ocrx_word' id='word_1_398' title='bbox 870 2993 963 3047; x_wconf 87' lang='lat' dir='ltr'><strong>lib.</strong></span> <span class='ocrx_word' id='word_1_399' title='bbox 994 3006 1027 3045; x_wconf 72' lang='grc' dir='ltr'><strong>ν</strong></span> <span class='ocrx_word' id='word_1_400' title='bbox 1055 2991 1131 3046; x_wconf 87' lang='lat' dir='ltr'><strong>ait</strong></span> <span class='ocrx_word' id='word_1_401' title='bbox 1156 2985 1474 3044; x_wconf 81' lang='lat' dir='ltr'><strong>feminarum</strong></span> <span class='ocrx_word' id='word_1_402' title='bbox 1504 2986 1810 3058; x_wconf 75' lang='lat' dir='ltr'><strong>Babyloniae</strong></span> <span class='ocrx_word' id='word_1_403' title='bbox 1834 2985 2078 3058; x_wconf 79' lang='lat' dir='ltr'><strong>convivia</strong></span> <span class='ocrx_word' id='word_1_404' title='bbox 2096 2986 2222 3058; x_wconf 82' lang='lat' dir='ltr'><strong>ine-</strong></span> 
     </span>
    </p>
   </div>
   <div class='ocr_carea' id='block_1_49' title="bbox 622 3054 2216 3133">
    <p class='ocr_par' dir='ltr' id='par_1_49' title="bbox 622 3054 2216 3133">
     <span class='ocr_line' id='line_1_51' title="bbox 622 3054 2216 3133; baseline -0.006 -13"><span class='ocrx_word' id='word_1_405' title='bbox 622 3065 828 3121; x_wconf 91' lang='lat' dir='ltr'><strong>untium</strong></span> <span class='ocrx_word' id='word_1_406' title='bbox 852 3065 905 3119; x_wconf 92' lang='lat' dir='ltr'><strong>in</strong></span> <span class='ocrx_word' id='word_1_407' title='bbox 930 3062 1193 3133; x_wconf 89' lang='lat' dir='ltr'><strong>principio</strong></span> <span class='ocrx_word' id='word_1_408' title='bbox 1211 3060 1376 3133; x_wconf 81' lang='lat' dir='ltr'><strong>fuisse</strong></span> <span class='ocrx_word' id='word_1_409' title='bbox 1401 3054 1702 3133; x_wconf 70' lang='lat' dir='ltr'><strong>inadestum</strong></span> <span class='ocrx_word' id='word_1_410' title='bbox 1728 3055 1963 3133; x_wconf 79' lang='lat' dir='ltr'><strong>habitum</strong></span> <span class='ocrx_word' id='word_1_411' title='bbox 1981 3097 1996 3123; x_wconf 93' lang='lat'><strong>,</strong></span> <span class='ocrx_word' id='word_1_412' title='bbox 2021 3054 2216 3133; x_wconf 77' lang='lat' dir='ltr'><strong>deinde</strong></span> 
     </span>
    </p>
   </div>
   <div class='ocr_carea' id='block_1_50' title="bbox 624 3125 2214 3205">
    <p class='ocr_par' dir='ltr' id='par_1_50' title="bbox 624 3125 2214 3205">
     <span class='ocr_line' id='line_1_52' title="bbox 624 3125 2214 3205; baseline -0.008 -12"><span class='ocrx_word' id='word_1_413' title='bbox 624 3152 831 3193; x_wconf 85' lang='lat' dir='ltr'><strong>summa</strong></span> <span class='ocrx_word' id='word_1_414' title='bbox 852 3125 1323 3205; x_wconf 59' lang='lat' dir='ltr'><strong>quieqneainicula</strong></span> <span class='ocrx_word' id='word_1_415' title='bbox 1344 3129 1558 3205; x_wconf 81' lang='lat' dir='ltr'><strong>exuisse</strong></span> <span class='ocrx_word' id='word_1_416' title='bbox 1575 3128 1937 3205; x_wconf 70' lang='lat' dir='ltr'><strong>paulatimque</strong></span> <span class='ocrx_word' id='word_1_417' title='bbox 1957 3125 2214 3205; x_wconf 79' lang='lat' dir='ltr'><strong>pudorem</strong></span> 
     </span>
    </p>
   </div>
   <div class='ocr_carea' id='block_1_51' title="bbox 626 3197 2214 3276">
    <p class='ocr_par' dir='ltr' id='par_1_51' title="bbox 626 3197 2214 3276">
     <span class='ocr_line' id='line_1_53' title="bbox 626 3197 2214 3276; baseline -0.005 -15"><span class='ocrx_word' id='word_1_418' title='bbox 626 3197 937 3276; x_wconf 71' lang='lat' dir='ltr'><strong>profaiiasse</strong></span> <span class='ocrx_word' id='word_1_419' title='bbox 962 3197 1091 3265; x_wconf 39' lang='lat' dir='ltr'><strong>[ad</strong></span> <span class='ocrx_word' id='word_1_420' title='bbox 1121 3203 1363 3276; x_wconf 68' lang='lat' dir='ltr'><strong>ultimum</strong></span> <span class='ocrx_word' id='word_1_421' title='bbox 1385 3202 1501 3276; x_wconf 65' lang='lat' dir='ltr'><strong>ima</strong></span> <span class='ocrx_word' id='word_1_422' title='bbox 1522 3197 1847 3276; x_wconf 53' lang='lat' dir='ltr'><strong>corporum.</strong></span> <span class='ocrx_word' id='word_1_423' title='bbox 1895 3199 2008 3264; x_wconf 84' lang='lat' dir='ltr'><strong>Qua</strong></span> <span class='ocrx_word' id='word_1_424' title='bbox 2048 3197 2214 3276; x_wconf 81' lang='lat' dir='ltr'><strong>de_r_e</strong></span> 
     </span>
    </p>
   </div>
   <div class='ocr_carea' id='block_1_52' title="bbox 628 3268 2211 3338">
    <p class='ocr_par' dir='ltr' id='par_1_52' title="bbox 628 3268 2211 3338">
     <span class='ocr_line' id='line_1_54' title="bbox 628 3268 2211 3338; baseline -0.003 -10"><span class='ocrx_word' id='word_1_425' title='bbox 628 3268 750 3331; x_wconf 71' lang='lat' dir='ltr'><strong>vide</strong></span> <span class='ocrx_word' id='word_1_426' title='bbox 778 3275 1108 3330; x_wconf 85' lang='lat' dir='ltr'><strong>Ludovicum</strong></span> <span class='ocrx_word' id='word_1_427' title='bbox 1136 3272 1354 3331; x_wconf 70' lang='lat' dir='ltr'><strong>Caelium</strong></span> <span class='ocrx_word' id='word_1_428' title='bbox 1384 3270 1740 3338; x_wconf 79' lang='lat' dir='ltr'><strong>Rbodigiuum</strong></span> <span class='ocrx_word' id='word_1_429' title='bbox 1774 3268 1865 3322; x_wconf 92' lang='lat' dir='ltr'><strong>lib.</strong></span> <span class='ocrx_word' id='word_1_430' title='bbox 1892 3285 1947 3334; x_wconf 73' lang='grc' dir='ltr'><strong>γ,</strong></span> <span class='ocrx_word' id='word_1_431' title='bbox 1975 3284 2093 3338; x_wconf 85' lang='lat' dir='ltr'><strong>cap.</strong></span> <span class='ocrx_word' id='word_1_432' title='bbox 2123 3269 2211 3324; x_wconf 78' lang='grc' dir='ltr'><strong>Η.</strong></span> 
     </span>
    </p>
   </div>
   <div class='ocr_carea' id='block_1_53' title="bbox 632 3338 2216 3411">
    <p class='ocr_par' dir='ltr' id='par_1_53' title="bbox 632 3338 2216 3411">
     <span class='ocr_line' id='line_1_55' title="bbox 632 3338 2216 3411; baseline -0.006 -10"><span class='ocrx_word' id='word_1_433' title='bbox 632 3346 679 3401; x_wconf 82' lang='grc' dir='ltr'>Α</span> <span class='ocrx_word' id='word_1_434' title='bbox 704 3345 909 3401; x_wconf 88' lang='lat' dir='ltr'><strong>Gellius</strong></span> <span class='ocrx_word' id='word_1_435' title='bbox 936 3343 1028 3397; x_wconf 88' lang='lat' dir='ltr'><strong>lib.</strong></span> <span class='ocrx_word' id='word_1_436' title='bbox 1054 3358 1145 3406; x_wconf 83' lang='lat' dir='ltr'><strong>xv,</strong></span> <span class='ocrx_word' id='word_1_437' title='bbox 1177 3357 1295 3411; x_wconf 85' lang='lat' dir='ltr'><strong>cap.</strong></span> <span class='ocrx_word' id='word_1_438' title='bbox 1328 3340 1396 3396; x_wconf 80' lang='lat' dir='ltr'><strong>l0</strong></span> <span class='ocrx_word' id='word_1_439' title='bbox 1425 3340 1611 3395; x_wconf 88' lang='lat' dir='ltr'><strong>scribit</strong></span> <span class='ocrx_word' id='word_1_440' title='bbox 1644 3355 1710 3394; x_wconf 88' lang='lat' dir='ltr'><strong>ex</strong></span> <span class='ocrx_word' id='word_1_441' title='bbox 1750 3338 2040 3411; x_wconf 86' lang='lat' dir='ltr'><strong>Plutarcho</strong></span> <span class='ocrx_word' id='word_1_442' title='bbox 2068 3338 2216 3411; x_wconf 81' lang='lat' dir='ltr'><strong>Mile-</strong></span> 
     </span>
    </p>
   </div>
   <div class='ocr_carea' id='block_1_54' title="bbox 634 3408 2218 3485">
    <p class='ocr_par' dir='ltr' id='par_1_54' title="bbox 634 3408 2218 3485">
     <span class='ocr_line' id='line_1_56' title="bbox 634 3408 2218 3485; baseline -0.005 -13"><span class='ocrx_word' id='word_1_443' title='bbox 634 3417 745 3473; x_wconf 83' lang='lat' dir='ltr'><strong>sios</strong></span> <span class='ocrx_word' id='word_1_444' title='bbox 770 3414 1009 3485; x_wconf 82' lang='lat' dir='ltr'><strong>virgines</strong></span> <span class='ocrx_word' id='word_1_445' title='bbox 1024 3408 1259 3485; x_wconf 74' lang='lat' dir='ltr'><strong>Milesias</strong></span> <span class='ocrx_word' id='word_1_446' title='bbox 1283 3428 1400 3480; x_wconf 69' lang='lat' dir='ltr'><strong>quas</strong></span> <span class='ocrx_word' id='word_1_447' title='bbox 1424 3412 1538 3485; x_wconf 83' lang='lat' dir='ltr'><strong>sine</strong></span> <span class='ocrx_word' id='word_1_448' title='bbox 1563 3411 1674 3485; x_wconf 80' lang='lat' dir='ltr'><strong>ulla</strong></span> <span class='ocrx_word' id='word_1_449' title='bbox 1694 3410 1928 3465; x_wconf 85' lang='lat' dir='ltr'><strong>evidenti</strong></span> <span class='ocrx_word' id='word_1_450' title='bbox 1956 3426 2114 3465; x_wconf 85' lang='lat' dir='ltr'><strong>causa</strong></span> <span class='ocrx_word' id='word_1_451' title='bbox 2138 3408 2218 3464; x_wconf 84' lang='lat' dir='ltr'><strong>vi-</strong></span> 
     </span>
    </p>
   </div>
   <div class='ocr_carea' id='block_1_55' title="bbox 638 3482 2217 3554">
    <p class='ocr_par' dir='ltr' id='par_1_55' title="bbox 638 3482 2217 3554">
     <span class='ocr_line' id='line_1_57' title="bbox 638 3482 2217 3554; baseline -0.004 -13"><span class='ocrx_word' id='word_1_452' title='bbox 638 3496 745 3541; x_wconf 87' lang='lat' dir='ltr'><strong>tam</strong></span> <span class='ocrx_word' id='word_1_453' title='bbox 780 3482 1070 3554; x_wconf 77' lang='lat' dir='ltr'><strong>suspendio</strong></span> <span class='ocrx_word' id='word_1_454' title='bbox 1091 3483 1395 3554; x_wconf 84' lang='lat' dir='ltr'><strong>amitterent</strong></span> <span class='ocrx_word' id='word_1_455' title='bbox 1418 3523 1432 3545; x_wconf 86' lang='lat'><strong>,</strong></span> <span class='ocrx_word' id='word_1_456' title='bbox 1460 3482 1769 3554; x_wconf 66' lang='lat' dir='ltr'><strong>decrevisse</strong></span> <span class='ocrx_word' id='word_1_457' title='bbox 1793 3492 1846 3535; x_wconf 91' lang='lat' dir='ltr'><strong>ut</strong></span> <span class='ocrx_word' id='word_1_458' title='bbox 1879 3497 2000 3551; x_wconf 76' lang='lat' dir='ltr'><strong>qua:</strong></span> <span class='ocrx_word' id='word_1_459' title='bbox 2020 3496 2217 3554; x_wconf 83' lang='lat' dir='ltr'><strong>corpo-</strong></span> 
     </span>
    </p>
   </div>
   <div class='ocr_carea' id='block_1_56' title="bbox 636 3552 2219 3624">
    <p class='ocr_par' dir='ltr' id='par_1_56' title="bbox 636 3552 2219 3624">
     <span class='ocr_line' id='line_1_58' title="bbox 636 3552 2219 3624; baseline -0.004 -11"><span class='ocrx_word' id='word_1_460' title='bbox 636 3557 785 3613; x_wconf 84' lang='lat' dir='ltr'><strong>ribus</strong></span> <span class='ocrx_word' id='word_1_461' title='bbox 828 3552 1107 3624; x_wconf 80' lang='lat' dir='ltr'><strong>suSpensis</strong></span> <span class='ocrx_word' id='word_1_462' title='bbox 1147 3552 1443 3607; x_wconf 65' lang='lat' dir='ltr'><strong>demortuae</strong></span> <span class='ocrx_word' id='word_1_463' title='bbox 1482 3553 1685 3617; x_wconf 82' lang='lat' dir='ltr'><strong>forent,</strong></span> <span class='ocrx_word' id='word_1_464' title='bbox 1731 3567 1810 3606; x_wconf 74' lang='lat' dir='ltr'><strong>ea:</strong></span> <span class='ocrx_word' id='word_1_465' title='bbox 1844 3567 2034 3624; x_wconf 85' lang='lat' dir='ltr'><strong>omnes</strong></span> <span class='ocrx_word' id='word_1_466' title='bbox 2061 3552 2219 3606; x_wconf 74' lang='lat' dir='ltr'><strong>nndte</strong></span> 
     </span>
    </p>
   </div>
   <div class='ocr_carea' id='block_1_57' title="bbox 634 3622 2216 3695">
    <p class='ocr_par' dir='ltr' id='par_1_57' title="bbox 634 3622 2216 3695">
     <span class='ocr_line' id='line_1_59' title="bbox 634 3622 2216 3695; baseline -0.006 -10"><span class='ocrx_word' id='word_1_467' title='bbox 634 3643 757 3685; x_wconf 82' lang='lat' dir='ltr'><strong>cum</strong></span> <span class='ocrx_word' id='word_1_468' title='bbox 783 3622 975 3683; x_wconf 83' lang='lat' dir='ltr'><strong>eodem</strong></span> <span class='ocrx_word' id='word_1_469' title='bbox 1001 3625 1192 3695; x_wconf 84' lang='lat' dir='ltr'><strong>laqueo</strong></span> <span class='ocrx_word' id='word_1_470' title='bbox 1217 3640 1327 3694; x_wconf 89' lang='lat' dir='ltr'><strong>quo</strong></span> <span class='ocrx_word' id='word_1_471' title='bbox 1350 3634 1531 3695; x_wconf 80' lang='lat' dir='ltr'><strong>essent</strong></span> <span class='ocrx_word' id='word_1_472' title='bbox 1556 3624 1855 3695; x_wconf 64' lang='lat' dir='ltr'><strong>praecincta:</strong></span> <span class='ocrx_word' id='word_1_473' title='bbox 1879 3622 2216 3687; x_wconf 75' lang='lat' dir='ltr'><strong>eﬂ‘errentur,</strong></span> 
     </span>
    </p>
   </div>
   <div class='ocr_carea' id='block_1_58' title="bbox 635 3694 2218 3768">
    <p class='ocr_par' dir='ltr' id='par_1_58' title="bbox 635 3694 2218 3768">
     <span class='ocr_line' id='line_1_60' title="bbox 635 3694 2218 3768; baseline -0.006 -14"><span class='ocrx_word' id='word_1_474' title='bbox 635 3708 691 3754; x_wconf 89' lang='lat' dir='ltr'><strong>et</strong></span> <span class='ocrx_word' id='word_1_475' title='bbox 734 3709 852 3768; x_wconf 84' lang='lat' dir='ltr'><strong>post</strong></span> <span class='ocrx_word' id='word_1_476' title='bbox 892 3697 945 3751; x_wconf 90' lang='lat' dir='ltr'><strong>id</strong></span> <span class='ocrx_word' id='word_1_477' title='bbox 984 3694 1260 3768; x_wconf 75' lang='lat' dir='ltr'><strong>decretum</strong></span> <span class='ocrx_word' id='word_1_478' title='bbox 1288 3694 1556 3768; x_wconf 81' lang='lat' dir='ltr'><strong>_virgines_</strong></span> <span class='ocrx_word' id='word_1_479' title='bbox 1589 3694 1942 3768; x_wconf 68' lang='lat' dir='ltr'><strong>voluntariam</strong></span> <span class='ocrx_word' id='word_1_480' title='bbox 1989 3704 2218 3768; x_wconf 80' lang='lat' dir='ltr'><strong>mortem</strong></span> 
     </span>
    </p>
   </div>
   <div class='ocr_carea' id='block_1_59' title="bbox 636 3764 2222 3839">
    <p class='ocr_par' dir='ltr' id='par_1_59' title="bbox 636 3764 2222 3839">
     <span class='ocr_line' id='line_1_61' title="bbox 636 3764 2222 3839; baseline -0.007 -12"><span class='ocrx_word' id='word_1_481' title='bbox 636 3764 748 3827; x_wconf 80' lang='lat' dir='ltr'><strong>non</strong></span> <span class='ocrx_word' id='word_1_482' title='bbox 772 3769 966 3839; x_wconf 78' lang='lat' dir='ltr'><strong>petisse</strong></span> <span class='ocrx_word' id='word_1_483' title='bbox 997 3767 1200 3835; x_wconf 88' lang='lat' dir='ltr'><strong>pudore</strong></span> <span class='ocrx_word' id='word_1_484' title='bbox 1222 3765 1338 3839; x_wconf 77' lang='lat' dir='ltr'><strong>solo</strong></span> <span class='ocrx_word' id='word_1_485' title='bbox 1363 3766 1645 3839; x_wconf 79' lang='lat' dir='ltr'><strong>deterritas</strong></span> <span class='ocrx_word' id='word_1_486' title='bbox 1674 3775 1777 3839; x_wconf 81' lang='lat' dir='ltr'><strong>tam</strong></span> <span class='ocrx_word' id='word_1_487' title='bbox 1825 3764 2099 3839; x_wconf 76' lang='lat' dir='ltr'><strong>inhonesti</strong></span> <span class='ocrx_word' id='word_1_488' title='bbox 2138 3764 2222 3839; x_wconf 85' lang='lat' dir='ltr'><strong>fn-</strong></span> 
     </span>
    </p>
   </div>
   <div class='ocr_carea' id='block_1_60' title="bbox 639 3835 2226 3906">
    <p class='ocr_par' dir='ltr' id='par_1_60' title="bbox 639 3835 2226 3906">
     <span class='ocr_line' id='line_1_62' title="bbox 639 3835 2226 3906; baseline -0.004 -13"><span class='ocrx_word' id='word_1_489' title='bbox 639 3835 803 3895; x_wconf 84' lang='lat' dir='ltr'><strong>neris.</strong></span> <span class='ocrx_word' id='word_1_490' title='bbox 835 3838 1095 3895; x_wconf 74' lang='lat' dir='ltr'><strong>Clandam</strong></span> <span class='ocrx_word' id='word_1_491' title='bbox 1120 3848 1273 3892; x_wconf 83' lang='lat' dir='ltr'><strong>notas</strong></span> <span class='ocrx_word' id='word_1_492' title='bbox 1300 3838 1430 3889; x_wconf 83' lang='lat' dir='ltr'><strong>istas</strong></span> <span class='ocrx_word' id='word_1_493' title='bbox 1458 3835 1648 3906; x_wconf 79' lang='lat' dir='ltr'><strong>insigni</strong></span> <span class='ocrx_word' id='word_1_494' title='bbox 1676 3837 1791 3890; x_wconf 91' lang='lat' dir='ltr'><strong>loco</strong></span> <span class='ocrx_word' id='word_1_495' title='bbox 1826 3836 2020 3890; x_wconf 83' lang='lat' dir='ltr'><strong>Valerii</strong></span> <span class='ocrx_word' id='word_1_496' title='bbox 2055 3835 2226 3888; x_wconf 77' lang='lat' dir='ltr'><strong>Maxi—</strong></span> 
     </span>
    </p>
   </div>
   <div class='ocr_carea' id='block_1_61' title="bbox 641 3908 2225 3979">
    <p class='ocr_par' dir='ltr' id='par_1_61' title="bbox 641 3908 2225 3979">
     <span class='ocr_line' id='line_1_63' title="bbox 641 3908 2225 3979; baseline -0.004 -14"><span class='ocrx_word' id='word_1_497' title='bbox 641 3913 749 3975; x_wconf 87' lang='lat' dir='ltr'><strong>mi,</strong></span> <span class='ocrx_word' id='word_1_498' title='bbox 775 3911 865 3979; x_wconf 90' lang='lat' dir='ltr'><strong>qni</strong></span> <span class='ocrx_word' id='word_1_499' title='bbox 890 3909 964 3963; x_wconf 91' lang='lat' dir='ltr'><strong>lib</strong></span> <span class='ocrx_word' id='word_1_500' title='bbox 988 3924 1080 3963; x_wconf 90' lang='lat' dir='ltr'><strong>.tv.</strong></span> <span class='ocrx_word' id='word_1_501' title='bbox 1102 3909 1281 3979; x_wconf 41' lang='grc' dir='ltr'><strong>ουρ.ίὸ</strong></span> <span class='ocrx_word' id='word_1_502' title='bbox 1302 3908 1375 3960; x_wconf 90' lang='lat' dir='ltr'><strong>ait</strong></span> <span class='ocrx_word' id='word_1_503' title='bbox 1398 3909 1779 3979; x_wconf 82' lang='lat' dir='ltr'><strong>verecundiam</strong></span> <span class='ocrx_word' id='word_1_504' title='bbox 1801 3922 1920 3962; x_wconf 91' lang='lat' dir='ltr'><strong>esse</strong></span> <span class='ocrx_word' id='word_1_505' title='bbox 1949 3916 2225 3979; x_wconf 74' lang='lat' dir='ltr'><strong>parentem</strong></span> 
     </span>
    </p>
   </div>
   <div class='ocr_carea' id='block_1_62' title="bbox 641 3977 2223 4042">
    <p class='ocr_par' dir='ltr' id='par_1_62' title="bbox 641 3977 2223 4042">
     <span class='ocr_line' id='line_1_64' title="bbox 641 3977 2223 4042; baseline -0.003 -9"><span class='ocrx_word' id='word_1_506' title='bbox 641 3977 818 4033; x_wconf 83' lang='lat' dir='ltr'><strong>omnis</strong></span> <span class='ocrx_word' id='word_1_507' title='bbox 843 3979 1050 4032; x_wconf 83' lang='lat' dir='ltr'><strong>honesti</strong></span> <span class='ocrx_word' id='word_1_508' title='bbox 1072 3978 1299 4042; x_wconf 87' lang='lat' dir='ltr'><strong>consilii,</strong></span> <span class='ocrx_word' id='word_1_509' title='bbox 1327 3979 1544 4031; x_wconf 83' lang='lat' dir='ltr'><strong>tutelam</strong></span> <span class='ocrx_word' id='word_1_510' title='bbox 1562 3978 1880 4032; x_wconf 82' lang='lat' dir='ltr'><strong>solemnium</strong></span> <span class='ocrx_word' id='word_1_511' title='bbox 1903 3977 2223 4042; x_wconf 87' lang='lat' dir='ltr'><strong>ofﬁciorum,</strong></span> 
     </span>
    </p>
   </div>
   <div class='ocr_carea' id='block_1_63' title="bbox 642 4046 2229 4117">
    <p class='ocr_par' dir='ltr' id='par_1_63' title="bbox 642 4046 2229 4117">
     <span class='ocr_line' id='line_1_65' title="bbox 642 4046 2229 4117; baseline -0.003 -14"><span class='ocrx_word' id='word_1_512' title='bbox 642 4050 949 4117; x_wconf 86' lang='lat' dir='ltr'><strong>magistram</strong></span> <span class='ocrx_word' id='word_1_513' title='bbox 987 4048 1340 4117; x_wconf 79' lang='lat' dir='ltr'><strong>innocentiae,</strong></span> <span class='ocrx_word' id='word_1_514' title='bbox 1382 4058 1608 4116; x_wconf 79' lang='lat' dir='ltr'><strong>eamque</strong></span> <span class='ocrx_word' id='word_1_515' title='bbox 1635 4050 1781 4101; x_wconf 91' lang='lat' dir='ltr'><strong>omni</strong></span> <span class='ocrx_word' id='word_1_516' title='bbox 1810 4058 2049 4116; x_wconf 86' lang='lat' dir='ltr'><strong>tempore</strong></span> <span class='ocrx_word' id='word_1_517' title='bbox 2077 4046 2229 4099; x_wconf 77' lang='lat' dir='ltr'><strong>favo-</strong></span> 
     </span>
    </p>
   </div>
   <div class='ocr_carea' id='block_1_64' title="bbox 646 4116 2223 4187">
    <p class='ocr_par' dir='ltr' id='par_1_64' title="bbox 646 4116 2223 4187">
     <span class='ocr_line' id='line_1_66' title="bbox 646 4116 2223 4187; baseline -0.001 -14"><span class='ocrx_word' id='word_1_518' title='bbox 646 4116 866 4173; x_wconf 86' lang='lat' dir='ltr'><strong>rabilem</strong></span> <span class='ocrx_word' id='word_1_519' title='bbox 907 4132 1021 4187; x_wconf 70' lang='lat' dir='ltr'><strong>pra:</strong></span> <span class='ocrx_word' id='word_1_520' title='bbox 1053 4132 1113 4171; x_wconf 90' lang='lat' dir='ltr'><strong>se</strong></span> <span class='ocrx_word' id='word_1_521' title='bbox 1156 4116 1297 4171; x_wconf 89' lang='lat' dir='ltr'><strong>ferre</strong></span> <span class='ocrx_word' id='word_1_522' title='bbox 1334 4117 1556 4170; x_wconf 87' lang='lat' dir='ltr'><strong>vultum.</strong></span> <span class='ocrx_word' id='word_1_523' title='bbox 1608 4118 1750 4171; x_wconf 88' lang='lat' dir='ltr'><strong>Idem</strong></span> <span class='ocrx_word' id='word_1_524' title='bbox 1793 4118 1888 4173; x_wconf 88' lang='lat' dir='ltr'><strong>lib.</strong></span> <span class='ocrx_word' id='word_1_525' title='bbox 1921 4133 1994 4183; x_wconf 83' lang='lat' dir='ltr'><strong>vi,</strong></span> <span class='ocrx_word' id='word_1_526' title='bbox 2045 4131 2163 4186; x_wconf 82' lang='lat' dir='ltr'><strong>cap.</strong></span> <span class='ocrx_word' id='word_1_527' title='bbox 2198 4117 2223 4171; x_wconf 79' lang='lat' dir='ltr'><strong>l</strong></span> 
     </span>
    </p>
   </div>
   <div class='ocr_carea' id='block_1_65' title="bbox 644 4187 2232 4260">
    <p class='ocr_par' dir='ltr' id='par_1_65' title="bbox 644 4187 2232 4260">
     <span class='ocr_line' id='line_1_67' title="bbox 644 4187 2232 4260; baseline -0.001 -17"><span class='ocrx_word' id='word_1_528' title='bbox 644 4189 952 4260; x_wconf 77' lang='lat' dir='ltr'><strong>pudicitiam</strong></span> <span class='ocrx_word' id='word_1_529' title='bbox 973 4189 1044 4241; x_wconf 86' lang='lat' dir='ltr'><strong>ait</strong></span> <span class='ocrx_word' id='word_1_530' title='bbox 1057 4201 1178 4242; x_wconf 87' lang='lat' dir='ltr'><strong>esse</strong></span> <span class='ocrx_word' id='word_1_531' title='bbox 1196 4187 1430 4241; x_wconf 86' lang='lat' dir='ltr'><strong>virorum</strong></span> <span class='ocrx_word' id='word_1_532' title='bbox 1444 4187 1645 4260; x_wconf 80' lang='lat' dir='ltr'><strong>pariter</strong></span> <span class='ocrx_word' id='word_1_533' title='bbox 1666 4203 1730 4240; x_wconf 86' lang='lat' dir='ltr'><strong>ac</strong></span> <span class='ocrx_word' id='word_1_534' title='bbox 1754 4188 2071 4260; x_wconf 79' lang='lat' dir='ltr'><strong>feminarum</strong></span> <span class='ocrx_word' id='word_1_535' title='bbox 2097 4203 2232 4256; x_wconf 70' lang='lat' dir='ltr'><strong>prm-</strong></span> 
     </span>
    </p>
   </div>
   <div class='ocr_carea' id='block_1_66' title="bbox 643 4258 2234 4329">
    <p class='ocr_par' dir='ltr' id='par_1_66' title="bbox 643 4258 2234 4329">
     <span class='ocr_line' id='line_1_68' title="bbox 643 4258 2234 4329; baseline -0.002 -14"><span class='ocrx_word' id='word_1_536' title='bbox 643 4258 858 4329; x_wconf 78' lang='lat' dir='ltr'><strong>cipttum</strong></span> <span class='ocrx_word' id='word_1_537' title='bbox 888 4258 1303 4314; x_wconf 82' lang='lat' dir='ltr'><strong>ﬁrmamentum.</strong></span> <span class='ocrx_word' id='word_1_538' title='bbox 1339 4261 1408 4329; x_wconf 79' lang='grc' dir='ltr'><strong>ᾼι</strong></span> <span class='ocrx_word' id='word_1_539' title='bbox 1432 4273 1535 4313; x_wconf 90' lang='lat' dir='ltr'><strong>non</strong></span> <span class='ocrx_word' id='word_1_540' title='bbox 1564 4259 1737 4311; x_wconf 90' lang='lat' dir='ltr'><strong>solum</strong></span> <span class='ocrx_word' id='word_1_541' title='bbox 1768 4260 1818 4311; x_wconf 91' lang='lat' dir='ltr'><strong>in</strong></span> <span class='ocrx_word' id='word_1_542' title='bbox 1850 4258 2064 4329; x_wconf 79' lang='lat' dir='ltr'><strong>feminis</strong></span> <span class='ocrx_word' id='word_1_543' title='bbox 2093 4268 2234 4312; x_wconf 78' lang='lat' dir='ltr'><strong>vrtu-</strong></span> 
     </span>
    </p>
   </div>
   <div class='ocr_carea' id='block_1_67' title="bbox 716 4328 2230 4393">
    <p class='ocr_par' dir='ltr' id='par_1_67' title="bbox 716 4328 2230 4393">
     <span class='ocr_line' id='line_1_69' title="bbox 716 4328 2230 4393; baseline -0.002 -8"><span class='ocrx_word' id='word_1_544' title='bbox 716 4331 932 4386; x_wconf 89' lang='lat' dir='ltr'><strong>rabatur</strong></span> <span class='ocrx_word' id='word_1_545' title='bbox 970 4328 1183 4384; x_wconf 88' lang='lat' dir='ltr'><strong>uuditas</strong></span> <span class='ocrx_word' id='word_1_546' title='bbox 1206 4370 1221 4393; x_wconf 89' lang='lat'><strong>,</strong></span> <span class='ocrx_word' id='word_1_547' title='bbox 1268 4328 1361 4383; x_wconf 73' lang='lat' dir='ltr'><strong>sed</strong></span> <span class='ocrx_word' id='word_1_548' title='bbox 1404 4329 1566 4383; x_wconf 88' lang='lat' dir='ltr'><strong>etiam</strong></span> <span class='ocrx_word' id='word_1_549' title='bbox 1612 4329 1662 4381; x_wconf 89' lang='lat' dir='ltr'><strong>in</strong></span> <span class='ocrx_word' id='word_1_550' title='bbox 1693 4330 1839 4383; x_wconf 89' lang='lat' dir='ltr'><strong>viris.</strong></span> <span class='ocrx_word' id='word_1_551' title='bbox 1869 4328 2060 4383; x_wconf 88' lang='lat' dir='ltr'><strong>Narrat</strong></span> <span class='ocrx_word' id='word_1_552' title='bbox 2087 4329 2230 4382; x_wconf 89' lang='lat' dir='ltr'><strong>enim</strong></span> 
     </span>
    </p>
   </div>
   <div class='ocr_carea' id='block_1_68' title="bbox 698 4397 2232 4469">
    <p class='ocr_par' dir='ltr' id='par_1_68' title="bbox 698 4397 2232 4469">
     <span class='ocr_line' id='line_1_70' title="bbox 698 4397 2232 4469; baseline -0.003 -12"><span class='ocrx_word' id='word_1_553' title='bbox 698 4402 936 4457; x_wconf 87' lang='lat' dir='ltr'><strong>assurius</strong></span> <span class='ocrx_word' id='word_1_554' title='bbox 980 4399 1212 4455; x_wconf 77' lang='lat' dir='ltr'><strong>Sabinus</strong></span> <span class='ocrx_word' id='word_1_555' title='bbox 1258 4399 1398 4468; x_wconf 87' lang='lat' dir='ltr'><strong>apud</strong></span> <span class='ocrx_word' id='word_1_556' title='bbox 1449 4400 1513 4452; x_wconf 79' lang='grc' dir='ltr'><strong>Α.</strong></span> <span class='ocrx_word' id='word_1_557' title='bbox 1542 4397 1772 4453; x_wconf 85' lang='lat' dir='ltr'><strong>Gellium</strong></span> <span class='ocrx_word' id='word_1_558' title='bbox 1805 4401 1895 4453; x_wconf 88' lang='lat' dir='ltr'><strong>lib.</strong></span> <span class='ocrx_word' id='word_1_559' title='bbox 1925 4416 1981 4464; x_wconf 89' lang='lat' dir='ltr'><strong>x,</strong></span> <span class='ocrx_word' id='word_1_560' title='bbox 2009 4415 2127 4469; x_wconf 86' lang='lat' dir='ltr'><strong>cap.</strong></span> <span class='ocrx_word' id='word_1_561' title='bbox 2164 4400 2232 4453; x_wconf 79' lang='grc'><strong>15</strong></span> 
     </span>
    </p>
   </div>
   <div class='ocr_carea' id='block_1_69' title="bbox 645 4471 2234 4539">
    <p class='ocr_par' dir='ltr' id='par_1_69' title="bbox 645 4471 2234 4539">
     <span class='ocr_line' id='line_1_71' title="bbox 645 4471 2234 4539; baseline -0.001 -13"><span class='ocrx_word' id='word_1_562' title='bbox 645 4474 914 4527; x_wconf 66' lang='grc' dir='ltr'><strong>(ιἠηὶηθη)</strong></span> <span class='ocrx_word' id='word_1_563' title='bbox 935 4471 1129 4526; x_wconf 81' lang='lat' dir='ltr'><strong>dialetn</strong></span> <span class='ocrx_word' id='word_1_564' title='bbox 1148 4487 1251 4524; x_wconf 90' lang='lat' dir='ltr'><strong>non</strong></span> <span class='ocrx_word' id='word_1_565' title='bbox 1270 4472 1508 4539; x_wconf 86' lang='lat' dir='ltr'><strong>potuisse</strong></span> <span class='ocrx_word' id='word_1_566' title='bbox 1526 4471 1757 4524; x_wconf 89' lang='lat' dir='ltr'><strong>tunicam</strong></span> <span class='ocrx_word' id='word_1_567' title='bbox 1777 4471 2014 4524; x_wconf 86' lang='lat' dir='ltr'><strong>intimam</strong></span> <span class='ocrx_word' id='word_1_568' title='bbox 2035 4484 2234 4525; x_wconf 83' lang='lat' dir='ltr'><strong>exuere</strong></span> 
     </span>
    </p>
   </div>
   <div class='ocr_carea' id='block_1_70' title="bbox 2394 2844 3919 2923">
    <p class='ocr_par' dir='ltr' id='par_1_70' title="bbox 2394 2844 3919 2923">
     <span class='ocr_line' id='line_1_72' title="bbox 2394 2844 3919 2923; baseline 0.007 -23"><span class='ocrx_word' id='word_1_569' title='bbox 2394 2845 2720 2901; x_wconf 80' lang='lat' dir='ltr'><strong>Denatanda.</strong></span> <span class='ocrx_word' id='word_1_570' title='bbox 2756 2844 2811 2902; x_wconf 88' lang='lat' dir='ltr'><strong>ld</strong></span> <span class='ocrx_word' id='word_1_571' title='bbox 2834 2845 3282 2923; x_wconf 59' lang='lat' dir='ltr'><strong>esLdenudanda.</strong></span> <span class='ocrx_word' id='word_1_572' title='bbox 3312 2844 3449 2905; x_wconf 80' lang='lat' dir='ltr'><strong>Vide</strong></span> <span class='ocrx_word' id='word_1_573' title='bbox 3477 2857 3632 2907; x_wconf 88' lang='lat' dir='ltr'><strong>notas</strong></span> <span class='ocrx_word' id='word_1_574' title='bbox 3657 2848 3728 2909; x_wconf 83' lang='lat' dir='ltr'><strong>ad</strong></span> <span class='ocrx_word' id='word_1_575' title='bbox 3759 2847 3919 2923; x_wconf 79' lang='lat' dir='ltr'><strong>Epis-</strong></span> 
     </span>
    </p>
   </div>
   <div class='ocr_carea' id='block_1_71' title="bbox 2323 2918 2977 2987">
    <p class='ocr_par' dir='ltr' id='par_1_71' title="bbox 2323 2918 2977 2987">
     <span class='ocr_line' id='line_1_73' title="bbox 2323 2918 2977 2987; baseline 0 -16"><span class='ocrx_word' id='word_1_576' title='bbox 2323 2918 2486 2973; x_wconf 84' lang='lat' dir='ltr'><strong>tolam</strong></span> <span class='ocrx_word' id='word_1_577' title='bbox 2518 2934 2668 2984; x_wconf 78' lang='lat' dir='ltr'><strong>Liflll,</strong></span> <span class='ocrx_word' id='word_1_578' title='bbox 2703 2932 2820 2987; x_wconf 81' lang='lat' dir='ltr'><strong>pag.</strong></span> <span class='ocrx_word' id='word_1_579' title='bbox 2848 2918 2977 2973; x_wconf 61' lang='lat'>477.</span> 
     </span>
    </p>
   </div>
   <div class='ocr_carea' id='block_1_72' title="bbox 2391 2988 3917 3061">
    <p class='ocr_par' dir='ltr' id='par_1_72' title="bbox 2391 2988 3917 3061">
     <span class='ocr_line' id='line_1_74' title="bbox 2391 2988 3917 3061; baseline 0.004 -18"><span class='ocrx_word' id='word_1_580' title='bbox 2391 2988 2784 3044; x_wconf 83' lang='lat' dir='ltr'><strong>Cantrectanda.</strong></span> <span class='ocrx_word' id='word_1_581' title='bbox 2819 2989 3269 3047; x_wconf 80' lang='lat' dir='ltr'><strong>Dissimulnudum</strong></span> <span class='ocrx_word' id='word_1_582' title='bbox 3292 3004 3404 3045; x_wconf 87' lang='lat' dir='ltr'><strong>non</strong></span> <span class='ocrx_word' id='word_1_583' title='bbox 3432 3000 3516 3047; x_wconf 88' lang='lat' dir='ltr'><strong>est</strong></span> <span class='ocrx_word' id='word_1_584' title='bbox 3539 2992 3917 3061; x_wconf 70' lang='lat' dir='ltr'><strong>conspectumin</strong></span> 
     </span>
    </p>
   </div>
   <div class='ocr_carea' id='block_1_73' title="bbox 2319 3060 3917 3145">
    <p class='ocr_par' dir='ltr' id='par_1_73' title="bbox 2319 3060 3917 3145">
     <span class='ocr_line' id='line_1_75' title="bbox 2319 3060 3917 3145; baseline 0.003 -32"><span class='ocrx_word' id='word_1_585' title='bbox 2319 3061 2574 3145; x_wconf 63' lang='lat' dir='ltr'><strong>scriptum</strong></span> <span class='ocrx_word' id='word_1_586' title='bbox 2595 3074 2715 3145; x_wconf 74' lang='lat' dir='ltr'><strong>esse</strong></span> <span class='ocrx_word' id='word_1_587' title='bbox 2738 3063 2788 3145; x_wconf 70' lang='lat' dir='ltr'><strong>in</strong></span> <span class='ocrx_word' id='word_1_588' title='bbox 2819 3075 2924 3115; x_wconf 92' lang='lat' dir='ltr'><strong>uno</strong></span> <span class='ocrx_word' id='word_1_589' title='bbox 2941 3060 3088 3144; x_wconf 73' lang='lat' dir='ltr'><strong>libro</strong></span> <span class='ocrx_word' id='word_1_590' title='bbox 3118 3072 3314 3145; x_wconf 68' lang='lat' dir='ltr'><strong>vetere,</strong></span> <span class='ocrx_word' id='word_1_591' title='bbox 3344 3061 3561 3144; x_wconf 76' lang='lat' dir='ltr'><strong>laudato</strong></span> <span class='ocrx_word' id='word_1_592' title='bbox 3588 3060 3917 3145; x_wconf 15' lang='lat' dir='ltr'><strong>ingniargine</strong></span> 
     </span>
    </p>
   </div>
   <div class='ocr_carea' id='block_1_74' title="bbox 2241 3130 3921 3216">
    <p class='ocr_par' dir='ltr' id='par_1_74' title="bbox 2241 3130 3921 3216">
     <span class='ocr_line' id='line_1_76' title="bbox 2241 3130 3921 3216; baseline 0 -27"><span class='ocrx_word' id='word_1_593' title='bbox 2241 3152 2287 3216; x_wconf 71' lang='grc' dir='ltr'><strong>ρ</strong></span> <span class='ocrx_word' id='word_1_594' title='bbox 2321 3130 2591 3216; x_wconf 68' lang='lat' dir='ltr'><strong>editionis</strong></span> <span class='ocrx_word' id='word_1_595' title='bbox 2613 3131 2985 3216; x_wconf 66' lang='lat' dir='ltr'><strong>Lugdunensis</strong></span> <span class='ocrx_word' id='word_1_596' title='bbox 3023 3135 3147 3216; x_wconf 71' lang='lat' dir='ltr'><strong>anni</strong></span> <span class='ocrx_word' id='word_1_597' title='bbox 3179 3132 3355 3216; x_wconf 46' lang='lat' dir='ltr'><strong>id“,</strong></span> <span class='ocrx_word' id='word_1_598' title='bbox 3398 3134 3596 3216; x_wconf 53' lang='lat' dir='ltr'><strong>inquo</strong></span> <span class='ocrx_word' id='word_1_599' title='bbox 3632 3130 3921 3216; x_wconf 63' lang='lat' dir='ltr'><strong>descriptio</strong></span> 
     </span>
    </p>
   </div>
   <div class='ocr_carea' id='block_1_75' title="bbox 2320 3202 3921 3275">
    <p class='ocr_par' dir='ltr' id='par_1_75' title="bbox 2320 3202 3921 3275">
     <span class='ocr_line' id='line_1_77' title="bbox 2320 3202 3921 3275; baseline 0.004 -20"><span class='ocrx_word' id='word_1_600' title='bbox 2320 3212 2444 3255; x_wconf 89' lang='lat' dir='ltr'><strong>sunt</strong></span> <span class='ocrx_word' id='word_1_601' title='bbox 2484 3202 2939 3275; x_wconf 67' lang='lat' dir='ltr'><strong>variteleCtiones</strong></span> <span class='ocrx_word' id='word_1_602' title='bbox 2978 3218 3041 3258; x_wconf 89' lang='lat' dir='ltr'><strong>ex</strong></span> <span class='ocrx_word' id='word_1_603' title='bbox 3082 3203 3325 3274; x_wconf 83' lang='lat' dir='ltr'><strong>pluribus</strong></span> <span class='ocrx_word' id='word_1_604' title='bbox 3364 3202 3600 3275; x_wconf 78' lang='lat' dir='ltr'><strong>antiquis</strong></span> <span class='ocrx_word' id='word_1_605' title='bbox 3636 3202 3921 3262; x_wconf 77' lang='lat' dir='ltr'><strong>codicibus</strong></span> 
     </span>
    </p>
   </div>
   <div class='ocr_carea' id='block_1_76' title="bbox 2321 3272 2724 3343">
    <p class='ocr_par' dir='ltr' id='par_1_76' title="bbox 2321 3272 2724 3343">
     <span class='ocr_line' id='line_1_78' title="bbox 2321 3272 2724 3343; baseline -0.005 -16"><span class='ocrx_word' id='word_1_606' title='bbox 2321 3274 2592 3328; x_wconf 90' lang='lat' dir='ltr'><strong>manuscri</strong></span> <span class='ocrx_word' id='word_1_607' title='bbox 2600 3272 2724 3343; x_wconf 92' lang='lat' dir='ltr'><strong>ptis.</strong></span> 
     </span>
    </p>
   </div>
   <div class='ocr_carea' id='block_1_77' title="bbox 2406 3362 3922 3435">
    <p class='ocr_par' dir='ltr' id='par_1_77' title="bbox 2406 3362 3922 3435">
     <span class='ocr_line' id='line_1_79' title="bbox 2406 3362 3922 3435; baseline 0.004 -19"><span class='ocrx_word' id='word_1_608' title='bbox 2406 3362 2700 3419; x_wconf 80' lang='lat' dir='ltr'><strong>Verecunda</strong></span> <span class='ocrx_word' id='word_1_609' title='bbox 2721 3364 2810 3417; x_wconf 70' lang='lat' dir='ltr'><strong>eis.</strong></span> <span class='ocrx_word' id='word_1_610' title='bbox 2848 3363 3029 3420; x_wconf 83' lang='lat' dir='ltr'><strong>Codex</strong></span> <span class='ocrx_word' id='word_1_611' title='bbox 3078 3364 3449 3435; x_wconf 81' lang='lat' dir='ltr'><strong>Burgundicus</strong></span> <span class='ocrx_word' id='word_1_612' title='bbox 3478 3406 3495 3434; x_wconf 91' lang='lat'><strong>,</strong></span> <span class='ocrx_word' id='word_1_613' title='bbox 3529 3365 3811 3433; x_wconf 63' lang='lat' dir='ltr'><strong>verecunda</strong></span> <span class='ocrx_word' id='word_1_614' title='bbox 3852 3366 3922 3422; x_wconf 75' lang='lat' dir='ltr'><strong>ait</strong></span> 
     </span>
    </p>
   </div>
   <div class='ocr_carea' id='block_1_78' title="bbox 2323 3435 2907 3509">
    <p class='ocr_par' dir='ltr' id='par_1_78' title="bbox 2323 3435 2907 3509">
     <span class='ocr_line' id='line_1_80' title="bbox 2323 3435 2907 3509; baseline 0.002 -21"><span class='ocrx_word' id='word_1_615' title='bbox 2323 3435 2583 3509; x_wconf 78' lang='lat' dir='ltr'><strong>uirginitas</strong></span> <span class='ocrx_word' id='word_1_616' title='bbox 2608 3436 2735 3487; x_wconf 85' lang='lat' dir='ltr'><strong>inter</strong></span> <span class='ocrx_word' id='word_1_617' title='bbox 2753 3436 2907 3489; x_wconf 77' lang='lat' dir='ltr'><strong>viros.</strong></span> 
     </span>
    </p>
   </div>
   <div class='ocr_carea' id='block_1_79' title="bbox 2396 3524 3927 3599">
    <p class='ocr_par' dir='ltr' id='par_1_79' title="bbox 2396 3524 3927 3599">
     <span class='ocr_line' id='line_1_81' title="bbox 2396 3524 3927 3599; baseline 0.002 -18"><span class='ocrx_word' id='word_1_618' title='bbox 2396 3524 3175 3599; x_wconf 70' lang='lat' dir='ltr'><strong>XX.—_E:cpagnator.Veteres</strong></span> <span class='ocrx_word' id='word_1_619' title='bbox 3188 3528 3452 3584; x_wconf 81' lang='lat' dir='ltr'><strong>editiones</strong></span> <span class='ocrx_word' id='word_1_620' title='bbox 3469 3536 3523 3584; x_wconf 91' lang='lat' dir='ltr'><strong>et</strong></span> <span class='ocrx_word' id='word_1_621' title='bbox 3543 3527 3782 3599; x_wconf 85' lang='lat' dir='ltr'><strong>quinque</strong></span> <span class='ocrx_word' id='word_1_622' title='bbox 3799 3527 3927 3584; x_wconf 87' lang='lat' dir='ltr'><strong>libri</strong></span> 
     </span>
    </p>
   </div>
   <div class='ocr_carea' id='block_1_80' title="bbox 2323 3596 3925 3670">
    <p class='ocr_par' dir='ltr' id='par_1_80' title="bbox 2323 3596 3925 3670">
     <span class='ocr_line' id='line_1_82' title="bbox 2323 3596 3925 3670; baseline 0.002 -18"><span class='ocrx_word' id='word_1_623' title='bbox 2323 3607 2546 3670; x_wconf 73' lang='lat' dir='ltr'><strong>veteres</strong></span> <span class='ocrx_word' id='word_1_624' title='bbox 2581 3596 2780 3651; x_wconf 80' lang='lat' dir='ltr'><strong>habent</strong></span> <span class='ocrx_word' id='word_1_625' title='bbox 2823 3600 3157 3670; x_wconf 69' lang='lat' dir='ltr'><strong>expugnatas.</strong></span> <span class='ocrx_word' id='word_1_626' title='bbox 3198 3599 3328 3668; x_wconf 71' lang='lat' dir='ltr'><strong>Quae</strong></span> <span class='ocrx_word' id='word_1_627' title='bbox 3373 3599 3532 3655; x_wconf 78' lang='lat' dir='ltr'><strong>lectio</strong></span> <span class='ocrx_word' id='word_1_628' title='bbox 3561 3596 3761 3670; x_wconf 55' lang='lat' dir='ltr'><strong>&#39;pOtcst</strong></span> <span class='ocrx_word' id='word_1_629' title='bbox 3804 3614 3925 3656; x_wconf 85' lang='lat' dir='ltr'><strong>esse</strong></span> 
     </span>
    </p>
   </div>
   <div class='ocr_carea' id='block_1_81' title="bbox 2326 3669 3924 3739">
    <p class='ocr_par' dir='ltr' id='par_1_81' title="bbox 2326 3669 3924 3739">
     <span class='ocr_line' id='line_1_83' title="bbox 2326 3669 3924 3739; baseline -0.001 -15"><span class='ocrx_word' id='word_1_630' title='bbox 2326 3670 2483 3724; x_wconf 85' lang='lat' dir='ltr'><strong>bona.</strong></span> <span class='ocrx_word' id='word_1_631' title='bbox 2516 3669 2629 3739; x_wconf 86' lang='lat' dir='ltr'><strong>Ego</strong></span> <span class='ocrx_word' id='word_1_632' title='bbox 2660 3678 2837 3739; x_wconf 84' lang='lat' dir='ltr'><strong>tamen</strong></span> <span class='ocrx_word' id='word_1_633' title='bbox 2867 3669 3025 3724; x_wconf 78' lang='lat' dir='ltr'><strong>aliain</strong></span> <span class='ocrx_word' id='word_1_634' title='bbox 3057 3670 3305 3737; x_wconf 66' lang='lat' dir='ltr'><strong>wmfero,</strong></span> <span class='ocrx_word' id='word_1_635' title='bbox 3333 3681 3440 3726; x_wconf 90' lang='lat' dir='ltr'><strong>tum</strong></span> <span class='ocrx_word' id='word_1_636' title='bbox 3466 3669 3597 3739; x_wconf 76' lang='lat' dir='ltr'><strong>quia</strong></span> <span class='ocrx_word' id='word_1_637' title='bbox 3619 3670 3847 3725; x_wconf 82' lang='lat' dir='ltr'><strong>habetur</strong></span> <span class='ocrx_word' id='word_1_638' title='bbox 3871 3670 3924 3724; x_wconf 90' lang='lat' dir='ltr'><strong>in</strong></span> 
     </span>
    </p>
   </div>
   <div class='ocr_carea' id='block_1_82' title="bbox 2328 3686 3921 3796">
    <p class='ocr_par' dir='ltr' id='par_1_82' title="bbox 2328 3686 3921 3796">
     <span class='ocr_line' id='line_1_84' title="bbox 2328 3686 3921 3739; baseline -0.001 -15"><span class='ocrx_word' id='word_1_639' title='bbox 2328 3686 2483 3724; x_wconf 85' lang='lat' dir='ltr'><strong>nona.</strong></span> <span class='ocrx_word' id='word_1_640' title='bbox 2516 3686 2629 3739; x_wconf 63' lang='lat' dir='ltr'><strong>ego</strong></span> <span class='ocrx_word' id='word_1_641' title='bbox 2660 3686 2837 3723; x_wconf 84' lang='lat' dir='ltr'><strong>tamen</strong></span> <span class='ocrx_word' id='word_1_642' title='bbox 2867 3686 3025 3724; x_wconf 80' lang='lat' dir='ltr'><strong>attain</strong></span> <span class='ocrx_word' id='word_1_643' title='bbox 3057 3686 3305 3737; x_wconf 65' lang='lat' dir='ltr'><strong>martem,</strong></span> <span class='ocrx_word' id='word_1_644' title='bbox 3333 3686 3440 3726; x_wconf 91' lang='lat' dir='ltr'><strong>tum</strong></span> <span class='ocrx_word' id='word_1_645' title='bbox 3509 3687 3587 3724; x_wconf 81' lang='lat' dir='ltr'><strong>ina</strong></span> <span class='ocrx_word' id='word_1_646' title='bbox 3619 3686 3847 3725; x_wconf 79' lang='lat' dir='ltr'><strong>tinuetur</strong></span> <span class='ocrx_word' id='word_1_647' title='bbox 3871 3686 3921 3724; x_wconf 84' lang='lat' dir='ltr'><strong>in</strong></span> 
     </span>
     <span class='ocr_line' id='line_1_85' title="bbox 2328 3686 3921 3796; baseline -0.001 -1"><span class='ocrx_word' id='word_1_648' title='bbox 2328 3740 2652 3795; x_wconf 80' lang='lat' dir='ltr'><strong>editionibus</strong></span> <span class='ocrx_word' id='word_1_649' title='bbox 2686 3738 2903 3793; x_wconf 81' lang='lat' dir='ltr'><strong>Manutii</strong></span> <span class='ocrx_word' id='word_1_650' title='bbox 2941 3751 2995 3794; x_wconf 90' lang='lat' dir='ltr'><strong>et</strong></span> <span class='ocrx_word' id='word_1_651' title='bbox 3034 3740 3258 3795; x_wconf 87' lang='lat' dir='ltr'><strong>lllorellii</strong></span> <span class='ocrx_word' id='word_1_652' title='bbox 3289 3752 3341 3796; x_wconf 91' lang='lat' dir='ltr'><strong>et</strong></span> <span class='ocrx_word' id='word_1_653' title='bbox 3381 3744 3433 3796; x_wconf 90' lang='lat' dir='ltr'><strong>in</strong></span> <span class='ocrx_word' id='word_1_654' title='bbox 3466 3686 3747 3795; x_wconf 51' lang='lat' dir='ltr'><strong>duodecim</strong></span> <span class='ocrx_word' id='word_1_655' title='bbox 3778 3742 3921 3794; x_wconf 82' lang='lat' dir='ltr'><strong>anti-</strong></span> 
     </span>
    </p>
   </div>
   <div class='ocr_carea' id='block_1_83' title="bbox 2329 3810 3921 3882">
    <p class='ocr_par' dir='ltr' id='par_1_83' title="bbox 2329 3810 3921 3882">
     <span class='ocr_line' id='line_1_86' title="bbox 2329 3810 3921 3882; baseline 0.001 -18"><span class='ocrx_word' id='word_1_656' title='bbox 2329 3812 2449 3881; x_wconf 77' lang='lat' dir='ltr'><strong>quis</strong></span> <span class='ocrx_word' id='word_1_657' title='bbox 2479 3810 2782 3882; x_wconf 57' lang='lat' dir='ltr'><strong>codicibus,</strong></span> <span class='ocrx_word' id='word_1_658' title='bbox 2803 3812 3096 3882; x_wconf 73' lang='lat' dir='ltr'><strong>tumeliam</strong></span> <span class='ocrx_word' id='word_1_659' title='bbox 3124 3812 3248 3882; x_wconf 82' lang='lat' dir='ltr'><strong>quia</strong></span> <span class='ocrx_word' id='word_1_660' title='bbox 3278 3812 3411 3867; x_wconf 72' lang='lat' dir='ltr'><strong>inira</strong></span> <span class='ocrx_word' id='word_1_661' title='bbox 3438 3814 3489 3865; x_wconf 89' lang='lat' dir='ltr'><strong>in</strong></span> <span class='ocrx_word' id='word_1_662' title='bbox 3518 3811 3653 3865; x_wconf 81' lang='lat' dir='ltr'><strong>libro</strong></span> <span class='ocrx_word' id='word_1_663' title='bbox 3674 3810 3921 3881; x_wconf 77' lang='lat' dir='ltr'><strong>delapsis</strong></span> 
     </span>
    </p>
   </div>
   <div class='ocr_carea' id='block_1_84' title="bbox 2332 3880 3925 3955">
    <p class='ocr_par' dir='ltr' id='par_1_84' title="bbox 2332 3880 3925 3955">
     <span class='ocr_line' id='line_1_87' title="bbox 2332 3880 3925 3955; baseline -0.001 -19"><span class='ocrx_word' id='word_1_664' title='bbox 2332 3880 2526 3952; x_wconf 75' lang='lat' dir='ltr'><strong>legitur</strong></span> <span class='ocrx_word' id='word_1_665' title='bbox 2566 3896 2683 3951; x_wconf 84' lang='lat' dir='ltr'><strong>pag.</strong></span> <span class='ocrx_word' id='word_1_666' title='bbox 2852 3901 2863 3936; x_wconf 90' lang='lat'>:</span> <span class='ocrx_word' id='word_1_667' title='bbox 2911 3880 3119 3937; x_wconf 75' lang='lat' dir='ltr'><strong>Hostem</strong></span> <span class='ocrx_word' id='word_1_668' title='bbox 3144 3880 3294 3937; x_wconf 75' lang='lat' dir='ltr'><strong>nunc</strong></span> <span class='ocrx_word' id='word_1_669' title='bbox 3317 3893 3365 3938; x_wconf 83' lang='lat' dir='ltr'><strong>et</strong></span> <span class='ocrx_word' id='word_1_670' title='bbox 3389 3890 3785 3955; x_wconf 71' lang='lat' dir='ltr'><strong>expugnatorem</strong></span> <span class='ocrx_word' id='word_1_671' title='bbox 3816 3880 3925 3936; x_wconf 84' lang='lat' dir='ltr'><strong>do-</strong></span> 
     </span>
    </p>
   </div>
   <div class='ocr_carea' id='block_1_85' title="bbox 2332 3952 3004 4008">
    <p class='ocr_par' dir='ltr' id='par_1_85' title="bbox 2332 3952 3004 4008">
     <span class='ocr_line' id='line_1_88' title="bbox 2332 3952 3004 4008; baseline -0.003 -2"><span class='ocrx_word' id='word_1_672' title='bbox 2332 3956 2591 4008; x_wconf 78' lang='lat' dir='ltr'><strong>mesticum</strong></span> <span class='ocrx_word' id='word_1_673' title='bbox 2621 3968 2723 4006; x_wconf 81' lang='lat' dir='ltr'><strong>non</strong></span> <span class='ocrx_word' id='word_1_674' title='bbox 2747 3952 3004 4007; x_wconf 76' lang='lat' dir='ltr'><strong>haberent.</strong></span> 
     </span>
    </p>
   </div>
   <div class='ocr_carea' id='block_1_86' title="bbox 2417 4042 3924 4118">
    <p class='ocr_par' dir='ltr' id='par_1_86' title="bbox 2417 4042 3924 4118">
     <span class='ocr_line' id='line_1_89' title="bbox 2417 4042 3924 4118; baseline 0.001 -19"><span class='ocrx_word' id='word_1_675' title='bbox 2417 4045 2596 4103; x_wconf 80' lang='lat' dir='ltr'><strong>Vidua:</strong></span> <span class='ocrx_word' id='word_1_676' title='bbox 2622 4056 2889 4116; x_wconf 79' lang='lat' dir='ltr'><strong>antequam</strong></span> <span class='ocrx_word' id='word_1_677' title='bbox 2917 4055 3106 4118; x_wconf 66' lang='lat' dir='ltr'><strong>nuptae.</strong></span> <span class='ocrx_word' id='word_1_678' title='bbox 3133 4044 3493 4118; x_wconf 72' lang='lat' dir='ltr'><strong>Hieronymus</strong></span> <span class='ocrx_word' id='word_1_679' title='bbox 3516 4046 3566 4118; x_wconf 90' lang='lat' dir='ltr'><strong>in</strong></span> <span class='ocrx_word' id='word_1_680' title='bbox 3594 4043 3833 4118; x_wconf 78' lang='lat' dir='ltr'><strong>Epistula</strong></span> <span class='ocrx_word' id='word_1_681' title='bbox 3854 4042 3924 4100; x_wconf 89' lang='lat' dir='ltr'><strong>ad</strong></span> 
     </span>
    </p>
   </div>
   <div class='ocr_carea' id='block_1_87' title="bbox 2335 4115 3935 4186">
    <p class='ocr_par' dir='ltr' id='par_1_87' title="bbox 2335 4115 3935 4186">
     <span class='ocr_line' id='line_1_90' title="bbox 2335 4115 3935 4186; baseline -0.001 -14"><span class='ocrx_word' id='word_1_682' title='bbox 2335 4118 2682 4172; x_wconf 81' lang='lat' dir='ltr'><strong>Eustochium</strong></span> <span class='ocrx_word' id='word_1_683' title='bbox 2712 4115 2779 4171; x_wconf 89' lang='lat' dir='ltr'><strong>de</strong></span> <span class='ocrx_word' id='word_1_684' title='bbox 2804 4117 3061 4171; x_wconf 85' lang='lat' dir='ltr'><strong>servanda</strong></span> <span class='ocrx_word' id='word_1_685' title='bbox 3092 4115 3935 4186; x_wconf 25' lang='lat' dir='ltr'><strong>Virginitate:Videas‘plerasque</strong></span> 
     </span>
    </p>
   </div>
   <div class='ocr_carea' id='block_1_88' title="bbox 2335 4186 3932 4259">
    <p class='ocr_par' dir='ltr' id='par_1_88' title="bbox 2335 4186 3932 4259">
     <span class='ocr_line' id='line_1_91' title="bbox 2335 4186 3932 4259; baseline -0.003 -16"><span class='ocrx_word' id='word_1_686' title='bbox 2335 4190 2514 4243; x_wconf 74' lang='lat' dir='ltr'><strong>viduas</strong></span> <span class='ocrx_word' id='word_1_687' title='bbox 2538 4199 2806 4259; x_wconf 83' lang='lat' dir='ltr'><strong>antequam</strong></span> <span class='ocrx_word' id='word_1_688' title='bbox 2836 4187 3297 4259; x_wconf 71' lang='lat' dir='ltr'><strong>nuptasjnfelicem</strong></span> <span class='ocrx_word' id='word_1_689' title='bbox 3328 4186 3932 4259; x_wconf 49' lang='lat' dir='ltr'><strong>conscientianrnteulita</strong></span> 
     </span>
    </p>
   </div>
   <div class='ocr_carea' id='block_1_89' title="bbox 2337 4255 3933 4330">
    <p class='ocr_par' dir='ltr' id='par_1_89' title="bbox 2337 4255 3933 4330">
     <span class='ocr_line' id='line_1_92' title="bbox 2337 4255 3933 4330; baseline -0.001 -17"><span class='ocrx_word' id='word_1_690' title='bbox 2337 4269 2530 4313; x_wconf 84' lang='lat' dir='ltr'><strong>tantum</strong></span> <span class='ocrx_word' id='word_1_691' title='bbox 2562 4255 2690 4313; x_wconf 74' lang='lat' dir='ltr'><strong>veste</strong></span> <span class='ocrx_word' id='word_1_692' title='bbox 2716 4255 2991 4329; x_wconf 79' lang='lat' dir='ltr'><strong>protegere.</strong></span> <span class='ocrx_word' id='word_1_693' title='bbox 3023 4256 3080 4312; x_wconf 86' lang='lat' dir='ltr'><strong>In</strong></span> <span class='ocrx_word' id='word_1_694' title='bbox 3100 4255 3370 4329; x_wconf 48' lang='lat' dir='ltr'><strong>&#39;Apulogia</strong></span> <span class='ocrx_word' id='word_1_695' title='bbox 3397 4260 3644 4330; x_wconf 80' lang='lat' dir='ltr'><strong>Apuleii:</strong></span> <span class='ocrx_word' id='word_1_696' title='bbox 3689 4255 3933 4330; x_wconf 59' lang='lat' dir='ltr'><strong>[fortasse</strong></span> 
     </span>
    </p>
   </div>
   <div class='ocr_carea' id='block_1_90' title="bbox 2336 4326 3928 4401">
    <p class='ocr_par' dir='ltr' id='par_1_90' title="bbox 2336 4326 3928 4401">
     <span class='ocr_line' id='line_1_93' title="bbox 2336 4326 3928 4401; baseline 0.001 -18"><span class='ocrx_word' id='word_1_697' title='bbox 2336 4333 2505 4385; x_wconf 75' lang='lat' dir='ltr'><strong>adhuc</strong></span> <span class='ocrx_word' id='word_1_698' title='bbox 2543 4326 2725 4384; x_wconf 54' lang='lat' dir='ltr'><strong>vidua&#39;</strong></span> <span class='ocrx_word' id='word_1_699' title='bbox 2756 4326 3025 4401; x_wconf 59' lang='lat' dir='ltr'><strong>antiquati:</strong></span> <span class='ocrx_word' id='word_1_700' title='bbox 3063 4326 3221 4399; x_wconf 77' lang='lat' dir='ltr'><strong>nupta</strong></span> <span class='ocrx_word' id='word_1_701' title='bbox 3259 4326 3397 4401; x_wconf 67' lang='lat' dir='ltr'><strong>domi</strong></span> <span class='ocrx_word' id='word_1_702' title='bbox 3434 4326 3663 4386; x_wconf 64' lang='lat' dir='ltr'><strong>sedisset.</strong></span> <span class='ocrx_word' id='word_1_703' title='bbox 3703 4326 3928 4385; x_wconf 76' lang='lat' dir='ltr'><strong>Ovidius</strong></span> 
     </span>
    </p>
   </div>
   <div class='ocr_carea' id='block_1_91' title="bbox 2338 4400 3478 4472">
    <p class='ocr_par' dir='ltr' id='par_1_91' title="bbox 2338 4400 3478 4472">
     <span class='ocr_line' id='line_1_94' title="bbox 2338 4400 3478 4472; baseline 0.001 -16"><span class='ocrx_word' id='word_1_704' title='bbox 2338 4402 2429 4456; x_wconf 84' lang='lat' dir='ltr'><strong>lib.</strong></span> <span class='ocrx_word' id='word_1_705' title='bbox 2463 4418 2515 4466; x_wconf 85' lang='grc' dir='ltr'><strong>ιι,</strong></span> <span class='ocrx_word' id='word_1_706' title='bbox 2542 4401 2842 4466; x_wconf 81' lang='lat' dir='ltr'><strong>Fastorum,</strong></span> <span class='ocrx_word' id='word_1_707' title='bbox 2869 4400 3035 4453; x_wconf 73' lang='lat' dir='ltr'><strong>uidua:</strong></span> <span class='ocrx_word' id='word_1_708' title='bbox 3059 4409 3248 4455; x_wconf 77' lang='lat' dir='ltr'><strong>cessate</strong></span> <span class='ocrx_word' id='word_1_709' title='bbox 3275 4400 3478 4472; x_wconf 69' lang='lat' dir='ltr'><strong>puellis.</strong></span> 
     </span>
    </p>
   </div>
   <div class='ocr_carea' id='block_1_92' title="bbox 2411 4492 3945 4564">
    <p class='ocr_par' dir='ltr' id='par_1_92' title="bbox 2411 4492 3945 4564">
     <span class='ocr_line' id='line_1_95' title="bbox 2411 4492 3945 4564; baseline -0.001 -15"><span class='ocrx_word' id='word_1_710' title='bbox 2411 4492 2931 4549; x_wconf 79' lang='lat' dir='ltr'><strong>XXl.-—Timenti&#39;ut.</strong></span> <span class='ocrx_word' id='word_1_711' title='bbox 2962 4492 3109 4548; x_wconf 91' lang='lat' dir='ltr'><strong>llanc</strong></span> <span class='ocrx_word' id='word_1_712' title='bbox 3136 4494 3425 4551; x_wconf 81' lang='lat' dir='ltr'><strong>lectionem</strong></span> <span class='ocrx_word' id='word_1_713' title='bbox 3447 4498 3729 4564; x_wconf 74' lang='lat' dir='ltr'><strong>przefennt</strong></span> <span class='ocrx_word' id='word_1_714' title='bbox 3749 4508 3945 4548; x_wconf 72' lang='lat' dir='ltr'><strong>mones</strong></span> 
     </span>
    </p>
   </div>
   <div class='ocr_carea' id='block_1_93' title="bbox 646 4539 4031 4636">
    <p class='ocr_par' dir='ltr' id='par_1_93' title="bbox 646 4539 4031 4636">
     <span class='ocr_line' id='line_1_96' title="bbox 646 4539 4031 4636; baseline -0.002 -12"><span class='ocrx_word' id='word_1_715' title='bbox 646 4541 1241 4636; x_wconf 55' lang='grc' dir='ltr'><strong>ι,ιξξξ,,ειε,,ξεξῴέε‹εείεν</strong></span> <span class='ocrx_word' id='word_1_716' title='bbox 1283 4556 1350 4596; x_wconf 72' lang='grc' dir='ltr'><strong>ηε</strong></span> <span class='ocrx_word' id='word_1_717' title='bbox 1384 4542 1483 4597; x_wconf 70' lang='lat' dir='ltr'><strong>sub</strong></span> <span class='ocrx_word' id='word_1_718' title='bbox 1510 4539 1654 4597; x_wconf 74' lang='grc' dir='ltr'><strong>εωιο</strong></span> <span class='ocrx_word' id='word_1_719' title='bbox 1684 4549 1953 4612; x_wconf 61' lang='lat' dir='ltr'><strong>tamquam</strong></span> <span class='ocrx_word' id='word_1_720' title='bbox 1984 4542 2037 4595; x_wconf 71' lang='lat' dir='ltr'><strong>in</strong></span> <span class='ocrx_word' id='word_1_721' title='bbox 2063 4541 2235 4594; x_wconf 68' lang='lat' dir='ltr'><strong>oculis</strong></span> <span class='ocrx_word' id='word_1_722' title='bbox 2259 4542 2313 4601; x_wconf 77' lang='grc' dir='ltr'><strong>ι)</strong></span> <span class='ocrx_word' id='word_1_723' title='bbox 2340 4539 2691 4621; x_wconf 48' lang='lat' dir='ltr'><strong>institas;</strong></span> <span class='ocrx_word' id='word_1_724' title='bbox 2722 4539 2843 4619; x_wconf 53' lang='lat'><strong>1.1;};</strong></span> <span class='ocrx_word' id='word_1_725' title='bbox 2874 4539 2931 4618; x_wconf 71' lang='grc' dir='ltr'><strong>έί</strong></span> <span class='ocrx_word' id='word_1_726' title='bbox 2962 4539 3940 4636; x_wconf 56' lang='grc' dir='ltr'><strong>ἓιῑὶἱῑυῐῖἑέζ’ῐ›ἷιὶὶἱθᾝίἰὲ“ςῖυῐ”ἑίᾶἷ</strong></span> <span class='ocrx_word' id='word_1_727' title='bbox 4015 4572 4031 4583; x_wconf 85' lang='lat'><strong>-</strong></span> 
     </span>
    </p>
   </div>
   <div class='ocr_carea' id='block_1_94' title="bbox 644 4611 1185 4669">
    <p class='ocr_par' dir='ltr' id='par_1_94' title="bbox 644 4611 1185 4669">
     <span class='ocr_line' id='line_1_97' title="bbox 644 4611 1185 4669; baseline -0.007 0"><span class='ocrx_word' id='word_1_728' title='bbox 644 4613 794 4669; x_wconf 81' lang='lat' dir='ltr'><strong>Jovis</strong></span> <span class='ocrx_word' id='word_1_729' title='bbox 824 4611 996 4667; x_wconf 89' lang='lat' dir='ltr'><strong>nudus</strong></span> <span class='ocrx_word' id='word_1_730' title='bbox 1023 4621 1185 4666; x_wconf 89' lang='lat' dir='ltr'><strong>esset.</strong></span> 
     </span>
    </p>
   </div>
   <div class='ocr_carea' id='block_1_95' title="bbox 719 4680 2233 4750">
    <p class='ocr_par' dir='ltr' id='par_1_95' title="bbox 719 4680 2233 4750">
     <span class='ocr_line' id='line_1_98' title="bbox 719 4680 2233 4750; baseline -0.005 -10"><span class='ocrx_word' id='word_1_731' title='bbox 719 4684 901 4740; x_wconf 86' lang='lat' dir='ltr'><strong>Pudor</strong></span> <span class='ocrx_word' id='word_1_732' title='bbox 960 4683 1184 4748; x_wconf 81' lang='lat' dir='ltr'><strong>ponitur.</strong></span> <span class='ocrx_word' id='word_1_733' title='bbox 1248 4680 1502 4748; x_wconf 82' lang='lat' dir='ltr'><strong>Quamvis</strong></span> <span class='ocrx_word' id='word_1_734' title='bbox 1564 4682 1635 4736; x_wconf 90' lang='lat' dir='ltr'><strong>ita</strong></span> <span class='ocrx_word' id='word_1_735' title='bbox 1702 4682 1960 4750; x_wconf 87' lang='lat' dir='ltr'><strong>scriptum</strong></span> <span class='ocrx_word' id='word_1_736' title='bbox 2032 4680 2103 4735; x_wconf 87' lang='lat' dir='ltr'><strong>sit</strong></span> <span class='ocrx_word' id='word_1_737' title='bbox 2181 4681 2233 4734; x_wconf 92' lang='lat' dir='ltr'><strong>in</strong></span> 
     </span>
    </p>
   </div>
   <div class='ocr_carea' id='block_1_96' title="bbox 647 4751 2229 4821">
    <p class='ocr_par' dir='ltr' id='par_1_96' title="bbox 647 4751 2229 4821">
     <span class='ocr_line' id='line_1_99' title="bbox 647 4751 2229 4821; baseline -0.003 -11"><span class='ocrx_word' id='word_1_738' title='bbox 647 4758 897 4811; x_wconf 90' lang='lat' dir='ltr'><strong>omnibus</strong></span> <span class='ocrx_word' id='word_1_739' title='bbox 934 4752 1049 4808; x_wconf 83' lang='lat' dir='ltr'><strong>fere</strong></span> <span class='ocrx_word' id='word_1_740' title='bbox 1094 4753 1245 4807; x_wconf 82' lang='lat' dir='ltr'><strong>libris</strong></span> <span class='ocrx_word' id='word_1_741' title='bbox 1288 4752 1665 4821; x_wconf 85' lang='lat' dir='ltr'><strong>manuscriptis</strong></span> <span class='ocrx_word' id='word_1_742' title='bbox 1696 4762 1752 4807; x_wconf 92' lang='lat' dir='ltr'><strong>et</strong></span> <span class='ocrx_word' id='word_1_743' title='bbox 1797 4754 1848 4806; x_wconf 91' lang='lat' dir='ltr'><strong>in</strong></span> <span class='ocrx_word' id='word_1_744' title='bbox 1879 4751 2229 4815; x_wconf 79' lang='lat' dir='ltr'><strong>editionilius,</strong></span> 
     </span>
    </p>
   </div>
   <div class='ocr_carea' id='block_1_97' title="bbox 648 4822 2238 4894">
    <p class='ocr_par' dir='ltr' id='par_1_97' title="bbox 648 4822 2238 4894">
     <span class='ocr_line' id='line_1_100' title="bbox 648 4822 2238 4894; baseline -0.004 -12"><span class='ocrx_word' id='word_1_745' title='bbox 648 4828 863 4883; x_wconf 87' lang='lat' dir='ltr'><strong>mallem</strong></span> <span class='ocrx_word' id='word_1_746' title='bbox 911 4834 1088 4878; x_wconf 89' lang='lat' dir='ltr'><strong>tamen</strong></span> <span class='ocrx_word' id='word_1_747' title='bbox 1131 4824 1386 4894; x_wconf 90' lang='lat' dir='ltr'><strong>scriptum</strong></span> <span class='ocrx_word' id='word_1_748' title='bbox 1420 4822 1583 4878; x_wconf 87' lang='lat' dir='ltr'><strong>fuisse</strong></span> <span class='ocrx_word' id='word_1_749' title='bbox 1633 4822 1867 4889; x_wconf 66' lang='lat' dir='ltr'><strong>creditur,</strong></span> <span class='ocrx_word' id='word_1_750' title='bbox 1916 4823 1991 4876; x_wconf 91' lang='lat' dir='ltr'><strong>uti</strong></span> <span class='ocrx_word' id='word_1_751' title='bbox 2042 4822 2238 4894; x_wconf 84' lang='lat' dir='ltr'><strong>legitur</strong></span> 
     </span>
    </p>
   </div>
   <div class='ocr_carea' id='block_1_98' title="bbox 651 4893 2236 4963">
    <p class='ocr_par' dir='ltr' id='par_1_98' title="bbox 651 4893 2236 4963">
     <span class='ocr_line' id='line_1_101' title="bbox 651 4893 2236 4963; baseline -0.003 -11"><span class='ocrx_word' id='word_1_752' title='bbox 651 4902 703 4952; x_wconf 90' lang='lat' dir='ltr'><strong>in</strong></span> <span class='ocrx_word' id='word_1_753' title='bbox 752 4912 858 4952; x_wconf 90' lang='lat' dir='ltr'><strong>uno</strong></span> <span class='ocrx_word' id='word_1_754' title='bbox 898 4895 1083 4950; x_wconf 87' lang='lat' dir='ltr'><strong>codice</strong></span> <span class='ocrx_word' id='word_1_755' title='bbox 1109 4893 1427 4963; x_wconf 80' lang='lat' dir='ltr'><strong>Remigiano</strong></span> <span class='ocrx_word' id='word_1_756' title='bbox 1453 4902 1509 4948; x_wconf 92' lang='lat' dir='ltr'><strong>et</strong></span> <span class='ocrx_word' id='word_1_757' title='bbox 1553 4895 1607 4947; x_wconf 92' lang='lat' dir='ltr'><strong>in</strong></span> <span class='ocrx_word' id='word_1_758' title='bbox 1659 4894 1933 4958; x_wconf 86' lang='lat' dir='ltr'><strong>Becceusi,</strong></span> <span class='ocrx_word' id='word_1_759' title='bbox 1982 4902 2036 4946; x_wconf 90' lang='lat' dir='ltr'><strong>et</strong></span> <span class='ocrx_word' id='word_1_760' title='bbox 2060 4893 2138 4946; x_wconf 90' lang='lat' dir='ltr'><strong>uti</strong></span> <span class='ocrx_word' id='word_1_761' title='bbox 2176 4908 2236 4948; x_wconf 88' lang='lat' dir='ltr'><strong>se</strong></span> 
     </span>
    </p>
   </div>
   <div class='ocr_carea' id='block_1_99' title="bbox 650 4963 2236 5039">
    <p class='ocr_par' dir='ltr' id='par_1_99' title="bbox 650 4963 2236 5039">
     <span class='ocr_line' id='line_1_102' title="bbox 650 4963 2236 5039; baseline -0.003 -17"><span class='ocrx_word' id='word_1_762' title='bbox 650 4968 916 5039; x_wconf 81' lang='lat' dir='ltr'><strong>legisse‘in</strong></span> <span class='ocrx_word' id='word_1_763' title='bbox 954 4964 1222 5039; x_wconf 74' lang='lat' dir='ltr'><strong>veteribus</strong></span> <span class='ocrx_word' id='word_1_764' title='bbox 1250 4966 1451 5039; x_wconf 83' lang='lat' dir='ltr'><strong>aliquot</strong></span> <span class='ocrx_word' id='word_1_765' title='bbox 1488 4963 1637 5039; x_wconf 77' lang='lat' dir='ltr'><strong>libris</strong></span> <span class='ocrx_word' id='word_1_766' title='bbox 1665 4974 1928 5039; x_wconf 78' lang='lat' dir='ltr'><strong>testantur</strong></span> <span class='ocrx_word' id='word_1_767' title='bbox 1969 4963 2236 5039; x_wconf 75' lang='lat' dir='ltr'><strong>Murellius</strong></span> 
     </span>
    </p>
   </div>
   <div class='ocr_carea' id='block_1_100' title="bbox 649 5033 2232 5105">
    <p class='ocr_par' dir='ltr' id='par_1_100' title="bbox 649 5033 2232 5105">
     <span class='ocr_line' id='line_1_103' title="bbox 649 5033 2232 5105; baseline -0.003 -13"><span class='ocrx_word' id='word_1_768' title='bbox 649 5033 1028 5093; x_wconf 60' lang='lat' dir='ltr'><strong>ct&#39;Pamelius.</strong></span> <span class='ocrx_word' id='word_1_769' title='bbox 1072 5033 1204 5088; x_wconf 89' lang='lat' dir='ltr'><strong>Nam</strong></span> <span class='ocrx_word' id='word_1_770' title='bbox 1257 5033 1412 5105; x_wconf 83' lang='lat' dir='ltr'><strong>paulo</strong></span> <span class='ocrx_word' id='word_1_771' title='bbox 1442 5045 1561 5103; x_wconf 77' lang='lat' dir='ltr'><strong>post</strong></span> <span class='ocrx_word' id='word_1_772' title='bbox 1610 5036 1730 5089; x_wconf 89' lang='lat' dir='ltr'><strong>istic</strong></span> <span class='ocrx_word' id='word_1_773' title='bbox 1761 5035 1921 5089; x_wconf 88' lang='lat' dir='ltr'><strong>video</strong></span> <span class='ocrx_word' id='word_1_774' title='bbox 1953 5037 2232 5101; x_wconf 64' lang='lat' dir='ltr'><strong>scriptum,</strong></span> 
     </span>
    </p>
   </div>
   <div class='ocr_carea' id='block_1_101' title="bbox 650 5106 2234 5174">
    <p class='ocr_par' dir='ltr' id='par_1_101' title="bbox 650 5106 2234 5174">
     <span class='ocr_line' id='line_1_104' title="bbox 650 5106 2234 5174; baseline -0.004 -11"><span class='ocrx_word' id='word_1_775' title='bbox 650 5110 810 5163; x_wconf 84' lang='lat' dir='ltr'><strong>honor</strong></span> <span class='ocrx_word' id='word_1_776' title='bbox 847 5106 1170 5162; x_wconf 66' lang='lat' dir='ltr'><strong>continentia:</strong></span> <span class='ocrx_word' id='word_1_777' title='bbox 1192 5121 1252 5158; x_wconf 90' lang='lat' dir='ltr'><strong>ac</strong></span> <span class='ocrx_word' id='word_1_778' title='bbox 1290 5107 1456 5174; x_wconf 76' lang='lat' dir='ltr'><strong>pudor</strong></span> <span class='ocrx_word' id='word_1_779' title='bbox 1496 5106 1728 5159; x_wconf 66' lang='lat' dir='ltr'><strong>creditur.</strong></span> <span class='ocrx_word' id='word_1_780' title='bbox 1775 5106 1923 5160; x_wconf 82' lang='lat' dir='ltr'><strong>Hanc</strong></span> <span class='ocrx_word' id='word_1_781' title='bbox 1952 5106 2234 5159; x_wconf 85' lang='lat' dir='ltr'><strong>lectionem</strong></span> 
     </span>
    </p>
   </div>
   <div class='ocr_carea' id='block_1_102' title="bbox 634 5175 2235 5247">
    <p class='ocr_par' dir='ltr' id='par_1_102' title="bbox 634 5175 2235 5247">
     <span class='ocr_line' id='line_1_105' title="bbox 634 5175 2235 5247; baseline -0.003 -14"><span class='ocrx_word' id='word_1_782' title='bbox 634 5179 971 5247; x_wconf 14' lang='lat' dir='ltr'><strong>“conﬁrmare</strong></span> <span class='ocrx_word' id='word_1_783' title='bbox 1010 5175 1225 5231; x_wconf 85' lang='lat' dir='ltr'><strong>videtur</strong></span> <span class='ocrx_word' id='word_1_784' title='bbox 1243 5180 1401 5229; x_wconf 77' lang='lat' dir='ltr'><strong>etiam</strong></span> <span class='ocrx_word' id='word_1_785' title='bbox 1427 5175 1596 5247; x_wconf 62' lang='lat' dir='ltr'><strong>eodem</strong></span> <span class='ocrx_word' id='word_1_786' title='bbox 1627 5176 2076 5231; x_wconf 73' lang='lat' dir='ltr'><strong>Caunberonensis</strong></span> <span class='ocrx_word' id='word_1_787' title='bbox 2096 5175 2235 5244; x_wconf 88' lang='lat' dir='ltr'><strong>apud</strong></span> 
     </span>
    </p>
   </div>
   <div class='ocr_carea' id='block_1_103' title="bbox 651 5244 2239 5317">
    <p class='ocr_par' dir='ltr' id='par_1_103' title="bbox 651 5244 2239 5317">
     <span class='ocr_line' id='line_1_106' title="bbox 651 5244 2239 5317; baseline -0.003 -13"><span class='ocrx_word' id='word_1_788' title='bbox 651 5251 965 5307; x_wconf 80' lang='lat' dir='ltr'><strong>l’ameliniu.</strong></span> <span class='ocrx_word' id='word_1_789' title='bbox 1011 5248 1250 5316; x_wconf 86' lang='lat' dir='ltr'><strong>itemque</strong></span> <span class='ocrx_word' id='word_1_790' title='bbox 1299 5247 1436 5317; x_wconf 89' lang='lat' dir='ltr'><strong>alius</strong></span> <span class='ocrx_word' id='word_1_791' title='bbox 1477 5244 1857 5317; x_wconf 83' lang='lat' dir='ltr'><strong>Neapolitanus</strong></span> <span class='ocrx_word' id='word_1_792' title='bbox 1896 5247 1950 5300; x_wconf 92' lang='lat' dir='ltr'><strong>in</strong></span> <span class='ocrx_word' id='word_1_793' title='bbox 2002 5248 2239 5315; x_wconf 84' lang='lat' dir='ltr'><strong>margine</strong></span> 
     </span>
    </p>
   </div>
   <div class='ocr_carea' id='block_1_104' title="bbox 650 5316 2237 5390">
    <p class='ocr_par' dir='ltr' id='par_1_104' title="bbox 650 5316 2237 5390">
     <span class='ocr_line' id='line_1_107' title="bbox 650 5316 2237 5390; baseline -0.004 -14"><span class='ocrx_word' id='word_1_794' title='bbox 650 5321 969 5390; x_wconf 77' lang='lat' dir='ltr'><strong>exemplaris</strong></span> <span class='ocrx_word' id='word_1_795' title='bbox 1017 5318 1121 5372; x_wconf 84' lang='lat' dir='ltr'><strong>mei</strong></span> <span class='ocrx_word' id='word_1_796' title='bbox 1185 5316 1505 5390; x_wconf 62' lang='lat' dir='ltr'><strong>Manutianae</strong></span> <span class='ocrx_word' id='word_1_797' title='bbox 1560 5316 1811 5390; x_wconf 69' lang='lat' dir='ltr'><strong>editionis</strong></span> <span class='ocrx_word' id='word_1_798' title='bbox 1869 5325 2112 5379; x_wconf 85' lang='lat' dir='ltr'><strong>notatus,</strong></span> <span class='ocrx_word' id='word_1_799' title='bbox 2186 5318 2237 5369; x_wconf 92' lang='lat' dir='ltr'><strong>in</strong></span> 
     </span>
    </p>
   </div>
   <div class='ocr_carea' id='block_1_105' title="bbox 650 5387 2239 5461">
    <p class='ocr_par' dir='ltr' id='par_1_105' title="bbox 650 5387 2239 5461">
     <span class='ocr_line' id='line_1_108' title="bbox 650 5387 2239 5461; baseline -0.003 -16"><span class='ocrx_word' id='word_1_800' title='bbox 650 5387 846 5461; x_wconf 72' lang='lat' dir='ltr'><strong>quibus</strong></span> <span class='ocrx_word' id='word_1_801' title='bbox 872 5391 1130 5460; x_wconf 86' lang='lat' dir='ltr'><strong>scriptum</strong></span> <span class='ocrx_word' id='word_1_802' title='bbox 1170 5398 1284 5443; x_wconf 88' lang='lat' dir='ltr'><strong>erat</strong></span> <span class='ocrx_word' id='word_1_803' title='bbox 1315 5387 1539 5442; x_wconf 69' lang='lat' dir='ltr'><strong>la&#39;ditur.</strong></span> <span class='ocrx_word' id='word_1_804' title='bbox 1589 5389 1657 5443; x_wconf 81' lang='lat' dir='ltr'><strong>Et</strong></span> <span class='ocrx_word' id='word_1_805' title='bbox 1687 5398 1881 5450; x_wconf 74' lang='lat' dir='ltr'><strong>tamen.</strong></span> <span class='ocrx_word' id='word_1_806' title='bbox 1916 5402 2239 5461; x_wconf 77' lang='lat' dir='ltr'><strong>quamquam</strong></span> 
     </span>
    </p>
   </div>
   <div class='ocr_carea' id='block_1_106' title="bbox 651 5460 2240 5525">
    <p class='ocr_par' dir='ltr' id='par_1_106' title="bbox 651 5460 2240 5525">
     <span class='ocr_line' id='line_1_109' title="bbox 651 5460 2240 5525; baseline -0.003 -8"><span class='ocrx_word' id='word_1_807' title='bbox 651 5460 712 5517; x_wconf 84' lang='lat' dir='ltr'><strong>ca</strong></span> <span class='ocrx_word' id='word_1_808' title='bbox 732 5478 854 5518; x_wconf 85' lang='lat' dir='ltr'><strong>vera</strong></span> <span class='ocrx_word' id='word_1_809' title='bbox 882 5461 1010 5525; x_wconf 82' lang='lat' dir='ltr'><strong>sint,</strong></span> <span class='ocrx_word' id='word_1_810' title='bbox 1040 5474 1143 5512; x_wconf 92' lang='lat' dir='ltr'><strong>non</strong></span> <span class='ocrx_word' id='word_1_811' title='bbox 1162 5474 1278 5512; x_wconf 89' lang='lat' dir='ltr'><strong>sum</strong></span> <span class='ocrx_word' id='word_1_812' title='bbox 1302 5473 1462 5511; x_wconf 89' lang='lat' dir='ltr'><strong>ausus</strong></span> <span class='ocrx_word' id='word_1_813' title='bbox 1482 5471 1688 5513; x_wconf 89' lang='lat' dir='ltr'><strong>mutare</strong></span> <span class='ocrx_word' id='word_1_814' title='bbox 1728 5470 1915 5514; x_wconf 85' lang='lat' dir='ltr'><strong>contra</strong></span> <span class='ocrx_word' id='word_1_815' title='bbox 1949 5460 2014 5491; x_wconf 77' lang='grc'><strong>⁵³¹</strong></span> <span class='ocrx_word' id='word_1_816' title='bbox 2043 5467 2119 5512; x_wconf 90' lang='lat' dir='ltr'><strong>tot</strong></span> <span class='ocrx_word' id='word_1_817' title='bbox 2145 5474 2240 5512; x_wconf 89' lang='lat' dir='ltr'><strong>ve-</strong></span> 
     </span>
    </p>
   </div>
   <div class='ocr_carea' id='block_1_107' title="bbox 654 5525 2241 5599">
    <p class='ocr_par' dir='ltr' id='par_1_107' title="bbox 654 5525 2241 5599">
     <span class='ocr_line' id='line_1_110' title="bbox 654 5525 2241 5599; baseline -0.003 -13"><span class='ocrx_word' id='word_1_818' title='bbox 654 5546 827 5588; x_wconf 82' lang='lat' dir='ltr'><strong>tertuu</strong></span> <span class='ocrx_word' id='word_1_819' title='bbox 862 5525 1108 5586; x_wconf 60' lang='lat' dir='ltr'><strong>codicum</strong></span> <span class='ocrx_word' id='word_1_820' title='bbox 1135 5541 1189 5584; x_wconf 91' lang='lat' dir='ltr'><strong>et</strong></span> <span class='ocrx_word' id='word_1_821' title='bbox 1219 5529 1516 5583; x_wconf 87' lang='lat' dir='ltr'><strong>editionum</strong></span> <span class='ocrx_word' id='word_1_822' title='bbox 1541 5530 1929 5585; x_wconf 87' lang='lat' dir='ltr'><strong>auctoritatem.</strong></span> <span class='ocrx_word' id='word_1_823' title='bbox 1951 5530 2241 5599; x_wconf 85' lang='lat' dir='ltr'><strong>Gregorius</strong></span> 
     </span>
    </p>
   </div>
   <div class='ocr_carea' id='block_1_108' title="bbox 650 5599 2242 5672">
    <p class='ocr_par' dir='ltr' id='par_1_108' title="bbox 650 5599 2242 5672">
     <span class='ocr_line' id='line_1_111' title="bbox 650 5599 2242 5672; baseline -0.003 -14"><span class='ocrx_word' id='word_1_824' title='bbox 650 5604 1025 5659; x_wconf 75' lang='lat' dir='ltr'><strong>Nazianzenus</strong></span> <span class='ocrx_word' id='word_1_825' title='bbox 1071 5602 1124 5672; x_wconf 85' lang='lat' dir='ltr'><strong>in</strong></span> <span class='ocrx_word' id='word_1_826' title='bbox 1166 5600 1405 5654; x_wconf 84' lang='lat' dir='ltr'><strong>carmine</strong></span> <span class='ocrx_word' id='word_1_827' title='bbox 1433 5600 1501 5653; x_wconf 84' lang='lat' dir='ltr'><strong>ad</strong></span> <span class='ocrx_word' id='word_1_828' title='bbox 1550 5599 1905 5672; x_wconf 81' lang='lat' dir='ltr'><strong>Olympiadem</strong></span> <span class='ocrx_word' id='word_1_829' title='bbox 1949 5602 2023 5655; x_wconf 88' lang='lat' dir='ltr'><strong>ait</strong></span> <span class='ocrx_word' id='word_1_830' title='bbox 2070 5600 2242 5669; x_wconf 85' lang='lat' dir='ltr'><strong>pudo-</strong></span> 
     </span>
    </p>
   </div>
   <div class='ocr_carea' id='block_1_109' title="bbox 650 5670 2243 5743">
    <p class='ocr_par' dir='ltr' id='par_1_109' title="bbox 650 5670 2243 5743">
     <span class='ocr_line' id='line_1_112' title="bbox 650 5670 2243 5743; baseline -0.002 -14"><span class='ocrx_word' id='word_1_831' title='bbox 650 5678 725 5729; x_wconf 72' lang='lat' dir='ltr'><strong>ris</strong></span> <span class='ocrx_word' id='word_1_832' title='bbox 761 5677 1023 5742; x_wconf 71' lang='lat' dir='ltr'><strong>iacturam</strong></span> <span class='ocrx_word' id='word_1_833' title='bbox 1071 5670 1392 5743; x_wconf 81' lang='lat' dir='ltr'><strong>ﬂagitiorum</strong></span> <span class='ocrx_word' id='word_1_834' title='bbox 1438 5670 1676 5726; x_wconf 86' lang='lat' dir='ltr'><strong>omnium</strong></span> <span class='ocrx_word' id='word_1_835' title='bbox 1705 5670 2072 5727; x_wconf 81' lang='lat' dir='ltr'><strong>certissimam</strong></span> <span class='ocrx_word' id='word_1_836' title='bbox 2121 5684 2243 5726; x_wconf 84' lang='lat' dir='ltr'><strong>esse</strong></span> 
     </span>
    </p>
   </div>
   <div class='ocr_carea' id='block_1_110' title="bbox 653 5757 950 5820">
    <p class='ocr_par' dir='ltr' id='par_1_110' title="bbox 653 5757 950 5820">
     <span class='ocr_line' id='line_1_113' title="bbox 653 5757 950 5820; baseline 0 -21"><span class='ocrx_word' id='word_1_837' title='bbox 653 5757 950 5820; x_wconf 70' lang='lat' dir='ltr'><strong>parentem.</strong></span> 
     </span>
    </p>
   </div>
   <div class='ocr_carea' id='block_1_111' title="bbox 2338 4635 3943 4706">
    <p class='ocr_par' dir='ltr' id='par_1_111' title="bbox 2338 4635 3943 4706">
     <span class='ocr_line' id='line_1_114' title="bbox 2338 4635 3943 4706; baseline -0.001 -15"><span class='ocrx_word' id='word_1_838' title='bbox 2338 4649 2565 4703; x_wconf 74' lang='lat' dir='ltr'><strong>centeni,-</strong></span> <span class='ocrx_word' id='word_1_839' title='bbox 2593 4653 2751 4706; x_wconf 76' lang='lat' dir='ltr'><strong>quam</strong></span> <span class='ocrx_word' id='word_1_840' title='bbox 2778 4635 3061 4691; x_wconf 84' lang='lat' dir='ltr'><strong>lectionem</strong></span> <span class='ocrx_word' id='word_1_841' title='bbox 3100 4650 3201 4705; x_wconf 86' lang='lat' dir='ltr'><strong>ego</strong></span> <span class='ocrx_word' id='word_1_842' title='bbox 3241 4638 3417 4705; x_wconf 88' lang='lat' dir='ltr'><strong>reperi</strong></span> <span class='ocrx_word' id='word_1_843' title='bbox 3452 4639 3504 4690; x_wconf 85' lang='lat' dir='ltr'><strong>in</strong></span> <span class='ocrx_word' id='word_1_844' title='bbox 3534 4635 3631 4691; x_wconf 81' lang='lat' dir='ltr'><strong>sex</strong></span> <span class='ocrx_word' id='word_1_845' title='bbox 3664 4635 3943 4691; x_wconf 77' lang='lat' dir='ltr'><strong>codicibus</strong></span> 
     </span>
    </p>
   </div>
   <div class='ocr_carea' id='block_1_112' title="bbox 2338 4706 3939 4778">
    <p class='ocr_par' dir='ltr' id='par_1_112' title="bbox 2338 4706 3939 4778">
     <span class='ocr_line' id='line_1_115' title="bbox 2338 4706 3939 4778; baseline -0.002 -17"><span class='ocrx_word' id='word_1_846' title='bbox 2338 4708 2602 4778; x_wconf 67' lang='lat' dir='ltr'><strong>antiquis,</strong></span> <span class='ocrx_word' id='word_1_847' title='bbox 2638 4708 2691 4760; x_wconf 91' lang='lat' dir='ltr'><strong>in</strong></span> <span class='ocrx_word' id='word_1_848' title='bbox 2721 4720 2956 4778; x_wconf 16' lang='lat' dir='ltr'><strong>quorum»</strong></span> <span class='ocrx_word' id='word_1_849' title='bbox 2983 4722 3089 4778; x_wconf 86' lang='lat' dir='ltr'><strong>uno</strong></span> <span class='ocrx_word' id='word_1_850' title='bbox 3119 4706 3293 4775; x_wconf 88' lang='lat' dir='ltr'><strong>primo</strong></span> <span class='ocrx_word' id='word_1_851' title='bbox 3317 4708 3576 4777; x_wconf 76' lang='lat' dir='ltr'><strong>scriptum</strong></span> <span class='ocrx_word' id='word_1_852' title='bbox 3615 4706 3715 4761; x_wconf 86' lang='lat' dir='ltr'><strong>fuit</strong></span> <span class='ocrx_word' id='word_1_853' title='bbox 3752 4706 3939 4778; x_wconf 64' lang='lat' dir='ltr'><strong>tinen-</strong></span> 
     </span>
    </p>
   </div>
   <div class='ocr_carea' id='block_1_113' title="bbox 2339 4775 3937 4845">
    <p class='ocr_par' dir='ltr' id='par_1_113' title="bbox 2339 4775 3937 4845">
     <span class='ocr_line' id='line_1_116' title="bbox 2339 4775 3937 4845; baseline -0.002 -13"><span class='ocrx_word' id='word_1_854' title='bbox 2339 4788 2436 4833; x_wconf 81' lang='lat' dir='ltr'><strong>tent</strong></span> <span class='ocrx_word' id='word_1_855' title='bbox 2458 4775 2484 4845; x_wconf 64' lang='grc'><strong>,⁷</strong></span> <span class='ocrx_word' id='word_1_856' title='bbox 2503 4779 2598 4833; x_wconf 91' lang='lat' dir='ltr'><strong>sed</strong></span> <span class='ocrx_word' id='word_1_857' title='bbox 2633 4775 2812 4845; x_wconf 81' lang='lat' dir='ltr'><strong>postea</strong></span> <span class='ocrx_word' id='word_1_858' title='bbox 2846 4776 2896 4830; x_wconf 91' lang='lat' dir='ltr'><strong>id</strong></span> <span class='ocrx_word' id='word_1_859' title='bbox 2928 4775 3162 4830; x_wconf 90' lang='lat' dir='ltr'><strong>deletum</strong></span> <span class='ocrx_word' id='word_1_860' title='bbox 3189 4787 3270 4831; x_wconf 85' lang='lat' dir='ltr'><strong>est</strong></span> <span class='ocrx_word' id='word_1_861' title='bbox 3296 4786 3353 4831; x_wconf 91' lang='lat' dir='ltr'><strong>ut</strong></span> <span class='ocrx_word' id='word_1_862' title='bbox 3386 4775 3716 4832; x_wconf 82' lang='lat' dir='ltr'><strong>scriberetur</strong></span> <span class='ocrx_word' id='word_1_863' title='bbox 3744 4777 3937 4829; x_wconf 67' lang='grc' dir='ltr'><strong><em>ὼεαιο</em></strong></span> 
     </span>
    </p>
   </div>
   <div class='ocr_carea' id='block_1_114' title="bbox 2339 4846 3933 4917">
    <p class='ocr_par' dir='ltr' id='par_1_114' title="bbox 2339 4846 3933 4917">
     <span class='ocr_line' id='line_1_117' title="bbox 2339 4846 3933 4917; baseline 0 -15"><span class='ocrx_word' id='word_1_864' title='bbox 2339 4859 2457 4903; x_wconf 83' lang='lat' dir='ltr'><strong>tem.</strong></span> <span class='ocrx_word' id='word_1_865' title='bbox 2500 4849 2605 4903; x_wconf 82' lang='lat' dir='ltr'><strong>Alii</strong></span> <span class='ocrx_word' id='word_1_866' title='bbox 2648 4861 2874 4902; x_wconf 77' lang='lat' dir='ltr'><strong>numero</strong></span> <span class='ocrx_word' id='word_1_867' title='bbox 2907 4847 3087 4917; x_wconf 68' lang='lat' dir='ltr'><strong>viginti</strong></span> <span class='ocrx_word' id='word_1_868' title='bbox 3133 4846 3333 4902; x_wconf 85' lang='lat' dir='ltr'><strong>habent</strong></span> <span class='ocrx_word' id='word_1_869' title='bbox 3370 4857 3645 4902; x_wconf 65' lang='lat' dir='ltr'><strong>timentem.</strong></span> <span class='ocrx_word' id='word_1_870' title='bbox 3688 4849 3774 4903; x_wconf 78' lang='lat' dir='ltr'><strong>Ait</strong></span> <span class='ocrx_word' id='word_1_871' title='bbox 3801 4859 3933 4917; x_wconf 58' lang='lat' dir='ltr'><strong>ergo</strong></span> 
     </span>
    </p>
   </div>
   <div class='ocr_carea' id='block_1_115' title="bbox 2337 4917 3940 4992">
    <p class='ocr_par' dir='ltr' id='par_1_115' title="bbox 2337 4917 3940 4992">
     <span class='ocr_line' id='line_1_118' title="bbox 2337 4917 3940 4992; baseline -0.002 -17"><span class='ocrx_word' id='word_1_872' title='bbox 2337 4921 2638 4992; x_wconf 76' lang='lat' dir='ltr'><strong>Cyprianus</strong></span> <span class='ocrx_word' id='word_1_873' title='bbox 2679 4919 2870 4992; x_wconf 84' lang='lat' dir='ltr'><strong>timere</strong></span> <span class='ocrx_word' id='word_1_874' title='bbox 2907 4931 2965 4992; x_wconf 76' lang='lat' dir='ltr'><strong>se</strong></span> <span class='ocrx_word' id='word_1_875' title='bbox 3011 4931 3109 4986; x_wconf 89' lang='lat' dir='ltr'><strong>pro</strong></span> <span class='ocrx_word' id='word_1_876' title='bbox 3141 4918 3439 4992; x_wconf 84' lang='lat' dir='ltr'><strong>virginibus</strong></span> <span class='ocrx_word' id='word_1_877' title='bbox 3478 4920 3586 4975; x_wconf 85' lang='lat' dir='ltr'><strong>Deo</strong></span> <span class='ocrx_word' id='word_1_878' title='bbox 3624 4917 3847 4982; x_wconf 80' lang='lat' dir='ltr'><strong>dicatis,</strong></span> <span class='ocrx_word' id='word_1_879' title='bbox 3890 4918 3940 4972; x_wconf 82' lang='lat' dir='ltr'><strong>si</strong></span> 
     </span>
    </p>
   </div>
   <div class='ocr_carea' id='block_1_116' title="bbox 2341 4989 3936 5057">
    <p class='ocr_par' dir='ltr' id='par_1_116' title="bbox 2341 4989 3936 5057">
     <span class='ocr_line' id='line_1_119' title="bbox 2341 4989 3936 5057; baseline -0.002 -13"><span class='ocrx_word' id='word_1_880' title='bbox 2341 4989 2444 5046; x_wconf 79' lang='lat' dir='ltr'><strong>nun</strong></span> <span class='ocrx_word' id='word_1_881' title='bbox 2474 4989 2875 5045; x_wconf 83' lang='lat' dir='ltr'><strong>ubservaverint</strong></span> <span class='ocrx_word' id='word_1_882' title='bbox 2903 4989 3067 5041; x_wconf 88' lang='lat' dir='ltr'><strong>vitam</strong></span> <span class='ocrx_word' id='word_1_883' title='bbox 3101 4989 3377 5056; x_wconf 63' lang='grc' dir='ltr'><strong>μοι)οείιο</strong></span> <span class='ocrx_word' id='word_1_884' title='bbox 3402 5006 3501 5044; x_wconf 86' lang='lat' dir='ltr'><strong>suo</strong></span> <span class='ocrx_word' id='word_1_885' title='bbox 3526 4998 3936 5057; x_wconf 71' lang='lat' dir='ltr'><strong>congruentem;</strong></span> 
     </span>
    </p>
   </div>
   <div class='ocr_carea' id='block_1_117' title="bbox 2339 5059 3819 5137">
    <p class='ocr_par' dir='ltr' id='par_1_117' title="bbox 2339 5059 3819 5137">
     <span class='ocr_line' id='line_1_120' title="bbox 2339 5059 3819 5137; baseline -0.002 -22"><span class='ocrx_word' id='word_1_886' title='bbox 2339 5063 2582 5132; x_wconf 73' lang='lat' dir='ltr'><strong>adeoque</strong></span> <span class='ocrx_word' id='word_1_887' title='bbox 2611 5060 2728 5137; x_wconf 67' lang='lat' dir='ltr'><strong>illas</strong></span> <span class='ocrx_word' id='word_1_888' title='bbox 2754 5060 3005 5113; x_wconf 88' lang='lat' dir='ltr'><strong>admonet</strong></span> <span class='ocrx_word' id='word_1_889' title='bbox 3036 5067 3093 5112; x_wconf 88' lang='lat' dir='ltr'><strong>ut</strong></span> <span class='ocrx_word' id='word_1_890' title='bbox 3115 5059 3170 5113; x_wconf 88' lang='lat' dir='ltr'><strong>in</strong></span> <span class='ocrx_word' id='word_1_891' title='bbox 3192 5060 3424 5128; x_wconf 75' lang='lat' dir='ltr'><strong>inetepto</strong></span> <span class='ocrx_word' id='word_1_892' title='bbox 3453 5068 3819 5130; x_wconf 82' lang='lat' dir='ltr'><strong>perseverent.</strong></span> 
     </span>
    </p>
   </div>
   <div class='ocr_carea' id='block_1_118' title="bbox 2417 5148 3941 5221">
    <p class='ocr_par' dir='ltr' id='par_1_118' title="bbox 2417 5148 3941 5221">
     <span class='ocr_line' id='line_1_121' title="bbox 2417 5148 3941 5221; baseline -0.001 -18"><span class='ocrx_word' id='word_1_893' title='bbox 2417 5154 2544 5217; x_wconf 67' lang='lat' dir='ltr'><strong>Quae</strong></span> <span class='ocrx_word' id='word_1_894' title='bbox 2570 5155 2708 5221; x_wconf 75' lang='lat' dir='ltr'><strong>virgo</strong></span> <span class='ocrx_word' id='word_1_895' title='bbox 2738 5166 2808 5203; x_wconf 74' lang='lat' dir='ltr'><strong>ea.</strong></span> <span class='ocrx_word' id='word_1_896' title='bbox 2852 5149 3042 5203; x_wconf 78' lang='lat' dir='ltr'><strong>Postea</strong></span> <span class='ocrx_word' id='word_1_897' title='bbox 3072 5150 3311 5221; x_wconf 72' lang='lat' dir='ltr'><strong>sequitur</strong></span> <span class='ocrx_word' id='word_1_898' title='bbox 3340 5151 3391 5203; x_wconf 90' lang='lat' dir='ltr'><strong>in</strong></span> <span class='ocrx_word' id='word_1_899' title='bbox 3422 5151 3658 5205; x_wconf 74' lang='lat' dir='ltr'><strong>editione</strong></span> <span class='ocrx_word' id='word_1_900' title='bbox 3697 5148 3907 5204; x_wconf 83' lang='lat' dir='ltr'><strong>Erasmi</strong></span> <span class='ocrx_word' id='word_1_901' title='bbox 3925 5190 3941 5216; x_wconf 93' lang='lat'><strong>,</strong></span> 
     </span>
    </p>
   </div>
   <div class='ocr_carea' id='block_1_119' title="bbox 2341 5218 3942 5292">
    <p class='ocr_par' dir='ltr' id='par_1_119' title="bbox 2341 5218 3942 5292">
     <span class='ocr_line' id='line_1_122' title="bbox 2341 5218 3942 5292; baseline 0.004 -23"><span class='ocrx_word' id='word_1_902' title='bbox 2341 5238 2407 5277; x_wconf 74' lang='lat' dir='ltr'><strong>ex</strong></span> <span class='ocrx_word' id='word_1_903' title='bbox 2433 5238 2534 5291; x_wconf 77' lang='lat' dir='ltr'><strong>qua</strong></span> <span class='ocrx_word' id='word_1_904' title='bbox 2564 5218 2683 5276; x_wconf 55' lang='lat' dir='ltr'><strong>alii}:</strong></span> <span class='ocrx_word' id='word_1_905' title='bbox 2706 5229 3057 5292; x_wconf 76' lang='lat' dir='ltr'><strong>acceperunt,</strong></span> <span class='ocrx_word' id='word_1_906' title='bbox 3097 5234 3216 5292; x_wconf 63' lang='lat' dir='ltr'><strong>ante</strong></span> <span class='ocrx_word' id='word_1_907' title='bbox 3239 5218 3347 5274; x_wconf 79' lang='lat' dir='ltr'><strong>Dea</strong></span> <span class='ocrx_word' id='word_1_908' title='bbox 3371 5223 3545 5276; x_wconf 77' lang='lat' dir='ltr'><strong>servis.</strong></span> <span class='ocrx_word' id='word_1_909' title='bbox 3571 5221 3641 5276; x_wconf 83' lang='lat' dir='ltr'><strong>At</strong></span> <span class='ocrx_word' id='word_1_910' title='bbox 3670 5236 3791 5292; x_wconf 84' lang='lat' dir='ltr'><strong>ego,</strong></span> <span class='ocrx_word' id='word_1_911' title='bbox 3819 5234 3942 5275; x_wconf 92' lang='lat' dir='ltr'><strong>cum</strong></span> 
     </span>
    </p>
   </div>
   <div class='ocr_carea' id='block_1_120' title="bbox 2344 5290 3949 5359">
    <p class='ocr_par' dir='ltr' id='par_1_120' title="bbox 2344 5290 3949 5359">
     <span class='ocr_line' id='line_1_123' title="bbox 2344 5290 3949 5359; baseline -0.001 -13"><span class='ocrx_word' id='word_1_912' title='bbox 2344 5290 2485 5347; x_wconf 85' lang='lat' dir='ltr'><strong>istud</strong></span> <span class='ocrx_word' id='word_1_913' title='bbox 2526 5307 2631 5346; x_wconf 88' lang='lat' dir='ltr'><strong>non</strong></span> <span class='ocrx_word' id='word_1_914' title='bbox 2672 5293 2967 5345; x_wconf 86' lang='lat' dir='ltr'><strong>invenerim</strong></span> <span class='ocrx_word' id='word_1_915' title='bbox 3005 5290 3108 5343; x_wconf 88' lang='lat' dir='ltr'><strong>nisi</strong></span> <span class='ocrx_word' id='word_1_916' title='bbox 3150 5290 3203 5344; x_wconf 85' lang='lat' dir='ltr'><strong>in</strong></span> <span class='ocrx_word' id='word_1_917' title='bbox 3243 5307 3349 5344; x_wconf 75' lang='lat' dir='ltr'><strong>uno</strong></span> <span class='ocrx_word' id='word_1_918' title='bbox 3385 5294 3553 5347; x_wconf 83' lang='lat' dir='ltr'><strong>veteri</strong></span> <span class='ocrx_word' id='word_1_919' title='bbox 3594 5290 3764 5359; x_wconf 75' lang='lat' dir='ltr'><strong>libro,</strong></span> <span class='ocrx_word' id='word_1_920' title='bbox 3804 5291 3949 5348; x_wconf 84' lang='lat' dir='ltr'><strong>desit</strong></span> 
     </span>
    </p>
   </div>
   <div class='ocr_carea' id='block_1_121' title="bbox 2343 5359 3948 5433">
    <p class='ocr_par' dir='ltr' id='par_1_121' title="bbox 2343 5359 3948 5433">
     <span class='ocr_line' id='line_1_124' title="bbox 2343 5359 3948 5433; baseline 0 -17"><span class='ocrx_word' id='word_1_921' title='bbox 2343 5374 2521 5418; x_wconf 86' lang='lat' dir='ltr'><strong>autem</strong></span> <span class='ocrx_word' id='word_1_922' title='bbox 2554 5364 2605 5416; x_wconf 86' lang='lat' dir='ltr'><strong>in</strong></span> <span class='ocrx_word' id='word_1_923' title='bbox 2634 5361 2882 5416; x_wconf 90' lang='lat' dir='ltr'><strong>omnibus</strong></span> <span class='ocrx_word' id='word_1_924' title='bbox 2906 5359 3047 5433; x_wconf 85' lang='lat' dir='ltr'><strong>aliis,</strong></span> <span class='ocrx_word' id='word_1_925' title='bbox 3079 5359 3132 5433; x_wconf 85' lang='lat' dir='ltr'><strong>id</strong></span> <span class='ocrx_word' id='word_1_926' title='bbox 3160 5371 3245 5416; x_wconf 83' lang='lat' dir='ltr'><strong>est</strong></span> <span class='ocrx_word' id='word_1_927' title='bbox 3269 5363 3487 5432; x_wconf 75' lang='lat' dir='ltr'><strong>viginti,</strong></span> <span class='ocrx_word' id='word_1_928' title='bbox 3515 5367 3571 5418; x_wconf 88' lang='lat' dir='ltr'><strong>in</strong></span> <span class='ocrx_word' id='word_1_929' title='bbox 3604 5364 3792 5433; x_wconf 89' lang='lat' dir='ltr'><strong>primis</strong></span> <span class='ocrx_word' id='word_1_930' title='bbox 3817 5377 3948 5433; x_wconf 86' lang='lat' dir='ltr'><strong>vero</strong></span> 
     </span>
    </p>
   </div>
   <div class='ocr_carea' id='block_1_122' title="bbox 2347 5431 3950 5506">
    <p class='ocr_par' dir='ltr' id='par_1_122' title="bbox 2347 5431 3950 5506">
     <span class='ocr_line' id='line_1_125' title="bbox 2347 5431 3950 5506; baseline -0.001 -18"><span class='ocrx_word' id='word_1_931' title='bbox 2347 5435 2401 5506; x_wconf 83' lang='lat' dir='ltr'><strong>in</strong></span> <span class='ocrx_word' id='word_1_932' title='bbox 2428 5434 2802 5506; x_wconf 74' lang='lat' dir='ltr'><strong>Si.-gttieriatio,</strong></span> <span class='ocrx_word' id='word_1_933' title='bbox 2832 5431 3136 5506; x_wconf 74' lang='lat' dir='ltr'><strong>existimavi</strong></span> <span class='ocrx_word' id='word_1_934' title='bbox 3167 5447 3272 5506; x_wconf 82' lang='lat' dir='ltr'><strong>non</strong></span> <span class='ocrx_word' id='word_1_935' title='bbox 3303 5431 3425 5506; x_wconf 70' lang='lat' dir='ltr'><strong>es&lt;_e</strong></span> <span class='ocrx_word' id='word_1_936' title='bbox 3452 5431 3709 5506; x_wconf 77' lang='lat' dir='ltr'><strong>Cypriani</strong></span> <span class='ocrx_word' id='word_1_937' title='bbox 3745 5441 3802 5489; x_wconf 85' lang='lat' dir='ltr'><strong>et</strong></span> <span class='ocrx_word' id='word_1_938' title='bbox 3848 5432 3950 5506; x_wconf 84' lang='lat' dir='ltr'><strong>ad-</strong></span> 
     </span>
    </p>
   </div>
   <div class='ocr_carea' id='block_1_123' title="bbox 2348 5502 3946 5575">
    <p class='ocr_par' dir='ltr' id='par_1_123' title="bbox 2348 5502 3946 5575">
     <span class='ocr_line' id='line_1_126' title="bbox 2348 5502 3946 5575; baseline -0.001 -17"><span class='ocrx_word' id='word_1_939' title='bbox 2348 5504 2518 5558; x_wconf 77' lang='lat' dir='ltr'><strong>ditum</strong></span> <span class='ocrx_word' id='word_1_940' title='bbox 2558 5503 2782 5575; x_wconf 42' lang='lat' dir='ltr'><strong>fuissent</strong></span> <span class='ocrx_word' id='word_1_941' title='bbox 2813 5503 3045 5571; x_wconf 80' lang='lat' dir='ltr'><strong>quodam</strong></span> <span class='ocrx_word' id='word_1_942' title='bbox 3076 5502 3348 5571; x_wconf 78' lang='lat' dir='ltr'><strong>studiOSu,</strong></span> <span class='ocrx_word' id='word_1_943' title='bbox 3384 5502 3629 5560; x_wconf 62' lang='lat' dir='ltr'><strong>fortassis</strong></span> <span class='ocrx_word' id='word_1_944' title='bbox 3661 5507 3712 5560; x_wconf 90' lang='lat' dir='ltr'><strong>in</strong></span> <span class='ocrx_word' id='word_1_945' title='bbox 3745 5505 3946 5575; x_wconf 86' lang='lat' dir='ltr'><strong>margi-</strong></span> 
     </span>
    </p>
   </div>
   <div class='ocr_carea' id='block_1_124' title="bbox 2348 5574 3845 5648">
    <p class='ocr_par' dir='ltr' id='par_1_124' title="bbox 2348 5574 3845 5648">
     <span class='ocr_line' id='line_1_127' title="bbox 2348 5574 3845 5648; baseline 0.001 -19"><span class='ocrx_word' id='word_1_946' title='bbox 2348 5591 2447 5642; x_wconf 89' lang='lat' dir='ltr'><strong>ne,</strong></span> <span class='ocrx_word' id='word_1_947' title='bbox 2482 5590 2575 5644; x_wconf 90' lang='lat' dir='ltr'><strong>per</strong></span> <span class='ocrx_word' id='word_1_948' title='bbox 2602 5574 2834 5643; x_wconf 79' lang='lat' dir='ltr'><strong>speciem</strong></span> <span class='ocrx_word' id='word_1_949' title='bbox 2869 5576 3342 5642; x_wconf 75' lang='lat' dir='ltr'><strong>interpretationis.</strong></span> <span class='ocrx_word' id='word_1_950' title='bbox 3374 5576 3560 5647; x_wconf 84' lang='lat' dir='ltr'><strong>Itaque</strong></span> <span class='ocrx_word' id='word_1_951' title='bbox 3588 5576 3845 5648; x_wconf 82' lang='lat' dir='ltr'><strong>expunxi.</strong></span> 
     </span>
    </p>
   </div>
   <div class='ocr_carea' id='block_1_125' title="bbox 2420 5664 3946 5740">
    <p class='ocr_par' dir='ltr' id='par_1_125' title="bbox 2420 5664 3946 5740">
     <span class='ocr_line' id='line_1_128' title="bbox 2420 5664 3946 5740; baseline 0 -20"><span class='ocrx_word' id='word_1_952' title='bbox 2420 5667 2546 5740; x_wconf 75' lang='lat' dir='ltr'><strong>Cum</strong></span> <span class='ocrx_word' id='word_1_953' title='bbox 2571 5664 3046 5740; x_wconf 80' lang='lat' dir='ltr'><strong>ccuteno._Betit_uti_</strong></span> <span class='ocrx_word' id='word_1_954' title='bbox 3060 5664 3210 5740; x_wconf 85' lang='lat' dir='ltr'><strong>hanc</strong></span> <span class='ocrx_word' id='word_1_955' title='bbox 3240 5666 3522 5740; x_wconf 86' lang='lat' dir='ltr'><strong>lectionem</strong></span> <span class='ocrx_word' id='word_1_956' title='bbox 3540 5710 3557 5736; x_wconf 88' lang='lat'><strong>,</strong></span> <span class='ocrx_word' id='word_1_957' title='bbox 3580 5669 3702 5740; x_wconf 84' lang='lat' dir='ltr'><strong>quia</strong></span> <span class='ocrx_word' id='word_1_958' title='bbox 3721 5675 3868 5726; x_wconf 78' lang='lat' dir='ltr'><strong>extat</strong></span> <span class='ocrx_word' id='word_1_959' title='bbox 3893 5668 3946 5721; x_wconf 93' lang='lat' dir='ltr'><strong>in</strong></span> 
     </span>
    </p>
   </div>
   <div class='ocr_carea' id='block_1_126' title="bbox 2346 5736 3949 5814">
    <p class='ocr_par' dir='ltr' id='par_1_126' title="bbox 2346 5736 3949 5814">
     <span class='ocr_line' id='line_1_129' title="bbox 2346 5736 3949 5814; baseline 0.002 -18"><span class='ocrx_word' id='word_1_960' title='bbox 2346 5738 2595 5796; x_wconf 82' lang='lat' dir='ltr'><strong>omnibus</strong></span> <span class='ocrx_word' id='word_1_961' title='bbox 2622 5737 2854 5812; x_wconf 84' lang='lat' dir='ltr'><strong>antiquis</strong></span> <span class='ocrx_word' id='word_1_962' title='bbox 2879 5736 3150 5794; x_wconf 83' lang='lat' dir='ltr'><strong>codicibus</strong></span> <span class='ocrx_word' id='word_1_963' title='bbox 3168 5777 3185 5811; x_wconf 81' lang='lat'><strong>,</strong></span> <span class='ocrx_word' id='word_1_964' title='bbox 3214 5739 3373 5797; x_wconf 85' lang='lat' dir='ltr'><strong>etiam</strong></span> <span class='ocrx_word' id='word_1_965' title='bbox 3403 5740 3455 5795; x_wconf 93' lang='lat' dir='ltr'><strong>in</strong></span> <span class='ocrx_word' id='word_1_966' title='bbox 3487 5736 3860 5814; x_wconf 83' lang='lat' dir='ltr'><strong>Seguicriauo,</strong></span> <span class='ocrx_word' id='word_1_967' title='bbox 3894 5744 3949 5799; x_wconf 82' lang='lat' dir='ltr'><strong>et</strong></span> 
     </span>
    </p>
   </div>
  </div>
