4332 6292
402 351 525 424 ⁸465

1770 366 1977 424 LIBER
2012 367 2103 426 DE
2140 367 2399 427 LAPSIS.

3615 377 3720 435 466

489 483 654 556 posita
677 497 793 536 cum
822 480 1012 554 gaudio
1051 489 1155 537 tam
1197 483 1457 553 insperata
1486 481 1730 538 Ecclesia:
1772 500 1926 554 pace,
1970 496 2018 540 et
2043 485 2100 546 Α
2121 483 2287 541 licere
2302 492 2479 556 potest
2501 492 2558 541 ut
2581 487 2818 560 non,qui
2837 487 3118 544 Dominum
3143 463 3255 546 toto
3279 489 3441 548 corde
3461 498 3516 548 et
3541 492 3722 548 anima

489 576 836 644 confessorum
861 581 1253 642 cceterorumque
1269 575 1511 629 stantium
1531 576 1583 629 in
1603 576 1704 644 ﬁde
1727 578 2016 632 constantia

490 677 536 722 et
564 663 748 720 deinde
792 681 906 718 cum
950 663 1128 741 dolore
1163 681 1358 720 summo
1391 665 1652 735 lapsorum
1695 667 1890 735 ruinis,
1954 685 2015 723 ac

495 757 860 831 persecutionis
905 758 1176 828 praterin
1209 759 1375 814 causis
1413 759 1697 830 explicatis,
1731 759 2017 828 disciplina:

494 868 672 921 nempe
695 851 926 923 neglectu
946 860 996 905 et
1021 853 1239 923 peccatis
1259 853 1488 921 ﬁdelium
1509 872 1529 920 ,-
1549 855 1769 924 graviter
1786 855 2017 925 increpat

496 945 668 1015 lapsos
705 942 862 1014 quod,
896 943 966 995 ad
983 944 1148 1012 prima
1175 944 1347 998 statim
1386 945 1534 999 verba
1559 946 1800 1001 minantis
1825 948 2016 1001 inimici

490 1037 644 1093 idolis
668 1037 1080 1106 sacriﬁcaverint,
1099 1047 1146 1092 et
1177 1055 1278 1093 non
1304 1039 1492 1109 potius,
1512 1041 1664 1111 juxta
1689 1041 1875 1095 Christi
1898 1058 2018 1096 con-

491 1130 680 1195 silium,
701 1128 1014 1184 secesserint:
1029 1129 1148 1182 item
1174 1129 1310 1200 quod
1337 1131 1443 1197 iam
1460 1130 1726 1200 sacriﬁciis
1753 1131 2016 1200 maculati,

495 1231 674 1276 contra
702 1220 969 1292 Evangelii
994 1220 1154 1292 legem
1175 1263 1191 1288 ,
1241 1231 1358 1276 ante
1398 1224 1604 1292 expiata
1631 1224 1813 1281 delicta
1835 1205 1874 1290 ,I
1903 1235 2018 1280 ante

495 1313 869 1384 exomologesin
909 1311 1136 1367 criminis
1182 1313 1371 1382 factam
1405 1315 1504 1368 vim
1530 1315 1776 1387 inferrent
1813 1319 2018 1384 corpori

492 1415 541 1461 et
559 1405 794 1478 sanguini
820 1403 1052 1470 Domini,
1086 1413 1133 1459 et
1161 1406 1667 1462 communicationem
1696 1424 1757 1462 ac
1786 1424 1960 1480 pacem
1987 1425 2018 1464 a

495 1499 790 1566 quibusdam
835 1498 1137 1570 presbyteris
1173 1501 1282 1554 sine
1309 1502 1532 1571 episc0pi
1558 1504 1804 1558 sententia
1849 1517 2018 1559 extor-

496 1600 722 1662 querent.
755 1590 1034 1646 Deterritos
1060 1591 1275 1662 proinde
1303 1592 1526 1648 vindicta
1558 1595 1728 1649 divina
1759 1594 2020 1670 lapsorum

493 1684 685 1754 aliquot
711 1685 798 1754 qui
820 1684 1028 1754 indigne
1051 1685 1482 1739 communicaranl
1509 1685 1529 1756 (
1548 1686 1706 1740 obiter
1757 1687 2020 1758 interfecta

495 1776 748 1831 mentione
776 1775 1182 1842 libellaticorum,
1211 1775 1348 1846 quod
1374 1793 1406 1829 a
1433 1777 1644 1832 crimine
1676 1793 1776 1832 non
1806 1793 2020 1832 excusa-

2117 586 2173 632 et
2199 578 2395 632 virtute
2435 577 2704 648 diligimus
2739 590 2784 645 ο,
2829 581 3234 637 benedictiones
3264 581 3382 652 ejus
3430 591 3486 639 et
3523 583 3712 640 laudes

2119 683 2330 740 semper
2374 678 2430 727 et
2463 670 2661 741 ubique
2689 686 2810 727 cum
2836 672 3005 743 gloria
3058 673 3438 744 pradicemus.
3472 675 3710 746 Exopta-

2121 770 2204 818 tus
2243 763 2382 819 votis
2427 763 2666 818 omnium
2696 762 2810 819 dies
2853 764 3031 832 venit,
3056 775 3130 832 et,
3159 774 3279 835 post
3320 766 3494 837 longa:
3542 765 3717 822 noctis

2119 853 2433 909 horribilem
2459 861 2759 925 tetramque
2775 853 3308 926 caliginem,Domini
3329 856 3449 914 luce
3476 856 3718 913 radiatus

2121 948 2350 1003 mundus
2379 947 2545 1003 eluxit
2560 944 2612 1002 ά.

2191 1039 2256 1095 ll.
2287 1039 2660 1107 Confessores,
2693 1040 2964 1109 praeconio
2989 1039 3115 1096 boni
3145 1042 3380 1097 nominis
3405 1050 3429 1079 θ
3458 1040 3638 1096 claros
3667 1049 3722 1098 et

2121 1133 2332 1189 virtutis
2354 1148 2417 1190 ac
2435 1132 2558 1189 ﬁdei
2583 1134 2832 1190 laudibus
2858 1134 3146 1206 gloriosos,
3181 1135 3321 1190 lanis
3340 1135 3720 1205 conSpectibus

2121 1224 2412 1291 intuemur,
2437 1226 2636 1282 sanctis
2665 1226 2864 1282 osculis
2877 1226 3238 1296 adhaerentes,
3269 1227 3604 1285 desideratos
3628 1227 3720 1283 ditt

2123 1317 2434 1388 inexplebili
2475 1317 2766 1388 cupiditate
2798 1318 3227 1389 complecﬁmur.
3260 1318 3430 1375 Adest
3483 1319 3714 1374 militum

2121 1408 2321 1465 Christi
2342 1409 2537 1465 cohors
2567 1409 2813 1477 candida,
2843 1412 2932 1480 qui
2964 1411 3355 1481 persecutionis
3386 1411 3625 1482 urgentis
3642 1410 3719 1466 ie—

2123 1503 2321 1559 rociam
2354 1503 2714 1579 turbulentam
2765 1503 2945 1558 stabili
2985 1503 3371 1574 congressione
3402 1501 3716 1574 fregerunt,

2122 1595 2295 1664 parati
2328 1592 2394 1649 ad
2425 1595 2734 1664 patientiam
2771 1594 3028 1662 carceris,
3060 1594 3254 1649 armati
3281 1593 3346 1647 ad
3376 1593 3718 1649 tolerantiam

2124 1687 2336 1741 mortis.
2368 1684 2724 1756 llepugnastis
2753 1682 2770 1721 ί
2804 1681 3018 1740 fortiter
3061 1684 3291 1750 szeculo,
3338 1684 3705 1752 spectaculum

2121 1777 2412 1847 gloriosum
2435 1775 2737 1847 praebuistis
2764 1774 2875 1828 Deo
2899 1784 2945 1840 ες,
2973 1777 3237 1829 secuturis
3265 1773 3517 1829 fratribus
3547 1773 3721 1830 fuistis

493 1867 710 1940 rentur),
742 1875 787 1922 et
836 1867 1086 1921 animatos
1121 1882 1295 1921 eorum
1337 1869 1568 1938 exemplo
1625 1870 1742 1938 qui,
1791 1869 2016 1939 quamvis
2048 1871 2093 1932 Β
2122 1867 2388 1936 exemplo.
2450 1865 2717 1934 Religiosa
2763 1878 2868 1920 vox
2920 1860 3448 1918 Cbristumhlocuta
3497 1871 3613 1928 est,
3664 1863 3720 1917 in

496 1959 638 2014 nullo
663 1959 907 2029 sacriﬁcii
929 1969 1019 2013 aut
1042 1958 1200 2014 libelli
1220 1959 1448 2029 facinore
1473 1961 1752 2028 constricti,
1779 1962 2022 2031 quoniam

498 2058 665 2106 tamen
689 2051 752 2105 de
779 2051 874 2104 hoc
900 2049 980 2106 uel
1001 2051 1363 2120 cogitaverunt,
1392 2050 1486 2104 hoc
1509 2051 1677 2121 ipsum
1702 2051 1841 2121 apud
1856 2068 2020 2106 sacer-

497 2143 637 2197 dotes
663 2141 762 2196 Dei
781 2142 1009 2196 dolenter
1032 2151 1079 2195 et
1107 2142 1404 2212 simpliciter
1432 2143 1744 2210 conﬁtentes,
1762 2143 2020 2198 exomolo-

496 2235 635 2306 gesin
661 2233 946 2305 faciebant;
973 2233 1042 2286 ad
1067 2234 1433 2304 confessionem
1453 2232 1641 2298 delicti,
1676 2233 1747 2286 ad
1773 2233 2018 2302 paeniten-

497 2329 620 2382 tiam
671 2327 964 2397 publicam,
1025 2326 1094 2378 ad
1139 2324 1538 2394 satisfactionem
1587 2325 1794 2394 plenant
1845 2325 2018 2379 multis

493 2417 740 2472 hortatur.
778 2416 1045 2472 Postremo
1074 2417 1224 2469 vitari
1254 2423 1420 2470 monet
1453 2415 1791 2482 Nouatianos,
1835 2416 2019 2486 confu-

495 2519 608 2564 tans
639 2508 920 2580 Scripturis
954 2508 1146 2579 aliquot
1175 2507 1381 2562 illorum
1411 2507 1645 2561 Itwresin.

424 2694 437 2738 ι
498 2692 541 2749 1.
574 2693 691 2748 Pax
721 2707 868 2759 ecce,
893 2689 1230 2746 dilectissimi
1268 2689 1484 2756 fratres,
1530 2687 1786 2743 Ecclesia:
1807 2687 2014 2744 reddita

419 2795 504 2841 est
529 2794 602 2851 et,
632 2784 775 2855 quod
806 2782 1026 2837 difﬁcile
1053 2796 1222 2850 nuper
1253 2779 1542 2835 incredulis
1569 2794 1632 2834 ac
1659 2778 1880 2850 perﬁdis
1908 2779 2010 2835 im-

419 2877 677 2949 possibile
703 2876 1002 2941 videbatur,
1035 2890 1136 2943 ope
1163 2883 1323 2945 atque
1365 2874 1568 2929 ultione
1602 2872 1780 2929 divina
1812 2873 2018 2928 securi-

421 2977 506 3024 tas
534 2977 715 3022 nostra
749 2974 991 3036 reparata
1026 2974 1126 3022 est.
1156 2963 1211 3019 lu
1239 2964 1478 3019 laetitiam
1531 2971 1740 3019 mentes
1766 2965 2011 3034 redeunt,

421 3069 497 3128 et,
531 3067 847 3130 tempestate
880 3073 1142 3127 pressura:
1158 3072 1220 3113 ac
1249 3057 1391 3112 nube
1415 3066 1440 3094 ⁸
1471 3057 1732 3124 discussa,
1755 3060 2017 3130 tranquil-

423 3151 637 3207 litasac
661 3151 926 3207 serenitas
951 3148 1288 3206 relulscrunt.
1323 3150 1524 3208 Dandae
1568 3150 1754 3208 laudes
1784 3153 1896 3208 Deo
1918 3196 1932 3218 ,
1963 3159 2017 3209 et

2126 1974 2284 2032 quem
2312 1973 2372 2014 se
2399 1957 2570 2014 semel
2593 1955 2888 2012 credidisse
2911 1954 3156 2012 confessa
3183 1964 3285 2011 est.
3331 1954 3571 2010 lllustres
3607 1969 3722 2009 ma-

2125 2068 2245 2119 nus,
2277 2067 2396 2123 qua:
2423 2066 2532 2106 non
2559 2049 2661 2104 nisi
2691 2049 2888 2104 divinis
2929 2048 3187 2119 operibus
3233 2054 3603 2114 assueverant,
3635 2061 3721 2102 sa-

2122 2145 2340 2202 criﬁciis
2381 2143 2657 2214 sacrilegis
2699 2141 3041 2196 restiterunt.
3071 2138 3414 2196 Sanctiﬁcata
3470 2153 3564 2194 ora
3602 2153 3719 2194 cm-

2123 2235 2347 2293 lestibus
2374 2235 2528 2300 cibis,
2546 2242 2667 2304 post
2693 2247 2888 2304 corpus
2908 2240 2964 2288 et
2991 2230 3305 2302 sanguinem
3326 2229 3560 2296 Domini,
3588 2243 3717 2298 pro-

2121 2327 2244 2382 fana
2271 2325 2517 2397 contagia
2549 2303 2606 2380 et
2651 2303 2921 2380 idolorum
2967 2322 3226 2392 reliquias
3255 2330 3598 2392 respuerunt.
3632 2321 3716 2375 Ab

2121 2421 2288 2492 impio
2323 2419 2694 2489 sceleratoque
2742 2416 3050 2483 velamine,
3103 2429 3211 2487 quo
3237 2414 3348 2470 illic
3394 2415 3716 2470 vetabantur

2119 2513 2536 2570 sacriﬁcantium
2567 2511 2739 2581 capita
2768 2510 3008 2580 captiva,
3038 2516 3199 2580 caput
3220 2515 3458 2564 vestrum
3485 2508 3714 2562 liberum

2119 2604 2337 2660 mansit.
2386 2603 2556 2659 Frons
2586 2617 2706 2656 cum
2735 2601 2889 2671 signo
2912 2599 3006 2656 Dei
3041 2614 3198 2670 pura,
3229 2597 3429 2654 diaboli
3459 2612 3717 2652 coronam

2119 2696 2259 2753 ferre
2285 2711 2390 2751 non
2413 2695 2604 2765 potuit,
2635 2709 2852 2750 coronae
2877 2708 2936 2749 se
2962 2693 3172 2747 Domini
3198 2692 3512 2748 reservavit.
3543 2690 3713 2759 Quam

2116 2803 2215 2845 vos
2241 2788 2362 2843 laete
2385 2789 2505 2842 sinu
2527 2787 2543 2824 ί
2575 2802 2673 2843 suo
2699 2785 2932 2856 excipiti
2971 2795 3142 2842 mater
3171 2786 3410 2841 Ecclesia
3435 2785 3502 2840 de
3528 2785 3718 2856 prarlio

2118 2878 2488 2933 revertentes!
2523 2890 2682 2946 quam
2711 2875 2887 2942 beata,
2921 2890 3078 2945 quam
3109 2875 3348 2945 gaudens
3378 2882 3560 2942 portas
3589 2888 3715 2928 suas

2117 2969 2310 3038 aperit,
2341 2976 2398 3021 ut
2426 2966 2672 3021 adunatis
2694 2965 2996 3036 agminibus
3028 2966 3254 3032 intretis,
3279 2964 3347 3020 de
3373 2963 3527 3018 hoste
3555 2978 3714 3033 pros-

2119 3069 2260 3116 trato
2292 3058 2531 3130 trophtna
2575 3058 2903 3114 referentes!
2943 3057 3076 3114 Cum
3106 3057 3559 3128 triumphantibus
3584 3057 3715 3110 viris

2117 3163 2172 3208 et
2198 3150 2410 3207 feminte
2452 3150 2712 3216 veniunt,
2740 3164 2861 3220 quae
2909 3163 3028 3203 cum
3071 3148 3270 3203 stcculo
3296 3147 3613 3202 dimicantes
3653 3144 3716 3214 κ,

422 3242 680 3299 beneﬁcia
701 3243 817 3315 ejus
841 3257 905 3298 ac
922 3257 1143 3297 munera
1164 3257 1284 3297 cum
1314 3243 1609 3313 gratiarum
1634 3245 1845 3300 actione
1873 3247 2014 3302 cele—
2041 3251 2087 3315 ρ
2119 3258 2306 3299 sexum
2331 3257 2545 3314 quoque
2568 3242 2831 3301 vicerunt.
2863 3240 3098 3296 Veniunt
3121 3248 3176 3295 et
3208 3239 3476 3310 geminata
3508 3239 3715 3293 militia:

423 3334 646 3403 branda,
692 3335 936 3405 quamvis
970 3349 1130 3403 agere
1175 3335 1373 3403 gratias
1401 3343 1581 3390 nostra
1626 3335 1780 3391 voxb
1831 3353 1930 3392 nec
1962 3339 2015 3394 in

423 3427 798 3498 persecutione
822 3428 1136 3484 cessaverit.
1181 3425 1366 3498 Neque
1392 3426 1536 3482 enim
1561 3434 1764 3485 tantum
1793 3429 2016 3486 inimico

2123 3354 2235 3395 sum
2286 3337 2453 3408 gloria
2503 3335 2766 3406 virgines.
2792 3343 2846 3390 et
2877 3336 3027 3406 pueri
3065 3348 3239 3389 annos
3275 3347 3402 3389 suos
3426 3332 3716 3388 virtutibus

2121 3437 2483 3487 transeuntes.
2525 3427 2745 3484 Necnon
2789 3436 2843 3484 et
2885 3435 3081 3483 caetera
3132 3425 3395 3483 stantium
3425 3424 3713 3483 multitudo

1653 3541 1947 3600 LECTION
1953 3545 2034 3602 ES
2075 3543 2482 3602 VABIANTES.

489 3634 517 3664 ⁸
548 3632 691 3696 Nube
712 3632 928 3696 discussa
949 3639 1001 3684 et
1025 3633 1239 3696 caligine
1274 3632 1478 3684 discissa
1498 3634 1588 3684 Ar.
1602 3634 1710 3685 ΝΟ.
1732 3634 1779 3685 1,
1802 3636 1930 3687 Bod.
1956 3637 2006 3687 2.

425 3703 553 3766 (iam.
595 3695 1108 3766 EgonhTempestate
1132 3695 1301 3760 pressa
1330 3704 1462 3749 Voss.
1487 3697 1536 3746 ’5.
1560 3695 1705 3748 Nube
1727 3705 1780 3749 et
1798 3698 2010 3763 caligine

425 3759 582 3824 013023,
619 3758 798 3824 Rigalt.

488 3818 518 3858 ι)
539 3818 716 3869 Nostra
737 3833 829 3870 vox
845 3819 1076 3869 convenit
1098 3819 1222 3870 Bod.
1245 3819 1294 3868 4.

488 3885 511 3915 ο
539 3881 637 3931 Nos
652 3883 736 3945 qui
755 3881 922 3947 Deum
941 3887 1042 3931 toto
1059 3882 1205 3947 corde
1230 3888 1284 3932 et
1301 3882 1466 3947 animo
1487 3881 1752 3947 diligimus,
1777 3883 2012 3934 benedic-

433 3945 596 3996 tiones
619 3943 724 4008 ejus
740 3953 792 3995 et
814 3943 986 3994 laudes
1008 3957 1102 3994 non
1133 3946 1272 3994 Voss.
1298 3945 1348 3993 5.

489 4006 517 4045 τι
540 4005 709 4056 Eluxit
732 4014 785 4056 et
808 4004 1116 4056 confessores
1139 4005 1262 4056 Bod.
1282 4006 1328 4054 4.

492 4071 518 4102 θ
539 4069 763 4121 Numinis
785 4070 906 4120 Ben.
930 4067 1148 4119 Luminis
1169 4070 1259 4120 Ar.
1293 4070 1431 4119 Voss.
1456 4068 1500 4117 1.
1529 4069 1662 4122 Lam.
1687 4069 1812 4120 Bon.
1837 4072 1887 4120 5.

2180 3634 2202 3672 ί
2224 3635 2578 3699 Bepugnantes
2591 3635 2716 3686 Bod.
2742 3635 2790 3697 1,
2803 3636 2848 3686 5.

2180 3701 2207 3740 8
2222 3697 2646 3748 Deum'secuturis
2670 3707 2803 3749 Voss.
2829 3699 2877 3748 1.

2175 3759 2207 3799 ιι
2231 3761 2411 3812 Christi
2431 3759 2557 3809 Bod.
2589 3761 2629 3808 ι.
2649 3760 2697 3807 4.

2184 3824 2201 3862 ί
2231 3823 2392 3885 Laetos
2409 3825 2458 3870 in
2473 3823 2640 3885 isinnm
2665 3829 2795 3885 Voss.
2813 3820 2926 3881 1,2,
2950 3822 2999 3872 ὅ.
3017 3820 3152 3874 Laeto
3173 3820 3284 3870 sinu
3309 3821 3468 3874 Oxon.
3492 3818 3655 3885 Imm.

2183 3897 2198 3935 ι
2232 3884 2446 3945 Excepit
2461 3883 2586 3945 Bod.
2616 3884 2662 3943 1,
2690 3883 2738 3940 4,
2763 3891 2890 3931 Lam.

2179 3947 2210 3983 τί
2245 3942 2581 4005 Cum—saeculo
2601 3956 2776 4005 sexum
2794 3955 2992 4005 quoque
3019 3943 3142 3995 Bod.
3163 3943 3206 3994 1.
3233 3946 3282 3995 3.
3322 3944 3370 3994 4.
3396 3945 3534 3997 Lam.
3570 3942 3717 3998 Ebor.

2130 3956 2581 4060 vidi”???
2601 3956 3142 4057 ieo’i‘imﬁﬂwn'iia'
3163 3956 3174 3994 ’

1659 4174 1901 4231 STEPH.
1945 4174 2218 4234 BALUZII
2255 4176 2483 4234 NOTAE.

427 4304 530 4348 nus
554 4288 720 4344 latine
758 4289 983 4344 verterit
1003 4287 1294 4343 Historiam
1321 4285 1744 4341 ecclesiasticam
1775 4285 2014 4354 Eusebii,

427 4361 714 4418 credentes
739 4359 885 4414 illum
905 4374 1022 4414 eam
1047 4360 1274 4414 vertisse
1295 4357 1612 4426 simpliciter
1632 4366 1686 4410 et
1713 4355 1845 4412 nihil
1869 4357 2019 4411 addi-

427 4433 575 4488 disse
613 4430 680 4485 de
705 4445 823 4493 suo,
853 4429 952 4484 sibi
982 4439 1360 4498 persuaserunt
1393 4443 1456 4482 ea
1483 4441 1602 4496 qua:
1642 4427 1692 4480 in
1726 4428 2019 4498 interprete

427 4504 680 4570 leguntur
721 4501 789 4556 de
828 4502 930 4556 hoc
967 4497 1213 4571 Cypriani
1257 4499 1390 4555 libro
1413 4508 1628 4571 exstare
1673 4499 1833 4553 etiam
1869 4497 2018 4571 apud

428 4568 740 4630 Eusebium.
783 4571 936 4639 Quod
976 4568 1160 4626 verum
1214 4585 1320 4625 non
1365 4579 1466 4626 est.
1514 4568 1639 4623 Hmc
1687 4578 1811 4622 sunt
1856 4569 2016 4624 verba

428 4645 606 4700 Ruﬁni
640 4661 653 4699 :
680 4643 965 4713 Cyprianus
993 4642 1056 4695 de
1081 4643 1180 4709 his,
1207 4641 1257 4713 id
1283 4650 1370 4713 est
1394 4640 1464 4713 de
1488 4639 1677 4708 Lapsis
1699 4639 1883 4713 librum
1907 4656 2018 4713 ma-_

427 4709 839 4788 gniﬁcentissi‘me
873 4715 1131 4788 scriptum
1174 4712 1352 4777 edidit,
1397 4711 1582 4788 in__quo
1622 4719 1669 4763 et
1715 4709 1913 4788 bapsos
1939 4711 2020 4782 _'ad

429 4780 774 4858 paenitentiam
801 4780 1213 4858 cohortandoset
1243 4780 1888 4858 contradicentes_alienos
1915 4780 2020 4858 esse

428 4849 462 4911 a
490 4855 677 4910 Christi
704 4857 988 4925 visceribus
999 4855 1200 4925 statuit.
1243 4853 1394 4925 Hunc
1427 4867 1585 4920 porro
1608 4849 1827 4925 _libr_um
1856 4860 1919 4925 et
1954 4853 2019 4905 li-

427 4928 584 4982 brum
613 4928 674 4981 de
714 4925 920 4981 Unitate
967 4924 1208 4979 Ecclesia:
1241 4921 1548 4994 frequenter
1573 4921 1703 4977 citat
1728 4921 2022 4978 Venericus

429 4997 786 5053 Vercellensis
824 4995 1128 5065 episcopus.

505 5068 542 5120 Ι.
573 5097 640 5107 -
675 5067 790 5120 Pax
831 5063 1053 5121 ecclesiae
1093 5066 1312 5119 reddita.
1353 5063 1480 5118 Post
1518 5063 1720 5118 obitum
1773 5063 1936 5130 Decii,
1969 5071 2026 5119 ut

432 5139 668 5195 ostendit
695 5137 1018 5193 Pearsonius
1050 5136 1101 5190 in
1131 5135 1429 5190 Annalibus
1454 5133 1806 5204 Cyprianicis.

505 5209 676 5263 Nube.
721 5208 981 5278 Rigaltius
1004 5206 1208 5278 addidit
1239 5215 1282 5261 el
1303 5203 1537 5278 caligine.
1566 5204 1669 5259 Sed
1704 5204 1841 5258 hanc
1874 5203 2028 5258 addi-

431 5280 655 5342 tionem,
686 5277 966 5350 quairltaud
985 5277 1145 5332 dubie
1171 5288 1252 5350 est
1273 5293 1335 5350 ex
1363 5277 1710 5350 glossemate,
1733 5289 1838 5328 non
1861 5290 2029 5350 agno-

433 5361 589 5407 scunt
614 5346 732 5405 alim
761 5349 1026 5404 editiones
1054 5364 1152 5403 nec
1177 5347 1297 5402 libri
1339 5346 1571 5402 veteres.
1602 5346 1833 5414 Repcrla
1859 5357 1939 5399 est
1975 5346 2026 5399 in

417 5422 643 5477 ’duobus
671 5430 900 5486 tantum,
935 5421 986 5474 in
1034 5436 1140 5473 uno
1177 5419 1425 5472 nimirum
1459 5415 1629 5484 regio,
1660 5431 1725 5469 ex
1753 5429 1860 5485 quo
1903 5425 2030 5486 puto

435 5492 722 5561 Rigaltium
749 5491 1048 5561 accepisse,
1072 5501 1126 5545 et
1156 5491 1208 5544 in
1229 5487 1644 5561 yoyssiacensi.

564 5564 660 5616 otis
709 5555 954 5630 omnium.
996 5560 1176 5616 Codex
1227 5555 1511 5624 Fuxensis,
1560 5555 1762 5612 vocibus
1810 5565 1856 5610 et
1908 5555 2033 5612 votis

440 5634 691 5689 omnibus.

521 5701 862 5758 ll.——Coltors
889 5699 1505 5758 candida.Tcrtullianus
1536 5700 1586 5754 in
1613 5697 1787 5754 librat
1811 5697 1876 5753 ad
1901 5697 2044 5754 Uxo-

441 5789 567 5831 rem
603 5791 616 5829 :
640 5773 774 5829 Tota
805 5773 898 5828 illa
925 5773 1158 5828 Ecclesia
1182 5770 1406 5824 candida
1432 5770 1494 5822 de
1519 5771 1786 5823 sanctitate
1815 5769 2044 5824 conscri-

2123 4287 2193 4346 de
2219 4289 2429 4345 Corona
2457 4307 2470 4342 :
2497 4287 2568 4343 Et
2594 4289 2656 4343 de
2684 4290 2919 4360 martyrii
2945 4290 3334 4360 coronalaurea
3362 4289 3544 4360 melius
3562 4304 3718 4360 coro-

2123 4360 2342 4414 nandus.
2388 4360 2523 4415 Vide
2573 4368 2728 4416 notas
2771 4356 2993 4417 Joannis
3044 4359 3300 4415 Ludovici
3340 4359 3406 4412 de
3449 4358 3503 4413 Ia
3549 4356 3721 4413 Cerda

2122 4430 2403 4559 piigéogw.
2432 4431 2522 4517 De,
2542 4445 2718 4488 massa
2761 4430 2987 4487 candida
3012 4430 3134 4486 vide
3177 4429 3466 4485 Baronium
3495 4443 3586 4483 an.
3612 4427 3717 4483 261

2124 4518 2155 4557 e
2316 4543 2327 4554 .

2193 4593 2479 4676 sacriﬁciis
2522 4593 2803 4676 sacrilegis.
2844 4593 3062 4662 Septem
3108 4589 3232 4646 libri
3272 4598 3485 4646 veteres
3516 4587 3722 4646 habent

2043 4697 2098 4758 D
2120 4665 2390 4758 sacriﬁciis
2413 4680 2473 4747 ac
2497 4665 2794 4758 sagrilegiis.

2198 4731 2507 4789 Reservavit.
2551 4735 2664 4788 Duo
2681 4731 2814 4788 'libri
2843 4740 3056 4787 veteres
3083 4731 3412 4801 mancipauit.

2196 4804 2390 4861 Sexum
2416 4807 2656 4860 vicerunt.
2691 4805 2887 4874 Supra,
2910 4802 3081 4871 Epist.
3111 4818 3257 4869 χχχι,
3290 4817 3411 4873 pag.
3458 4801 3565 4860 161»
3603 4817 3728 4856 sexu

2123 4893 2217 4932 suo
2243 4878 2503 4947 fortiores.
2537 4874 2639 4930 Ubi
2666 4874 2793 4928 vide
2825 4882 3002 4928 notas.

2201 4969 2374 5022 Annos
2405 4983 2521 5021 suos
2555 4965 2841 5018 virtutibus.
2875 4963 2949 5017 Ita
2981 4972 3192 5020 veteres
3218 4963 3504 5030 editiones,
3533 4963 3722 5031 viginti

2128 5047 2184 5095 et
2201 5047 2311 5093 tres
2343 5038 2463 5092 libri
2491 5036 2681 5098 nostri.
2711 5044 2766 5090 et
2786 5043 3012 5104 quatuor
3036 5035 3332 5105 Anglicani.
3357 5035 3414 5089 In
3439 5050 3544 5088 uno
3572 5034 3721 5101 regio

2131 5120 2186 5165 et
2217 5111 2266 5162 in
2300 5107 2676 5178 Moyssiacensi
2701 5105 2920 5177 legitur,
2947 5121 3109 5178 annos
3130 5122 3255 5178 suos
3280 5105 3603 5178 continentia:
3621 5105 3728 5178 vir-

2133 5179 2340 5233 tutibus.
2364 5173 2494 5232 Cum
2525 5173 2718 5232 autem
2736 5173 2838 5232 vos
2865 5176 3186 5231 continentia:
3212 5176 3348 5231 desit
3376 5177 3429 5230 in
3454 5185 3559 5228 tam
3589 5173 3728 5228 mul-

2135 5252 2203 5304 tis
2257 5247 2490 5318 antiquis
2543 5246 2994 5318 codicibus,cum
3042 5263 3148 5301 non
3197 5247 3480 5318 conveniat
3505 5243 3577 5318 "'f
3609 5245 3732 5318 huic

2135 5321 2275 5385 loco,
2301 5330 2357 5372 ut
2385 5315 2458 5372 ait
2481 5317 2744 5380 Latinius,
2773 5317 2925 5373 nobis
2940 5318 3113 5372 visum
3129 5326 3212 5371 est
3232 5316 3375 5370 illam
3399 5329 3520 5370 esse
3545 5315 3732 5371 delen-

2134 5391 2276 5444 dam.
2308 5389 2449 5444 Sane
2505 5389 2767 5442 Pamelius
2806 5389 2949 5442 illam
2997 5387 3190 5457 adjecit
3223 5401 3290 5441 ex
3333 5385 3568 5457 editione
3595 5401 3733 5457 qum
3786 5391 3798 5404 ‘

2135 5462 2329 5516 dicitur
2349 5459 2528 5514 Gravii
2556 5467 2608 5513 et
2629 5473 2696 5513 ex
2723 5458 2954 5529 quodam
2984 5455 3150 5529 veteri
3181 5457 3338 5511 libro.
3371 5455 3566 5529 Verum
3590 5456 3733 5510 idem

2138 5531 2379 5587 Latinius
2419 5526 3162 5600 jampridem—pronuntiavit‘
3193 5541 3309 5582 eam
3361 5526 3732 5600 auctoritatem

2143 5603 2274 5682 tanti
2301 5597 2565 5725 ncgt'esse
2591 5607 2650 5654 ut
2670 5597 2996 5669 perSuadere
3023 5597 3190 5668 possit
3225 5611 3414 5654 vocem
3453 5597 3590 5652 hanc
3613 5610 3735 5651 esse

2144 5683 2349 5725 retinen
2393 5686 2497 5724 am.

2144 5683 2497 5727 retinendam.

2221 5760 2497 5817 Stantium.
2529 5760 2751 5817 Veteres
2793 5759 3077 5825 editiones,
3108 5759 3276 5816 codex
3325 5757 3729 5830 Seguierianus,

449 5829 608 5902 bitur.
645 5845 743 5904 Ubi
772 5845 895 5904 vide
925 5845 1233 5915 Rigaltium.
1255 5839 1402 5898 Idem
1441 5839 1804 5898 Tertullianus
1829 5840 1882 5896 in
1909 5839 2049 5896 libro
2149 5831 2696 5903 Gratianopolitanus,
2727 5832 2994 5890 recentior
3014 5829 3343 5902 Vlctorinus,
3369 5829 3426 5889 et
3453 5845 3590 5889 unus
3621 5829 3727 5885 Va-
3765 5866 3771 5873 -
