4332 6292
570 295 678 354 ιη
838 306 849 307 ’
1958 289 2095 348 DIVI
2130 287 2179 348 α

2273 287 2454 348 RIANI
3490 283 3498 286 ⁴
3758 282 3870 349 172

577 411 740 475 velle,
773 408 968 466 fundos
994 405 1264 464 insidiosis
1291 403 1565 462 fraudibus
1585 417 1799 475 rapere,
1831 404 2009 460 usuris
2033 404 2173 459 mul-
2200 406 2250 465 A
2276 421 2350 471 tv,
2371 404 2482 475 10).
2501 403 2705 468 Nonne,
2728 405 2862 460 iram
2883 404 3080 461 divinae
3099 402 3482 477 indignationis
3500 404 3793 463 ostendens
3817 415 3875 464 et

582 503 949 576 tiplicantibus
978 500 1158 557 foenus
1202 513 1421 569 augere.
1471 497 1608 566 Quid
1647 513 1755 553 non
1795 499 1999 569 perpeti
2036 498 2170 555 tales
2281 511 2453 567 pana:
2491 506 2689 552 metum
2723 511 3079 566 prannonens,
3110 495 3290 552 denuo
3312 495 3446 553 dicit
3477 514 3491 551 :
3522 498 3875 553 Adoraverunt

576 612 678 670 pro
708 595 939 667 peccatis
966 592 1231 662 ejusmodi
1271 606 1623 658 mereremur,
1655 606 1778 646 cum
1826 591 1935 661 jam
1966 591 2170 661 pridem
2277 605 2361 644 cos
2389 599 2414 638 Β
2445 605 2571 660 quos
2611 592 2833 660 fecerunt
2863 588 3011 660 digiti
3038 605 3213 644 eorum
3232 604 3254 653 ;
3272 598 3321 645 et
3355 599 3593 646 curvatus
3620 599 3695 646 est
3724 591 3877 646 homo

573 685 957 761 pramonuerit
971 699 1034 739 ac
1062 684 1260 740 dixerit
1276 680 1505 739 'censura
1525 692 1551 721 ι
1566 682 1741 739 divina
1768 700 1782 738 :
1802 682 1863 738 Si
1887 683 2171 751 derelique-

573 781 676 834 rint
697 777 726 818 ι’
744 778 904 849 legem
929 793 1090 831 meam
1115 787 1162 831 et
1187 778 1241 831 in
1259 775 1473 853 judiciis
1496 775 1623 830 meis
1650 791 1750 830 non
1781 776 2169 839 ambulaverint,

570 870 618 926 si
641 869 1035 941 justiﬁcationes
1077 883 1213 923 meas
1257 867 1641 939 profanaverint
1676 875 1725 920 et
1765 876 2019 938 praecepta
2058 882 2174 921 mea

573 980 677 1019 non
698 961 1089 1029 observaverinl,
1115 960 1328 1016 visitabo
1351 961 1406 1015 in
1426 960 1571 1030 virga
1599 959 1832 1031 facinora
1851 975 2026 1014 eorum
2050 967 2096 1013 et
2118 959 2174 1015 in

573 1038 795 1127 ﬂagellis
822 1053 1005 1108 delicta
1033 1069 1203 1107 eorum
1223 1063 1244 1092 ο
1271 1050 1444 1125 (Psal.
1477 1066 1746 1116 Lxxxvm,
1776 1050 1990 1123 δίε-55).

645 1146 759 1205 Vll.
798 1147 1160 1202 Prtenuntiata
1188 1155 1313 1200 sunt
1343 1148 1441 1199 ista
1471 1144 1628 1199 nobis
1653 1152 1709 1199 et
1738 1153 1864 1198 ante
1894 1143 2168 1212 prtedicta.

574 1240 683 1297 Sed
714 1254 834 1306 nos,
876 1239 1017 1294 datae
1047 1240 1177 1310 legis
1218 1246 1275 1295 et
1299 1236 1686 1293 observationis
1716 1235 2080 1302 immemores,
2120 1237 2174 1293 id

572 1334 781 1403 egimus
810 1348 905 1402 per
943 1343 1122 1386 nostra
1156 1339 1392 1401 peccata,
1420 1338 1496 1396 ttt,
1522 1329 1649 1383 dum
1680 1327 1890 1383 Domini
1925 1329 2173 1384 mandata

573 1424 999 1490 contemnimus,
1027 1423 1093 1478 ad
1124 1423 1512 1478 correctionem
1540 1418 1569 1457 ἀ
1608 1420 1786 1476 delicti
1816 1429 1872 1476 et
1896 1420 2174 1491 probatio-

572 1531 697 1571 nem
730 1513 855 1570 fidei
884 1514 1136 1569 remediis
1177 1512 1538 1569 severioribus
1561 1512 1887 1567 veniremus.
1931 1512 2038 1569 Nec
2067 1512 2176 1568 sal-

571 1618 682 1664 tem
712 1621 838 1663 sero
861 1606 1105 1662 conversi
1131 1605 1196 1660 ad
1227 1605 1436 1660 Domini
1455 1604 1703 1660 timorem
1728 1618 1933 1669 sumus,
1954 1614 2011 1661 ttt
2036 1604 2176 1662 hanc

572 1699 970 1769 correptionem
1012 1706 1251 1753 nostram
1300 1696 1779 1766 probationemqtte
1812 1695 2045 1751 divinam
2076 1711 2174 1766 pa-

2277 689 2327 735 et
2360 680 2680 735 humilitatus
2704 688 2777 733 est
2800 680 2898 746 vir,
2925 688 2973 735 et
3009 696 3112 736 non
3160 680 3345 736 laxabo
3392 681 3497 736 illis
3531 679 3668 753 (lsa.
3702 697 3760 747 tt,
3790 681 3875 752 8).

2280 772 2347 827 Et
2373 773 2566 828 iterum
2595 771 2740 829 Deus
2770 772 3008 841 loquitur
3031 771 3219 828 dicens
3251 790 3264 826 :
3298 770 3615 843 Sacriﬁcans
3640 772 3741 827 diis
3761 789 3877 827 era-

2278 852 2550 929 dicubitur,
2582 864 2680 917 nisi
2711 862 2932 917 Domino
2961 862 3057 919 soli
3086 863 3282 933 (Exod.
3304 878 3440 930 xxtt,
3468 862 3581 936 i9).
3614 863 3669 918 ln
3695 862 3874 918 Evan-

2277 957 2419 1028 gelio
2460 971 2672 1027 quoque
2699 955 3040 1019 postmodum
3084 956 3366 1023 Dominus,
3400 957 3451 1012 in
3481 956 3661 1013 verbis
3684 955 3878 1014 doctor

2277 1059 2335 1106 et
2360 1057 2763 1104 consummatur
2792 1047 2821 1086 ιι
2850 1049 2903 1104 in
2927 1047 3106 1116 factis,
3136 1048 3339 1105 docens
3364 1049 3489 1119 quid
3523 1051 3695 1116 lieret,
3723 1060 3776 1115 et
3796 1048 3876 1105 fa-

2274 1148 2428 1202 ciens
2451 1145 2825 1217 quodcumque
2849 1143 3141 1210 docuisset,
3157 1143 3574 1215 quicquidnunc
3590 1144 3797 1215 geritur
3820 1151 3877 1199 et

2279 1247 2493 1308 geretur
2513 1249 2691 1292 nonne
2710 1245 2835 1291 ante
2855 1234 3211 1308 praemonuit?
3232 1233 3421 1299 Nonne
3441 1245 3495 1289 et
3516 1234 3830 1306 negantibus
3852 1244 3869 1272 ι

2280 1341 2482 1387 ωιειδιιει
2520 1328 2780 1399 supplicia
2821 1337 2878 1385 et
2924 1327 3179 1383 salutaria
3222 1325 3608 1383 conﬁtentibus
3655 1326 3877 1398 praemia

2279 1430 2404 1477 ante
2434 1419 2753 1476 constituit?

2351 1511 2490 1568 VIII.
2509 1510 2834 1567 Exciderunt
2864 1510 3207 1581 quibusdam,
3237 1510 3371 1581 proh
3399 1510 3583 1568 nefas!
3614 1512 3795 1568 omnia
3821 1519 3878 1567 et

2278 1603 2346 1659 de
2389 1604 2647 1659 memoria
2691 1613 3054 1660 recesserunt.
3086 1603 3203 1659 Non
3234 1612 3656 1675 expectaverunt
3682 1605 3872 1660 saltem

2281 1707 2340 1753 ut
2357 1696 2709 1753 ascenderent
2730 1696 3055 1769 apprehensi
3074 1737 3091 1764 ,
3132 1705 3189 1752 ut
3208 1688 3525 1767 interrogati
3543 1706 3805 1769 negarent
3824 1696 3838 1748 i
3856 1738 3871 1753 .

570 1788 769 1845 tienter
788 1799 842 1845 et
865 1787 1076 1843 fortiter
1095 1787 1400 1843 subiremus
1424 1796 1472 1841 ο.
1497 1785 1579 1841 Ad
1606 1785 1774 1856 prima
1800 1786 1980 1841 statim
2008 1788 2173 1842 verba
2205 1795 2254 1856 Β
2284 1790 2423 1847 Ante
2451 1791 2621 1846 aciem
2649 1790 2803 1845 multi
2840 1790 2988 1857 victi,
3028 1791 3142 1846 sine
3171 1791 3552 1861 congressione
3582 1790 3871 1861 prostrati;

492 1908 501 1919 ι
570 1881 827 1938 minantis
870 1878 1072 1935 inimici
1121 1879 1386 1933 maximus
1445 1877 1669 1933 fratrum
1717 1892 1971 1935 numerus
2018 1877 2177 1935 fidem

571 1989 725 2031 suam
756 1973 1027 2046 prodidit;
1069 1986 1170 2027 nec
1201 1981 1501 2042 prostratus
1530 1982 1615 2027 est
1655 1972 2044 2042 persecutionis
2075 1974 2178 2031 im-

572 2073 723 2137 petu,
753 2064 847 2120 sed
869 2063 1174 2119 voluntario
1191 2062 1341 2133 lapsu
1368 2062 1559 2132 seipse
1590 2063 1894 2133 prostravit.
1916 2062 2052 2131 Quid
2080 2077 2179 2119 oro

571 2151 895 2221 inauditum,
927 2155 1054 2227 quid
1074 2169 1270 2210 novum
1302 2164 1542 2220 venerat,
1573 2154 1809 2217 ut,velut
1838 2154 2121 2225 incognitis
2155 2153 2174 2193 ί

573 2259 735 2321 atque
778 2248 1064 2318 inopinatis
1094 2247 1255 2302 rebus
1278 2244 1515 2312 exortis,
1547 2244 1748 2300 Christi
1782 2254 2178 2301 sacramentum

571 2342 877 2399 temeritate
915 2339 1174 2412 praecipiti
1218 2336 1559 2394 solveretur?
1584 2336 1774 2392 Nonne
1814 2336 1932 2393 haec
1960 2344 2014 2392 et
2042 2336 2175 2392 Pro-

575 2434 753 2507 pheta;
797 2443 924 2488 ante
980 2440 1035 2487 et
1077 2431 1317 2514 Apostoli
1366 2429 1710 2500 postmodum
1750 2430 2177 2486 nuntiaverunt?

572 2532 753 2582 nonne
773 2524 1040 2594 justorum
1082 2535 1360 2592 pressuras
1394 2530 1447 2576 et
1471 2521 1749 2591 gentilium
1791 2534 2004 2590 semper
2032 2518 2176 2591 iniu.

571 2620 683 2676 rias
712 2618 852 2689 pleni
883 2625 1069 2672 sancto
1090 2616 1291 2686 Spiritu
1319 2612 1783 2685 praedicaverunt?
1807 2628 1987 2668 nonne
2015 2611 2177 2669 fidem

570 2721 812 2767 nostram
843 2724 1057 2779 semper
1094 2722 1309 2762 armans
1353 2714 1408 2762 et
1449 2706 1541 2761 Dei
1572 2719 1763 2762 servos
1787 2704 1996 2760 caelesti
2044 2720 2177 2762 voce

572 2800 931 2859 corroborans
959 2797 1091 2855 dicit
1118 2796 1394 2867 Scriptura
1441 2794 1621 2851 divina
1653 2784 1675 2848 ε’
1693 2792 1971 2849 Dominum
2012 2794 2176 2850 Deam

573 2904 716 2953 tuum
742 2894 1000 2958 adorabis,
1029 2902 1075 2948 et
1098 2892 1176 2947 illi
1199 2890 1297 2947 soli
1322 2888 1506 2945 servies
1535 2887 1712 2959 (Deut.
1730 2900 1815 2951 vr,
1846 2888 1947 2953 15;
1987 2886 2171 2943 Matth.

2285 1897 2385 1939 nec
2412 1881 2515 1937 hoc
2540 1882 2639 1937 sibi
2668 1882 3021 1952 reliquerunt,
3039 1890 3096 1943 ut
3113 1881 3416 1937 sacrificare
3443 1880 3600 1937 idolis
3621 1881 3872 1937 videren-

2285 1983 2371 2030 tur
2388 1972 2558 2030 inviti.
2582 1972 2735 2029 Ultro
2756 1973 2821 2028 ad
2845 1974 3016 2028 forum
3050 1988 3296 2039 currere,
3341 1972 3408 2028 ad
3430 1983 3654 2032 mortem
3680 1982 3874 2041 sponte

2284 2081 2597 2138 properare,
2628 2064 2799 2139 quasi'
2828 2069 2933 2123 hoc
2976 2067 3105 2123 olim
3131 2077 3412 2138 cuperent,
3443 2067 3595 2137 quasi
3635 2066 3873 2133 amplec-

2285 2169 2526 2216 terentur
2548 2164 2887 2217 occasionem
2910 2160 3089 2216 datam
3110 2175 3272 2231 quam
3314 2173 3528 2230 semper
3575 2168 3870 2230 optassent.

2281 2251 2423 2319 Quot
2467 2252 2578 2309 illic
2607 2251 2631 2291 ιι
2664 2268 2695 2308 a
2743 2252 3145 2324 magistratibus
3189 2267 3417 2324 vespera
3462 2262 3688 2322 urgente
3724 2252 3875 2309 dilati

2281 2344 2448 2399 sunt?
2473 2354 2623 2415 quot,
2647 2359 2715 2400 ne
2741 2358 2927 2401 eorum
2970 2343 3278 2401 dili'erretur
3311 2344 3578 2411 interitus,
3601 2344 3763 2400 etiam
3786 2359 3875 2400 ro-

2280 2438 2591 2508 gaverunt?
2615 2436 2785 2505 Quam
2810 2437 2921 2492 vim
2952 2444 3131 2506 potest
3155 2437 3277 2492 talis
3305 2434 3620 2502 obtendere,
3652 2450 3754 2507 qua
3773 2435 3876 2491 cri-

2284 2546 2403 2586 men
2431 2546 2585 2585 suum
2615 2538 2827 2601 purget,
2853 2544 2979 2586 cum
3005 2529 3113 2582 vim
3142 2533 3310 2600 magis
3336 2529 3451 2598 ipse
3472 2525 3663 2583 fecerit
3686 2534 3744 2581 ut
3774 2542 3870 2597 pe-

2281 2622 2453 2678 riret?
2482 2621 2690 2689 Nonne,
2721 2622 2936 2693 quando
2964 2620 3032 2677 ad
3060 2620 3384 2692 Capitolium
3415 2628 3607 2690 sponte
3655 2629 3870 2675 ventum

2280 2724 2383 2780 est,
2400 2714 2616 2785 quando
2637 2713 2778 2769 ultro
2789 2714 2855 2767 ad
2873 2712 3191 2784 obsequium
3209 2711 3317 2767 diri.
3329 2710 3581 2766 facinoris
3592 2724 3872 2767 accessum

2279 2812 2384 2870 est,
2432 2804 2629 2859 labavit
2673 2802 2691 2842 ι
2744 2817 2985 2876 gressus,
3018 2802 3264 2873 ealigavit
3315 2810 3583 2873 aspectus,
3634 2810 3871 2857 tremue-

2277 2904 2405 2950 runt
2442 2896 2670 2964 viscera,
2719 2894 2937 2951 hrachia
2988 2882 3385 2951 conciderunt?
3431 2907 3610 2950 nonne
3658 2907 3867 2950 sensus.

1804 2995 2191 3057 LECTIONES
2226 3000 2644 3061 VARIANTES.

638 3144 934 3218 ἓξεῑὲριιιςξ
961 3145 1101 3218 1'9”-
1126 3140 1173 3218 ε.
1195 3139 1246 3211 2-

639 3205 668 3243 b
693 3204 810 3256 Filii
824 3204 948 3256 add.
977 3213 1106 3254 νοω.
1133 3204 1209 3253 l.‘-
1562 3259 1573 3269 ε
1713 3258 1724 3270 _

639 3267 987 3376 ﬁlnigpitates
1028 3277 1201 3314 eorum
1221 3269 1275 3312 et
1316 3262 1367 3310 iu
1389 3257 1603 3332 ﬂagellis
1625 3256 1813 3351 delicta.
1832 3269 2042 3319 eorum;
2082 3258 2178 3310 mi-

643 3341 769 3376 ncor
803 3342 897 3376 tam
926 3332 1091 3376 autem
1107 3326 1170 3374 ab
1194 3337 1255 3375 eo
1275 3335 1371 3373 non
1388 3322 1669 3376 dispergam
1688 3320 1751 3370 ab
1768 3333 1859 3370 us.
1894 3327 2028 3372 Voss.
2063 3321 2111 3373 5.

580 3320 911 3400 ειξιςὶςριιάἱιιιιι⁸
926 3332 1091 3376 autem
1103 3326 1170 3400 ab
1194 3337 1255 3400 eo
1275 3335 1388 3400 nep,
1388 3320 1669 3400 dispergam
1688 3320 1751 3370 ab
1768 3321 1859 3370 eis.
1894 3327 2028 3372 Voss.
2063 3321 2111 3373 5.

640 3389 669 3429 «ι
691 3388 1061 3451 Correptionem
1083 3387 1175 3436 Ar.
1193 3394 1322 3435 Lam.
1347 3383 1484 3434 Voss.
1510 3383 1557 3453 1.

642 3453 668 3484 ο
694 3451 949 3499 Patienter
969 3448 1252 3498 subiremus
1280 3454 1412 3498 Voss.
1427 3446 1476 3495 5.
1498 3445 1605 3496 Lsn.

643 3509 668 3553 ἲ
703 3511 892 3583 Ignotis
916 3512 1053 3563 Voss.
1078 3510 1125 3562 1.

2202 3121 2246 3183 C
2342 3140 2372 3208 ξ
2396 3139 2861 3208 έάοηνεειιίηίᾶθοε
2891 3151 3021 3208 Voss-
3044 3143 3095 3208 δι
3116 3158 3167 3208 ρ.

2280 3210 2283 3213 ’
2342 3198 2599 3272 ᾎροοιοτ,
2623 3212 2979 3272 consummatur
2996 3206 3047 3254 in
3072 3198 3211 3257 la'etis
3238 3203 3363 3257 Tha.
3388 3205 3527 3255 Foss.

2348 3265 2367 3302 ί
2396 3265 2579 3316 Futura
2598 3280 2685 3316 sua
2702 3266 2829 3317 Bod.
2854 3266 2904 3316 4.

2349 3326 2363 3376 i
2414 3327 2817 3393 Expectaverunt
2848 3327 3034 3393 saltem
3068 3332 3124 3377 ut
3169 3329 3462 3393 interrogati
3514 3333 3775 3392 rogarent,
3815 3330 3869 3377 ut

2282 3386 2397 3438 thus
2419 3386 2749 3439 accenderent
2775 3391 2914 3439 Voss.
2933 3392 2982 3439 3.
3004 3389 3164 3439 Imm.

2348 3402 2397 3437 os
2419 3402 2749 3439 accenderent
2780 3402 2914 3439 voss.
2933 3402 2982 3439 δ.
3004 3402 3027 3438 1
3151 3423 3164 3437 .

2348 3448 2536 3515 ἔριποά
2559 3449 2659 3500 illic
2684 3453 2818 3515 Voss.
2842 3451 2891 3515 4,
2914 3402 3312 3515 quid'ill’iTOxon.

2343 3509 2364 3548 ι
2394 3509 2580 3575 Lapsus
2602 3518 2680 3563 est
2700 3513 2843 3565 Boss.
2868 3513 2918 3564 1.

1806 3652 2056 3723 STEPH.
2097 3653 2374 3715 BALUZII
2410 3655 2645 3714 NOTAE.

575 3790 780 3832 aurum.
805 3772 932 3843 Sed,
965 3771 1121 3844 quod.
1133 3769 1378 3844 jugulum
1405 3768 1561 3844 petit,
1586 3775 1810 3844 sanctus
1836 3767 2171 3844 Augustinus

575 3847 718 3902 hunc
746 3838 999 3901 eumdem
1028 3838 1221 3898 locum'
1233 3838 1476 3898 referens
1505 3842 1558 3895 in
1586 3838 1822 3909 Epistula
1862 3838 2171 3894 ad’Macro-

575 3917 738 3981 bium,
761 3917 853 3969 lib.
885 3930 963 3982 tn,
993 3913 1235 3968 adversus
1263 3910 1610 3977 Cresconium,
1638 3925 1757 3982 cap.
1780 3909 1897 3982 56,_
1915 3919 1969 3982 et
1995 3910 2090 3965 lib.
2116 3925 2169 3965 tv

577 3988 642 4041 de
667 3986 929 4057 Baptismo
952 3980 1136 4057 contra
1167 3983 1484 4057 Donatistas,
1512 3980 1723 4057 ca_p._9,
1749 3996 1855 4057 non
1884 3980 2046 4057 habet
2066 3982 2170 4057 hoe

576 4049 1020 4111 additamentum.
1053 4053 1214 4108 Deest
1244 4053 1406 4108 etiam
1446 4049 1597 4120 apud
1620 4052 1930 4116 Venericum
1959 4049 2171 4120 episco-

577 4123 1227 4198 pum_\1ercellens_etn__in
1276 4123 1414 4198 libro
1454 4121 1521 4198 de
1574 4121 1781 4198 Unitate
1822 4121 2068 4198 Ecclesiw
2114 4131 2169 4176 et

577 4190 719 4267 apud
748 4194 1008 4267 Thomam
1042 4193 1360 4267 Yaldensetn
1402 4194 1475 4267 in_
1506 4193 1852 4267 Doctrina_x__
1888 4191 1952 4245 de
1977 4190 2170 4267 Sacra-

577 4262 903 4336 mentatibus.
933 4264 1314 4336 Hieronymus
1333 4263 1389 4318 in
1435 4262 1696 4336 Epistola_
1714 4262 1782 4317 ad
1810 4262 2168 4332 Nepotianum

577 4337 647 4393 de
684 4335 804 4392 Vita
850 4331 1168 4406 clericorum
1202 4350 1218 4388 :
1247 4331 1425 4406 Gloria
1474 4331 1698 4406 episcopi
1759 4343 1832 4387 est
1884 4331 2168 4406 pauperum
2207 4370 2214 4378 -

574 4408 770 4478 inopia;
810 4407 1090 4478 providere.
1113 4405 1420 4478 Ignominia
1448 4404 1688 4478 omnium
1726 4404 2051 4478 sacerdotum
2081 4412 2169 4478 _est

541 4472 1056 4550 'propriis'_studere
1105 4472 1312 4550 divitiis.
1361 4474 1856 4550 Vide_gPr0sperttm
1885 4474 2013 4550 sive
2042 4472 2167 4550 διι-

574 4485 799 4605 rropriis
852 4485 1056 4531 studere
1105 4485 1312 4533 divitiis.
1368 4485 1856 4545 Viuegt’msperum
1901 4488 2013 4528 stve
2042 4485 2167 4530 -Ju-

574 4550 790 4672 ἐὲἓιιὲὶ
817 4546 1123 4603 Pomerium
1159 4547 1252 4602 lib.
1276 4560 1335 4601 ut
1383 4546 1448 4601 de
1478 4543 1594 4600 Vita
1645 4543 2034 4618 contemplativa
2065 4545 2168 4614 ⁸⁸⁵,

573 4633 697 4675 can.
718 4633 823 4672 Ἅι

642 4635 697 4689 ρ.
718 4635 823 4672 zs-

651 4687 867 4743 Fundos
915 4693 1121 4758 rapere.
1174 4686 1319 4758 Citat
1362 4685 1505 4742 hunc
1570 4685 1746 4758 locum
1804 4694 2021 4741 sanctus
2064 4687 2173 4743 Au-

575 4760 824 4830 gustinus
851 4758 958 4830 lib.
981 4755 1132 4830 'tvde
1163 4756 1643 4830 Baptismo__contra
1683 4755 2001 4830 Donatistas,
2046 4772 2166 4828 cap.

577 4826 669 4896 ἰθ,
692 4838 749 4885 et
773 4830 825 4883 in
849 4828 1091 4899 Epistula
1132 4831 1201 4881 ad
1231 4826 1570 4882 Macrobinm.
1615 4826 1856 4899 Julianus
1893 4826 2171 4899 Pomerius

576 4900 673 4954 lib.
724 4914 742 4953 ι
786 4899 852 4954 de
901 4897 1027 4969 Vita
1070 4899 1482 4969 contemplativa,
1533 4912 1651 4969 cap.
1697 4898 1786 4963 15,
1832 4898 2055 4967 loquens
2102 4898 2171 4955 de

576 4969 847 5039 episcopis
876 4986 890 5023 :
922 4968 1229 5023 Fundorum
1264 4968 1505 5022 terminos
1546 4969 1656 5023 sine
1706 4970 1917 5022 termino
1961 4970 2164 5039 cupidi-

573 5038 695 5095 tatis
718 5038 1012 5104 extendunt,
1043 5048 1089 5093 et
1132 5054 1187 5094 se
1212 5039 1403 5108 passim
1430 5040 1693 5108 exquisitis
1739 5039 1933 5094 deliciis
1977 5038 2167 5094 dedunt

573 5126 689 5181 quae
715 5110 941 5164 animum
967 5124 1249 5182 corpusque
1270 5108 1556 5182 debilitant.
1599 5109 1680 5182 De
1724 5109 2165 5182 l’otamippOlys-

576 5178 781 5250 sipmue
806 5178 1066 5251 episcOpo
1093 5178 1173 5233 ita
1196 5181 1386 5247 legitur
1413 5180 1466 5233 in
1486 5178 1673 5235 libello
1696 5195 1910 5249 precum
1939 5178 2166 5237 Marcel-

579 5251 675 5306 lini
703 5261 758 5307 et
780 5251 1020 5306 Faustini
1044 5268 1059 5303 :
1088 5249 1194 5321 sed
1214 5259 1261 5304 et
1293 5248 1531 5304 Potamio
1559 5266 1662 5321 non
1691 5251 1786 5321 fuit
1816 5252 1981 5305 inulta
2003 5267 2166 5307 sacra:

577 5321 701 5391 ﬁdei
726 5321 1095 5392 praevaricatio.
1118 5319 1362 5393 Denique
1387 5336 1504 5393 cum
1544 5320 1614 5373 ad
1660 5319 1875 5393 [undam
1924 5333 2164 5393 properat

577 5389 736 5463 quem
775 5409 869 5463 pro
893 5393 1051 5463 impia
1091 5391 1213 5463 ﬁdei
1232 5389 1598 5460 subscriptione
1622 5392 1693 5463 ab,
1712 5389 2030 5461 Imperatore
2046 5410 2153 5448 me-

577 5472 751 5517 ruerat
796 5462 1097 5532 itnpetrare,
1143 5462 1271 5516 dans
1296 5478 1453 5516 novas
1477 5477 1651 5530 poenas
1676 5462 1865 5533 lingula
1888 5480 1978 5531 per
2003 5480 2157 5532 quant

578 5532 1044 5603 blasphemaverat,
1074 5534 1128 5587 in
1169 5535 1261 5603 via,
1292 5533 1525 5598 moritur,
1577 5532 1761 5587 nullos
1780 5536 1977 5603 {ructus
2009 5536 2158 5603 fundi

580 5605 659 5658 vel
678 5602 869 5659 visione
890 5605 1191 5676 percipiens.
1223 5602 1581 5676 Hieronymus
1606 5604 1657 5656 in
1689 5602 1924 5672 Epistula
1953 5602 2020 5659 ad
2050 5606 2157 5660 Ne-

530 5708 531 5711 η
579 5678 858 5743 potianum
893 5671 970 5743 de
999 5671 1113 5730 Vita
1139 5671 1459 5728 clericorum
1490 5690 1504 5727 :
1537 5671 1709 5743 Turpe
1741 5671 1825 5728 est
1863 5684 1981 5729 ante
2025 5680 2160 5743 [ores

579 5742 857 5803 sacerdotis
903 5742 1093 5802 Christi
1141 5744 1375 5813 cruciﬁxi
1426 5753 1475 5799 et
1518 5744 1779 5815 pauperis,
1831 5752 1880 5798 rt
1921 5746 2009 5816 qui
2026 5742 2033 5743 “
2049 5746 2160 5802 cibo

2270 3783 2470 3840 quoque
2490 3766 2779 3824 vescebatur
2806 3767 2975 3825 alieno
2989 3811 3005 3837 ,
3036 3768 3239 3825 lictores
3280 3768 3545 3825 consulum
3591 3778 3639 3826 et
3684 3769 3867 3826 milites

2274 3839 2543 3912 earcubare,
2564 3839 2890 3912 judicemque
2928 3840 3201 3912 provincia:
3223 3841 3403 3896 melius
3430 3841 3573 3912 apud
3630 3850 3679 3896 te
3718 3857 3867 3911 pran-

2273 3910 2392 3965 dere
2413 3910 2574 3983 quam
2593 3910 2646 3964 in
2672 3911 2890 3983 palatio:
2904 3911 3012 3983 _Cui
3042 3912 3160 3983 loco
3189 3922 3335 3967 recte
3385 3910 3602 3983 adjungi
3638 3910 3867 3983 possunt

2271 3980 2482 4051 eaquae
2510 3980 2828 4037 Ammianus
2872 3981 3214 4037 Marcellinus
3241 3982 3333 4038 lib.
3390 3980 3575 4050 xxvii,
3617 3980 3748 4039 dicit
3798 3984 3866 4039 de

2272 4052 2532 4124 conviviis
2579 4052 2956 4124 episcoporum
3011 4052 3377 4124 Romanorum
3421 4053 3519 4124 sui
3572 4053 3863 4124 temporis,

2270 4136 2406 4193 quos
2449 4123 2524 4176 ait
2563 4122 2752 4193 epulas
2797 4136 3019 4179 curasse
3070 4122 3336 4193 profusas,
3367 4123 3504 4179 adeo
3555 4132 3616 4179 ut
3673 4122 3861 4180 eorum

2274 4192 2533 4319 camini
2571 4192 2781 4264 regales
2834 4192 3154 4264 superarent
3217 4208 3451 4253 mensas.
3521 4193 3659 4251 Vide
3702 4210 3865 4266 supra

2276 4277 2392 4319 nan.
2538 4301 2554 4316 .

2274 4277 2392 4332 pag.
2423 4277 2554 4329 sos.

2341 4332 3024 4404 JustiﬁcationesaNovem
3074 4334 3198 4391 libri
3253 4335 3419 4392 nostri
3491 4344 3549 4392 et
3601 4349 3700 4392 sex
3747 4333 3863 4391 An-

2271 4402 2469 4477 glicani
2487 4402 2548 4460 et
2567 4404 2732 4477 editio
2761 4403 3069 4460 Mureniana
3098 4406 3391 4475 praeferunt
3407 4407 3662 4477 justitias.

2347 4474 2481 4548 Vill.
2503 4504 2574 4517 -
2589 4475 2924 4548 Ascenderent
2945 4474 3273 4548 apprehensi.
3304 4474 3430 4532 [iure
3456 4484 3540 4532 est
3569 4476 3726 4533 lectio
3750 4475 3866 4533 edi-

2277 4544 2436 4601 tionis
2490 4545 2817 4616 Anglicanm,
2856 4544 3026 4616 gnam
3077 4547 3399 4603 conﬁrmant
3451 4556 3629 4603 vetera
3675 4563 3861 4604 exem~

2274 4616 2468 4688 plaria,
2513 4631 2672 4688 quam
2708 4632 2837 4671 vero
2861 4616 3123 4686 Rigaltius
3149 4618 3204 4674 in
3242 4619 3710 4675 observationibus
3749 4621 3861 4685 suis

2274 4686 2350 4741 ait
2388 4701 2509 4743 esse
2533 4686 2906 4743 'verissimam.
2937 4688 3204 4744 Caeterum
3225 4689 3491 4746 Manutius
3508 4698 3567 4745 et
3590 4688 3860 4746 Morellius

2275 4772 2382 4831 non
2434 4758 2581 4831 fuere
2638 4758 2931 4831 primi__q_t_ti
2977 4773 3097 4812 eam
3147 4760 3493 4827 induxerunt,
3543 4766 3608 4815 ut
3644 4767 3859 4831 putasse

2275 4829 2485 4884 videtur
2505 4828 2784 4899 Rigaltius.
2812 4828 3047 4884 Habetur
3092 4832 3236 4885 enim
3277 4832 3329 4885 in
3388 4831 3625 4896 antiquis
3646 4828 3860 4885 'cditio-

2276 4898 2451 4971 nibus.
2485 4898 2616 4955 Vide
2637 4915 2757 4970 qua:
2787 4909 3036 4955 notamus
3061 4900 3450 4971 adﬁEpistolam
3469 4917 3522 4957 Vl
3539 4940 3555 4967 ,
3586 4915 3703 4970 pag.
3728 4899 3855 4956 592.

2343 4970 2666 5053 rid-[pruna
2725 4971 2792 5053 Et
2846 4971 2971 5026 hinc
3001 4971 3090 5053 _in_
3122 4970 3466 5053 Capitolium.
3503 4971 3653 5053 _Natn
3694 4985 3855 5053 supra

2273 5055 2391 5122 pag.
2422 5040 2564 5106 407,
2591 5040 2902 5098 adnotatum
2933 5050 3019 5098 est
3067 5039 3241 5098 lorum
3285 5042 3453 5099 fuisse
3495 5041 3647 5113 juxta
3691 5039 3854 5113 Ca'pi-
3964 5104 3969 5111 ,

2269 5112 2474 5166 tolium.

2343 5181 2625 5254 Negarenl.
2686 5182 2811 5237 Post
2851 5181 2968 5237 hanc
3014 5182 3280 5254 Manutius
3340 5191 3397 5239 et
3460 5182 3730 5239 Patnelitts
3759 5182 3828 5239 ad

2268 5252 2404 5310 dunt
2431 5252 2511 5306 ‘ut
2565 5253 2684 5308 thus
2738 5253 3087 5310 accenderent.
3118 5253 3227 5311 Sed
3255 5254 3396 5310 hanc
3423 5254 3708 5311 lectionetu
3739 5270 3853 5311 me-

2268 5325 2373 5395 rito
2425 5324 2678 5394 reprobat
2729 5323 3027 5395 Itigattius,
3072 5326 3315 5395 quamvis
3365 5340 3485 5381 eam
3546 5326 3849 5395 retinuerit.

2258 5393 2469 5466 Quippe
2490 5393 2745 5466 ’nuspiatn
2778 5393 3043 5465 reperitur
3067 5393 3122 5451 iit
3146 5396 3380 5466 antiquis
3413 5394 3848 5466 exemplaribus,

2259 5463 2383 5519 ιιῑδΐ
2405 5463 2549 5535 quod
2594 5463 2750 5535 Angli
2779 5463 2947 5520 unum
2996 5466 3167 5523 citant
3207 5463 3290 5522 ex'
3323 5463 3649 5523 hihiimhéca
3696 5463 3850 5523 Vati;

2259 5549 2412 5590 cana.

2336 5607 2503 5672 Quam
2555 5622 2771 5676 semper.
2826 5605 3108 5664 Sexdecim
3156 5606 3281 5665 libri
3333 5616 3544 5665 veteres
3585 5616 3640 5664 et
3679 5607 3849 5665 editio

2262 5674 2493 5731 Morellii
2524 5674 2721 5732 habent
2750 5678 2978 5732 libenter.

2339 5745 2477 5814 Quot
2537 5764 2601 5804 ne
2648 5761 2845 5804 eorum.
2907 5749 3090 5808 Codex
3153 5750 3569 5824 Seguieriauus,
3610 5749 3749 5822 quod
3790 5759 3843 5805 ut
