4332 6292
536 249 646 310 873

1879 255 2079 315 LIBER
2121 259 2210 318 DE
2247 261 2505 320 LAPSIS.

3725 273 3836 333 474

545 368 613 400 “li
643 367 937 438 obstupuit,
955 367 1130 438 lingua
1154 367 1328 434 haesit,
1346 383 1524 426 sermo
1544 369 1776 426 defecit?
1802 371 1958 427 Stare
1981 371 2091 429 illic
2116 383 2141 410 ει
2169 377 2218 436 Α
2246 375 2382 431 cibis
2411 354 2573 446 pollui
2618 375 2912 449 violarique
2947 385 3226 450 cogantur,
3257 393 3365 436 non
3388 387 3587 438 exeunt
3613 381 3684 440 de
3713 398 3827 439 me-

541 461 718 532 potuit
748 461 839 516 Dei
868 476 1078 522 servus,
1107 472 1160 517 et
1190 462 1330 531 loqui
1358 473 1410 517 et
1437 463 1748 519 renuntiare
1785 462 2130 534 Christo,qui

534 555 642 625 jam
666 553 881 610 diabolo
908 555 1311 610 renuntiaverat
1335 563 1390 609 et
1416 556 1657 611 smculo?
1693 556 1880 612 Nonne
1909 572 2001 612 ara
2043 557 2130 612 illa

537 661 644 716 quo
670 647 961 701 moriturus
983 647 1212 702 accessit
1255 663 1416 719 rogus
1442 646 1524 702 illi
1554 647 1686 703 fuit?
1727 664 1906 704 nonne
1935 649 2132 706 diaboli

537 740 726 804 altare,
769 740 910 811 quod
938 739 1133 796 faetore
1162 748 1299 796 tetro
1343 740 1550 797 fumare
1593 757 1656 797 ac
1697 741 1942 798 redolere
1989 758 2134 798 con-

535 843 812 905 spexerat.
837 835 984 889 velut
1017 835 1175 889 funus
1217 844 1272 890 et
1299 835 1511 890 bustum
1533 835 1656 891 vita:
1682 851 1792 891 suae
1819 835 2042 892 horrere
2070 852 2134 893 ac

539 927 720 996 fugere
761 927 990 982 debebat
1018 926 1044 964 δ
1072 927 1096 980 7
1121 927 1258 996 Quid
1287 927 1515 983 hostiam
1560 939 1757 995 tecum,
1789 929 1973 992 miser,
2004 929 2131 1000 quid

537 1017 804 1072 victimam
841 1018 1211 1073 immolaturus
1257 1019 1527 1088 imponis?
1555 1020 1668 1087 ipse
1681 1020 1747 1074 ad
1764 1021 2094 1076 aramhostia
2112 1064 2128 1088 ,

535 1111 748 1166 victima
767 1112 879 1180 ipse
897 1112 1108 1177 venisti;
1129 1112 1413 1167 immolasti
1431 1114 1534 1168 illic
1550 1114 1777 1180 salutem
1795 1124 1959 1182 tnam,
1978 1130 2130 1185 spem

538 1209 704 1268 tuam,
747 1201 906 1258 ﬁdem
953 1211 1094 1278 tuam
1125 1205 1347 1259 funestis
1378 1203 1481 1260 illis
1508 1205 1718 1276 ignibus
1748 1210 2125 1264 concremasti.

607 1292 698 1347 1X.
748 1293 826 1349 Ac
851 1293 1034 1350 multis
1081 1297 1331 1365 pr0prius
1379 1296 1625 1354 interitus
1676 1298 1807 1353 satis
1855 1315 1961 1354 non
2007 1297 2126 1355 fuit.

534 1383 900 1440 llortamentis
950 1388 1149 1442 mutuis
1195 1387 1246 1442 in
1296 1389 1517 1443 exitium
1549 1400 1570 1428 ε
1605 1392 1830 1461 populus
1867 1392 2128 1462 impulsus

532 1486 636 1544 est,
667 1492 813 1532 mors
841 1479 1066 1534 invicem
1087 1479 1268 1535 lethali
1299 1482 1491 1550 poculo
1512 1485 1790 1555 propinata
1820 1495 1936 1552 est;
1963 1500 2045 1553 ac,
2064 1500 2131 1541 ne

534 1571 662 1642 quid
691 1572 902 1628 deesset
932 1572 998 1628 ad
1020 1573 1259 1629 criminis
1289 1577 1583 1643 cumulum,
1613 1577 1846 1634 infantes
1889 1593 2125 1649 quoque,

534 1673 813 1735 parentum
835 1666 1077 1720 manibus
1099 1669 1180 1722 vel
1209 1665 1444 1738 impositi
1477 1669 1560 1724 vel
1581 1671 1815 1737 attracti,
1835 1673 2131 1727 amiserunt

2241 467 2332 522 dio
2359 483 2458 522 nec
2488 467 2750 524 recedunt
2775 471 2787 524 !
2821 469 2960 524 Alibi
2995 486 3208 541 quoque
3237 487 3340 525 vos
3369 471 3585 530 auditur
3608 489 3639 528 e
3667 473 3834 540 cmlo,

2243 574 2580 628 praemonens
2601 559 2726 629 quid
2748 559 2842 615 Dei
2871 575 3061 617 servos
3096 561 3270 617 facere
3291 563 3572 619 conveniat
3601 563 3790 621 dicens
3815 581 3829 618 :

2241 650 2346 707 Exi
2389 653 2450 707 de
2480 669 2560 722 ea,
2591 656 2811 725 populus
2851 671 3013 718 meus,
3043 672 3106 710 ne
3143 657 3398 728 particeps
3439 657 3508 712 sis
3534 657 3836 716 delictorum

2239 747 2350 815 ejus
2403 756 2450 800 et
2489 763 2553 801 ne
2597 747 2956 818 perstringaris
2990 748 3158 820 plagis
3203 749 3313 818 ejus
3342 748 3524 820 (Apoc.
3565 765 3717 816 xvm,
3741 750 3823 822 4),

2238 836 2336 907 Qui
2385 839 2502 894 exit
2545 847 2600 893 et
2628 837 2770 894 cedit
2803 847 2851 904 8,
2876 838 3068 905 Tdelieti
3118 840 3384 910 particeps
3415 855 3519 895 non
3543 839 3633 905 fit;
3663 841 3834 913 plagis

2240 945 2368 986 vero
2397 939 2451 984 et
2477 931 2590 1002 ipse
2620 930 2998 1002 perstringitur
3027 931 3115 1000 qui
3145 931 3325 986 socius
3355 931 3594 986 criminis
3625 933 3832 988 inveni-

2241 1024 2343 1076 Inr.
2379 1021 2449 1076 Et
2477 1021 2596 1076 ideo
2640 1021 2901 1076 Dominus
2946 1021 2997 1076 in
3047 1022 3422 1092 persecutione
3477 1022 3733 1078 secedere
3779 1030 3835 1078 et

2237 1114 2428 1184 fugere
2447 1113 2738 1177 mandavit,
2757 1123 2936 1184 atque,
2967 1121 3024 1168 ut
3050 1113 3101 1168 id
3125 1114 3295 1180 fieret,
3323 1123 3377 1168 et
3397 1111 3578 1168 docuit
3598 1122 3653 1168 et
3683 1113 3830 1170 fecit.

2234 1206 2391 1270 Nam,
2430 1223 2552 1263 cum
2585 1221 2784 1262 corona
2817 1207 2884 1262 de
2933 1207 3023 1261 Dei
3055 1205 3362 1278 dignatione
3389 1207 3700 1273 descendat,
3733 1222 3832 1263 nec

2236 1300 2406 1371 possit
2445 1299 2616 1366 accipi
2649 1299 2748 1354 nisi
2790 1298 2950 1354 fuerit
2999 1299 3128 1354 hora
3177 1299 3446 1366 sumendi,
3491 1300 3732 1371 quisquis
3775 1302 3828 1355 in

2235 1390 2450 1445 Christo
2480 1405 2703 1444 manens
2737 1389 2950 1445 interim
2992 1390 3155 1456 cedit,
3188 1404 3292 1444 non
3335 1389 3494 1444 [idem
3525 1397 3702 1460 negat,
3733 1391 3828 1446 scd

2237 1492 2445 1551 tempus
2475 1480 2503 1518 ιι
2531 1489 2785 1551 expectat
2807 1498 2821 1536 :
2843 1481 2934 1551 qui
2962 1489 3142 1536 autem
3162 1495 3286 1537 cum
3315 1495 3420 1537 non
3447 1481 3723 1537 secederet
3741 1496 3831 1538 ce-

2236 1572 2402 1640 cidit,
2441 1581 2729 1642 negaturus
2754 1571 3035 1628 remansit.

2304 1664 2396 1722 XI.
2444 1663 2860 1728 Dissimulanda,
2889 1661 3084 1717 fratres
3109 1661 3466 1728 dilectissimi,
3495 1663 3695 1719 veritas
3718 1679 3826 1724 non

533 1755 739 1827 parvuli
798 1755 940 1826 quod
987 1758 1039 1812 in
1089 1760 1264 1828 primo
1313 1761 1492 1814 statim
1544 1761 1842 1817 nativitatis
1895 1762 2119 1818 exordio
2148 1765 2194 1824 B
2223 1768 2302 1812 est
2321 1799 2336 1824 ,
2354 1771 2454 1812 nec
2475 1756 2711 1810 vulneris
2729 1753 2898 1809 nostri
2923 1753 3144 1808 materia
3163 1763 3220 1808 et
3235 1767 3394 1808 causa
3413 1754 3706 1810 reticenda.
3733 1755 3829 1811 De-

533 1847 742 1904 fncrant
762 1851 1064 1906 consecuti.
1096 1850 1286 1907 Nonne
1317 1852 1393 1906 illi
1419 1868 1543 1907 cum
1565 1853 1752 1923 judicii
1774 1853 1890 1910 dies
1916 1856 2124 1909 venerit

528 1941 709 1998 dicent
737 1960 751 1996 :
781 1942 891 1998 Nos
928 1943 1059 1998 nihil
1087 1945 1208 1998 mali
1237 1941 1264 1981 ἀ
1293 1945 1535 2013 fecimus,
1565 1962 1685 2013 nec,
1711 1947 1971 2003 derelicto
2000 1946 2123 2004 cibo

528 2043 583 2088 et
603 2034 796 2104 poculo
828 2034 1060 2102 Domini,
1086 2035 1152 2091 ad
1194 2037 1412 2107 profana
1443 2040 1687 2111 contagia
1717 2046 1910 2110 sponte
1927 2054 2122 2111 prope-

528 2128 784 2183 ravimus.
817 2126 1054 2182 Perdidit
1075 2143 1174 2184 nos
1197 2131 1369 2185 aliena
1396 2130 1641 2200 perfidia,
1673 2141 1924 2202 parentes
1957 2133 2123 2188 sensi-

526 2231 646 2270 mus
677 2218 990 2286 parricidas.
1024 2218 1104 2273 Illi
1138 2222 1296 2279 nobis
1325 2221 1624 2279 Ecelesiam
1643 2235 1891 2292 matrem,
1923 2225 1997 2278 illi
2027 2239 2122 2294 pa—

527 2317 665 2364 trem
696 2311 862 2365 Deum
894 2323 1253 2382 negaverunt;
1287 2327 1364 2382 ut,
1391 2318 1539 2379 dum,
1572 2317 1723 2386 parvi
1753 2324 1809 2372 et
1837 2317 2118 2387 improvidi

525 2412 582 2456 et
626 2404 753 2457 tanti
785 2403 1034 2460 facinoris
1055 2405 1244 2476 ignari,
1279 2422 1378 2476 per
1405 2406 1537 2463 alios
1563 2408 1628 2462 ad
1661 2410 1990 2464 consortium
2017 2410 2120 2465 cri-

527 2495 726 2549 minum
749 2496 1043 2566 jnngimur,
1076 2499 1248 2555 aliena
1273 2499 1458 2556 fraude
1486 2517 1821 2569 caperemur.

597 2585 664 2642 X.
683 2585 792 2642 Nec
821 2597 922 2654 est,
957 2589 1089 2658 proh
1111 2591 1295 2654 dolor!
1324 2594 1460 2661 jnsta
1487 2593 1662 2661 aliqua
1685 2603 1740 2648 et
1757 2595 1935 2664 gravis
1956 2610 2116 2651 causa

523 2691 644 2746 qua:
673 2686 874 2733 tantum
920 2679 1125 2735 facinus
1171 2693 1416 2737 excuset.
1450 2681 1815 2754 Relinquenda
1865 2696 1980 2741 erat
2021 2701 2117 2756 pa-

525 2766 623 2820 tria
681 2775 734 2822 et
776 2770 1078 2836 patrimonii
1118 2771 1363 2828 facienda
1392 2775 1620 2844 jactura.
1655 2774 1753 2831 Cui
1802 2777 1945 2832 enim
1987 2793 2114 2832 nas-

522 2859 667 2912 centi
697 2866 858 2930 atque
881 2862 1132 2918 morienti
1159 2879 1265 2918 non
1297 2865 1648 2936 relinquenda
1674 2866 1997 2938 quandoque
2024 2882 2116 2939 pa-

522 2952 621 3007 tria
647 2962 702 3008 et
732 2945 1035 3024 patrimonii
1065 2959 1146 3013 sui
1172 2958 1410 3014 facienda
1435 2960 1645 3029 jactura
1665 2961 1791 3016 est?
1820 2972 1842 2998 ε
1871 2961 2116 3017 Christus

519 3057 626 3098 non
655 3045 1005 3116 relinquatur,
1035 3036 1222 3104 salutis
1264 3065 1326 3105 ac
1363 3052 1511 3107 sedis
1553 3064 1769 3108 aeternae
1809 3053 2020 3122 jactura
2050 3053 2115 3108 ti-

2227 1850 2370 1919 cepit
2396 1848 2592 1902 multos
2623 1843 2933 1916 patrimonii
2955 1845 3038 1899 sui
3059 1859 3213 1898 amor
3233 1858 3429 1909 caacus,
3458 1859 3559 1900 nec
3589 1846 3656 1900 ad
3680 1860 3830 1900 rece-

2225 1941 2458 1998 dendum
2493 1942 2664 2011 parati
2683 1949 2776 1995 aut
2797 1938 3031 2010 expediti
3059 1951 3178 1994 esse
3201 1947 3486 2008 potuerunt
3505 1951 3641 2007 quos
3662 1936 3827 1992 facul-

2225 2045 2360 2091 tates
2379 2050 2492 2091 sua:
2507 2035 2648 2090 velut
2666 2033 2953 2103 compedes
2969 2034 3283 2104 ligaverunt.
3309 2030 3400 2086 Illa
3429 2032 3640 2086 fuerunt
3661 2046 3828 2085 rema-

2225 2129 2475 2184 nentibus
2492 2126 2720 2190 vincula,
2758 2126 3078 2180 illzccatena:
3105 2121 3546 2194 quibusetvirtus
3558 2119 3822 2176 retardata

2221 2219 2534 2286 est,etfldes
2546 2234 2751 2290 pressa,
2766 2228 2821 2273 et
2841 2232 2993 2273 mens
3013 2217 3186 2271 vincta
3208 2225 3223 2252 ι
3239 2224 3319 2278 .et
3343 2216 3517 2271 anima
3542 2215 3822 2285 praeclusa,

2223 2321 2282 2366 ut
2303 2311 2544 2381 serpenti
2577 2321 2796 2375 terram,
2829 2308 3123 2363 secundum
3158 2307 3250 2362 Dei
3282 2307 3628 2373 sententiam,
3660 2307 3824 2363 devo-

2223 2404 2361 2457 ranti
2379 2401 2557 2472 praeda
2575 2411 2628 2456 et
2644 2401 2794 2456 cibus
2807 2400 2995 2456 fierent
3007 2399 3097 2470 qni
3116 2399 3458 2456 terrestribus
3476 2399 3818 2456 inhaererent.

2221 2492 2291 2548 Et
2318 2493 2517 2548 idcirco
2537 2493 2813 2558 Dominus,
2845 2493 3105 2547 bonorum
3129 2493 3382 2563 magister
3402 2503 3456 2546 et
3482 2507 3822 2563 praemonens

2221 2586 2274 2640 in
2306 2585 2539 2640 futurum
2564 2597 2577 2635 ι
2612 2603 2626 2638 :
2655 2585 2717 2639 Si
2743 2585 2834 2652 vis,
2861 2585 3050 2656 inquit,
3081 2590 3331 2656 perfectus
3350 2601 3477 2649 esse,
3500 2585 3643 2652 vade,
3667 2584 3823 2639 vende

2220 2677 2393 2730 omnia
2420 2688 2528 2742 tua,
2569 2685 2615 2730 et
2659 2677 2726 2730 da
2755 2677 3082 2747 pauperibus,
3112 2687 3159 2730 et
3185 2677 3389 2731 habebis
3427 2677 3719 2731 thesaurum
3760 2678 3815 2731 in

2218 2771 2394 2835 cmlis;
2425 2780 2470 2824 et
2510 2771 2643 2837 veni,
2685 2786 2889 2840 sequere
2921 2786 3018 2824 me.
3045 2769 3285 2841 (Matt/1.,
3317 2785 3427 2834 XIX,
3476 2769 3594 2841 21).
3630 2769 3684 2826 Si
3712 2769 3816 2826 hoc

2217 2862 2411 2918 divites
2457 2860 2715 2928 facerent,
2760 2877 2856 2932 per
2904 2861 3116 2916 divitias
3151 2875 3277 2916 suas
3307 2858 3334 2898 ιι
3379 2875 3484 2915 non
3531 2861 3816 2929 perirent;

2219 2962 2530 3014 thesaurum
2556 2958 2610 3012 in
2637 2957 2777 3012 ccelo
2803 2965 3147 3025 reponentes,
3181 2953 3388 3008 hostem
3411 2967 3553 3007 nunc
3578 2961 3630 3008 et
3657 2968 3818 3021 expu-

2215 3041 2494 3123 gnatorem
2532 3047 2550 3085 1
2581 3047 2940 3104 domeSticum
2966 3061 3073 3101 non
3109 3045 3390 3100 haberent.
3414 3043 3570 3099 Esset
3595 3043 3646 3098 in
3676 3043 3816 3098 caelo

519 3145 740 3192 meatur.
775 3137 980 3194 Clamat
1029 3157 1157 3197 ecce
1188 3158 1281 3212 per
1321 3144 1634 3214 prepbetam
1683 3146 1914 3216 Spiritus
1962 3161 2116 3202 sanc—
2140 3145 2185 3207 C
2219 3159 2314 3200 cor
2338 3153 2394 3199 et
2419 3144 2631 3198 animus
2660 3153 2713 3196 et
2745 3156 2958 3205 sensus,
2990 3139 3034 3196 si
3077 3137 3360 3193 thesaurus
3385 3146 3530 3192 esset
3557 3137 3608 3192 in
3636 3137 3810 3192 coelo:

519 3234 603 3281 tns
629 3245 643 3281 :
681 3228 949 3297 Discedite,
980 3232 1242 3297 discedite,
1271 3236 1403 3290 exite
1424 3236 1562 3303 inde,
1587 3248 1633 3291 et
1657 3239 1975 3292 immundum
2014 3255 2110 3293 no-

518 3317 602 3371 lite
627 3329 850 3390 tangere.
871 3321 1020 3376 Exite
1045 3323 1106 3377 de
1131 3325 1294 3379 medio
1314 3328 1442 3396 ejus,
1468 3329 1777 3395 separamini
1796 3327 1840 3394 ί,
1858 3330 1944 3398 qui
1966 3329 2109 3398 fertis

515 3423 636 3463 vasa
679 3410 882 3466 Domini
917 3415 935 3470 ί
971 3413 1076 3470 Isa.
1108 3431 1197 3482 ιιι,
1229 3415 1339 3489 ll).
1375 3418 1442 3472 Et
1469 3420 1556 3490 qui
1588 3402 1712 3474 vasa
1741 3430 1865 3476 sunt
1896 3421 2106 3476 Domini

517 3513 581 3554 ac
611 3501 866 3574 templum
897 3503 1012 3574 Dei,
1054 3521 1121 3562 ne
1151 3507 1482 3564 immundum
1515 3518 1735 3582 tangere
1764 3521 1818 3568 et
1848 3511 2103 3570 feralibus

2213 3250 2315 3291 nec
2336 3234 2477 3290 vinci
2502 3251 2531 3288 a
2555 3233 2752 3289 saeculo
2769 3241 2952 3304 posset
2972 3231 3061 3302 qui
3087 3229 3231 3284 unde
3247 3229 3547 3284 vinceretur
3559 3239 3620 3293 ω,
3647 3229 3698 3283 in
3721 3243 3816 3283 sa:-

2215 3329 2339 3385 culo
2369 3344 2476 3382 non
2525 3327 2767 3382 haberet.
2803 3325 3132 3395 Sequeretur
3159 3322 3444 3376 Dominum
3493 3321 3704 3376 solutus
3755 3330 3810 3376 et

2214 3421 2347 3477 liber
2369 3431 2418 3487 η,
2452 3419 2779 3490 utApostoli
2803 3429 2858 3474 et
2887 3416 2986 3472 sub
3014 3413 3282 3486 Apostolis
3308 3413 3461 3468 multi
3483 3421 3538 3468 et
3568 3412 3810 3469 nonnulli

2211 3527 2355 3584 smpe
2395 3513 2657 3580 fecerunt,
2685 3511 2754 3543 ’⁸³
2793 3509 2905 3581 qui,
2949 3516 3005 3564 et
3045 3506 3206 3563 rebus
3240 3504 3350 3562 suis
3398 3512 3454 3561 et
3499 3503 3810 3575 parentibus

1729 3649 2110 3712 LECTIONES
2148 3653 2562 3712 VARIANTES.

514 3775 516 3778 ν
571 3751 605 3821 ,³
627 3753 738 3821 illic
752 3759 993 3821 quomodo
1020 3762 1158 3813 Voss.
1177 3761 1223 3812 2.
1249 3761 1355 3815 Illic
1375 3776 1491 3815 num
1525 3764 1652 3816 Bod.
1688 3765 1738 3815 2.

571 3811 601 3853 δ
624 3811 881 3870 Debuerat
909 3825 1045 3874 Voss.
1072 3811 1118 3874 ιζ

574 3880 597 3952 ξ
623 3877 821 3952 Ιξξιίιυξη
849 3899 990 3952 suum
1018 3887 1176 3952 _0.ron_.

573 3937 600 4013 ᾖ
633 3941 813 4013 Νεεάο
831 3959 918 3996 cur
942 3948 1123 4013 palus.
1140 3948 1220 3999 hic
1243 3947 1510 4013 interponat
1534 3951 1645 4000 mali
1669 3950 1843 4004 Goldh.

574 4007 598 4063 9'
626 4003 822 4055 Jactura
851 4010 962 4058 est?
988 4011 1051 4060 Ut
1075 4010 1295 4062 Christus
1320 4003 1477 4063 Οᾶςοη.

571 4062 598 4138 ξ
618 4064 908 4138 Nundamini
947 4073 1212 4138 Man.__Qui
1242 4062 1445 4135 portatis
1466 4062 1570 4126 Lin.
1599 4077 1725 4127 Bod.

572 4127 598 4168 Β
616 4125 678 4177 Ει
698 4131 889 4182 secedit
917 4142 1047 4184 rem.
1069 4125 1176 4186 Lin.
1218 4125 1356 4188 Voss.
1380 4140 1430 4188 3.

2273 3769 2303 3806 ιι
2326 3768 2508 3818 Horam
2530 3772 2671 3820 Voss.
2697 3771 2746 3820 5.

2274 3830 2290 3868 i
2316 3831 2465 3893 Fides
2485 3833 2678 3893 prodita
2702 3837 2755 3882 et
2777 3841 2918 3878 mens
2932 3830 3058 3880 victa
3089 3835 3222 3878 Voss.
3240 3825 3288 3875 1.

2272 3895 2286 3942 i
2321 3891 2404 3942 Sic
2428 3885 2619 3944 foss.
2644 3893 2708 3943 Et
2741 3904 3048 3953 praeitionens
3073 3898 3124 3939 et
3146 3885 3407 3939 consulens
3431 3886 3590 3939 Oxon.

2266 3955 2293 3990 κ
2319 3955 2426 4004 Νοιι
2450 3967 2561 4005 suas
2585 3956 2719 4005 Lam.
2744 3951 2876 4003 The.
2901 3954 3037 4003 Foss.
3071 3955 3209 4002 Voss.

2268 4015 2285 4052 ι
2315 4015 2522 4079 Hostem
2547 4030 2678 4066 nunc
2704 4013 3100 4079 expugnatorem
3123 4015 3284 4079 Ορξοη.

2259 4079 2298 4107 ⁸³³
2333 4078 2612 4129 Vinciretur
2635 4072 2871 4129 Emenddt
2897 4078 3103 4128 Gronov.
3141 4076 3255 4129 Obs.
3282 4087 3410 4127 mon.
3437 4085 3488 4138 ρ.
3507 4072 3588 4124 40.

2260 4141 2288 4169 ³³
2322 4141 2537 4191 Securus
2560 4148 2612 4192 et
2633 4139 2759 4192 liber
2781 4140 2931 4202 Bod.,
2957 4140 3004 4190 4.

1737 4264 1977 4324 STEPH.
2020 4264 2286 4323 BALUZII
2325 4266 2578 4335 NOTAM

503 4369 802 4442 interrogati
822 4385 1079 4446 negarent,
1132 4356 1394 4434 nc'eorum
1440 4380 1734 4449 differretur
1761 4384 1996 4439 interitus
2045 4391 2092 4439 et
2114 4383 2170 4443 Ι)

501 4454 820 4512 rogaverunt.

573 4513 793 4596 Brachia
850 4521 1196 4576 conciderunt.
1242 4522 1422 4580 Codex
1465 4525 1842 4596 Seguierianus
1868 4568 1882 4593 ,
1930 4541 2090 4581 mem-

500 4583 588 4638 bra
606 4589 951 4647 conciderunt.

572 4656 954 4731 immolaturus.
1010 4662 1236 4731 Quidam
1297 4665 1427 4721 'lihri
1499 4677 1708 4724 veteres
1739 4682 1743 4688 '
1773 4677 1827 4724 et
1876 4676 2089 4724 veteres

499 4728 759 4811 editiones
801 4735 1000 4811 habent
1037 4728 1403 4811 iiiiintolaturzts
1448 4739 1950 4811 uelsupplicaturus.
1982 4739 2087 4794 Ita-

495 4812 598 4881 que
631 4801 844 4868 quidam
874 4805 1127 4881 librarius
1153 4807 1404 4880 antiquus
1451 4801 1661 4879 scripsit
1703 4811 2079 4866 immolaturus.

495 4869 648 4951 Alius
673 4877 1088 4951 snpra_lineam,
1121 4887 1182 4951 ut
1205 4869 1314 4933 tum
1343 4869 1574 4949 solebat,
1602 4883 1817 4950 scripsit
1847 4882 1925 4936 vel
1950 4898 2077 4948 sup-

496 4941 794 5024 plicaturus.
843 4945 922 5000 Ex
955 4946 1037 5024 his
1065 4941 1273 5004 duabus
1321 4941 1638 5024 lectionibus
1681 4941 1726 5006 ii'
1755 4953 1845 5022 qui
1890 4941 2076 5024 postea

493 5014 659 5094 secuti
687 5024 812 5094 sunt
832 5031 952 5071 eam
978 5018 1270 5094 elegerunt
1293 5037 1410 5091 qua:
1444 5022 1549 5094 illis
1591 5014 1789 5094 magis'
1810 5014 2071 5092 placebat.

495 5081 612 5162 [ﬁgo
638 5084 862 5162 pinifero
892 5103 1010 5162 eam
1041 5081 1158 5158 q‘uiu
1188 5081 1348 5162 habet
1373 5081 1748 5160 intritolaturus,
1779 5081 1936 5162 q'uam
1967 5107 2073 5148 non

491 5151 1152 5234 dubitolnisseprimam.
1196 5161 1328 5234 Nam
1373 5171 1427 5217 et
1467 5178 1592 5234 mox
1646 5151 1924 5234 seq'ui'tnr:
1961 5163 2072 5217 lm-

489 5226 690 5279 molasti
717 5228 798 5301 hic
819 5226 1035 5283 salutem
1074 5240 1234 5286 tuam.
1267 5231 1457 5301 ,Aliam
1503 5226 1786 5290 lectionem
1815 5235 2072 5301 adjuvare

489 5306 710 5377 possunt
749 5298 863 5377 lucc
889 5302 1051 5377 verba
1082 5295 1395 5359 Tertulliani
1423 5320 1491 5377 ex
1539 5305 1675 5360 libro
1715 5306 1778 5358 de
1803 5295 2025 5377 Jej-ztriiis
2055 5321 2073 5358 :

488 5364 666 5445 Saccis
706 5369 957 5445 voluti__et
1000 5372 1166 5427 cinere
1191 5376 1450 5445 conspersi
1489 5377 1640 5430 idolis
1679 5377 1786 5430 suis
1830 5364 2074 5430 invidiam

483 5439 762 5508 supplicem
785 5442 1048 5502 objiciunt.
1249 5495 1263 5508 ,

557 5506 650 5585 IX.
679 5539 747 5549 —
776 5509 1010 5585 Infantes
1049 5506 1264 5585 quoque.
1317 5515 1462 5571 Citat
1513 5518 1653 5572 hunc
1703 5519 1876 5573 locum
1916 5532 2073 5571 sane-

488 5583 579 5659 ius,
598 5578 929 5659 Augustinus
958 5584 1009 5659 in
1043 5578 1277 5659 Epistula
1311 5588 1378 5659 ad
1403 5587 1728 5657 Bonifacium
1753 5592 2067 5659 epismpnm.

483 5648 820 5728 thatuslib.
849 5669 904 5708 Ill
929 5671 942 5706 :
967 5648 1210 5709 Omnibus
1233 5658 1357 5728 locis
1383 5648 1621 5728 ternplum
1648 5671 1752 5712 erat
1773 5648 1858 5713 aut
1886 5648 2068 5714 scelus.

483 5715 895 5789 Inquinabantur
922 5742 1082 5797 prope
1124 5727 1391 5782 morientes
1414 5715 1577 5799 senes,
1609 5731 1851 5801 ignorans
1879 5730 2076 5801 pollue-

2195 4383 2343 4463 batur
2368 4382 2624 4455 infantia,
2672 4382 2905 4463 manibus
2952 4383 3116 4463 parvi;
3145 4381 3298 4463 pueri
3334 4377 3786 4463 portabantur‘ad

2194 4455 2357 4524 nefas,
2387 4447 2624 4524 parentes
2667 4454 2933 4509 incruenta
2953 4447 3243 4523 parricidia
3269 4447 3434 4524 facere
3459 4447 3784 4524 cogebantur.

2265 4518 2556 4579 Arriiserunt
2603 4526 2821 4594 parvuli.
2888 4518 3038 4580 Hunc
3103 4518 3314 4594 quntuie
3351 4519 3559 4594 __locum
3627 4518 3790 4594 refert

2191 4608 2410 4652 sanctus
2441 4589 2766 4670 Augustinus
2795 4596 2845 4649 in
2871 4589 3203 4670 Epistola'ad
3229 4589 3791 4670 Bonifaciuimepisco:

2231 4684 2349 4734 um,
2406 4679 2464 4720 ut
2507 4659 2758 4738 Cypriani
2801 4659 3108 4720 testimonio
3154 4663 3341 4738 probet
3380 4659 3615 4731 parvulis
3642 4659 3783 4728 apud

2231 4684 2349 4734 um,
2406 4684 2464 4720 ut
2507 4684 2758 4738 cypriam
2801 4684 3108 4720 tesuinomo
3154 4684 3341 4732 probet
3380 4684 3446 4731 pa

2191 4684 2356 4793 Deum
2388 4753 2493 4793 non
2517 4739 2736 4809 officere
2762 4744 3042 4805 parentum
3071 4734 3380 4809 perfidiam_._
3436 4801 3447 4809 .

2261 4811 2442 4864 Aliena
2483 4807 2663 4879 fraude
2705 4801 3018 4879 caperemur.
3074 4801 3150 4860 Ita
3195 4801 3454 4879 δεχηΙρὺῄ
3478 4808 3685 4879 vett-res
3725 4811 3781 4857 et

2182 4890 2405 4935 sanctus
2437 4872 2786 4948 Augustinus.
2820 4877 3064 4946 Plerique
3095 4886 3272 4931 tamen
3303 4874 3417 4929 libri
3441 4872 3640 4928 habent
3671 4889 3782 4927 mo-

2181 4962 2436 5016 rerentur,
2465 4951 2702 5016 quinque
2726 4948 2894 5002 aliena
2916 4956 3075 5001 morte
3103 4957 3432 5002 morerentur.

2252 5021 2343 5075 XI.
2375 5012 2579 5074 -έ-Ῐιιω
2603 5028 2812 5088 catenae.
2843 5018 3072 5075 Sanctus
3101 5017 3429 5088 Augustinus
3458 5012 3710 5069 Tractatu
3740 5029 3771 5068 Σ

2179 5092 2232 5146 in
2265 5090 2611 5162 Evangelium
2655 5081 2876 5145 Joannis
2916 5107 2930 5144 ε
2985 5088 3097 5144 Erit
3123 5081 3213 5144 tibi
3235 5088 3450 5143 avaritia
3478 5094 3656 5138 catena
3683 5101 3771 5154 pe-

2179 5164 2320 5216 dunt.

2253 5235 2352 5300 Qui
2409 5231 2745 5287 terrestribus.
2795 5231 3066 5287 Pamelius
3126 5226 3770 5300 adjecitcupiditatibus,
3849 5245 3851 5247 ί

2178 5297 2366 5374 parum
2422 5302 2990 5374 ﬁrmishtestlmoniis.
3037 5297 3386 5370 Idem'paulo
3445 5307 3562 5366 post
3607 5297 3770 5350 simili

2176 5371 2494 5448 auctoritate
2514 5372 2718 5427 addidit
2728 5382 2776 5426 et
2796 5371 3062 5448 cortsulens
3081 5380 3201 5448 post
3221 5385 3406 5448 vocem
3431 5383 3772 5448 priemonens.

2180 5445 2284 5501 Sed
2313 5447 2410 5499 ista
2453 5460 2559 5498 non
2605 5451 2791 5497 extant
2819 5445 2871 5497 in
2900 5440 3135 5513 antiquis
3178 5440 3452 5497 codicibus
3480 5452 3674 5513 neque
3719 5440 3769 5491 in

2177 5516 2410 5589 antiquis
2452 5513 2796 5589 editionihus.
2836 5514 2991 5582 Angli
3033 5509 3221 5589 tamen
3247 5527 3359 5589 ἐξ-
3393 5509 3766 5589 retinuerat“)

2179 5579 2421 5655 quamvis
2474 5585 2856 5655 hiscarcrent
2899 5579 3082 5638 eorum
3141 5581 3433 5655 libri._Yox
3478 5579 3772 5655 cupiditatis

2178 5647 2354 5710 addita
2385 5656 2524 5710 haud
2561 5654 2724 5710 dubie
2750 5665 2832 5710 est
2867 5669 2899 5709 a
2929 5655 3158 5721 quodam
3201 5652 3444 5707 studioso
3485 5652 3577 5718 qui
3628 5647 3767 5704 infra

2179 5726 2422 5798 legebat,
2449 5727 2535 5797 qui
2555 5726 2765 5782 terrenis
2794 5725 3155 5798 cupiditatibus
3181 5729 3584 5796 prtegravantur.
