4332 6292
531 257 641 320 ΠΒ

1940 250 2079 310 DIVI
2112 249 2438 312 CYPRIANI

3717 252 3824 318 ΠΒ

536 359 833 440 derelictis,
888 368 1175 430 individuis
1220 366 1437 425 Christo
1492 368 1718 425 nexibus
1764 368 2124 426 adhaeserunt.
2157 354 2210 433 Ᾱ
2306 369 2443 427 XIII.
2483 368 2588 426 Sed
2622 374 2883 426 tormenta
2910 367 3270 441 postmodum
3297 379 3574 441 venerant,
3616 382 3670 430 et
3698 390 3826 431 cru-

608 465 725 523 Xll.
766 463 929 534 Sequi
957 470 1134 517 autem
1186 458 1459 516 Christum
1487 461 1758 531 quomodo
1786 470 2012 531 possunt
2039 462 2131 533 qui

538 557 846 631 patrimonii
873 555 1089 611 vinculo
1114 553 1422 610 detinentur
1453 553 1478 608 ἲ
1509 555 1613 609 Aut
1641 554 1911 624 quomodo
1933 556 2129 612 ctelum

539 657 744 722 petunt,
759 658 815 704 et
834 647 903 703 ad
927 646 1176 703 sublimia
1192 654 1248 703 et
1261 646 1367 702 alta
1387 646 1755 702 conscendunt
1770 648 1883 718 qui,
1905 649 2133 705 terrenis

538 740 915 814 cupiditatibus
942 739 1341 811 degravantur?
1392 738 1677 794 Possidere
1702 753 1763 794 se
1788 738 2015 794 credunt
2038 740 2130 809 qui

538 833 715 905 potius
735 829 1098 903 possidentur,
1119 840 1315 885 census
1331 829 1415 884 sui
1436 828 1601 896 servi,
1630 842 1730 884 nec
1759 828 1825 885 ad
1855 830 2130 899 pecuniam

538 941 690 982 suam
704 923 929 989 domini,
951 924 1048 980 sed
1074 924 1246 996 magis
1265 924 1506 994 pecuniae
1526 925 1835 995 mancipati.
1862 924 1974 981 Hoc
1997 933 2103 980 tem
2117 952 2131 967 ο

539 1033 660 1091 pus,
692 1018 792 1073 hos
819 1015 1064 1073 homines
1082 1016 1369 1087 Apostolus
1394 1015 1616 1072 denotat
1654 1015 1839 1072 dicens
1867 1034 1880 1071 :
1919 1015 2017 1084 Qui
2040 1032 2135 1071 au-

468 1138 471 1145 ·
539 1121 638 1167 teni
661 1111 834 1165 volunt
862 1108 1040 1164 divites
1069 1109 1201 1178 ﬁeri,
1230 1109 1459 1163 incidunt
1486 1109 1539 1163 in
1571 1108 1900 1163 tentationem
1923 1116 1969 1162 at
1996 1124 2133 1163 ntus-

538 1204 764 1275 eipulant
784 1210 811 1241 ι
839 1210 886 1256 et
909 1201 1161 1257 desideria
1189 1202 1349 1257 multa
1373 1201 1576 1257 inutilia
1601 1213 1652 1257 et
1678 1202 1912 1256 nocentia
1939 1200 1991 1269 δ,
2022 1216 2135 1272 quat

540 1304 771 1368 mergant
797 1295 1048 1350 Itoniinem
1061 1296 1115 1349 in
1140 1295 1470 1365 perditionem
1497 1304 1545 1350 et
1572 1296 1625 1349 in
1649 1296 1924 1350 interitum.
1962 1294 2136 1351 Radix

540 1388 675 1444 enim
698 1387 923 1441 omnium
947 1387 1200 1441 malorum
1221 1394 1298 1441 est
1324 1385 1600 1457 cupiditas,
1628 1403 1784 1460 quam
1810 1387 2019 1457 quidam
2040 1404 2136 1457 ap-

542 1490 763 1554 petentes
777 1490 1069 1537 erraverunt
1087 1496 1121 1535 a
1141 1481 1240 1549 title
1256 1488 1307 1535 et
1322 1481 1642 1536 inseruerunt
1659 1496 1712 1537 se
1726 1480 1988 1536 doloribus
2010 1483 2139 1537 mul-

544 1575 607 1629 tis
631 1573 676 1645 (Ι
695 1572 854 1640 Tini.,
870 1589 945 1641 vr,
975 1571 1054 1643 9).
1079 1573 1335 1628 Dominus
1353 1578 1534 1628 autem
1554 1572 1750 1644 quibus
1777 1578 1876 1629 nos
1898 1574 2137 1646 praemiis

542 1664 611 1721 ad
638 1670 1002 1736 contemptum
1048 1667 1124 1720 ret
1146 1662 1424 1721 familiaris
1469 1662 1694 1719 invitati
1721 1663 1889 1719 Parva
1920 1664 2037 1721 hmo
2081 1676 2136 1722 et

2234 462 2404 519 ciatus
2423 477 2611 533 graves
2637 462 3020 518 reluctantibus
3043 462 3409 520 imminebant.
3435 465 3597 533 Queri
3619 467 3689 523 de
3720 478 3830 524 tera
3890 488 3917 535 χ

2235 555 2430 610 mentis
2453 563 2632 624 potest
2658 556 2745 626 qui
2770 569 2866 624 per
2890 562 3156 610 tormenta
3188 565 3472 627 superatus
3491 559 3618 614 est?
3645 559 3830 617 Potest

2235 647 2633 703 excusationem
2654 646 2860 702 doloris
2883 645 3178 702 obtendere
3201 648 3293 718 qui
3322 648 3495 704 victus
3543 660 3626 706 est
3648 650 3702 706 in
3733 651 3829 709 do-

2232 738 2393 794 lore?
2419 738 2601 793 Potest
2629 752 2818 809 rogare
2841 737 2963 794 talis
2992 748 3048 794 et
3074 737 3291 795 dicere:
3314 757 3334 792 ι
3365 738 3588 797 Ccrtsre
3613 742 3827 812 quidem

2236 830 2446 886 fortiter
2474 830 2638 897 volui,
2667 841 2756 896 et,
2783 832 3101 887 sacramenti
3134 832 3241 887 mei
3267 848 3496 901 memor,
3528 835 3830 896 devotionis

2237 937 2298 978 ac
2321 922 2442 980 ﬁdei
2464 939 2612 978 arma
2632 924 2845 993 suscepi
2862 938 2877 986 :
2899 923 2992 979 sed
3016 938 3103 980 me
3123 923 3175 979 in
3195 927 3576 997 congressione
3592 944 3826 1001 pugnan-

2236 1026 2344 1077 tem
2391 1016 2751 1072 cruciamenta
2781 1017 2924 1071 varia
2953 1026 3008 1072 et
3052 1018 3313 1088 supplicia
3358 1020 3517 1091 longa
3563 1021 3826 1079 vicerunt.

2238 1108 2397 1166 Stetit
2422 1122 2573 1163 mens
2596 1108 2807 1164 ambitis
2833 1115 2891 1164 et
2914 1107 3044 1163 ﬁdes
3068 1107 3245 1175 fortis,
3278 1121 3335 1166 et
3369 1126 3491 1167 etim
3518 1116 3830 1184 torquenti-

2238 1200 2341 1256 bus
2356 1201 2528 1271 plenis
2546 1200 2837 1255 imnmbilis
2861 1199 2951 1255 diu
2973 1205 3149 1257 auium
3172 1201 3367 1259 luctata
3387 1213 3472 1260 est
3492 1222 3509 1259 :
3537 1205 3654 1273 sed,
3680 1222 3825 1275 cum,

2238 1294 2506 1350 durissimi
2532 1292 2726 1364 judicis
2742 1294 3154 1351 recrudescente
3176 1297 3404 1363 saevitia,
3427 1297 3538 1367 jam
3557 1298 3830 1372 fatigatum

2239 1403 2382 1444 nunc
2431 1386 2639 1458 ﬂagella
2672 1396 2695 1425 ε
2726 1386 3056 1455 scinderent,
3085 1404 3226 1442 nunc
3271 1390 3665 1447 contunderent
3715 1391 3831 1449 fus-

2239 1489 2339 1545 tes,
2367 1493 2508 1534 nunc
2530 1479 2791 1549 equuleus
2810 1477 3147 1546 extenderet,
3172 1495 3315 1535 nunc
3336 1481 3529 1552 ungula
3549 1482 3830 1551 eﬂ‘oderet,

2239 1586 2383 1629 nunc
2407 1570 2621 1627 ﬂamma
2660 1577 2907 1634 torreret,
2928 1584 3057 1626 caro
3077 1584 3165 1626 me
3192 1572 3245 1625 in
3275 1571 3651 1629 colluctatione
3672 1573 3834 1630 desc-

2240 1665 2368 1730 ruit,
2399 1663 2679 1719 inﬁrmitas
2706 1663 2975 1718 viscerum
2996 1660 3180 1727 cessit,
3203 1677 3306 1718 nec
3328 1664 3545 1721 animus
3593 1665 3688 1721 sed
3714 1681 3836 1722 cor-

544 1754 734 1828 exigua
762 1748 919 1827 hujus
938 1755 1198 1825 temporis
1221 1754 1417 1811 damna
1434 1754 1626 1825 quibus
1653 1755 1990 1812 mercedibus
2013 1772 2136 1827 pen-
2163 1772 2214 1833 Β
2242 1772 2339 1829 pus
2365 1757 2421 1812 in
2446 1756 2632 1812 dolore
2655 1752 2902 1810 defecit.»
2937 1754 3117 1811 Potest
3144 1752 3254 1809 cito
3282 1751 3299 1790 ί
3332 1754 3593 1825 proﬁcere
3633 1756 3701 1811 ad
3741 1773 3837 1812 ve-

543 1848 668 1903 sat?
688 1847 855 1903 Nemo
875 1857 966 1914 est,
997 1848 1187 1918 inquit,
1208 1849 1295 1919 qui
1324 1847 1578 1918 relinquat
1601 1846 1810 1903 domum
1829 1858 1915 1902 aut
1933 1862 2137 1921 agrum,

547 1948 637 1993 aut
660 1948 894 2011 parentes
915 1948 1003 1993 aut
1032 1943 1237 2009 fratres,
1266 1946 1354 1992 aut
1384 1954 1593 1994 uxorem
1636 1947 1726 1997 aut
1755 1940 1911 2008 ﬁlios,
1940 1949 2146 2011 propter

545 2045 757 2102 regnum
787 2029 901 2098 Dei,
930 2039 976 2085 et
1003 2046 1105 2085 non
1124 2030 1335 2100 recipiat
1365 2030 1547 2100 septies
1573 2039 1771 2085 tantum
1813 2032 1867 2085 in
1893 2030 1989 2086 isto
2013 2040 2144 2086 temo

548 2139 690 2194 pore,
718 2124 771 2178 in
812 2124 999 2178 swequ
1023 2124 1191 2178 autem
1214 2131 1423 2179 uenturo
1451 2124 1605 2177 vitam
1650 2132 1893 2179 (sternam
1919 2125 1940 2196 (
1974 2122 2143 2178 Mare.

549 2231 605 2283 x,
627 2214 743 2288 29).
774 2214 979 2284 Quibus
999 2217 1230 2288 cognitis
1257 2227 1313 2273 et
1340 2217 1410 2272 de
1432 2216 1641 2272 Domini
1670 2217 1969 2287 pollicentis
2004 2217 2149 2272 veri.

551 2314 662 2363 tate
713 2309 1026 2378 compertis,
1085 2322 1191 2363 non
1224 2316 1429 2364 tantum
1463 2308 1696 2364 timenda
1743 2322 1849 2363 non
1893 2317 1975 2364 est
2011 2308 2150 2379 ejus-

550 2399 695 2456 modi
726 2399 819 2457 sed
844 2408 902 2456 et
941 2398 1174 2471 optanda
1199 2400 1407 2472 jactura
1431 2442 1446 2466 ,
1476 2400 1593 2469 ipso
1635 2400 1816 2457 denuo
1862 2400 2088 2455 Domino
2121 2413 2144 2441 ε

550 2491 878 2562 praedicante
902 2501 956 2548 et
977 2502 1230 2547 monente
1255 2509 1269 2546 :
1299 2484 1449 2546 Beati
1465 2492 1602 2547 eritis
1629 2507 1745 2545 cum
1772 2492 2017 2563 perseth
2064 2494 2151 2546 vos

552 2586 740 2655 fuerint
760 2580 812 2652 ἀ,
836 2594 884 2639 et
910 2584 1252 2657 separaserint
1279 2596 1366 2640 vos
1389 2593 1438 2640 et
1463 2584 1768 2655 expulerint,
1794 2593 1842 2639 et
1869 2584 2150 2639 maledixe-

550 2677 653 2733 rint
680 2676 873 2731 nomini
896 2685 1057 2731 oestro
1099 2684 1157 2731 ut
1199 2690 1412 2747 nequam
1440 2685 1646 2747 propter
1677 2673 1870 2730 Filium
1908 2675 2149 2729 hominis.

555 2768 784 2824 Gaudete
806 2769 860 2823 in
883 2767 978 2823 illa
1003 2768 1087 2823 die
1110 2775 1158 2823 et
1183 2768 1447 2833 exilitate;
1478 2783 1591 2823 ecce
1612 2769 1745 2824 enim
1771 2782 1962 2823 mei'ces
1989 2776 2154 2821 uestra

552 2862 715 2919 multa
742 2854 818 2918 est
859 2863 913 2917 in
941 2858 1079 2935 stetis
1109 2860 1283 2934 (Luc.
1312 2877 1383 2931 vs,
1407 2860 1522 2933 22).

2246 1850 2389 1905 niam
2421 1855 2580 1904 causa
2615 1847 2752 1903 talis.
2783 1845 2965 1902 Potest
2992 1845 3258 1915 ejusmodi
3286 1847 3558 1903 excusatio
3582 1863 3704 1905 esse
3732 1849 3836 1904 mi-

2247 1938 2514 1996 serabilis.
2535 1937 2623 1994 Sic
2664 1937 2752 1993 hic
2773 1945 2798 1985 ϐ
2821 1934 2979 1993 Casta
3016 1944 3073 1991 et
3106 1935 3324 1992 iEmilio
3346 1936 3632 2008 aliquando
3661 1939 3838 1994 Domi-

2248 2046 2351 2088 nus
2376 2031 2610 2103 ignovit;
2636 2031 2736 2099 sic,
2764 2031 2818 2086 in
2850 2030 3019 2100 prima
3044 2030 3423 2102 congressione
3447 2030 3707 2100 devictos,
3728 2033 3839 2089 vic-

2250 2133 2398 2180 tores
2425 2126 2479 2179 in
2510 2123 2746 2182 secundo
2774 2123 2960 2193 prailio
2984 2121 3235 2187 reddidit,
3269 2130 3325 2177 ut
3349 2121 3601 2181 fortiores
3628 2126 3838 2196 ignibus

2253 2215 2444 2271 ﬁerent
2469 2216 2556 2289 qui
2609 2214 2822 2286 ignibus
2862 2224 2987 2269 ante
3012 2213 3324 2281 Cessissent,
3355 2223 3410 2269 ct
3436 2213 3579 2270 unde
3605 2218 3843 2287 superati

2251 2317 2453 2376 essent,
2486 2308 2611 2365 inde
2639 2315 2980 2379 superarent.
3030 2307 3469 2378 Deprecabantnr
3516 2308 3593 2363 illi
3620 2324 3727 2364 non
3769 2310 3846 2364 la-

2253 2416 2559 2473 crymarum
2588 2400 2933 2456 miseratione
2972 2399 3066 2456 sed
3107 2399 3412 2467 vulnerum,
3464 2414 3564 2456 nec
3607 2400 3721 2456 sola
3768 2401 3846 2455 la-

2256 2491 2533 2547 mentabili
2565 2506 2715 2557 voce,
2744 2490 2839 2546 sed
2890 2491 3218 2547 laceratione
3261 2490 3501 2563 corporis
3531 2499 3588 2547 et
3639 2491 3842 2547 dolore.

2254 2584 2503 2641 Manabat
2545 2600 2641 2654 pro
2670 2583 2884 2640 ﬂetibus
2908 2584 3145 2660 sanguis,
3175 2593 3233 2640 et
3261 2596 3357 2653 pro
3400 2583 3648 2656 lacrymis
3686 2598 3847 2640 cruor

2256 2676 2639 2734 semiustulatis
2667 2676 2960 2733 visceribus
2990 2674 3277 2732 deﬂuebat.
3806 2668 3809 2671 “

2333 2856 2474 2915 XIV.
2513 2855 2666 2914 Nunc
2693 2869 2822 2913 vero
2848 2870 2967 2927 quas
2996 2854 3211 2941 vulnera
3242 2854 3529 2914 ostendere
3557 2855 3680 2913 victi
3729 2868 3851 2927 pos-

1797 2973 2182 3033 LECTIONES
2218 2967 2637 3028 VARIANTES.

621 3097 648 3163 _‘
677 3096 1003 3163 pluseipulam
1020 3092 1199 3163 diaboli
1235 3094 1369 3145 Voss.
1392 3095 1442 3163 ξ,

617 3155 649 3197 ιι
677 3156 827 3208 Multa
841 3155 897 3208 et
918 3158 1142 3208 nocentia
1161 3157 1300 3208 Oxon
1318 3168 1382 3207 ea:
1401 3156 1551 3207 MSS.

623 3228 646 3254 υ
682 3222 744 3275 Ει
763 3220 874 3270 Deo
895 3230 1028 3272 Voss.
1048 3220 1095 3270 1.
1119 3222 1169 3270 3.

622 3282 649 3323 ιι
685 3283 894 3333 Fuerint
916 3280 1142 3331 homines
1164 3282 1255 3333 Ar.
1289 3280 1416 3331 Bod.
1441 3277 1487 3341 9.,
1512 3279 1561 3328 5.

634 3481 840 3543 Xll.—
861 3479 1131 3536 Possidere
1150 3495 1202 3535 se
1229 3480 1459 3535 credunt.
1493 3478 1627 3534 Vide
1655 3492 1814 3546 supra
1846 3492 1966 3547 pag.
1998 3478 2121 3532 584.

638 3552 749 3607 Nec
783 3552 851 3606 ad
890 3551 1177 3622 pecuniam.
1229 3551 1474 3621 Quinque
1530 3549 1649 3622 libri
1697 3554 1907 3622 veteres
1961 3547 2161 3622 habent

565 3642 655 3697 nec
684 3620 909 3697 pecuniae
932 3638 1056 3677 sum.
1086 3622 1189 3697 Alii
1220 3622 1355 3697 duo,
1405 3637 1494 3675 nec
1522 3620 1590 3697 ad
1630 3621 1896 3697 pecuniam
1941 3620 2154 3688 domini,

564 3696 651 3752 sed
673 3696 771 3764 ipsi
800 3695 964 3764 potius
990 3694 1216 3763 pecuniis
1246 3693 1336 3746 ⁵³⁷.
1522 3693 1527 3701 "
1683 3762 1689 3764 _
1761 3693 1764 3697 ’

637 3759 965 3821 Erraverunt.
991 3759 1387 3819 Revocavinius
1431 3762 1733 3818 necessario
1778 3761 1918 3816 hunc
1969 3759 2155 3815 lectio-

565 3854 710 3901 nem,
761 3852 918 3908 quam
950 3835 1220 3908 Manutius
1235 3835 1610 3908 eliminaverat
1635 3847 1841 3908 ponens
1868 3835 2150 3900 naufraga-

563 3904 1125 3975 veruuthuamquam
1174 3906 1315 3961 illius
1369 3906 1676 3960 mutationis
1722 3904 1932 3975 primus
1963 3912 2150 3956 auctor

565 3995 672 4034 non
720 3988 797 4030 est
826 3972 1109 4039 Manutius,
1141 3990 1262 4031 cum
1287 3991 1349 4029 ea
1377 3976 1532 4031 lectio
1550 3975 1659 4043 jun
1686 3972 1892 4043 extaret
1921 3972 1973 4025 in
2002 3986 2144 4027 mar-

565 4051 687 4118 gine
713 4045 962 4126 editionis
989 4061 1111 4126 quze
1134 4045 1331 4126 dicitur
1369 4040 1721 4126 essentiravil.
1758 4044 1829 4097 Ea
1858 4058 2017 4126 quam
2048 4058 2146 4097 nos

570 4112 907 4186 reposuimus
929 4112 1075 4169 extat
1101 4117 1151 4168 in
1182 4117 1412 4185 antiquis
1443 4115 1765 4186 editionibus
1796 4122 1850 4186 et
1879 4112 1931 4168 in
1958 4112 2144 4169 decem

567 4182 860 4243 ct'tiovetn
909 4187 1133 4240 vetustis
1182 4182 1595 4252 exemplaribus.
1629 4182 1985 4239 Manutianam
2038 4201 2141 4238 non

572 4259 747 4314 inveni
787 4258 886 4311 nisi
938 4256 989 4308 in
1036 4260 1288 4325 quinque.
1318 4255 1606 4319 Panielius,
1638 4257 1879 4324 quamvis
1905 4268 2021 4309 eam
2054 4270 2142 4310 re-

568 4330 786 4386 tinuerit
828 4328 881 4381 in
911 4336 1189 4392 contextu,
1226 4327 1394 4394 magis
1415 4327 1571 4379 aliam
1604 4326 1785 4395 probat
1826 4326 1876 4378 in
1901 4325 2154 4379 observa-

570 4398 802 4455 tionibus
827 4396 956 4452 suis.
991 4396 1044 4451 In
1079 4400 1184 4450 uno
1216 4412 1345 4451 vero
1374 4396 1509 4451 libro
1537 4394 1613 4449 ett
1632 4402 1780 4450 more
1826 4405 2065 4450 veterum
2094 4394 2156 4448 li-

572 4469 1154 4559 I'i‘rariorttmnscriptum
1180 4472 1728 4559 csutttufragatterunt
1746 4475 1802 4559 fl
1842 4478 2153 4549 erraverunt.
2192 4499 2246 4559 Ι)

573 4541 641 4596 Ει
667 4552 838 4596 tamen
865 4540 1163 4611 Cyprianus
1180 4541 1232 4592 In
1261 4539 1394 4611 libro
1411 4538 1472 4591 de
1497 4538 1723 4611 oratione
1741 4538 2017 4611 dominica,
2030 4551 2161 4611 pag.

570 4612 708 4675 2l0;
733 4612 785 4665 in
808 4608 935 4665 libro
955 4611 1015 4663 de
1033 4609 1199 4678 Opere
1210 4621 1254 4663 et
1273 4609 1639 4679 lileembsyuis,
1662 4623 1778 4678 pag.
1796 4608 1922 4670 240;
1943 4609 2098 4679 cllib.
2116 4614 2173 4662 ut

574 4682 995 4737 Testimoniorum
1033 4696 1146 4750 cap.
1184 4680 1272 4744 6],
1304 4680 1462 4734 habet
1493 4678 1921 4750 naufragoverimt
1947 4678 1979 4730 ὰ
1998 4678 2119 4750 litis.

650 4753 866 4824 Septies.
911 4748 1150 4820 Quatuor
1181 4751 1299 4806 libri
1334 4760 1545 4806 veteres
1589 4748 1644 4804 et
1674 4748 1839 4805 editio
1866 4748 2169 4803 Manutiana

577 4822 773 4879 habent
817 4824 1000 4877 centies

649 4893 788 4950 XIII.
812 4925 881 4934 —
914 4893 1181 4947 Venerunt.
1207 4894 1281 4955 Ita
1314 4902 1521 4948 veteres
1554 4892 1815 4947 editiones
1841 4901 1895 4946 et
1934 4904 2080 4945 xxvn
2109 4890 2170 4944 li-

577 4964 658 5021 bri
707 4977 939 5026 vetercs,
973 4965 1024 5018 in
1056 4964 1248 5031 quibus
1293 4979 1432 5034 pono
1464 4964 1826 5019 Veronensem
1858 4973 1912 5017 et
1941 4962 2165 5034 Seguie-

578 5036 814 5100 rianum,
846 5037 944 5090 nisi
968 5036 1109 5104 quod
1131 5033 1316 5089 eorum
1345 5044 1455 5091 tres
1484 5036 1681 5104 liabept
1705 5043 1966 5089 uenerunt.
1999 5033 2165 5088 Eras-

577 5123 699 5162 mus
729 5108 944 5177 scripsit
963 5115 1168 5177 ventura
1187 5116 1350 5161 erant.

653 5178 720 5231 1n
744 5175 936 5233 dolore.
972 5176 1149 5232 Codex
1182 5176 1424 5231 Lamonii
1476 5193 1565 5245 per
1588 5177 1834 5232 dolerent.
1864 5176 2015 5246 Quod
2058 5175 2162 5230 forv

580 5256 722 5303 tasse
753 5249 944 5303 melius
971 5259 1074 5303 est.
1109 5246 1245 5302 Vide
1280 5248 1573 5315 Epistolam
1613 5265 1669 5303 ιιι
1716 5246 1893 5304 Basilii
1929 5249 1995 5313 ad
2040 5247 2167 5301 Am-

574 5318 906 5389 philochium,
937 5321 1023 5374 tibi
1056 5329 1241 5372 tractat
1263 5318 1329 5373 de
1354 5320 1416 5373 iis
1437 5320 1523 5388 qui
1555 5323 1658 5374 non
1690 5319 1924 5376 ferentes
1953 5319 2166 5374 dolores

575 5391 640 5444 ad
672 5392 1005 5459 negationem
1036 5390 1235 5444 Christi
1269 5391 1420 5445 tracti
1447 5399 1588 5444 sunt.

651 5459 1055 5533 Reluctanlibus.
1086 5460 1326 5533 Quatuor
1354 5461 1473 5515 libri
1520 5469 1727 5517 veteres
1773 5460 2063 5533 praeferunt
2112 5460 2163 5514 in

579 5529 957 5594 luctationibus,
989 5531 1123 5585 alius
1153 5532 1203 5584 in
1228 5532 1604 5586 (uoluminibus.

652 5603 1049 5687 Qeugressione;
1070 5600 1249 5687 Codex
1282 5603 1946 5687 Fux'eusisfolluclqlione.

655 5670 969 5743 Faligatum.
1002 5672 1272 5743 Morellius
1305 5684 1360 5727 et
1390 5674 1655 5728 Pamelitis
1683 5673 1883 5729 addunt
1912 5675 2017 5741 iant
2058 5670 2164 5727 las-

583 5757 691 5797 sum
719 5760 924 5815 corpus.
966 5742 1073 5804 Sed
1092 5758 1193 5814 ego
1231 5743 1433 5812 delevi,
1467 5744 1592 5814 quia
1630 5760 1738 5804 non
1766 5746 1942 5817 reperi
1971 5745 2026 5804 in
2053 5744 2161 5805 ullo

2181 3088 2228 3153 C
2325 3088 2350 3153 ῗ
2384 3080 2603 3153 1flagella
2628 3082 2785 3153 adhuc
2808 3080 2933 3133 Bod.
2955 3076 3000 3147 l,
3017 3082 3065 3145 3,
3090 3082 3137 3133 4.

2326 3146 2347 3186 ί
2384 3146 2494 3199 Cito
2509 3147 2643 3199 deest
2661 3146 2712 3198 in
2742 3149 2881 3197 Voss.

2328 3213 2354 3252 ε
2386 3209 2472 3260 Sic
2491 3211 2564 3262 sic
2580 3218 2712 3261 Lam.
2742 3218 2875 3261 Voss.
2894 3208 2942 3258 l.
2966 3206 3103 3271 Foss.
3128 3205 3263 3272 Spir.
3291 3206 3421 3271 Imp.
3443 3218 3562 3272 nup.

1803 3360 2048 3419 STEPH.
2092 3360 2365 3421 BALUZII
2405 3360 2636 3419 NOTAE.

2269 3477 2435 3539 veleri
2475 3476 2611 3530 libro
2657 3487 2815 3544 quam
2854 3468 2918 3544 in
2964 3469 3238 3544 Beccensi.
3268 3466 3374 3544 Sed
3406 3476 3584 3544 tamen
3614 3470 3666 3526 in
3693 3473 3855 3529 variis

2267 3546 2586 3604 lectionibus
2613 3540 2794 3612 positis
2820 3542 2887 3596 ab
2915 3541 3125 3598 erudito
3154 3540 3384 3608 quodam
3417 3543 3467 3612 in
3520 3543 3850 3612 marginibus

2267 3619 2516 3673 editionis
2566 3611 2941 3683 Logdunensis
2992 3614 3116 3683 anni
3166 3611 3326 3683 {Si},
3376 3611 3687 3667 adnotatum
3743 3615 3849 3667 vidi

2259 3698 2446 3743 eontra
2480 3686 2624 3741 hunc
2654 3681 2829 3739 locum
2861 3685 2965 3748 iam
3002 3682 3213 3736 lassum.
3243 3681 3422 3736 Caesar
3452 3682 3543 3737 lib.
3570 3698 3586 3736 ι
3611 3683 3678 3738 de
3707 3684 3853 3740 bello

2260 3759 2463 3816 Gallico
2491 3758 2625 3811 dixit
2654 3755 2937 3811 verberibus
2955 3753 3300 3807 exanimatum
3333 3768 3537 3822 corpus.

2330 3829 2398 3884 In
2434 3830 2610 3883 dolore
2649 3827 2851 3894 deiecit.
2891 3826 3244 3895 Hieronymus
3275 3824 3326 3876 in
3354 3814 3514 3892 caput
3547 3836 3565 3878 t
3597 3814 3852 3893 Epistolm

2254 3900 2402 3956 Pauli
2432 3898 2662 3968 apostoli
2716 3892 2781 3950 ad
2835 3892 3105 3968 Galatas}
3133 3892 3200 3946 In
3232 3895 3480 3964 martyrio
3523 3892 3852 3968 non’eadmu

2252 3988 2401 4042 paena
2428 3965 2661 4040 plectitur
2680 3968 2766 4039 qui
2791 3969 2977 4042 absque
2997 3965 3352 4042 colluctatione
3381 3975 3425 4018 et
3452 3966 3710 4042 tormentis
3740 3972 3852 4042 sla-

2250 4035 2341 4097 tim
2371 4035 2617 4110 prosilivit
2632 4035 2700 4093 ad
2718 4035 3001 4106 negandum
3023 4045 3069 4089 et
3092 4035 3179 4089 ille
3198 4038 3280 4110 qui
3304 4037 3432 4089 inter
3451 4036 3709 4110 equuleus,
3731 4038 3856 4110 ﬁlli-

2247 4106 2410 4177 culas,
2458 4106 2694 4182 ignesque
2740 4110 2994 4182 distortus
3009 4109 3420 4182 georiipulsusues‘l
3451 4107 3583 4182 quod
3624 4106 3855 4182 credebat

2250 4199 2457 4254 negare.
2476 4176 2550 4236 Ἐι
2580 4176 2630 4235 in
2657 4190 2894 4254 caputvt
2918 4196 2931 4232 :
2958 4178 3019 4254 Si
3040 4176 3149 4247 quis
3172 4194 3262 4246 pro
3282 4176 3475 4254 illiriin
3500 4179 3720 4254 nominis
3741 4194 3856 4231 con-

2253 4247 2473 4325 fessione
2498 4247 2753 4325 cruciatus
2781 4251 2940 4325 alium
2966 4250 3017 4301 in
3053 4249 3315 4325 tormentis
3353 4247 3531 4301 viderit
3557 4248 3852 4325 denegasse,

2256 4319 2595 4393 "conipatiotur
2623 4321 2911 4393 uulneribus
2939 4320 3213 4390 negatoris,
3248 4328 3294 4374 et
3333 4335 3435 4372 non
3461 4328 3564 4372 tam
3588 4319 3734 4372 illum
3755 4320 3857 4373 ric-

2259 4392 2546 4463 tuntquant
2569 4410 2623 4447 se
2638 4393 2827 4463 risisse
2848 4392 3075 4463 miretur.

2346 4458 2498 4519 (Iusto
2521 4475 2566 4517 el
2595 4462 2836 4517 Aimilio.
2865 4460 3239 4517 Kalendarinm
3271 4468 3423 4514 vetus
3462 4459 3706 4523 ecclesia:
3728 4458 3859 4514 Car-

2275 4537 2602 4605 thaginiensis
2630 4536 2829 4605 editum
2861 4549 2889 4605 ιι
2916 4530 3219 4605 Maliillonio
3246 4547 3258 4583 :
3281 4543 3333 4605 xi
3364 4527 3694 4605 KaILJunias
3710 4546 3858 4605 sane.

2276 4600 2441 4661 lorum
2467 4606 2606 4661 ϐαδτὲ
2631 4615 2677 4659 el
2702 4602 2927 4657 Arinu'lii.
2963 4601 3019 4656 lu
3054 4602 3443 4672 martyrologiis
3472 4600 3625 4655 Beda:
3642 4609 3701 4672 e_t_
3723 4602 3859 4654 alin-

2275 4692 2394 4732 rum
2436 4678 2629 4748 legitur
2664 4675 2851 4728 eadem
2900 4673 2988 4748 die
3021 4690 3035 4723 ι
3065 4670 3132 4724 In
3163 4670 3340 4748 Africa
3384 4672 3521 4725 (iusti
3559 4681 3602 4724 et
3629 4670 3854 4733 At‘milii,

2272 4750 2357 4818 qui
2390 4744 2685 4820 pervigilem
2731 4745 2982 4820 passionis
3022 4744 3320 4820 nim'tyrium
3368 4753 3853 4820 €9ltditllttltﬂW’l‘trttl.

2273 4813 2464 4874 Scribit
2503 4813 2788 4889 Cbprianus
2817 4819 2868 4870 in
2896 4813 3108 4889 libro_de
3133 4813 3332 4889 Lapsis.
3378 4814 3537 4889 Extat
3566 4814 3709 4889 inter
3734 4813 3860 4868 Scr-

2272 4907 2461 4946 mones
2505 4884 2674 4943 sancti
2703 4887 2986 4958 Augustini
3014 4884 3205 4940 Sermo
3234 4884 3287 4937 in
3330 4885 3491 4939 natali
3522 4884 3857 4953 plurimorum

2272 4973 2555 5033 martyrum
2582 4957 2848 5029 incipiens
2876 4977 2889 5011 :
2924 4957 3230 5033 Sanctorum
3251 4966 3552 5033 martyrum,
3574 4969 3731 5033 quem
3752 4964 3858 5007 ttu-

2274 5036 2387 5104 peri
2408 5026 2654 5104 editores
2681 5026 2904 5103 operum
2936 5030 3105 5085 sancti
3132 5028 3414 5104 Augustini
3438 5026 3769 5104 collegerunt
3790 5039 3858 5078 ex

2274 5100 2509 5160 indicnlo
2549 5100 2778 5158 Possidii
2823 5104 3023 5158 dictum
3073 5114 3193 5155 esse
3240 5102 3293 5154 in
3347 5100 3506 5154 natali
3550 5104 3857 5152 sanctorum

2272 5176 2416 5232 Casti
2446 5185 2499 5231 et
2527 5174 2751 5229 Emilii.

2362 5246 2581 5301 Victores
2618 5247 2671 5299 in
2692 5245 2933 5299 secundo.
2967 5243 3057 5298 Sic
3087 5253 3301 5298 sanctus
3327 5241 3560 5296 Joannes
3588 5238 3857 5311 Clirysos-
3932 5284 3943 5291 .

2274 5324 2469 5382 tomus,
2501 5319 2551 5371 in
2608 5318 2758 5371 initio
2804 5315 3052 5371 secundae
3086 5313 3383 5369 Partencsis
3426 5313 3494 5366 ad
3532 5310 3859 5365 Theodorum

2272 5390 2472 5459 lapsum
2492 5390 2567 5443 ait
2583 5389 2775 5441 multos
2802 5387 2891 5455 qui
2916 5389 2961 5439 ri
2991 5394 3377 5459 tormentorum
3407 5382 3857 5459 fractiChristum

2270 5457 2613 5530 negaverant,
2636 5459 2999 5527 redintegrato
3024 5457 3316 5512 certamine
3342 5457 3583 5527 martyrii
3600 5463 3856 5509 coronam

2266 5542 2591 5599 reportasse.

2340 5595 2738 5654 Semiustulnlis.
2784 5601 2961 5654 (Iudex
2992 5599 3232 5654 Lamonii
3264 5597 3488 5652 semiuin
3521 5595 3713 5649 lateris.

2339 5671 2696 5744 χιγτ-ριιαε
2723 5672 2919 5744 plagas.
2945 5671 3125 5728 Codex
3145 5669 3541 5742 Seguierianus,
3562 5682 3713 5739 quant
3737 5664 3857 5732 vim,

2266 5760 2390 5816 quas
2417 5743 2615 5815 plagas.

3335 5805 3398 5816 νγ.
3406 5806 3438 5815 -σιν
