4332 6292
579 225 685 327 ιττ

1896 267 2100 328 LIBER
2139 269 2229 329 DE
2265 269 2523 331 LAPSIS.
2564 320 2581 340 κ

3688 264 3691 267 ’
3763 262 3875 331 478

576 395 723 454 sunt,
750 398 885 458 quas
910 382 1092 457 plagas
1132 382 1396 442 biantium
1439 383 1729 454 viscerum,
1752 398 1872 457 qua:
1901 390 2165 443 tormenta
2193 389 2246 449 Α
2268 396 2367 458 per
2389 387 2653 455 dolorem,
2677 385 2876 457 gratias
2918 392 3043 459 aget
3092 382 3428 457 postmodum
3471 378 3595 442 cum
3645 388 3873 443 senserit

573 480 964 545 membrorum,
1024 478 1116 534 ubi
1145 490 1255 534 non
1306 479 1438 534 fides
1483 494 1773 550 congressa
1807 478 2020 546 cecidit,
2049 479 2172 535 .sed

572 575 1010 647 congressionem
1041 573 1263 651 perfidia
1296 575 1597 647 praevenit?
1642 573 1756 630 Nec
1802 583 2026 631 excusat
2075 589 2173 643 op.

572 683 819 741 pressum
843 668 1137 723 necessitas
1153 666 1393 722 criminis
1416 667 1502 722 ubi
1525 654 1834 721 crimen'est
1857 665 2168 720 voluntatis.

573 760 683 817 Nec
711 759 815 814 hoc
839 757 960 814 ideo
985 757 1107 813 dico
1132 765 1191 812 ut
1237 756 1457 812 fratrum
1490 772 1678 812 causas
1704 771 1946 822 cinerem,
1975 755 2067 812 sed
2114 763 2173 811 ut

574 852 747 923 magis
768 850 960 907 fratres
986 849 1052 905 ad
1081 864 1293 920 precem
1322 848 1697 904 satisfactionis
1718 849 1996 919 instigem:
2022 862 2167 914 nam,

574 959 695 1000 cum
722 944 980 1013 scriptum
1006 943 1093 1006 sit,
1132 940 1235 1009 Qui
1252 958 1336 995 vos
1363 942 1534 1011 [elices
1554 943 1746 1010 dicunt,
1767 942 1819 996 in
1846 957 2065 995 errorem
2084 957 2172 997 uos

573 1038 801 1100 mittunt,
824 1044 871 1090 et
899 1035 1102 1090 semitas
1129 1034 1315 1104 pedum
1357 1044 1636 1089 uestrorum
1661 1032 1865 1087 turbant
1888 1032 1908 1103 (
1931 1032 2040 1087 lsa.
2068 1048 2127 1089 ιιι
2151 1074 2167 1099 ,

574 1130 676 1201 12)
702 1172 718 1197 ,
745 1130 836 1200 qui
862 1136 1174 1200 peccantem
1203 1127 1597 1182 blandituentis‘
1613 1134 1640 1163 ⁸
1664 1125 2005 1181 adulantibus
2051 1125 2168 1195 pal-

572 1233 682 1295 pat.
715 1221 968 1294 peccandi
995 1220 1237 1276 fomitem
1279 1219 1682 1285 subministrat;
1716 1234 1817 1274 nec
1865 1218 2171 1288 comprimit

572 1317 769 1372 delicta
800 1316 910 1379 ille,
937 1314 1034 1370 sed
1063 1314 1250 1369 nutrit.
1281 1316 1349 1367 At
1372 1313 1463 1384 qui
1489 1311 1727 1367 consiliis
1751 1310 2065 1367 fortioribus
2093 1326 2171 1366 re-

568 1405 965 1479 darguit'simol
989 1417 1150 1476 atque
1178 1406 1391 1460 instruit
1422 1403 1661 1470 fratrem,
1691 1412 1973 1473 promovet
1997 1400 2065 1456 ad
2083 1416 2170 1456 sa-

568 1503 757 1559 lutem.
791 1500 932 1568 Quos
960 1500 1141 1569 diligo,
1177 1499 1345 1569 inquit
1374 1499 1650 1562 Dominus,
1701 1497 1956 1568 rrdarguo
1983 1486 2027 1551 et
2057 1512 2170 1551 cas-

569 1597 671 1668 tigo
703 1595 883 1665 (Apoc.
915 1610 994 1659 tu,
1022 1592 1136 1664 19).
1164 1591 1252 1649 Sic
1273 1602 1485 1663 Oportet
1513 1602 1567 1647 et
1611 1592 1678 1625 ¹⁸⁶
1708 1591 1800 1646 Dei
1832 1590 2168 1646 sacerdotem

571 1704 685 1746 non
710 1688 980 1758 obsequiis
1014 1687 1408 1758 decipientibus
1435 1688 1642 1752 fallere,
1675 1685 1767 1742 sed
1798 1686 2051 1742 remediis
2078 1699 2167 1739 sa-

2272 480 2581 534 sanitatem.
3512 524 3523 533 .

2344 570 2464 626 XV.
2504 572 2739 627 Emersit
2781 572 2945 636 enim,
2989 572 3180 628 fratres
3229 572 3583 638 dilectissimi,
3618 589 3811 629 novum
3842 571 3870 616 ιι

2272 676 2443 733 genus
2469 663 2668 730 cladis;
2702 673 2776 729 et,
2807 664 2960 734 quasi
3006 680 3190 735 parum
3218 666 3608 736 persecutionis
3638 669 3872 737 procella

2274 754 2532 822 srevierit,
2557 756 2784 811 accessit
2803 755 2867 810 ad
2889 756 3158 811 cumulum
3184 758 3283 813 sub
3307 757 3690 814 misericordiae
3716 760 3871 816 titulo

2275 848 2475 903 malum
2508 846 2699 903 fallens
2743 855 2799 902 ct
2829 846 3022 903 blanda
3053 849 3341 919 pernicies.
3389 847 3589 906 Contra
3621 852 3867 924 Evangeo

2274 940 2331 995 lii
2362 940 2619 1011 vigorem,
2652 948 2837 995 contra
2866 939 3195 996 Dominicac
3222 940 3314 996 Dei
3343 941 3517 1013 legem
3571 945 3870 1002 temeritate

2273 1034 2627 1106 quorumdam
2655 1034 2863 1089 laxatur
2894 1033 3120 1089 incautis
3145 1036 3565 1091 communicatio
3590 1078 3605 1102 ,
3639 1037 3784 1092 irrita
3816 1036 3870 1095 et

2274 1128 2405 1184 falsa
2437 1143 2558 1198 pax,
2583 1127 2881 1197 periculosa
2909 1122 2937 1162 ἀ
2966 1126 3216 1183 dantibus
3243 1136 3298 1182 et
3322 1128 3453 1182 nihil
3484 1128 3869 1199 accipientibus

2274 1220 2572 1291 profutura.
2597 1219 2713 1274 Non
2744 1226 2993 1290 quaerunt
3019 1219 3264 1275 sanitatis
3292 1220 3624 1290 patientiam,
3656 1235 3754 1278 nec
3786 1238 3871 1281 vev
3906 1210 3907 1213 “

2275 1327 2388 1368 ram
2417 1313 2492 1368 de
2528 1311 2893 1368 satisfactione
2921 1310 3263 1366 medicinam.
3294 1310 3611 1367 Pmnitcntia
3641 1311 3710 1368 de
3736 1324 3864 1383 pec-

2277 1405 2481 1461 toribus
2504 1417 2728 1459 excossa
2744 1412 2847 1469 est,
2868 1402 3170 1473 gravissimi
3191 1402 3532 1473 extremique
3549 1402 3728 1459 delicti
3747 1419 3835 1460 me
3848 1434 3865 1447 -

2275 1498 2441 1552 moria
2470 1495 2681 1550 sublata
2710 1502 2813 1549 est.
2867 1494 3192 1565 Operiuntur
3219 1495 3563 1551 morientium
3592 1494 3814 1551 vulnera
3845 1536 3860 1563 ,

2274 1600 2323 1645 et
2351 1589 2500 1659 plaga
2531 1586 2742 1642 lethalis
2790 1586 2911 1641 altis
2939 1594 2993 1641 et
3019 1586 3298 1657 profundis
3336 1586 3632 1641 visceribus
3677 1585 3863 1655 inﬁxa,

2274 1682 2609 1737 dissimulato
2638 1679 2849 1745 dolore,
2880 1678 3202 1748 contegitur.
3234 1677 3273 1730 A
3305 1676 3501 1731 diaboli
3541 1678 3650 1732 aris
3678 1690 3861 1734 revera

568 1783 829 1838 lutaribus
855 1781 1151 1853 providere.
1176 1778 1462 1851 Imperitos
1488 1789 1570 1836 est
1589 1780 1829 1847 medicus
1849 1779 1939 1848 qui
1961 1787 2164 1834 tumen-
2191 1783 2240 1844 B
2270 1783 2462 1840 tentes,
2491 1772 2557 1828 ad
2589 1779 2834 1827 sanctum
2867 1769 3076 1824 Domini
3101 1768 3333 1824 sordidis
3356 1778 3409 1824 et
3436 1769 3646 1825 infectis
3677 1768 3864 1851 nidore

569 1885 649 1930 tes
676 1874 955 1931 vulnerum
1007 1876 1155 1930 sinus
1186 1890 1345 1930 manu
1374 1886 1626 1946 parcente
1653 1881 1971 1935 contrectat,
2022 1882 2075 1926 et
2106 1870 2157 1925 in

564 1965 683 2022 altis
711 1968 1013 2022 recessibus
1042 1968 1308 2023 viscerum
1336 1968 1484 2024 virus
1530 1967 1792 2022 inclusum
1832 1963 1958 2019 dum
1984 1970 2159 2019 servat

566 2074 873 2134 exaggerat.
892 2062 1252 2135 Aperiendum
1272 2061 1462 2118 vulnus
1477 2070 1625 2119 estet
1643 2060 1955 2127 secandum,
1972 2066 2047 2124 et,
2062 2073 2160 2129 pu-

565 2154 886 2211 traminibus
913 2156 1224 2226 amputatis,
1251 2155 1459 2212 medela
1477 2156 1697 2211 fertiore
1724 2153 2041 2210 curandum.
2068 2152 2164 2207 Vo-

564 2245 820 2303 ciferetur
838 2257 893 2304 et
912 2248 1105 2304 clamet
1125 2249 1250 2306 licet
1264 2258 1320 2305 et
1336 2258 1697 2321 conqueratur
1716 2264 1858 2320 auger
1879 2247 2162 2317 impatiens

2262 1869 2509 1925 manibus
2552 1863 2836 1919 accedunt.
2871 1860 3174 1917 Mortiferos
3201 1860 3463 1915 idolorum
3510 1860 3661 1915 cibos
3689 1860 3865 1916 adlmc

2262 1976 2400 2032 pene
2426 1965 2719 2022 ructantes,
2751 1953 3125 2010 exhalantibus
3149 1952 3311 2007 etiam
3330 1966 3473 2006 nunc
3501 1951 3682 2007 scelus
3706 1965 3863 2007 suum

2263 2053 2502 2126 faucibus
2551 2059 2604 2106 et
2656 2047 2903 2118 contagia
2953 2044 3163 2101 funesta
3204 2044 3604 2109 redolentibus,
3654 2040 3864 2101 Domini

2264 2158 2459 2214 corpus
2481 2141 2758 2207 invadunt,
2783 2136 2997 2210 quando
3022 2144 3270 2194 occurrat
3293 2135 3571 2205 Scriptura
3592 2133 3791 2200 divina,
3809 2140 3866 2190 et

2264 2241 2460 2298 clamet
2487 2246 2540 2292 et
2560 2236 2704 2293 dicat
2733 2252 2747 2290 :
2796 2232 2977 2289 Omnis
3003 2231 3225 2288 mundus
3255 2229 3578 2286 manducabit
3604 2243 3812 2284 carnem
3844 2268 3861 2295 ,

1762 2361 2141 2421 LECTlONES
2177 2355 2585 2418 VARIANTES.

629 2480 658 2511 ⁸
690 2479 869 2531 Verbis
892 2484 1033 2533 Voss.
1059 2482 1107 2532 5.

626 2540 657 2580 b
692 2542 747 2593 In
770 2557 859 2594 nos
883 2557 1059 2595 novum
1088 2553 1219 2595 Voss.
1240 2543 1288 2593 5.

2330 2476 2353 2504 ο
2391 2471 2568 2522 Contra
2584 2467 2743 2517 Deum
2773 2472 2824 2517 et
2844 2464 2942 2517 Dei
2959 2468 3098 2518 Voss.
3122 2464 3171 2515 5.

2324 2533 2352 2574 d
2386 2532 2667 2583 Perniciosa
2689 2527 2835 2581 Ebor.

1802 2644 2043 2704 STEPH.
2085 2640 2353 2713 BALUle
2391 2634 2619 2695 NOTAE.

639 2766 917 2837 Imperitos
942 2777 1016 2823 est
1044 2767 1285 2822 medicus.
1312 2766 1695 2828 Tertollianus,
1728 2764 1781 2819 in
1802 2763 1940 2837 libro
1961 2762 2028 2817 de
2044 2777 2162 2837 pte--

568 2833 835 2916 n_itcn_iia_:
870 2836 1211 2916 Miseri-incest
1246 2840 1407 2916 secari
1432 2848 1479 2916 et
1505 2837 1728 2916 cautm‘io
1754 2835 1899 2889 exuri
1925 2844 1969 2886 et
1992 2833 2158 2916 pulue-

566 2910 638 2961 ris
659 2908 877 2979 alicujus
906 2911 1230 2962 mordacitate
1254 2909 1490 2963 cruciari.
1518 2906 1711 2961 Tamen
1737 2922 1848 2973 qute
1877 2906 2159 2979 periusua-

565 2981 767 3032 vitalem
786 2975 1074 3045 ’medeutur',
1101 2996 1158 3033 ea
1177 2991 1221 3034 et
1238 2983 1572 3035 emolumento
1600 2979 1875 3031 curationis
1902 2975 2158 3045 offensam

565 3050 645 3105 sui
673 3061 914 3105 excusant
938 3061 982 3105 et
1012 3061 1310 3122 prwsentem
1350 3052 1592 3121 injuriam
1614 3049 2156 3122 superuenturte_utili-

569 3121 685 3175 tatis
715 3123 881 3191 gratia
920 3119 1296 3177 continendam.
1332 3119 1476 3176 ltlcnt
1523 3123 1575 3176 in
1608 3119 1894 3188 Scurpiacc
1928 3137 1940 3172 :
1976 3119 2040 3173 Et
2084 3126 2157 3174 est

568 3190 877 3262 planequasi
902 3194 1094 3246 swvitia
1124 3194 1385 3247 medicina:
1406 3193 1467 3246 de
1487 3190 1710 3262 scapello
1733 3190 1891 3260 deque
1910 3192 2155 3255 cauterio,

568 3263 632 3316 de
658 3264 849 3334 sinapis
879 3264 1111 3318 incendio
1134 3279 1153 3328 ;
1184 3280 1283 3319 non
1313 3273 1478 3318 tamen
1504 3264 1664 3318 secari
1689 3273 1735 3316 et
1772 3264 1907 3334 inuri
1934 3272 1981 3315 et
2012 3262 2159 3334 etpedi

566 3334 755 3388 idcirco
773 3331 995 3401 malum,
1023 3335 1143 3404 quia
1164 3336 1361 3390 dolores
1383 3334 1528 3389 utiles
1548 3334 1723 3405 affert.
1753 3334 1814 3387 Et
1831 3332 1967 3386 infra
1994 3349 2006 3385 :
2039 3331 2160 3387 Ulu-

570 3405 681 3458 lans
706 3406 919 3474 denique
958 3406 1046 3460 ille
1070 3417 1115 3460 et
1137 3422 1337 3475 gemens
1366 3416 1411 3460 et
1437 3406 1665 3474 mugiens
1690 3409 1820 3475 inter
1849 3419 2027 3456 nzauus
2052 3419 2158 3456 me-

571 3476 672 3529 dici
708 3477 1027 3546 postmodum
1057 3474 1232 3530 eadem
1275 3477 1502 3531 mercede
1536 3474 1831 3546 cumulabit,
1867 3484 1911 3546 et
1940 3476 2161 3542 artiﬁces

538 3576 539 3583 η
571 3540 788 3613 Optimos
812 3546 1103 3617 praedicabit
1124 3556 1170 3600 et
1203 3564 1358 3602 stevos
1387 3548 1491 3613 iant
1531 3546 1748 3617 negabit.
1775 3540 1987 3617 Lucifer
2008 3540 2160 3600 Cala-

572 3617 787 3689 ritanos
816 3616 871 3671 in
902 3619 1039 3671 libro
1081 3617 1150 3672 de
1189 3618 1467 3673 Moriemlo
1510 3616 1609 3689 pro
1644 3618 1735 3689 Dei
1784 3616 1918 3670 Filio
1966 3617 2161 3689 :AQuid

575 3690 707 3742 enim
754 3688 867 3743 licet
910 3690 1046 3756 {erro
1087 3691 1311 3743 medicus
1334 3687 1748 3754 semen—cauterio
1777 3696 1926 3752 urat,
1968 3687 2162 3758 sinapis

574 3759 809 3813 incendio
836 3759 903 3811 ad
924 3774 1121 3821 omnem
1150 3759 1379 3815 dolorem
1405 3776 1594 3830 (egrum
1617 3759 1853 3823 deducat,
1882 3768 2048 3813 tamen
2071 3776 2161 3813 nec

574 3830 755 3893 securi,
789 3831 951 3895 exuri,
985 3831 1149 3893 exedi,
1180 3831 1496 3899 morderique
1524 3839 1650 3883 esset
1671 3830 1949 3900 inimicum,
1975 3831 2163 3900 quippe
2204 3836 2207 3837 ⁷

576 3900 713 3970 quod
742 3901 930 3955 idcirco
952 3900 1137 3954 bonum
1162 3902 1224 3955 sit
1248 3903 1367 3971 quia
1397 3903 1597 3971 dolores
1626 3899 1827 3971 inutiles
1847 3900 2045 3971 auferat
2075 3918 2163 3967 per

575 3969 826 4025 adhibitos
856 3972 1034 4025 salutis
1076 3987 1230 4025 causa
1264 3969 1498 4026 dolores.
1544 3969 1693 4024 Cassi
1714 3984 1830 4023 :uos
1855 3970 2047 4023 Collal.
2081 3987 2157 4036 Vt,

575 4058 693 4110 cap.
722 4042 774 4096 ϐ.
801 4040 1001 4096 Etenim
1020 4044 1172 4096 sectio
1196 4043 1271 4096 vel
1299 4044 1428 4097 ustio
1454 4042 1691 4095 salutaris
1712 4056 1824 4110 quae
1842 4040 1944 4095 illis
1964 4043 2051 4109 qui
2080 4043 2162 4095 ul—

575 4129 744 4166 cerum
784 4114 1080 4183 contagione
1110 4113 1380 4183 putrefacti
1400 4124 1530 4183 sunt
1560 4113 1638 4180 pie
1673 4113 1889 4183 infertur
1916 4129 1947 4162 ιι
1971 4115 2163 4166 medico

576 4184 717 4235 niala
739 4200 770 4235 a
801 4180 1126 4237 tolerantibus
1163 4180 1413 4238 creditur:
1438 4184 1693 4237 pilt’itlillls
1723 4182 1774 4236 in
1802 4182 2067 4235 Pal-tenesi
2097 4184 2163 4237 ad

580 4254 986 4327 Pinnitcntiam:
1014 4253 1302 4309 Prudentes
1335 4258 1457 4327 a'gri
1483 4256 1699 4327 medicos
1731 4270 1838 4327 non
1850 4256 2078 4327 uerentur
2104 4270 2164 4308 ne

580 4325 854 4396 inoccultis
875 4327 1071 4391 quidem
1085 4342 1351 4396 corporum
1382 4324 1607 4396 partibus
1622 4326 1771 4380 etiam
1798 4324 1867 4356 ⁸⁸⁸
1885 4334 2159 4390 secuturos,

581 4394 732 4448 etiam
755 4406 1064 4463 perusturos.
1097 4394 1420 4452 Meminimus
1442 4401 1683 4467 quosdam
1714 4404 1904 4449 remota
1931 4397 2083 4448 etiam
2116 4405 2164 4449 et

581 4467 862 4521 verecunda
910 4468 1244 4522 membrorum
1296 4485 1394 4523 non
1442 4468 1782 4523 erubescentes
1834 4469 1885 4520 in
1938 4470 2071 4537 ferro
2119 4480 2165 4525 et

2265 2772 2359 2812 eos
2385 2756 2471 2826 qui
2503 2754 2721 2826 gravius
2749 2753 2993 2826 laborant
3023 2766 3180 2826 urere
3208 2758 3265 2826 et
3287 2764 3492 2819 secare,
3527 2757 3586 2805 ut
3630 2763 3727 2805 eos
3772 2764 3864 2807 cu-

2264 2819 2417 2882 rent:
2438 2819 2755 2881 Prudentius
2778 2822 2831 2877 in
2858 2819 3108 2878 Carmine
3131 2822 3195 2875 de
3226 2822 3461 2876 Romano
3489 2831 3725 2891 martyre
3757 2839 3771 2876 :

2507 2939 2686 2988 Putate
2713 2934 2896 2985 ferrum
2918 2935 3062 2983 triste
3085 2932 3343 2988 chirurgos
3365 2931 3492 2981 meis

2509 3000 2704 3049 lnferre
2729 2998 2876 3047 costis
2896 2996 3027 3058 quod
3050 2999 3187 3058 secat
3208 2993 3493 3058 salubriter.

2509 3062 2618 3113 Non
2642 3069 2721 3112 est
2743 3052 2959 3110 amarum
2982 3068 3079 3121 quo
3104 3054 3393 3107 reformatur
3416 3052 3567 3106 salus.

2333 3149 2556 3206 Ovidius
2583 3148 2676 3203 lib.
2713 3162 2752 3213 ι,
2781 3142 3326 3213 Metamorphoseon:

2418 3240 2599 3304 Cuncta
2624 3239 2757 3304 prius
2781 3238 3030 3304 tentanda,
3056 3235 3145 3285 sed
3170 3232 3529 3304 immedicabile
3548 3232 3727 3304 vulnus

2417 3303 2550 3352 Ense
2571 3293 2891 3351 recidendum
2916 3293 3099 3357 est,'ne
3123 3307 3235 3360 pars
3258 3295 3451 3345 sincera
3475 3293 3715 3345 trahatur.

2335 3385 2478 3441 Idem
2510 3383 2603 3437 lib.
2630 3399 2668 3446 ι,
2692 3382 2760 3437 de
2789 3380 3049 3437 Remedio
3079 3379 3279 3433 amoris
3310 3397 3323 3431 :

2420 3475 2485 3525 Ut
2506 3485 2684 3536 corpus
2704 3471 2919 3522 redimas
2938 3472 3126 3523 ferrum
3151 3470 3348 3534 patiaris
3372 3476 3424 3521 et
3446 3470 3608 3532 ignes.

2345 3555 2679 3624 Vociferetur.
2711 3551 3209 3624 Tertolliaous-lib.
3239 3566 3276 3606 ιι
3326 3550 3587 3624 adversus
3633 3547 3862 3605 Marcio—

2216 3662 2226 3672 ο
2266 3643 2386 3683 nem
2406 3646 2418 3680 :
2438 3622 2573 3692 Quid
2586 3627 2717 3680 enim
2736 3624 2777 3677 si
2795 3624 3042 3677 medicum
3064 3623 3205 3676 dicas
3221 3638 3327 3675 esse
3341 3622 3534 3686 debere,
3555 3624 3865 3691 ferramenta

2264 3715 2378 3752 vero
2408 3701 2517 3765 ejus
2548 3708 2753 3749 accuses
2778 3695 2918 3767 quod
2946 3703 3111 3767 secent
3150 3702 3196 3746 et
3218 3694 3422 3745 iurarant
3452 3700 3496 3767 et
3522 3700 3784 3767 arriputent
3817 3700 3865 3743 ct

2266 3763 2607 3822 constrictent.
2637 3763 2839 3834 quando
2866 3766 2973 3819 sine
3000 3765 3333 3834 instrumento
3365 3763 3489 3834 artis
3514 3763 3737 3834 medicus
3759 3777 3866 3834 esse

2267 3856 2367 3892 non
2416 3840 2572 3904 possit
2601 3828 2965 3904 ΡίΙιω-υιιγιιιὶ
3012 3835 3230 3887 nomine
3271 3828 3505 3902 Epistula
3556 3832 3752 3904 scripta
3796 3832 3864 3885 ad

2266 3901 2512 3965 Amicum
2539 3916 2798 3975 mgrotum
2833 3901 3071 3959 {Manus
3089 3904 3267 3956 medici
3298 3904 3462 3958 multa
3482 3901 3720 3975 credendo
3741 3918 3862 3957 con-

2268 3985 2435 4052 ferunt
2465 3974 2732 4052 sanitatem
2763 3977 3014 4052 non_sine
3038 3991 3295 4052 murmure
3322 3974 3574 4042 patientis.

2339 4049 2505 4122 A'Iger
2536 4049 2820 4122 impatiens.
2869 4045 3039 4122 Supra
3078 4045 3250 4122 Ερίειἶ
3276 4061 3398 4099 xxvn
3431 4060 3549 4115 pag.
3578 4045 3647 4101 37
3674 4063 3687 4099 :
3737 4043 3862 4099 Non

2266 4132 2338 4176 est
2383 4118 2479 4174 nisi
2511 4120 2756 4191 patientia
2777 4118 2965 4191 morbis
3000 4118 3302 4191 necessaria.

2341 4191 2469 4245 Cum
2496 4185 2706 4246 senserit
2734 4190 3021 4260 sanitatem.
3052 4188 3223 4243 Julius
3256 4187 3517 4242 Firmicus
3549 4187 3600 4239 in
3634 4185 3768 4239 libro
3796 4185 3863 4240 dc

2271 4263 2468 4318 Errore
2490 4263 2833 4332 profanarum
2863 4259 3177 4328 religionum
3214 4260 3353 4332 {Sic
3383 4260 3531 4309 homo
3561 4266 3762 4332 recepta
3784 4271 3863 4332 sa-

2268 4336 2428 4388 nitate
2450 4327 2502 4387 εί
2525 4334 2690 4387 salute
2722 4333 2814 4385 sibi
2835 4327 3036 4385 reddita
3062 4330 3296 4400 quicquid
3318 4327 3610 4400 aegrotantis
3633 4328 3861 4400 corporis

2270 4407 2392 4459 vitio
2432 4406 2616 4458 invitus
2647 4412 2941 4474 passus_est,
2976 4395 3248 4474 hastatum
3271 4395 3611 4474 pro‘ntilitate
3638 4411 3733 4448 sua
3753 4395 3862 4474 fac-

2275 4486 2377 4529 tum
2420 4492 2526 4531 esse
2574 4466 2753 4529 stantis
2773 4466 2933 4526 animi
2968 4472 3161 4539 judicio
3200 4470 3489 4539 confitetur.
3520 4466 3860 4539 Innocentius

582 4539 810 4624 cauterio
836 4549 881 4624 _et
911 4540 1314 4624 graviss'intailla
1342 4540 1863 4624 pulverisinortlacita
1888 4556 1913 4592 e
1935 4541 2161 4624 (latuisse.
2195 4565 2249 4624 Ι)
2276 4547 2416 4618 Papa
2448 4543 2533 4610 Ill,
2563 4547 2655 4601 lib.
2682 4561 2755 4609 XI,
2784 4543 2954 4611 Epist.
2969 4537 3077 4596 ’211
3111 4559 3123 4595 :
3150 4539 3370 4607 Ideoque
3385 4538 3437 4624 ἐἰ
3454 4537 3678 4624 morbum
3697 4546 3860 4602 tuum,

587 4607 1065 4682 IstudiFulge'ntius
1088 4607 1361 4665 Placiatles
1378 4611 1465 4665 lib.
1495 4627 1528 4665 ι.
1553 4611 1774 4682 Mythol.
1795 4611 2169 4682 vocatchirur-

580 4681 714 4748 gica:
739 4681 1036 4735 lanienam.
1063 4682 1419 4750 Hieronymus
1449 4683 1499 4735 in
1524 4682 1761 4746 Epistula
1781 4683 1845 4735 ad
1877 4681 2180 4740 Marcellam

581 4750 647 4803 de
675 4750 857 4805 Onaso
887 4768 916 4826 :_
935 4752 1126 4826 Medici
1151 4769 1274 4826 quos
1300 4763 1477 4806 vocant
1512 4754 1823 4822 chirurgicos
1850 4755 2077 4809 crudeles
2094 4775 2183 4826 pu-

580 4829 754 4874 tantur
781 4833 827 4874 et
848 4823 1021 4875 miseri
1045 4833 1182 4877 sunt.
1213 4824 1395 4877 Annon
1426 4833 1501 4878 est
1531 4826 1734 4877 miseria
1761 4826 1941 4878 alienis
1959 4842 2057 4878 non
2090 4823 2180 4881 do-

581 4889 684 4968 lere
702 4892 990 4968 vulneribus
1010 4903 1056 4968 et
1083 4906 1307 4968 mortuas
1326 4910 1504 4968 carnes
1522 4895 1807 4968 inclementi
1826 4902 1995 4968 secare
2014 4900 2180 4968 ferro?

579 4959 724 5015 Idem
751 4964 800 5015 in
826 4963 1064 5036 Epistola
1095 4965 1159 5019 ad
1185 4965 1482 5019 Amandum
1512 4966 1915 5036 presbyterum:
1948 4959 2179 5023 Putridae

578 5048 756 5106 carnes
808 5034 946 5106 [erro
988 5036 1216 5106 indigent
1260 5046 1305 5089 cl
1346 5038 1610 5103 cauterio;
1662 5034 1750 5091 nec
1801 5049 1873 5091 est
1917 5040 2178 5095 medicina:

579 5103 754 5179 culpa,
784 5105 872 5158 sed
896 5103 1141 5170 vulneris,
1170 5124 1283 5161 cum
1310 5108 1607 5161 crudelitate
1635 5109 1865 5179 clementi
1886 5108 1984 5163 non
2014 5114 2177 5179 parcit

580 5175 888 5249 medicusut
928 5187 1128 5246 parcat,
1162 5179 1300 5249 struit
1337 5180 1738 5249 utqmisereatur.
1765 5177 1909 5233 ldctn
1940 5181 1989 5233 in
2014 5175 2175 5249 Epis-

582 5244 687 5298 tola
718 5246 783 5301 ad
812 5244 1030 5301 Matrem
1058 5257 1110 5302 et
1141 5248 1326 5303 Filiam
1351 5269 1364 5302 :
1385 5247 1619 5303 Putridae
1638 5265 1813 5302 carnes
1828 5249 1962 5316 [erro
1982 5244 2171 5307 curan-

580 5323 661 5402 tgr
682 5325 727 5369 et
748 5319 994 5389 cauterio.
1017 5319 1238 5402 Siricius
1261 5321 1399 5402 lfapa
1426 5320 1476 5373 in
1505 5320 1738 5402 Elpismla
1760 5322 1823 5373 ad
1841 5321 2134 5402 liiuterium
2159 5341 2173 5378 :

580 5383 744 5441 Ferro
771 5383 971 5442 necesse
994 5401 1065 5443 est
1086 5383 1447 5446 exscindantur
1465 5383 1674 5445 vulnera
1700 5408 1812 5458 qua:
1837 5392 2174 5460 fomentormn

580 5473 683 5539 non
714 5461 961 5513 senserint
984 5463 1306 5539 medicinam.
1326 5462 1613 5539 _Entiodios
1635 5462 1686 5516 in
1717 5461 1831 5539 Vita
1855 5463 2169 5533 Epiphanii:

583 5525 634 5604 iV
643 5544 881 5599 umquam
908 5547 938 5584 a
966 5535 1159 5604 medico
1184 5533 1252 5585 ad
1281 5532 1573 5602 plenissima
1593 5525 1914 5587 curationum
1932 5525 2066 5604 (ἑθεν
2079 5536 2145 5588 ad
2155 5564 2173 5577 -

580 5596 758 5680 ductus
787 5612 860 5680 est
886 5604 949 5657 ab
978 5603 1069 5657 illo
1095 5606 1181 5675 qui
1196 5596 1420 5680 primum
1450 5606 1644 5680 putt-ita
1672 5606 1806 5676 ferro
1824 5596 2173 5680 mentbvraqde-

578 5673 809 5748 secuit_et
831 5673 1066 5748 latentem
1087 5673 1287 5748 penitus
1313 5689 1345 5727 a
1368 5673 1484 5748 sinu
1510 5673 1754 5748 viscerum
1785 5679 2026 5744 produxit
2044 5678 2175 5748 illu-

576 5740 724 5798 viem.
744 5740 1045 5816 Xenophon
1062 5740 1115 5802 in
1141 5745 1279 5802 libro
1301 5759 1330 5801 ν
1351 5745 1420 5802 de
1459 5745 1636 5804 Paedia
1659 5740 1795 5819 Cyri
1813 5750 1895 5805 ait
1929 5747 2175 5806 medicos

2287 4608 2424 4688 quod
2450 4608 2598 4680 absit,
2630 4608 2962 4688 invenerimus
2990 4613 3318 4688 induratum,
3349 4608 3633 4688 uiolentiori
3658 4622 3749 4660 nos
3778 4624 3863 4688 ca-

2286 4679 2372 4760 des
2409 4679 2641 4742 insistere
2671 4686 2951 4760 tncdiciua’,
2972 4683 3287 4760 juxtaquod
3314 4681 3596 4760 necessaria
3623 4693 3744 4760 cura
3770 4679 3862 4760 de-

2288 4749 2489 4830 poscet;
2516 4761 2661 4824 cuius
2691 4749 3013 4823 imperantem
3045 4754 3134 4830 etsi
3166 4749 3429 4830 forsanuin
3459 4749 3694 4830 prementi
3722 4749 3863 4816 refu-

2286 4818 2412 4902 ᾖξας,
2446 4818 2661 4884 sanitate
2681 4818 2843 4879 tantm
2872 4835 3084 4902 recepta,
3110 4818 3861 4902 ipsitts-colla‘ttdabis«saeclum,
3928 4869 3933 4875 ,

2285 4889 2344 4954 ac
2362 4889 2575 4971 peritum
2604 4910 2807 4971 quoque
2828 4889 3075 4971 medicum
3108 4889 3379 4971 lienedices.
3397 4892 3607 4971 Seneca
3625 4890 3715 4971 lib.
3743 4905 3771 4942 ν
3796 4889 3864 4971 tle

2283 4961 2579 5034 Beneﬁciis,
2608 4961 2725 5038 cap:
2745 4968 2817 5021 ‘20
2848 4983 2864 5020 :
2898 4965 3014 5019 Non
3043 4977 3112 5020 est
3140 4965 3467 5038 spectandum
3487 4980 3553 5017 an
3574 4962 3739 5016 doleat
3765 4961 3866 5014 ali-

2281 5045 2392 5112 quis
2413 5033 2651 5112 bene/icio
2671 5033 2902 5112 accepto,
2934 5038 3024 5091 sed
3049 5054 3112 5091 au
3138 5033 3310 5112 dolere
3346 5033 3541 5112 debeat.

2354 5112 2469 5166 XV.
2493 5100 2564 5152 -έ
2592 5109 2748 5163 Irrita
2778 5100 2824 5162 ἐι
2852 5100 2983 5177 falari
3014 5124 3132 5178 pax.
3169 5106 3391 5178 Cicero,
3411 5105 3503 5178 lib,
3535 5120 3568 5159 x
3599 5100 3863 5178 Epistula:

2280 5194 2396 5237 tum
2425 5183 2491 5237 ad
2511 5183 2762 5247 Atticum,
2802 5172 2968 5248 Epist.
3005 5172 3027 5232 ί
3066 5196 3081 5232 :
3118 5179 3193 5232 De
3231 5194 3352 5243 pace
3379 5175 3511 5248 idem
3541 5175 3699 5248 sentio
3728 5172 3864 5248 quod

2281 5264 2354 5319 tu,
2398 5244 2771 5307 simulationem
2814 5244 2918 5305 esse
2959 5260 3219 5320 apertam,
3256 5247 3429 5320 parari
3466 5255 3635 5300 autem
3679 5244 3866 5298 bellum

2279 5326 2601 5380 acerrimum.
2637 5321 2770 5377 Vide
2796 5337 2953 5392 supra
2989 5336 3107 5392 pag.
3139 5321 3265 5392 457.

2353 5395 2601 5451 Sanitatis
2638 5383 2952 5464 patientium.
2990 5383 3163 5464 Liber
3200 5390 3341 5464 Fieri
3387 5388 3752 5464 paenitentiam.
3797 5383 3868 5438 Et

2282 5482 2404 5521 mox
2435 5481 2532 5535 pro
2556 5458 2806 5519 medicina
2847 5462 3016 5518 codex
3046 5461 3408 5517 Lamonianus
3433 5460 3590 5515 habet
3617 5458 3865 5529 poeniten-

2279 5540 2420 5593 tiatn.
3762 5546 3773 5556 ’

2351 5607 2604 5662 Excussa.
2651 5606 2726 5662 lta
2754 5602 3034 5659 duodecim
3073 5604 3189 5659 libri
3216 5611 3446 5658 veteres.
3486 5600 3589 5657 Alii
3619 5597 3868 5665 undecim

2280 5690 2335 5735 et
2361 5688 2573 5734 veteres
2598 5677 2863 5733 editiones
2892 5675 3115 5730 exclusa.
3148 5673 3392 5744 Utraque
3418 5673 3579 5744 lectio
3601 5671 3740 5726 bona
3762 5678 3867 5744 est.

2279 5750 2463 5809 Codex
2476 5747 2847 5809 Fossatensis:
2870 5744 3178 5803 Ptenitentia
3206 5745 3269 5801 de
3294 5741 3645 5817 peccatoribus
3667 5741 3876 5799 exclusa
