4302 6296
458 293 570 353 479

1833 293 1971 352 DIVI
2007 291 2332 352 CYPRIANI

3651 294 3756 352 480

464 418 514 466 et
558 408 731 464 anima
779 423 1104 480 quiscumque
1127 407 1507 464 manducauerit
1530 424 1594 464 ea:
1620 423 1770 464 carne
1817 409 2057 479 sacriﬁcii
2081 414 2135 473 Α
2158 405 2386 480 gnandis
2415 405 2589 462 adhuc
2611 405 2776 478 lapsis
2805 414 2829 444 ε
2858 405 3065 463 occulta
3091 403 3434 478 populatione
3458 417 3756 480 grassatur,

463 503 704 560 salutaris
739 503 875 574 quod
903 512 975 556 est
1003 500 1232 570 Domini,
1267 512 1313 558 et
1358 503 1681 558 immunditia
1725 504 1886 574 ipsius
1910 520 2062 575 super

461 595 630 665 ipsum
655 603 744 661 est,
778 594 958 664 peribit
998 596 1171 649 anima
1195 594 1288 650 illa
1314 597 1376 651 de
1413 597 1602 668 populo
1630 613 1719 651 suo
1751 597 1932 668 (Leuit.
1964 612 2058 663 vu,

463 685 580 756 20).
608 686 897 754 Apostolus
941 686 1067 742 item
1097 696 1322 743 testctur
1346 697 1398 742 et
1425 688 1567 744 dicat
1599 697 1626 725 ει
1661 705 1674 742 :
1708 686 1830 742 Non
1857 688 2062 758 potestis

461 778 672 833 calicem
702 777 906 833 Domini
934 778 1098 834 bibere
1120 789 1168 834 et
1188 781 1394 836 calicem
1421 780 1809 844 dwmoniorum,
1840 797 1942 833 non
1969 795 2062 849 po-

463 871 602 926 testis
626 887 813 926 mensa:
837 870 1047 926 Domini
1070 874 1446 936 communicare
1475 881 1527 927 et
1554 888 1744 927 mensae
1782 871 2063 926 daemonio—

463 979 581 1019 rum
609 961 682 1036 (ι
706 961 828 1020 Cor.
861 980 916 1032 ι,
945 965 1009 1020 21
1042 963 1085 1037 ).
1135 965 1278 1020 Idem
1307 965 1714 1020 contumacibus
1740 973 1794 1020 et
1822 968 2062 1035 pervica-

463 1057 618 1112 cibus
655 1058 1013 1112 comminatur
1064 1067 1120 1113 et
1160 1058 1439 1113 denuntiat
1467 1057 1696 1124 diccns_:
1750 1056 2064 1125 Quicumque

463 1147 624 1204 ederit
649 1163 830 1218 panem
855 1159 943 1203 aut
967 1149 1146 1203 biberit
1192 1150 1400 1204 calicem
1437 1147 1644 1202 Domini
1672 1148 1899 1219 indigne,
1946 1163 2063 1203 reus

466 1241 562 1295 erit
585 1242 813 1312 corporis
837 1250 884 1296 et
908 1242 1168 1312 sanguinis
1198 1241 1407 1296 Domini
1439 1240 1460 1313 (
1491 1240 1508 1294 l
1536 1239 1656 1295 Cor.
1689 1255 1767 1307 ιι,
1801 1238 1916 1311 27).

539 1333 680 1390 XVI.
719 1334 926 1405 Spretis
953 1333 1036 1389 his
1089 1333 1337 1388 omnibus
1376 1345 1536 1405 atque
1561 1333 1903 1402 contemptis,
1937 1339 2063 1386 ante

467 1426 675 1496 expiata
696 1425 912 1488 delicta.
939 1434 1065 1481 ante
1107 1425 1508 1496 exomologesin
1538 1423 1733 1478 factam
1780 1423 2021 1478 criminis
2045 1465 2058 1490 ,

468 1526 592 1573 ante
613 1518 1294 1589 purgatam'conscientiam
1321 1518 1586 1572 sacrificio
1619 1526 1674 1570 et
1704 1531 1865 1571 manu
1893 1531 2064 1571 sacer-

469 1608 628 1675 dotis,
654 1617 776 1665 ante
825 1609 1082 1666 oll‘ensam
1131 1612 1390 1681 placatam
1417 1611 1740 1682 indignantis
1771 1609 1979 1665 Domini
2009 1618 2063 1664 et

467 1699 742 1764 minantis,
771 1701 850 1754 vis
871 1699 1099 1755 infertur
1118 1701 1330 1772 corpori
1347 1701 1463 1771 ejus
1490 1711 1544 1756 et
1566 1702 1832 1770 sanguini,
1877 1710 1926 1756 et
1947 1702 2063 1770 plus

2165 501 2550 557 utiamentatio
2577 501 2942 571 conquiescat,
2973 509 3029 554 ut
3076 499 3233 556 dolor
3275 499 3449 567 sileat,
3482 511 3539 556 ut
3580 501 3764 559 delicti

2165 594 2422 649 memoria
2448 602 2754 660 evanescat,
2773 600 2832 647 ut
2847 593 3232 662 comprimatur
3255 601 3532 663 pectorum
3552 591 3572 630 τ
3595 595 3765 666 gemi-

2166 693 2270 749 tus,
2293 692 2558 739 statuatur
2581 683 2743 740 lletus
2771 684 3072 751 oculorum,
3107 699 3207 740 nec
3240 685 3548 754 Dominum,
3579 688 3760 759 gravi-

2165 784 2248 831 ter
2275 775 2563 840 oll'ensum,
2593 776 2750 848 longa
2772 785 2826 832 et
2872 777 3027 846 [dena
3057 774 3370 848 paenitentia
3420 779 3760 850 deprecetur,

2163 883 2285 924 cum
2311 870 2568 940 scriptum
2595 871 2700 925 sit:
2735 870 2988 925 Memento
3016 871 3151 925 unde
3171 871 3435 940 cecideris,
3465 881 3512 928 et
3539 889 3635 946 age
3660 889 3765 945 pte-

2165 961 2426 1016 nitentiam
2456 963 2642 1034 (Apoc.
2671 978 2731 1028 tt,
2755 963 2835 1034 5).

2236 1049 2400 1106 XVII.
2440 1051 2610 1109 Nemo
2638 1067 2698 1109 se
2727 1053 2892 1121 fallat,
2917 1067 3078 1110 nemo
3105 1068 3164 1110 se
3183 1053 3435 1126 decipiat.
3464 1055 3622 1113 Solus
3651 1057 3758 1114 Do-

2165 1143 2342 1199 minus
2390 1145 2630 1200 misereri
2679 1145 2877 1216 pdtest.
2921 1146 2986 1176 ³⁸⁷
3027 1145 3246 1201 Veniam
3294 1148 3528 1218 peccatis
3556 1164 3676 1220 qua:
3705 1150 3760 1206 in

2164 1235 2340 1307 ipsum
2357 1237 2641 1292 commissa
2665 1247 2810 1305 sunt,
2835 1238 2981 1292 solus
3007 1248 3183 1308 potest
3205 1239 3295 1294 ille
3317 1241 3497 1311 largiri
3518 1241 3608 1312 qui
3633 1256 3762 1304 pec-

2164 1339 2279 1384 cata
2309 1338 2491 1384 nostra
2519 1331 2766 1400 portavit,
2795 1331 2882 1401 qui
2917 1345 3012 1400 pro
3034 1332 3187 1386 nobis
3211 1331 3400 1400 doluit,
3425 1348 3583 1404 quem
3619 1333 3760 1390 Deus

2167 1423 2380 1478 tradidit
2394 1438 2491 1494 pro
2506 1424 2738 1494 peccatis
2753 1425 2968 1479 nostris.
2990 1424 3162 1479 Ilomo
3191 1425 3302 1480 Deo
3314 1441 3434 1482 esse
3455 1442 3561 1482 non
3583 1435 3763 1497 potest

2165 1515 2370 1585 major;
2399 1531 2497 1572 nec
2524 1518 2798 1572 remittere
2824 1525 2915 1572 aut
2935 1515 3136 1572 donare
3166 1516 3495 1588 indulgentia
3520 1535 3615 1575 sua
3643 1535 3762 1576 ser-

2165 1621 2264 1660 vus
2285 1614 2482 1677 potest,
2507 1607 2648 1678 quod
2677 1607 2731 1662 in
2780 1607 3064 1663 Dominum
3095 1607 3295 1664 delicto
3319 1610 3564 1680 graviore
3613 1624 3763 1666 com-

2167 1700 2389 1754 missum
2415 1710 2536 1768 est,
2564 1715 2631 1756 ne
2655 1699 2832 1756 adhuc
2852 1701 3004 1771 lapso
3023 1700 3201 1757 ethoc
3227 1704 3448 1757 accedat
3471 1703 3538 1758 ad
3559 1704 3765 1760 crimen

467 1789 632 1844 modo
678 1790 731 1845 in
763 1791 1044 1846 Dominum
1097 1792 1342 1846 manibus
1369 1802 1530 1861 atque
1557 1807 1650 1848 ore
1701 1791 2012 1863 delinquunt
2042 1809 2138 1868 ,_B
2167 1793 2209 1845 si
2225 1791 2424 1847 nesciat
2445 1807 2564 1848 esse
2592 1792 2904 1862 prmdictum
2931 1811 2944 1846 :
2975 1791 3280 1848 Maledictus
3309 1795 3458 1849 homo
3504 1797 3592 1862 qui
3619 1812 3761 1866 spem

467 1894 628 1950 quam
648 1897 766 1936 cum
792 1882 1072 1937 Dominum
1097 1882 1488 1954 negaveruntb.
1513 1883 1705 1940 Pacem
1735 1893 1920 1953 putant
1944 1898 2064 1939 esse

468 1987 631 2043 quam
659 1974 875 2044 quidam
901 1976 1078 2030 verbis
1101 1975 1378 2032 fallacibus
1393 1976 1690 2031 venditant.
1714 1975 1832 2032 Non
1854 1985 1940 2031 est
1965 1990 2066 2046 pax

470 2065 579 2133 illa,
615 2067 709 2122 sed
737 2068 968 2134 bellum;
1003 2084 1101 2124 nec
1125 2069 1377 2124 Ecclesiae
1399 2069 1644 2139 jungitur
1670 2069 1764 2139 qui
1791 2069 1858 2124 ab
1887 2067 2065 2124 Evan-

470 2159 612 2230 gelio
661 2171 967 2231 separatur.
1005 2161 1142 2228 Quid
1175 2161 1420 2232 injuriam
1466 2161 1786 2217 beneficium
1829 2161 2068 2218 vocant?

469 2252 594 2321 quid
623 2252 946 2323 impietatem
973 2253 1228 2309 vocabulo
1262 2254 1470 2324 pietatis
1491 2254 1800 2324 appellant?
1825 2253 1962 2322 Quid
1988 2254 2068 2310 eis

411 2332 421 2341 ’
470 2345 561 2415 qui
591 2345 720 2401 Ilere
749 2346 1006 2416 jugiteret
1027 2361 1216 2416 rogare
1248 2347 1527 2401 Dominum
1555 2361 1710 2402 suum
1740 2345 1958 2411 debent,
1981 2346 2066 2400 in-

473 2445 707 2507 tercepta
733 2440 1058 2509 paenitentia:
1079 2439 1479 2506 lamentatione,
1507 2440 1902 2495 communicare
1917 2453 1975 2495 se
1997 2440 2068 2494 si-

471 2529 718 2585 mulant?
745 2530 856 2586 Iloc
881 2538 1006 2585 sunt
1029 2541 1050 2569 ο
1071 2531 1334 2599 ejusmodi
1356 2531 1518 2601 lapsis
1532 2531 1674 2602 quod
1686 2532 1890 2601 grando
1904 2530 2068 2602 frugi-

471 2620 591 2689 bus,
607 2622 746 2692 quod
764 2622 1032 2678 turbidum
1051 2623 1198 2678 sidus
1215 2624 1518 2689 arboribus,
1537 2623 1677 2695 quod
1690 2624 1943 2678 armentis
1958 2639 2070 2693 pes-

474 2717 632 2774 tilens
658 2719 894 2787 vastitas,
914 2720 1054 2790 quod
1075 2720 1296 2788 navigiis
1315 2735 1455 2774 saeva
1485 2726 1792 2790 tempestas.
1807 2718 2067 2775 Solatium

474 2821 690 2869 teterna:
715 2815 829 2887 spei
853 2811 880 2850 ά
917 2813 1177 2879 adimunt,
1198 2814 1444 2869 arborem
1473 2829 1500 2866 a
1529 2814 1707 2869 radice
1728 2815 2065 2879 subvertunt,

473 2920 724 2963 sermone
744 2905 989 2960 morbido
1005 2906 1068 2961 ad
1088 2906 1282 2962 lethale
1301 2906 1601 2978 contagium
1621 2915 1862 2975 serpunt,
1880 2920 2068 2960 navem

475 2999 727 3068 scopulis,
744 3013 810 3054 ne
823 2999 874 3053 in
892 3007 1102 3068 portum
1119 3000 1414 3071 perveniat,
1438 2999 1668 3056 illidunt.
1682 2999 1799 3054 Non
1827 2998 2072 3054 concedit

475 3104 661 3160 pacem
686 3090 909 3146 facilitas
951 3091 1050 3146 ista
1078 3091 1172 3145 Sed
1197 3091 1336 3146 tollit
1356 3132 1371 3154 ,
1403 3107 1501 3147 nec
1527 3091 2066 3147 communicationem

2171 1885 2318 1939 habet
2336 1895 2362 1932 ε
2389 1885 2444 1939 in
2469 1886 2669 1940 homine
2695 1883 2867 1956 (Hier.
2894 1901 3021 1951 xvu,
3039 1885 3113 1957 5).
3132 1886 3386 1942 Dominus
3402 1888 3638 1944 orandus
3663 1898 3762 1957 est,

2170 1975 2430 2031 Dominus
2459 1986 2640 2031 nostra
2667 1977 3032 2033 satisfactione
3067 1978 3356 2048 placandus
3374 1987 3458 2035 est
3484 2022 3498 2047 ,
3547 1981 3635 2050 qui
3665 1996 3762 2036 ne-

2170 2075 2382 2138 gantem
2412 2083 2608 2139 negare
2629 2083 2687 2123 se
2710 2067 2867 2135 dixit,
2900 2070 2990 2140 qui
3019 2083 3179 2124 omne
3211 2069 3471 2139 judicium
3495 2069 3564 2126 de
3605 2070 3765 2128 Patre

2170 2159 2318 2216 solus
2347 2161 2574 2231 accepit.
2604 2159 2886 2216 Credimus
2903 2160 3117 2232 quidem
3153 2176 3309 2231 posse
3347 2161 3490 2232 apud
3531 2163 3768 2232 judicem

2171 2251 2458 2323 plurimum
2488 2262 2786 2324 martyrum
2818 2253 3007 2308 merita
3052 2261 3107 2308 et
3155 2267 3319 2322 opera
3361 2254 3648 2322 justorum,
3677 2254 3770 2310 sed

2171 2358 2292 2399 cum
2319 2343 2505 2415 judicii
2535 2345 2651 2399 dies
2701 2347 2930 2412 venerit,
2971 2360 3116 2412 cum,
3145 2354 3263 2416 post
3301 2359 3550 2400 occasum
3589 2347 3771 2401 saeculi

2173 2437 2331 2508 hujus
2378 2448 2432 2494 et
2478 2436 2687 2503 mundi,
2726 2446 2851 2494 ante
2899 2436 3127 2494 tribunal
3157 2437 3352 2494 Christi
3383 2437 3614 2511 populus
3655 2441 3772 2511 ejus

2171 2529 2460 2585 adstiterit.
3050 2603 3052 2605 _

2243 2621 2426 2678 XVIII.
2456 2621 2747 2690 Cmterum,
2787 2622 2831 2678 si
2863 2622 3002 2694 quis,
3033 2637 3373 2693 prtepmpera
3431 2623 3770 2680 festinatione

2174 2712 2490 2769 temerarius
2514 2713 2884 2769 remissionem
2915 2722 3252 2783 peccatorum
3281 2712 3431 2780 dare,
3478 2729 3538 2770 se
3566 2715 3772 2770 cunctis

2173 2815 2322 2876 putat
2348 2821 2507 2876 posse
2529 2802 2554 2841 ¹¹
2579 2848 2594 2872 ,
2621 2813 2712 2860 aut
2739 2805 2901 2860 audet
2930 2806 3136 2861 Domini
3160 2816 3422 2877 praecepta
3444 2807 3772 2877 rescindere,

2174 2914 2280 2954 non
2313 2907 2514 2953 tantum
2551 2898 2685 2952 nihil
2715 2897 2933 2967 prodest
2961 2899 3055 2953 sed
3087 2910 3141 2952 et
3169 2898 3324 2954 obest
3349 2897 3532 2968 lapsis.
3569 2898 3769 2953 Provo-

2173 3003 2327 3045 casse
2350 2999 2432 3044 est
2459 2989 2613 3055 iram,
2651 3003 2755 3043 non
2785 3002 3029 3044 servasse
3057 2990 3404 3055 sententiam,
3435 3005 3535 3045 nec
3564 2991 3774 3046 miseri-

2173 3085 2406 3142 cordiam
2430 3081 2576 3154 prius
2595 3082 2688 3138 Dei
2708 3081 3098 3153 deprecandam
3123 3091 3326 3153 putare,
3352 3083 3448 3139 sed
3466 3094 3775 3154 contempto

477 3180 680 3248 tribuit,
712 3181 806 3238 sed
838 3181 1055 3251 impedit
1087 3181 1152 3236 ad
1181 3183 1429 3238 salutem.
1487 3183 1795 3238 Persecutio
1824 3191 1906 3236 est
1957 3181 2069 3236 Iuno
2095 3191 2142 3254 ρ
2174 3175 2402 3232 Domino
2451 3173 2520 3229 de
2561 3189 2657 3229 sua
2709 3173 2957 3230 facultate
3006 3188 3352 3244 praesumere.
3401 3173 3513 3230 Sub
3557 3190 3647 3229 ara
3684 3175 3776 3229 Ι)ρὶ

477 3274 582 3330 alia
599 3284 654 3331 et
679 3274 781 3330 alia
798 3276 1040 3341 tentatio,
1073 3289 1169 3346 per
1193 3291 1352 3346 quam
1378 3275 1586 3332 subtilis
1616 3276 1863 3331 inimicus
1891 3275 2066 3344 impu-

2182 3272 2376 3329 anima:
2425 3269 2726 3325 occisorum
2796 3277 3090 3341 martyrum
3136 3267 3371 3324 clamant
3417 3281 3606 3339 magna
3646 3281 3776 3324 voce

1721 3405 2014 3462 LECTION
2021 3406 2104 3464 ES
2140 3402 2558 3490 VARIANTES.

547 3525 576 3555 ⁸⁸
609 3523 941 3585 Committetur
958 3531 1009 3573 et
1025 3522 1285 3574 denuntiet
1307 3524 1434 3574 Bod.
1461 3525 1509 3585 ι,
1534 3523 1582 3581 2,
1598 3523 1646 3584 3,
1672 3522 1719 3572 4.

542 3584 574 3625 δ
615 3584 778 3637 Verba
798 3595 912 3636 ante
949 3585 1243 3635 offensam...
1273 3584 1582 3648 negaverunt
1620 3585 1746 3648 inter
1790 3584 2085 3646 contemptis

482 3655 529 3700 et
563 3655 676 3699 ante
716 3649 1068 3720 cupiam-Ver.
1111 3648 1292 3720 Impr.‘
1310 3646 1504 3720 praeter.
1535 3646 2079 3720 Baluz._in_terponunt.

483 3719 652 3773 axon.
665 3706 852 3761 nullam
869 3709 934 3760 ad
952 3708 1004 3759 It.
1032 3709 1066 3760 l.
1091 3706 1370 3773 uarietatem
1392 3707 1650 3762 lectionum
1670 3711 1828 3773 affert.

549 3777 572 3804 θ
610 3772 727 3822 Hzec
744 3780 858 3822 sunt
879 3775 969 3823 Ar.
1001 3772 1119 3822 cod.
1149 3775 1194 3832 1,
1218 3773 1266 3832 2,
1291 3773 1340 3823 3.

548 3835 575 3877 d
609 3835 844 3887 Solatium
863 3837 972 3898 spei
993 3834 1118 3886 Bod.
1145 3837 1189 3898 ι,
1213 3836 1264 3896 2,
1284 3837 1331 3898 5,
1359 3835 1408 3885 4.
1462 3844 1594 3886 Voss.
1619 3834 1665 3884 1.
1691 3835 1907 3886 adimunt
1927 3835 2092 3886 radice

2186 3516 2316 3571 Bod.
2353 3518 2399 3578 ι,
2426 3517 2558 3580 2,3,
2583 3517 2632 3567 4.

2253 3584 2275 3611 θ
2313 3579 2658 3644 Impugnandis
2670 3576 2951 3648 hominibus
2973 3585 3102 3629 Voss.
3123 3576 3170 3639 2,
3194 3576 3240 3626 4.
3267 3579 3404 3628 Pent.

2252 3641 2274 3678 ἲ
2313 3642 2636 3678 Ppnnnlm-nm
2667 3641 2748 3678 [ιιι
2801 3649 2916 3678 Van
2959 3641 2978 3678 1

2252 3641 2274 3678 ἲ
2313 3641 2637 3691 Peccatorum
2663 3641 2766 3691 Lin.
2801 3649 2933 3691 Voss.
2959 3641 3008 3693 1.

2249 3708 2275 3746 8
2310 3703 2514 3754 Conﬁdit
2533 3707 2622 3754 Ar.
2650 3702 2798 3762 Bod.,
2821 3705 2870 3751 2.
2893 3704 3016 3752 Ben.

2245 3764 2276 3806 ιι
2307 3765 2438 3816 Dare
2462 3779 2518 3817 se
2539 3766 2729 3816 cunctis
2751 3777 2892 3829 posse
2917 3766 3046 3828 Imp.
3073 3763 3206 3816 Dare
3229 3776 3286 3816 se
3310 3776 3454 3828 posse
3475 3764 3596 3817 Bod.
3620 3765 3668 3818 2.

1727 3941 1970 3997 STEPII.
2012 3941 2282 4001 BALUZII
2321 3941 2552 4000 ΝΟΤιιΕ.

485 4065 559 4112 est
573 4055 649 4111 uel
662 4055 1192 4126 cxcussa.Utramque
1206 4056 1487 4112 lcetionem
1503 4055 1722 4126 protulit
1741 4056 2010 4120 librarius,
2027 4067 2084 4111 ut

487 4128 658 4183 lector
681 4127 1002 4197 intelligeret
1022 4127 1247 4182 liberum
1275 4127 1374 4180 sibi
1395 4143 1514 4181 esse
1533 4141 1649 4181 eam
1683 4128 1933 4195 praeferre
1962 4144 2081 4193 qua:

489 4198 589 4253 sibi
618 4197 788 4267 magis
807 4198 1086 4264 arrideret,
1106 4207 1162 4252 ut
1179 4211 1324 4265 same
1339 4197 1590 4251 au-iditin
1615 4197 1764 4250 libris
1789 4197 2077 4254 veteribus.

561 4267 898 4321 Immunditia
911 4268 1087 4337 ipsius.
1115 4268 1188 4323 Ita
1214 4269 1377 4323 etiam
1405 4268 1498 4322 lib.
1531 4283 1609 4322 tu.
1633 4267 2077 4336 Testimoniorum,

487 4354 608 4408 cap.
642 4337 732 4393 94.
759 4341 828 4394 At
854 4339 1143 4393 Cassianus
1173 4339 1266 4393 lib.
1290 4354 1359 4402 vn,
1396 4354 1516 4408 cap.
1545 4340 1578 4393 8
1606 4337 1799 4392 Collat.
1835 4354 1926 4402 xu,
1958 4355 2076 4408 cap.

488 4410 542 4475 2,
571 4418 625 4480 et
649 4408 844 4464 Collat.
868 4425 1002 4480 xxii,
1032 4425 1151 4479 cap.
1178 4410 1232 4474 5,
1264 4410 1411 4480 legit,
1438 4411 1492 4464 in
1517 4425 1616 4480 quo
1636 4419 1706 4463 cst
1733 4412 2077 4477 immunditia,

492 4479 676 4550 peribit
701 4496 872 4534 coram
900 4479 1138 4536 Domino.

564 4549 702 4606 XVI.
731 4581 801 4591 -—
827 4550 1027 4621 Spretis
1059 4553 1136 4606 Itis
1167 4551 1418 4605 onmibus.
1452 4551 1799 4607 Restituimus
1830 4551 1973 4606 hunc
2003 4552 2079 4606 lo-

492 4636 614 4676 cum
659 4622 732 4692 uti
779 4623 1042 4690 reperitur
1081 4624 1131 4677 iu
1161 4623 1395 4692 antiquis
1435 4623 1855 4691 exi-.tnplaribus,
1886 4625 1936 4675 in
1967 4623 2085 4678 edi-

497 4693 640 4746 tione
667 4691 994 4757 Morelliana,
1024 4703 1078 4747 et
1099 4697 1157 4747 in
1187 4710 1247 4748 ea
1285 4691 1404 4762 qua:
1445 4693 1639 4747 dicitur
1671 4692 1873 4748 Gravii.
1899 4692 1954 4746 In
1979 4709 2088 4763 quo

494 4763 863 4835 secutisumus
915 4766 1198 4818 consilium
1244 4765 1489 4835 ltigaltii;
1535 4765 1623 4834 qui
1672 4764 1912 4832 quamvis
1972 4765 2090 4818 reti-

496 4833 675 4888 nuerit
719 4834 767 4886 in
795 4843 1045 4889 contextu
1081 4833 1652 4898 veterem‘lcctioncm,
1694 4835 2006 4903 pronuntiat
2036 4835 2088 4889 in

496 4904 960 4958 observationibus
1012 4906 1124 4961 suis
1163 4906 1306 4960 illam
1351 4920 1512 4976 quam
1569 4919 1669 4960 nos
1725 4904 2091 4962 revocavimus

496 4989 617 5030 esse
645 4990 1002 5030 VOI‘ISSInlilm.

567 5045 699 5100 Ante
723 5047 1116 5117 exomologesim
1146 5051 1355 5115 factum.
1385 5047 1646 5101 Nimirum
1674 5045 1815 5117 apud
1843 5047 2096 5102 sacerdo-

497 5126 580 5172 tes
603 5117 718 5188 Dei,
753 5127 808 5170 ut
835 5118 909 5188 ait
933 5116 1066 5172 infra
1096 5116 1394 5188 Cyprianus
1424 5120 1476 5172 in
1505 5118 1606 5172 hoc
1632 5116 1787 5179 libro.
1819 5133 1938 5188 pag.
1969 5117 2094 5174 190.

499 5187 728 5242 Ruﬁnus
757 5188 810 5241 in
839 5187 980 5243 Psal.
1013 5187 1184 5242 xxxi:
1217 5187 1357 5242 Licet
1379 5198 1548 5242 autem
1577 5188 1716 5243 Deus
1738 5187 1959 5242 dimittat
1983 5205 2100 5258 pec-

497 5267 612 5312 cata
639 5273 702 5312 ex
730 5273 830 5328 quo
850 5259 1002 5313 homo
1033 5260 1085 5312 in
1114 5261 1370 5313 voluntate
1398 5260 1627 5328 poenitet,
1657 5270 1822 5313 tamen
1843 5261 2095 5327 conﬁten~

499 5330 620 5383 dum
633 5337 704 5383 est
722 5330 966 5383 ministris
982 5329 1224 5386 Ecclesia:
1249 5330 1381 5387 Vide
1401 5331 1676 5386 Socratem
1692 5330 1784 5384 lib.
1803 5347 1853 5395 v,
1874 5345 1988 5399 cap.
2007 5331 2094 5396 I9,

500 5415 620 5454 cum
651 5401 1088 5455 annotationibus
1123 5403 1333 5457 llenrici
1362 5401 1576 5456 Valesii.
1617 5401 1746 5466 Vide
1769 5403 1930 5456 etiam
1963 5401 2100 5458 infra

501 5471 556 5526 in
579 5470 804 5545 notisad
833 5471 1080 5545 paginam
1101 5472 1228 5545 209,
1261 5489 1470 5545 peccare
1497 5489 1586 5527 nec
1609 5473 1933 5545 satisfacere.
1961 5471 2055 5506 ⁸³³⁸

588 5540 761 5613 Verbis
788 5543 1076 5611 fallacibus.
1105 5540 1282 5599 Codeit
1310 5544 1690 5612 Seguierianus
1717 5543 2028 5613 fallentibus.

579 5611 841 5668 Arborem.
871 5613 996 5667 Haec
1020 5631 1121 5669 vox
1149 5615 1303 5671 deest
1332 5611 1683 5676 in’sexdecim
1703 5611 1978 5669 codicibus
2003 5629 2105 5669 an-

506 5683 669 5751 tiquis
696 5697 752 5739 et
780 5685 830 5739 iu
858 5684 1248 5754 antiquioribus
1275 5685 1619 5743 editionibus.
1649 5686 1836 5740 Deerat
1867 5685 2026 5740 etiam
2053 5687 2106 5740 in

504 5755 616 5808 alio
646 5758 808 5812 veteri
835 5795 850 5821 ,
883 5755 978 5813 sed
1004 5757 1180 5812 addita
1206 5768 1288 5814 est
1316 5767 1500 5827 posma
1532 5771 1692 5826 supra
1722 5757 1936 5814 lincunt.
1985 5757 2109 5826 Epi-

2185 4057 2324 4128 stola
2348 4059 2564 4112 nomine
2589 4056 2896 4128 Hieronymi
2921 4057 3116 4127 scripta
3139 4056 3203 4112 ad
3227 4056 3473 4128 Amicum
3492 4063 3783 4125 aegrotum:

2189 4127 2309 4182 Non
2332 4130 2465 4182 enim
2505 4137 2576 4182 est
2603 4129 2754 4181 arbor
2777 4127 2944 4183 solida
2971 4143 3062 4182 nec
3101 4128 3305 4182 robusta
3333 4127 3431 4180 nisi
3457 4141 3570 4197 qua:
3596 4128 3790 4182 assidui

2187 4200 2400 4253 turbinis
2443 4201 2736 4253 incursione
2776 4199 3028 4268 stipitibus
3063 4200 3320 4253 concussis
3359 4199 3458 4250 huc
3484 4207 3634 4268 atque
3669 4197 3791 4252 illuc

2185 4271 2432 4324 inclinata
2481 4280 2720 4339 tentatur,
2774 4270 2826 4322 in
2874 4285 3026 4337 quam
3063 4285 3200 4339 stupe
3240 4278 3501 4322 ventorum
3530 4269 3789 4324 turbinum

2183 4342 2371 4411 ﬂamen
2400 4342 2647 4394 incurrat.
2692 4338 2832 4409 Ipsis
2859 4341 2992 4412 enim
3019 4338 3365 4412 uexationibus
3397 4341 3782 4412 constringitur,

2184 4413 2458 4482 premitur,
2485 4411 2982 4482 [imisqueﬁradicibtts
3012 4411 3162 4482 citius
3183 4411 3474 4482 roboratur;

2260 4478 2664 4537 XVl|.—-éSoltts
2698 4481 2946 4535 Dominus
2968 4481 3206 4550 misereri
3229 4489 3405 4550 potest.
3438 4478 3796 4536 Tertullianns

2192 4554 2242 4606 in
2287 4553 2421 4606 libro
2463 4553 2528 4607 dc
2562 4552 2832 4621 Baptismo
2882 4569 2896 4608 :
2951 4549 3057 4605 Sed
3097 4549 3256 4622 neque
3300 4561 3557 4622 peccatum
3592 4552 3798 4605 dimittit

2192 4639 2350 4692 neque
2377 4622 2870 4694 spiritumindulget
2912 4623 3009 4694 nisi
3027 4620 3180 4694 solus
3205 4621 3542 4694 Deusrltetn
3575 4622 3798 4694 in_lihrn

2193 4690 2536 4763 tlc'pudieitia
2565 4711 2576 4745 :
2609 4693 2735 4762 Quis
2759 4690 2890 4746 enim
2909 4693 3114 4746 dimittit
3137 4693 3318 4746 delicta
3346 4692 3444 4747 nisi
3463 4692 3603 4746 solus
3625 4690 3800 4746 Deus?

2197 4767 2424 4836 Sanctus
2469 4764 2704 4819 Joannes
2728 4764 3144 4836 Chrysostomus
3173 4763 3478 4836 liomiliatv
3504 4763 3554 4816 in
3583 4773 3741 4836 caput
3771 4779 3787 4818 ι

2197 4835 2452 4901 Matthxi,
2475 4837 2548 4890 ait
2574 4833 3020 4905 nemincm'posse
3047 4845 3261 4905 peccata
3290 4833 3564 4905 dimittere
3585 4834 3682 4886 nisi
3707 4848 3794 4885 so-

2199 4906 2473 4960 lummodo
2515 4907 2754 4960 Divinam
2795 4903 3072 4960 Naturam.
3123 4904 3295 4960 Guido
3350 4904 3418 4959 de
3467 4903 3790 4973 Pcrpinianu

2200 4977 2442 5031 scribens
2471 4976 2728 5031 adversus
2774 4977 2997 5031 Errores
3036 4979 3398 5030 Armeniorum
3439 4973 3513 5028 ait
3559 4992 3572 5029 :
3616 4973 3803 5028 Dicunt

2199 5050 2350 5116 etiam
2377 5047 2514 5112 quod
2542 5049 2691 5100 homo
2717 5064 2816 5101 non
2845 5049 3096 5101 remittere
3121 5056 3282 5116 potest
3297 5055 3508 5116 peccata
3534 5046 3632 5098 nisi
3661 5043 3802 5099 solus

2201 5115 2362 5174 Deus.
2397 5117 2661 5184 Ruricius,
2697 5117 2789 5173 lib.
2829 5134 2899 5185 ιι,
2935 5115 3252 5186 Episth-I:
3285 5115 3587 5179 Praestabit,
3626 5125 3677 5167 ut
3699 5132 3808 5168 cre-

2201 5188 2367 5242 dimus
2387 5232 2400 5255 ,
2435 5189 2780 5242 misericordia
2821 5191 2980 5258 ipsius
3011 5196 3067 5241 ut
3098 5188 3185 5257 qui
3215 5186 3491 5258 paenitendi
3531 5186 3666 5239 vobis
3692 5187 3808 5240 ani-

2203 5275 2339 5312 mum
2369 5260 2622 5328 inspirare
2652 5260 2911 5330 dignatus
2936 5268 3031 5319 est.
3069 5258 3176 5330 qui
3196 5259 3334 5330 solus
3366 5267 3531 5330 potest
3555 5267 3598 5310 et
3627 5273 3809 5330 sanare

2201 5327 2514 5400 corrupta’et
2544 5327 2784 5400 reparare
2813 5329 3045 5400 collapsa
3073 5337 3120 5382 et
3143 5327 3309 5382 delere
3349 5327 3638 5400 commissa.
3677 5327 3809 5384 Vide

2206 5398 2491 5456 Maldutiati
2535 5398 2845 5456 Tractatum
2887 5401 2948 5455 de
2979 5399 3357 5466 Sueramentis,
3391 5413 3513 5470 pag.
3556 5398 3687 5467 255,
3716 5413 3809 5454 se-

2208 5471 2399 5526 cunda:
2433 5470 2704 5526 editionis.
3203 5511 3212 5520 .

2282 5541 2576 5614 Plurimum
2617 5551 2932 5614 martyrum.
2990 5540 3214 5597 Veteres
3243 5540 3533 5614 editiones
3581 5549 3636 5596 et
3691 5549 3813 5614 octo

2209 5613 2331 5668 libri
2374 5623 2578 5668 veteres
2616 5611 2816 5669 habent
2857 5614 3133 5681 plurimum
3167 5612 3336 5666 ualere
3371 5621 3678 5684 martyrum.
3707 5611 3814 5668 Sed

2211 5700 2317 5740 vox
2346 5685 2513 5738 ualere
2535 5697 2640 5738 non
2664 5691 2811 5740 extat
2838 5685 2889 5738 in
2918 5685 3036 5739 aliis
3057 5685 3312 5752 antiquis.

2287 5752 3077 5816 XVlll.——Facultate.Vcteres
3096 5751 3364 5813 editiones
3387 5761 3443 5811 et
3471 5768 3665 5814 novem
3696 5751 3815 5808 libri
