4332 6292
446 276 552 333 481

1802 281 2005 341 LIBER
2047 282 2135 342 DE
2171 285 2432 347 LAPSIS.

3641 291 3753 349 482

448 386 724 442 dicentes:
746 383 1040 456 Quousque,
1066 383 1303 455 Domine,
1326 395 1533 446 sanctus
1547 397 1594 446 et
1609 406 1775 459 verus,
1798 410 1900 449 non
1917 395 2056 468 judi-
2084 399 2138 460 Α
2167 396 2292 453 Noti
2320 439 2337 466 ,
2365 398 2443 454 ait
2473 407 2498 437 ο
2522 436 2541 467 ,
2578 415 2728 458 orare
2773 399 2893 472 pro'
2914 403 3104 473 populo
3141 405 3237 460 hoc
3254 444 3270 472 ,
3297 411 3344 460 et
3371 404 3476 460 noli
3497 405 3754 474 postulare

450 495 536 533 cas
584 487 631 532 et
661 478 889 532 vindicas
917 479 1217 549 sanguinem
1246 493 1474 536 nostrum
1518 484 1582 538 de
1607 485 1686 539 his
1715 487 1804 558 qui
1828 489 1881 542 in
1906 491 2052 544 terris

448 571 734 626 inhabitant
764 571 966 643 (Apoc.
1009 587 1085 636 vt,
1117 571 1251 643 10)?
1289 574 1358 628 Et
1385 576 1726 648 requiescere
1756 595 1819 635 ac
1849 582 2054 651 patien-

448 663 577 721 tiam
609 676 796 722 tenere
825 663 1004 720 adhuc
1026 665 1301 735 jubentur.
1326 667 1393 723 Et
1419 685 1740 742 quemquam
1771 687 1928 742 posse
1956 674 2054 730 ali-

448 756 567 828 quis
611 757 885 812 existimat
917 756 1258 814 remittendis
1290 758 1484 830 passim
1527 761 1897 836 donandisque
1924 780 2053 836 pec-

447 851 582 906 catis
597 850 798 904 bonnm
823 848 940 905 fieri
963 857 1148 904 contra
1161 849 1394 919 judicent
1423 855 1584 921 velle,
1610 864 1701 909 aut
1730 858 1880 926 prius
1893 873 2052 928 quam

446 941 747 998 vindicetur
763 941 877 1012 ipse
890 940 1027 996 alios
1042 955 1200 1012 posse
1215 944 1780 1002 defenderetalandant
1791 958 2054 1024 martyres

449 1034 648 1107 aliquid
669 1036 804 1104 fieri;
832 1037 928 1093 sed
942 1039 986 1094 si
1008 1037 1176 1110 justa,
1199 1040 1244 1095 si
1271 1039 1438 1106 licita,
1468 1041 1514 1096 si
1545 1055 1652 1096 non
1668 1051 1853 1098 contra
1879 1045 2053 1114 ipsum

451 1127 736 1184 Dominum
756 1145 783 1182 a
809 1129 903 1185 Dei
928 1130 1211 1188 sacerdote
1226 1139 1252 1168 α
1275 1131 1538 1199 facienda,
1563 1135 1608 1188 si
1630 1136 2054 1207 obtemperantis

451 1219 622 1276 facilis
650 1230 705 1277 et
750 1237 917 1292 prona
943 1224 1251 1291 consensio,
1281 1224 1326 1280 si
1355 1225 1590 1295 petentis
1616 1225 1778 1283 fuerit
1803 1227 2054 1300 religiosa

452 1313 772 1370 moderatio.
805 1314 1058 1373 Mandant
1087 1316 1288 1388 aliquid
1320 1326 1586 1391 martyres
1612 1319 1728 1376 fieri
1755 1319 1782 1360 δ
1812 1337 1828 1388 ;
1860 1322 1975 1389 sed,
2008 1322 2055 1379 si

451 1408 647 1479 scripta
678 1423 784 1464 non
834 1407 942 1465 sint
971 1409 1024 1465 in
1055 1410 1266 1467 Domini
1298 1411 1415 1483 lege
1452 1429 1572 1484 qua:
1604 1414 1898 1480 mandant,
1929 1425 2055 1474 ante

451 1510 533 1556 est
557 1509 614 1556 ut
634 1501 870 1557 sciamus
891 1501 1014 1558 illos
1032 1487 1224 1559 debeo
1247 1503 1569 1574 impetrasse
1592 1506 1734 1582 quod
1757 1507 2049 1576 postulant,

456 1603 581 1650 tunc
606 1593 788 1651 facere
808 1595 952 1667 quod
981 1595 1258 1652 mandant.
1286 1597 1478 1667 Neque
1504 1599 1651 1654 enim
1680 1599 1862 1655 statim
1885 1599 2054 1655 videri

457 1695 636 1757 potest
677 1687 744 1744 de
790 1687 964 1744 divina
1007 1689 1287 1760 majestate
1333 1704 1676 1760 concessum,
1705 1693 1847 1764 quod
1893 1692 2056 1749 fuerit

457 1781 686 1836 humana
719 1773 1102 1851 pollicitatione
1131 1783 1476 1854 promissum.

529 1872 667 1929 XIX.
695 1873 827 1929 Nam
849 1883 906 1932 et
923 1874 1136 1948 Moyses
1164 1890 1261 1946 pro
1289 1877 1524 1947 peccatis
1549 1877 1733 1950 populi
1756 1877 1928 1948 petiit,
1957 1893 2059 1934 nec

459 1977 632 2024 tamen
661 1969 1006 2046 peccantibus
1035 1969 1245 2024 veniam
1259 1984 1379 2024 cum
1398 1970 1620 2039 petisset
1645 1971 1853 2041 accepit
1880 1987 1893 2024 :
1921 1968 2056 2026 Pre-

456 2076 560 2127 cor,
591 2061 684 2126 ait,
715 2059 952 2128 Domine,
976 2060 1188 2134 deliquit
1210 2062 1432 2134 populus
1461 2061 1544 2116 hic
1572 2062 1813 2117 delictum
1838 2063 2052 2133 grande,

457 2163 518 2207 et-
548 2153 771 2224 fecerunt
813 2155 906 2209 sibi
934 2153 1055 2209 deos
1083 2171 1265 2210 aureos
1289 2171 1311 2222 ;
1337 2165 1384 2209 et
1415 2172 1568 2222 nunc,
1614 2155 1660 2209 si
1689 2155 1904 2211 dimittis
1931 2156 2005 2211 eis
2035 2197 2052 2222 ,

459 2245 697 2300 delictum
746 2246 986 2313 dimitte;
1017 2248 1097 2303 sin
1125 2257 1336 2316 autem,
1385 2247 1498 2302 dele
1548 2264 1626 2302 me
1663 2248 1726 2302 de
1753 2248 1882 2304 libro
1909 2263 2059 2319 quem

459 2339 708 2410 scripsisti
741 2349 784 2393 ο.
814 2338 877 2392 Et
903 2339 1029 2394 dixit
1047 2338 1294 2394 Dominus
1317 2338 1386 2392 ad
1414 2338 1627 2410 Moysen
1661 2355 1678 2393 :
1709 2339 1771 2394 Si
1799 2339 1911 2410 quis
1931 2338 2059 2392 deli-

460 2435 622 2505 querit
651 2431 678 2470 ά
705 2445 823 2489 ante
859 2451 939 2489 me
967 2476 984 2502 ,
1032 2434 1229 2489 deleant
1263 2450 1378 2489 eum
1409 2434 1472 2488 de
1502 2435 1630 2488 libro
1675 2449 1785 2488 meo
1833 2434 1852 2504 (
1881 2431 2054 2488 Exod.
2101 2424 2112 2430 ”

460 2540 652 2595 xxxu,
692 2525 754 2580 3i
795 2524 835 2597 ).
879 2525 973 2581 llle
1022 2527 1228 2582 amicus
1265 2525 1406 2593 Dei,
1453 2525 1543 2580 ille
1590 2524 1726 2581 facie
1753 2525 1819 2579 ad
1867 2526 2056 2582 faciem

461 2616 670 2672 locutus
717 2631 860 2687 saepe
891 2631 1014 2672 cum
1059 2616 1289 2672 Domino
1320 2658 1335 2682 ,
1379 2617 1520 2686 quod
1571 2616 1725 2688 petiit
1768 2617 2059 2688 impetrare

461 2723 568 2762 non
600 2707 772 2779 potuit
802 2749 817 2774 ,
850 2723 951 2763 nec
974 2707 1066 2763 Dei
1095 2707 1421 2777 indignantis
1457 2705 1714 2762 offensam
1739 2724 1832 2763 sua
1863 2709 2056 2779 depre-

460 2803 673 2857 catione
703 2801 951 2872 placavit.
985 2801 1307 2857 Hieremiam
1341 2801 1484 2857 Deus
1514 2802 1695 2857 laudat
1723 2812 1775 2857 et
1804 2803 2060 2873 praedicat

461 2894 650 2949 dicens
679 2910 693 2946 :
726 2892 884 2947 Prius
907 2909 1059 2964 quant
1102 2903 1150 2948 te
1176 2895 1452 2965 formarem
1477 2895 1530 2947 in
1559 2904 1702 2948 utero
1742 2895 1858 2949 novi
1889 2905 1936 2948 te
1967 2936 1982 2961 ,
2010 2905 2057 2950 et

466 2987 612 3058 prius
650 3003 804 3057 quam
832 2987 994 3041 exires
1039 2986 1102 3042 de
1129 2985 1277 3041 vulva
1303 2986 1614 3056 sanctiﬁcaui
1643 2997 1686 3040 te
1720 3026 1734 3052 ,
1768 2996 1813 3041 et
1841 2988 2058 3058 prophe-

461 3088 567 3134 tam
594 3079 646 3134 in
672 3079 902 3150 gentibus
934 3079 1080 3148 posui
1127 3087 1175 3133 te
1204 3077 1224 3151 (
1256 3076 1403 3133 Hier.
1431 3092 1449 3132 ι
1477 3117 1496 3145 ,
1525 3079 1557 3133 5
1587 3076 1628 3149 ).
1659 3079 1728 3156 Et
1755 3079 1930 3136 eidem
1963 3097 2058 3150 pro

2156 506 2251 560 pro
2297 491 2369 544 eis
2408 492 2463 544 in
2510 508 2656 562 prece
2682 503 2728 548 et
2768 495 2994 550 oratione
3025 536 3041 562 ,
3071 496 3193 566 quia
3245 511 3348 550 non
3399 497 3670 550 exaudiam
3700 497 3754 551 in

2157 589 2381 652 tempore
2411 583 2464 636 in
2489 599 2588 648 quo
2614 585 2915 640 invocabant
2941 604 3020 640 me
3038 629 3053 653 ,
3107 588 3163 641 in
3193 596 3417 659 tempore
3459 588 3756 657 afflictionis

2155 688 2263 727 sua:
2327 673 2518 744 (Hier.
2575 691 2648 741 st,
2698 675 2828 745 14).
2887 677 3025 746 Quid
3056 694 3183 734 vero
3226 678 3424 749 justius
3451 677 3566 734 Noe
3593 719 3610 743 ,
3641 681 3732 750 qui

2155 782 2278 822 cum
2306 768 2512 839 repleta
2541 782 2685 826 esset
2711 778 2853 826 terra
2884 771 3114 842 peccatis
3143 812 3159 837 ,
3205 771 3353 828 solus
3391 772 3637 827 inventus
3665 779 3752 829 est

2151 858 2330 928 justus
2359 863 2411 916 in
2445 862 2602 918 terris
2630 863 2653 916 ‘l
2698 861 2837 930 Quid
2879 862 3168 933 gloriosius
3211 862 3473 918 Daniele?
3501 862 3627 933 quid
3662 862 3757 918 illo

2156 953 2222 1006 ad
2251 951 2490 1008 facienda
2520 956 2775 1026 martyria
2803 955 2854 1009 in
2883 953 3010 1010 fidei
3050 954 3302 1011 firmitate
3333 954 3604 1010 robustius
3633 997 3648 1021 ,
3699 955 3756 1010 in

2159 1047 2253 1102 Dei
2295 1046 2603 1117 dignatione
2635 1045 2840 1104 felicius
2872 1044 2890 1083 ί
2929 1087 2946 1115 ,
2996 1047 3088 1118 qui
3117 1047 3275 1103 toties
3302 1057 3357 1103 et
3401 1060 3522 1102 cum
3562 1045 3755 1102 conﬂi-

2157 1148 2306 1210 geret
2333 1141 2462 1196 vicit
2490 1182 2506 1206 ,
2547 1149 2604 1196 et
2651 1155 2774 1196 cum
2801 1139 3042 1196 vinceret
3089 1140 3438 1212 supervixit?
3488 1139 3626 1207 Quid
3657 1139 3760 1196 Job

2155 1231 2212 1289 iu
2241 1234 2494 1304 Operibus
2540 1234 2840 1305 promptius
2871 1275 2886 1300 ,
2940 1235 2993 1289 in
3026 1234 3407 1291 tentationibus
3432 1232 3624 1289 fortius
3645 1275 3663 1302 ,
3703 1231 3758 1288 in

2157 1323 2348 1381 dolore
2403 1325 2692 1396 patientius
2722 1367 2740 1393 ,
2799 1328 2852 1380 in
2893 1326 3085 1383 timore
3135 1324 3451 1382 submissius
3478 1365 3496 1392 ,
3549 1324 3603 1379 in
3652 1323 3759 1380 fide

2159 1417 2374 1473 verius?
2404 1418 2511 1474 Nec
2542 1419 2625 1474 his
2655 1428 2834 1474 tamen
2863 1458 2880 1486 ,
2931 1418 2976 1473 si
3027 1427 3278 1489 rogarent
3305 1458 3322 1483 ,
3372 1430 3756 1472 concessurum

2157 1523 2218 1566 se
2264 1511 2406 1566 Deus
2444 1512 2598 1567 dixit.
2647 1511 2785 1567 Cum
2837 1510 3101 1582 prapheta
3146 1509 3396 1566 Ezechiel
3440 1524 3537 1580 pro
3561 1509 3759 1566 delicto

2161 1605 2341 1674 populi
2396 1605 2821 1676 deprecaretur,
2891 1603 3051 1658 Terra
3081 1644 3096 1670 ,
3159 1604 3376 1674 inquit,
3436 1617 3761 1673 quacumque

2161 1697 2438 1766 peccaverit
2459 1697 2584 1750 mihi
2603 1706 2658 1750 ut
2685 1696 2946 1766 delinquat
2967 1696 3231 1758 delictum,
3251 1695 3523 1749 extendam
3545 1709 3754 1748 manum

2075 1787 2124 1848 B
2152 1806 2318 1844 meam
2345 1806 2498 1858 super
2543 1805 2677 1854 eam,
2735 1799 2781 1843 et
2834 1791 3060 1842 obteram
3098 1789 3492 1843 stabilimentum
3520 1789 3586 1822 ¹⁸⁸
3613 1789 3760 1857 panis

2162 1891 2209 1936 et
2234 1883 2501 1936 immittunt
2533 1882 2586 1935 in
2625 1897 2738 1935 eam
2760 1884 2946 1949 fantem
2965 1921 2978 1944 ,
3000 1889 3048 1934 et
3079 1885 3310 1950 auferam
3333 1880 3396 1934 ab
3417 1896 3477 1934 ea
3504 1881 3760 1935 hominem

2160 1987 2206 2031 et
2261 1992 2467 2046 pecora.
2514 1971 2630 2029 Etsi
2669 1975 2860 2044 fuerint
2905 1983 3006 2028 tres
3056 1974 3152 2028 uiri
3195 1974 3248 2027 hi
3292 1975 3346 2028 in
3402 1973 3569 2030 medio
3601 1974 3713 2043 ejus
3740 2014 3756 2039 ,

2163 2067 2281 2124 Noe
2299 2111 2315 2136 ,
2348 2068 2532 2122 Daniel
2557 2077 2604 2122 et
2642 2066 2743 2122 Job
2764 2108 2780 2135 ,
2807 2083 2908 2121 non
2935 2066 3220 2122 liberabant
3245 2067 3381 2133 [ilios
3409 2081 3569 2134 neque
3592 2065 3761 2134 filias,

2159 2160 2259 2229 ipsi
2298 2159 2395 2216 soli
2431 2160 2559 2214 salvi
2601 2167 2745 2214 erunt
2798 2157 3031 2230 (Ezech.
3084 2173 3192 2225 xrv,
3227 2159 3295 2214 15
3325 2157 3369 2226 ).
3420 2157 3572 2213 Adeo
3598 2165 3624 2206 ε
3656 2172 3762 2212 non

2159 2265 2320 2307 omne
2363 2249 2507 2321 quod
2556 2250 2753 2320 petitur
2802 2249 2855 2304 in
2889 2247 3197 2319 praejudicio
3246 2249 3477 2319 petentis
3507 2247 3536 2286 ιι
3563 2248 3657 2304 sed
3709 2249 3761 2304 in

2160 2343 2338 2402 dantis
2377 2343 2599 2399 arbitrio
2627 2351 2758 2408 est;
2813 2357 2916 2399 nec
2942 2343 3227 2413 quicquam
3281 2341 3382 2398 sibi
3434 2349 3658 2412 usurpat
3705 2350 3761 2396 et

2161 2436 2394 2492 vindicat
2419 2434 2654 2491 humana
2684 2433 2952 2492 sententia
2981 2475 2996 2500 ,
3051 2435 3152 2490 nisi
3181 2442 3381 2489 annuat
3431 2443 3487 2490 et
3535 2447 3763 2490 censura

2159 2527 2362 2584 divina.

2232 2619 2327 2676 XX
2339 2661 2352 2676 .
2376 2619 2435 2675 In
2451 2618 2738 2691 Evangelia
2763 2618 3022 2675 Dominus
3043 2617 3275 2690 loquitur
3289 2617 3494 2674 dicens:
3519 2617 3617 2684 Qui
3643 2632 3765 2670 con-

2161 2717 2323 2784 fessus
2349 2729 2429 2766 me
2455 2712 2606 2781 fuerit
2633 2727 2804 2765 corant
2831 2711 3117 2766 hominibus
3176 2708 3191 2746 ί
3221 2752 3237 2777 ,
3265 2721 3311 2766 et
3355 2727 3447 2780 ego
3491 2709 3768 2778 conﬁtebor

2160 2824 2275 2862 eum
2303 2822 2474 2860 coram
2497 2804 2656 2858 Patre
2679 2820 2790 2859 meo
2812 2805 2897 2875 qui
2920 2805 2973 2858 in
2997 2806 3137 2860 caelis
3157 2813 3247 2858 est.
3269 2803 3368 2871 Qui
3389 2813 3556 2858 autem
3577 2819 3656 2856 me
3678 2818 3768 2856 ne-

2160 2896 2373 2967 gaverit,
2395 2906 2440 2950 et
2463 2911 2556 2966 ego
2583 2894 2772 2967 negabo
2785 2911 2896 2950 eum
2912 2893 3314 2967 (Luc.xn,8).Si
3332 2905 3612 2965 negantem
3627 2893 3755 2948 noni

2161 2997 2358 3060 negat,
2392 3004 2491 3045 nec
2512 2989 2861 3044 conlitentem
2888 2990 3192 3042 confitetur.
3236 2985 3349 3042 Non
3374 2999 3552 3057 pvtteSl
3580 2985 3761 3040 Evan-

2159 3083 2358 3154 gelium
2401 3080 2456 3136 in
2506 3089 2656 3151 parte
2687 3076 2983 3135 consistere
3010 3087 3065 3134 et
3114 3077 3168 3132 in
3219 3086 3368 3148 parte
3408 3085 3597 3132 nutare
3630 3094 3643 3130 :
3673 3084 3770 3132 aut

467 3171 700 3244 peccatis
746 3171 928 3244 populi
986 3170 1300 3242 deprecanti
1348 3169 1684 3242 frequentius
1729 3181 1784 3228 et
1837 3173 2059 3241 oranti,
2088 3169 2134 3233 C
2169 3184 2454 3246 utrumque
2490 3179 2707 3244 oportet
2735 3170 2912 3227 valeat
2941 3211 2957 3238 ,
3004 3178 3097 3226 aut
3122 3177 3410 3238 utrumque
3463 3165 3571 3223 vim
3623 3165 3769 3224 veri-

1763 3307 2142 3370 LECTIONES
2179 3308 2594 3368 VABIANTES.

535 3426 561 3455 ⁸
596 3422 667 3474 Ad
692 3423 789 3474 Dei
813 3421 1136 3474 sacerdotem.

532 3484 562 3524 ι’
596 3487 762 3536 Fieri?
784 3485 835 3535 Si
860 3487 1015 3538 Oxon.

498 3560 501 3562 ·
534 3552 557 3582 ε
595 3548 741 3597 Libro
764 3554 848 3597 tuo
869 3549 1001 3598 Lam.
1027 3547 1186 3606 Quem
1209 3545 1401 3609 scripsi.
1433 3553 1566 3598 Voss.
1589 3546 1634 3598 1.

535 3610 565 3651 «ι
597 3609 874 3672 Deliquerit
902 3618 1033 3660 Voss.
1060 3609 1106 3658 1.
1128 3609 1269 3658 Pem.

537 3677 562 3707 θ
595 3673 677 3724 Ait
695 3670 931 3723 Dominus
954 3673 1112 3724 Oxon.

2239 3419 2262 3460 ἲ
2297 3421 2508 3472 Facilius
2538 3430 2668 3472 Voss.
2694 3421 2744 3471 2.

2237 3487 2265 3526 8
2299 3484 2342 3534 Α
2363 3483 2472 3534 Deo
2502 3493 2634 3534 Voss.
2668 3483 2715 3532 2.

2238 3546 2268 3610 ξι
2305 3547 2360 3610 [ιι
2386 3559 2562 3610 preces
2578 3545 2760 3610 judicio
2783 3544 2998 3610 potentis
3026 3552 3158 3596 Voss.
3187 3545 3233 3595 1.

2241 3607 2257 3650 ί
2298 3605 2467 3676 Coram
2489 3605 2923 3676 hominibusgpgd.
2947 3605 3004 3676 4ι
3019 3665 3031 3676 .

2241 3675 2256 3722 i
2299 3670 2623 3722 Contitentem
2647 3670 2874 3720 non‘NC.
2901 3671 2951 3719 4.
2976 3668 3082 3721 Lin.

1716 3796 1959 3854 STEPH.
2001 3795 2273 3855 BALUZII
2311 3792 2535 3851 ΝΟΤᾸΞ.

473 3926 702 3982 veteres,
733 3915 893 3971 etiam
919 3913 1316 3984 Seguierianus,
1347 3911 1634 3984 prwferunt
1663 3912 1926 3980 facilitate.
1960 3912 2064 3967 Alii

475 3998 700 4061 quatuor
723 3983 1282 4061 felicitatepnintirum,
1313 3993 1370 4061 nt
1398 3983 1609 4052 opinor,
1635 3998 1733 4061 pro
1762 3984 2026 4053 facilitate.

547 4054 764 4112 Bonum.
797 4057 1062 4113 Pamelitts
1092 4055 1271 4126 posuit
1294 4054 1526 4126 dignum,
1547 4054 1728 4109 nescio
1752 4070 1854 4126 qua
1890 4062 2068 4108 aucto-

477 4132 652 4185 ritate.
687 4129 800 4198 Ego
825 4143 955 4184 sane
977 4123 1162 4180 bonum
1192 4125 1578 4198 vidirscriptum
1607 4127 1656 4176 in
1689 4123 1940 4198 omnibus
1971 4139 2066 4178 an-

481 4201 636 4272 liquis
660 4194 1062 4272 editionibtts‘et
1087 4199 1138 4250 in
1171 4195 1418 4272 omnibus
1455 4194 1922 4272 libris_veteribUs.

561 4269 870 4323 Vindicetur.
928 4267 1204 4322 Falluntur
1252 4265 1489 4335 profecto
1537 4265 1628 4335 qui
1692 4274 1878 4334 putant
1931 4265 2066 4320 hanc

479 4356 666 4396 vocem
696 4340 813 4394 istic
851 4338 1212 4408 accipiendam
1245 4352 1364 4392 esse
1390 4352 1455 4408 eo
1484 4351 1653 4408 sensu
1673 4350 1778 4404 quo
1807 4335 2068 4408 accipitur

480 4410 621 4481 apud
673 4411 922 4481 Optatum
967 4405 1086 4464 cum
1121 4407 1482 4481 loquitnrde
1524 4405 2066 4481 ossibus__cnjusdatn

480 4476 737 4552 martyris
752 4480 985 4552 nondum
1010 4478 1280 4534 vindicati.
1303 4477 1425 4552 Istic
1452 4479 1592 4552 enim
1620 4491 1724 4552 vox
1754 4478 1842 4531 illa
1873 4476 2063 4532 referri

482 4569 579 4623 per
604 4547 1041 4623 consequentiam
1066 4549 1612 4623 necessariamdebet
1632 4547 1697 4601 ad
1725 4562 1788 4623 ea
1819 4563 1936 4623 quge
1967 4563 2063 4602 an-

483 4618 733 4680 iecedunt
761 4618 886 4690 ,‘cx
933 4621 1127 4691 quibus
1154 4621 1320 4691 liquet
1363 4620 1698 4691 existimasse
1741 4618 2066 4690 Cyprianum

483 4695 766 4764 plurimum
821 4690 977 4762 posse
1019 4691 1158 4761 apud
1182 4690 1417 4764 judicent
1458 4690 1646 4764 nterita
1696 4698 1988 4764 martyrum
2016 4697 2071 4743 et

483 4759 647 4834 opera
686 4759 984 4833 justorum,
1028 4759 1122 4834 sed
1158 4776 1280 4834 cum
1308 4760 1489 4829 judicii
1520 4759 1644 4834 dies
1664 4759 1866 4815 venerit
1889 4801 1924 4834 ,_
1947 4775 2070 4834 cum

484 4830 608 4905 post
646 4830 894 4890 occasum
941 4832 1123 4905 saeculi
1163 4830 1647 4905 ‘bujnset_tnundi
1674 4845 1819 4905 ante
1844 4830 2071 4905 tribunal

483 4900 680 4961 Christi
713 4905 938 4976 populus
965 4903 1081 4975 ejus
1111 4901 1394 4976 adSIitet-it.
1428 4903 1494 4957 Et
1519 4917 1639 4976 mo;
1664 4900 1960 4972 Cyprianus
1989 4902 2069 4955 af-

483 4977 588 5033 fert
635 4973 809 5032 loc'um
839 4991 908 5031 ex
947 4973 1271 5045 Apocalypsi
1301 4974 1354 5027 in
1393 4987 1499 5042 quo
1544 4973 1754 5045 animae
1779 4981 2069 5043 martyrum

485 5047 787 5103 occisorum
827 5048 927 5100 sub
980 5043 1072 5100 ara
1121 5043 1215 5100 Dei
1253 5045 1558 5100 constituta:
1586 5043 1855 5113 postulant
1896 5058 1926 5096 a
1965 5047 2074 5098 Deo

485 5117 772 5173 vindictam
826 5116 895 5172 de
937 5115 1366 5185 persecutoribus
1415 5115 1547 5169 suis.
1592 5113 1706 5168 Alia
1764 5122 1880 5185 erat
1916 5127 2074 5185 causa

485 5199 782 5262 martyrum
827 5182 1064 5262 nondum
1117 5187 1450 5262 occisorum,
1499 5201 1634 5256 quos
1676 5184 1974 5254 Cyprianus
2003 5182 2078 5239 ait

485 5274 592 5314 non
629 5255 807 5331 'posse
850 5258 1124 5331 remittere
1166 5271 1340 5331 neque
1368 5255 1570 5312 donare
1608 5267 1854 5331 peccata,
1902 5268 2075 5331 neque

486 5331 634 5401 ipsos
648 5324 822 5400 'posse
850 5324 1301 5401 aliosidcl‘ender'e
1339 5324 1623 5396 antequam
1671 5327 1767 5395 ipsi
1802 5324 2075 5401 vindicen-

487 5397 606 5467 tur,
653 5397 730 5456 uti
778 5398 1116 5472 postulabant
1163 5399 1357 5453 anima:
1402 5409 1692 5472 martyrum
1747 5397 2068 5472 occisorum.

485 5471 692 5528 Eodem
719 5467 879 5528 sensu
910 5469 1078 5541 Epist.
1110 5485 1215 5536 LVI,
1244 5484 1365 5540 pag.
1397 5470 1496 5541 9’5,
1530 5467 1604 5522 ait
1642 5467 1922 5541 Dominum
1952 5480 2076 5541 pas-

486 5542 670 5598 siones
717 5551 927 5598 nostras
957 5536 1028 5596 —et
1061 5536 1280 5594 vulnera
1312 5536 1720 5594 vindicaturum.
1749 5536 1884 5593 Vide
1913 5537 2075 5592 etiam

486 5625 782 5685 extremam
815 5623 1022 5685 partem
1051 5611 1166 5685 libri
1195 5610 1260 5685 de
1280 5608 1424 5685 Bono
1463 5610 1750 5685 patientiae,
1782 5609 1904 5679 pag.
1934 5606 2073 5685 255.

485 5677 849 5757 Tertullianu's
876 5688 926 5738 in
959 5683 1094 5757 libro
1123 5680 1191 5757 de
1220 5679 1362 5750 Fuga
1395 5681 1448 5757 in
1463 5677 1847 5750 persecutione
1860 5677 1884 5733 ἐ
1925 5677 2078 5757 Potes

485 5754 658 5826 itaque
673 5765 718 5811 te
737 5765 1014 5827 martyrem
1036 5749 1317 5819 uindicare,
1340 5749 1556 5808 scientes
1578 5767 1682 5807 esse
1709 5765 1949 5822 maguum
1969 5749 2078 5803 vin-

2169 3913 2332 3967 dicari
2353 3912 2436 3987 ab‘
2465 3927 2543 3987 eo.
2591 3909 2804 3987 Lucifer
2824 3909 3187 3987 _Ca_laritanus
3235 3913 3299 3987 in__
3331 3912 3632 3987 Apologiat
3671 3930 3772 3987 pro

2169 3993 2356 4040 sancto
2412 3981 2706 4036 Athanasio
2754 4001 2768 4034 :
2823 3980 2965 4036 Talis
3009 3999 3116 4038 mos
3153 3993 3227 4038 est
3267 3983 3357 4039 Dei
3382 3980 3690 4042 cultoribus
3712 3996 3768 4040 ut

2169 4065 2330 4126 totum
2356 4063 2606 4126 reserarent
2633 4049 2744 4126 Deo
2766 4093 2781 4117 ,
2813 4052 3024 4126 scientes
3051 4070 3155 4110 esse
3176 4071 3413 4126 magnum
3440 4058 3686 4110 uindicari
3708 4057 3771 4111 ab

2171 4141 2250 4180 eo.
2291 4124 2422 4178 Vide
2449 4123 2666 4192 lligaltii
2697 4123 3103 4180 observationes
3132 4129 3197 4180 ad
3231 4123 3423 4182 librum
3459 4128 3773 4183 Tertulliani

2173 4197 2237 4250 de
2268 4195 2527 4249 Oratione.
2583 4193 2759 4248 Julius
2799 4193 3134 4262 Capitolinus
3184 4197 3234 4250 in
3283 4198 3562 4253 Pertinace
3590 4199 3768 4252 dixit:

2173 4268 2383 4337 Aliquo:
2414 4267 2572 4337 etiam
2601 4275 2827 4320 mortuos
2857 4266 3150 4321 uindicauit.
3191 4267 3343 4333 Quod
3373 4278 3549 4322 tamen
3581 4269 3769 4324 referri

2172 4335 2278 4393 non
2305 4345 2480 4407 potest
2509 4335 2576 4390 ad
2606 4345 2845 4391 mortuos
2872 4337 3167 4392 vindicatos
3195 4337 3436 4407 in~sensn
3463 4337 3658 4407 Optati.

2245 4406 2430 4464 Sinon
2459 4417 2659 4462 contra.
2691 4407 2948 4476 Rigaltius
2978 4408 3099 4462 istic
3126 4409 3201 4463 ait
3228 4411 3328 4461 ista
3357 4406 3434 4462 sic
3462 4406 3569 4461 uno
3593 4416 3766 4462 tractu

2171 4478 2535 4548 perducenda,
2559 4478 2603 4531 si
2625 4493 2725 4532 non
2745 4488 2920 4532 contra
2939 4478 3106 4546 ipsum
3130 4477 3400 4532 Dominum
3423 4495 3453 4531 a
3476 4477 3572 4531 Dei
3602 4494 3770 4532 sacer-

2171 4550 2288 4605 dote
2315 4549 2552 4620 [acienda
2578 4550 2643 4602 sit
2671 4550 3059 4617 obtemperantis
3085 4549 3254 4615 facilis
3284 4558 3329 4602 et
3360 4565 3521 4617 prona
3543 4564 3761 4603 consen-

2171 4621 2280 4686 sio,
2354 4621 2594 4688 hancque
2647 4620 2962 4686 scripturam
3022 4628 3170 4688 putat
3229 4635 3350 4674 esse
3402 4620 3762 4674 verissimam.

2173 4690 2380 4746 Laudat
2407 4701 2585 4744 autem
2609 4689 2849 4745 codicem
2880 4689 3239 4760 veronensem
3261 4729 3276 4753 ,
3303 4689 3356 4744 in
3377 4705 3484 4760 quo
3511 4691 3768 4758 scriptum

2173 4770 2288 4816 erat
2313 4761 2379 4815 sit
2424 4775 2519 4830 pro
2541 4769 2680 4814 sunt.
2731 4760 2822 4815 Sic
2866 4758 3026 4815 etiam
3061 4761 3111 4814 in
3155 4758 3758 4815 editioneMorelliana.

2175 4835 2240 4888 At
2274 4832 2324 4886 in
2367 4831 2714 4903 Seguieriano
2734 4831 2948 4903 legitur
2975 4847 2988 4883 :
3024 4830 3274 4885 Mandant
3299 4832 3495 4903 aliquid
3521 4843 3769 4903 nmrtyrcs

2175 4904 2307 4974 ﬁeri,
2337 4903 2379 4958 si
2391 4903 2556 4974 justa,
2586 4901 2825 4974 silicita,
2847 4902 2890 4955 si
2916 4917 3017 4974 non
3035 4913 3212 4956 contra
3241 4901 3408 4974 ipsum
3435 4901 3708 4957 Dominum
3736 4920 3771 4956 α

2176 4971 2274 5028 Dei
2319 4971 2596 5043 sacerdote
2625 4971 2879 5043 facienda.
2936 4972 3018 5028 Sit
3066 4971 3456 5040 obtemperantis
3511 4974 3679 5043 facilis
3723 4983 3771 5026 et

2217 5061 2341 5098 rana
2369 5041 2654 5116 consensio,
2683 5041 2726 5096 si
2754 5043 2983 5116 petentis
3015 5045 3164 5116 fuerit
3191 5045 3427 5116 religiosa
3466 5041 3768 5099 moderatio.

2205 5126 2266 5186 tai
2282 5117 2442 5186 etiam
2472 5113 2640 5186 ferme
2669 5113 2836 5186 codex
2864 5113 3033 5170 sancti
3062 5113 3348 5186 Arnulplii.

2249 5182 2724 5240 XIX—Fecerunt
2743 5184 2835 5239 sibi
2861 5185 2980 5240 deos
3007 5202 3207 5240 aureos.
3229 5182 3353 5242 Haec
3377 5187 3569 5244 desunt
3591 5187 3642 5240 in
3669 5199 3771 5241 an-

2179 5255 2341 5326 tiquis
2371 5253 2694 5326 editionibus
2721 5264 2777 5310 et
2817 5255 2871 5311 in
2911 5258 3311 5326 quatuordecim
3348 5259 3620 5315 codicibus
3659 5272 3772 5311 ma-

2181 5325 2498 5399 nuscriptis.
2521 5325 2748 5399 Exstant
2777 5325 2955 5382 tamen
2985 5327 3039 5382 in
3069 5327 3187 5382 aliis
3215 5340 3442 5399 septem,
3484 5339 3538 5384 et
3572 5327 3624 5381 in
3655 5328 3774 5399 qui-

2181 5397 2654 5468 busdantadditur
2688 5407 2732 5450 et
2764 5407 3026 5468 argenteos
3050 5438 3065 5462 ,
3095 5398 3236 5466 quod
3264 5397 3417 5455 deest
3451 5402 3502 5454 in
3535 5398 3772 5468 Fuxensi

2181 5478 2234 5522 et
2263 5468 2315 5521 in
2345 5466 2581 5541 editione
2607 5464 2854 5541 Morellii.
2887 5467 2942 5523 In
2969 5464 3142 5538 capite
3160 5483 3232 5541 ‘tvr
3253 5470 3503 5541 Epistulae
3530 5469 3602 5541 ad
3639 5467 3771 5523 For-

2182 5547 2419 5610 lunatum
2450 5537 2519 5594 de
2545 5537 2925 5610 Exhortatione
2955 5537 3191 5610 martyrii
3223 5537 3414 5610 legitur
3455 5559 3468 5594 :
3522 5539 3776 5610 Fecerunt

2178 5609 2272 5663 sibi
2323 5607 2442 5662 deos
2492 5622 2691 5663 aureos.
2743 5608 2801 5663 in
2853 5608 2990 5664 libro
3038 5607 3167 5664 vero
3214 5627 3232 5666 ι
3279 5607 3772 5676 Testimoniorum,

2178 5693 2292 5755 cap.
2332 5680 2358 5734 1
2395 5696 2409 5732 :
2439 5676 2688 5755 Fecerunt
2712 5679 2809 5755 sibi
2837 5679 2958 5734 deos
2993 5696 3172 5755 aureos
3198 5693 3243 5755 et
3283 5693 3568 5755 argenteos.
3596 5678 3656 5737 In
3682 5695 3776 5738 ca-

2179 5749 2292 5821 pite
2318 5765 2462 5806 χχιιι
2483 5749 2678 5819 Exodi,
2707 5754 3029 5823 feceruntque
3054 5753 3150 5808 sibi
3178 5753 3300 5812 deos
3322 5749 3527 5810 a'ureos.

3711 5937 3752 5950 ,ρο
