4332 6292
523 326 632 393 483

1909 328 2050 388 DIVI
2112 322 2437 392 CYPRIANI

3714 336 3821 398 484

523 448 649 505 tatis
690 448 1011 506 amittatzsi
1066 454 1322 518 negantes
1367 446 1449 503 rei
1477 445 1717 505 criminis
1761 459 1874 502 non
1921 438 2118 509 erunt.
2148 445 2430 507 Afractus
2456 455 2557 504 est.
2604 446 2801 504 Iacens
2844 447 3113 505 stantibus
3168 456 3223 505 et
3252 449 3474 522 integris
3513 450 3824 509 vulneratus

524 557 624 597 nec
651 541 967 598 conﬁtentes
997 541 1272 610 praemium
1301 541 1515 596 virtutis
1533 540 1817 612 accipient.
1851 540 2039 603 Porro,
2073 542 2117 596 si

524 635 659 691 ﬁdes
700 649 823 705 qua:
866 634 1057 697 vicerit
1096 643 1425 701 coronatur,
1476 649 1700 691 necesse
1745 645 1829 689 est
1881 645 1938 690 ut
1982 637 2116 691 ricta

524 724 744 795 perfidia
771 726 1043 795 puniatur.
1077 726 1152 782 Ita
1178 736 1462 800 martyres,
1507 736 1601 783 aut
1642 728 1771 783 nihil
1823 738 2045 799 possunt
2073 728 2118 783 si

525 817 878 889 Evangelium
922 817 1058 873 solvi
1106 829 1326 889 potest,
1379 828 1472 875 aut
1517 820 1564 875 si
1619 820 1962 891 Erangelinm
2012 834 2117 875 non

522 921 703 984 potest
720 913 856 971 solvi
883 922 912 952 α
931 955 945 979 ,
977 923 1164 971 contra
1192 915 1536 986 Evangelium
1561 914 1738 969 facere
1766 930 1869 969 non
1895 924 2120 983 possunt

521 1008 611 1076 qui
652 1006 722 1061 de
750 1005 1046 1076 Evangelio
1073 1016 1337 1080 martyres
1367 1009 1519 1062 fiunt.
1553 1007 1720 1063 Nemo
1746 1050 1761 1069 ,
1812 1009 2004 1062 fratres
2034 1007 2127 1065 di~.

521 1097 838 1164 lectissimi,
888 1113 1051 1155 nemo
1105 1098 1351 1154 infamet
1389 1109 1685 1171 martyrum
1724 1096 2034 1168 dignitatem
2058 1096 2114 1163 ι’,

443 1212 447 1220 -
522 1206 684 1248 nemo
724 1206 911 1248 eorum
953 1191 1155 1263 glorias
1213 1191 1460 1251 destruat
1521 1199 1577 1246 et
1642 1204 1893 1244 coronas.
1944 1188 2121 1245 Manet

524 1284 850 1356 incorruptae
878 1283 1001 1341 ﬁdei
1032 1285 1198 1341 robur
1222 1284 1526 1349 incolume;
1568 1297 1669 1339 nec
1698 1282 1878 1338 dicere
1921 1282 2119 1352 aliquid

523 1386 616 1433 aut
641 1377 822 1434 facere
844 1386 1029 1434 contra
1058 1377 1336 1434 Christum
1383 1385 1581 1446 potest,
1614 1374 1768 1443 cujus
1792 1362 2017 1443 et“spes
2066 1381 2122 1429 et

523 1467 657 1524 ﬁdes
690 1477 748 1525 et
769 1468 940 1525 virtus
975 1478 1032 1525 et
1064 1469 1233 1540 gloria
1273 1471 1451 1524 omnis
1491 1466 1546 1522 in
1576 1466 1790 1523 Christo
1818 1476 1917 1521 est.
1953 1466 2019 1523 Ut
2052 1467 2121 1523 ab

522 1552 788 1632 episcopis
830 1570 1017 1617 contra
1065 1559 1378 1615 mandatum
1428 1559 1520 1614 Dei
1570 1558 1660 1613 liat
1704 1566 1953 1614 auctores
1999 1573 2119 1614 esse

522 1668 630 1709 non
678 1665 903 1725 possunt
955 1653 1047 1725 qui
1096 1653 1196 1724 ipsi
1249 1653 1342 1707 Dei
1391 1651 1643 1708 mandata
1701 1651 1967 1708 fecerunt.
2035 1651 2115 1706 An

520 1742 800 1815 quisquam
833 1745 1006 1815 major
1029 1745 1140 1800 Deo
1160 1728 1252 1799 aut
1280 1743 1462 1799 divina
1490 1741 1728 1799 bonitate
1750 1742 2068 1797 clementior
2097 1783 2112 1807 ,

2224 541 2494 606 miratur;
2534 541 2754 615 etquod
2792 557 2899 597 non
2940 543 3127 598 statim
3161 543 3369 599 Domini
3413 558 3609 615 corpus
3650 546 3825 617 inqui-

2223 634 2363 686 natis
2399 633 2646 686 manibus
2673 633 2899 702 accipiat
2930 675 2945 700 ,
2973 641 3066 688 aut
3091 648 3186 689 ore
3226 634 3429 705 polluto
3462 628 3673 690 Domini
3701 651 3825 692 san-

2223 726 2437 795 guinem
2506 724 2710 792 bibat,
2781 724 3151 781 sacerdotibus
3204 727 3502 798 sacrilegus
3552 718 3821 784 irascitur.

2223 819 2421 887 Atque,
2453 831 2487 872 ο
2514 826 2659 872 tuam
2692 827 2715 854 ε
2748 817 2988 886 nimiam,
3021 817 3245 886 furiose,
3278 818 3601 876 dementiam
3624 823 3645 895 pl
3690 820 3829 879 Iras-

2223 908 2364 962 ceris
2393 908 2440 961 ei
2479 908 2566 977 qui
2596 907 2688 962 abs
2736 916 2787 963 te
2824 918 3072 964 avertere
3116 909 3253 964 iram
3302 909 3392 965 Dei
3438 910 3669 975 nititur;
3720 911 3770 966 ei
3802 911 3821 950 ί

2223 996 2442 1053 minaris
2467 999 2555 1068 qui
2584 1013 2681 1068 pro
2713 1009 2764 1054 te
2786 1000 3439 1055 Domini'misericordiam
3455 1000 3778 1073 deprecatur
3804 1048 3819 1072 ,

2223 1095 2313 1165 qui
2334 1097 2523 1159 vulnus
2554 1106 2701 1152 tuum
2724 1098 2886 1153 sentit
2908 1096 3049 1169 quod
3076 1097 3190 1167 ipse
3217 1113 3323 1153 non
3347 1100 3516 1154 sentis
3541 1142 3557 1168 ,
3586 1102 3673 1170 qui
3718 1117 3813 1171 pro

2225 1194 2277 1240 te
2330 1187 2595 1257 lacrymas
2653 1186 2849 1252 fundit,
2880 1203 3009 1257 quas
3039 1187 3259 1244 forsitan
3300 1189 3418 1261 ipse
3477 1205 3585 1245 non
3617 1190 3819 1249 fundis.

2222 1279 2428 1336 Oneras
2454 1282 2628 1338 adhuc
2659 1282 2861 1338 crimen
2894 1291 2949 1338 et
2998 1284 3281 1351 cumulas;
3320 1294 3375 1341 et
3427 1300 3547 1340 cum
3581 1286 3656 1341 sis
3709 1287 3823 1357 ipse

2224 1371 2580 1440 implacabilis
2611 1384 2635 1422 ε
2664 1372 2729 1429 ad
2758 1374 3023 1431 antistites
3049 1382 3104 1430 et
3146 1376 3453 1434 sacerdotes
3497 1379 3590 1434 Dei
3615 1421 3630 1445 ,
3669 1390 3823 1451 putas

2221 1462 2361 1517 circa
2390 1476 2442 1518 te
2474 1465 2756 1535 Dominum
2788 1479 2949 1535 posse
2978 1467 3223 1537 placari?

2297 1555 2485 1610 XXIII.
2532 1556 2727 1627 Accipe
2775 1557 2949 1628 potius
2991 1566 3045 1614 et
3090 1559 3313 1616 admitte
3365 1577 3485 1632 qua:
3529 1561 3818 1633 loquimur.

2220 1646 2357 1715 Quid
2386 1649 2559 1703 surdas
2586 1665 2746 1705 aures
2766 1651 3016 1707 salutaria
3040 1663 3309 1724 praecepta
3333 1669 3436 1710 non
3461 1654 3685 1711 audiunt
3702 1672 3821 1726 qua:

2221 1742 2529 1795 monemus?
2554 1741 2681 1812 quid
2710 1743 2839 1797 caeci
2862 1744 3000 1798 oculi
3030 1746 3356 1815 paenitentia
3381 1747 3486 1821 jter
3510 1764 3615 1802 non
3641 1748 3823 1804 vident

521 1838 610 1908 qui
640 1845 732 1893 aut
757 1836 1010 1894 infectum
1032 1837 1162 1892 velit
1186 1836 1329 1907 quod
1356 1851 1550 1906 passus
1569 1842 1652 1891 est
1676 1835 1816 1891 Deus
1846 1834 1959 1890 ﬁeri
1978 1878 1992 1900 ,
2022 1843 2114 1891 aut
2141 1839 2190 1900 Β
2218 1834 2361 1903 quod
2418 1834 2784 1889 ostendimus?
2839 1836 2964 1906 qttid
3009 1839 3258 1908 perculsa
3289 1838 3316 1873 ἰ
3370 1848 3426 1894 et
3473 1839 3700 1895 alienata
3752 1842 3819 1876 ¹⁸⁹

521 1926 675 1999 quasi
701 1928 980 1999 illiminus
1000 1929 1286 2001 potestatis
1308 1927 1373 1983 ad
1400 1929 1784 2000 protegendam
1816 1926 2112 1983 Ecelesiam

520 2035 672 2075 suam
703 2018 865 2076 fuerit
884 2060 900 2086 ,
941 2019 1144 2076 auxilio
1174 2035 1272 2076 nos
1296 2034 1396 2076 suo
1428 2029 1578 2090 putet
1607 2034 1766 2091 posse
1796 2019 2045 2076 servari?

592 2110 738 2167 XXI.
771 2109 882 2167 Nisi
922 2111 969 2166 si
997 2110 1115 2167 haec
1142 2110 1329 2183 ignaro
1358 2111 1471 2168 Deo
1493 2120 1649 2183 gesta
1686 2120 1811 2167 sunt
1832 2152 1847 2176 ,
1886 2119 1979 2166 aut
2008 2125 2113 2166 non

522 2199 866 2273 permittente
893 2212 915 2240 ο
959 2202 1053 2258 illo
1078 2202 1258 2259 omnia
1283 2202 1385 2258 ista
1422 2210 1688 2258 venerunt
1719 2244 1732 2267 ,
1773 2216 1896 2258 eum
1926 2201 2118 2257 doceat

522 2293 780 2349 indociles
811 2302 867 2350 et
906 2292 1195 2350 admoneat
1226 2294 1573 2350 immemores
1598 2292 1872 2364 Scriptura
1895 2292 2072 2348 divina
2097 2332 2113 2358 ,

519 2400 640 2455 qua:
666 2384 900 2456 loquitur
915 2378 1113 2441 dicens
1144 2404 1158 2441 :
1186 2386 1477 2453 Quirdedit
1504 2387 1556 2442 in
1594 2386 1929 2455 direptionem
1952 2383 2116 2441 Iacob

520 2487 569 2532 et
615 2477 784 2534 Israel
818 2479 883 2533 iis
932 2480 1023 2550 qui
1061 2479 1426 2549 prtrdabantur
1451 2480 1652 2535 illum?
1705 2478 1893 2534 Nonne
1930 2478 2067 2535 Deus
2097 2520 2113 2547 ,

520 2567 606 2621 cui
629 2569 1013 2639 peccauerunt?
1053 2568 1124 2624 Et
1173 2569 1444 2625 noluerunt
1483 2571 1537 2624 in
1578 2558 1679 2623 viis"
1699 2570 1811 2641 ejus
1855 2569 2117 2625 ambulare

521 2672 680 2729 neque
718 2659 901 2715 adire
939 2660 1100 2732 legetis
1146 2662 1260 2730 ejus
1316 2675 1335 2715 :
1389 2668 1439 2715 et
1486 2661 1790 2734 superduxit
1826 2678 1979 2732 super
2029 2678 2116 2718 eos

458 2790 466 2797 .
520 2750 653 2805 iram
670 2752 995 2807 dirimationis
1023 2767 1133 2808 sua
1163 2751 1298 2825 (lsa.
1338 2768 1472 2821 xm,
1502 2752 1618 2823 26).
1652 2753 1721 2808 Ει
1742 2753 1867 2809 alibi
1893 2762 2118 2810 testatur

519 2857 584 2898 ac
604 2843 736 2900 dicit
766 2862 780 2900 :
813 2845 1084 2917 Numquid
1137 2862 1239 2901 non
1289 2846 1421 2901 valet
1469 2862 1654 2901 utam
1704 2845 1803 2901 Dei
1849 2857 1903 2901 ut
1950 2848 2116 2904 salvos

520 2941 678 3011 faciat
709 2982 725 3008 ,
754 2950 844 2995 aut
873 2942 1100 3013 gravavit
1135 2956 1309 2997 uram
1336 2949 1391 2996 stt
1417 2956 1519 2995 non
1545 2942 1786 2995 exaudiat
1812 2941 1837 2994 ἵ
1868 2942 1975 2997 Sed
2001 2958 2117 3012 pec-

519 3042 632 3091 cata
677 3044 842 3091 vestra
890 3036 1024 3091 inter
1050 3051 1136 3093 vos
1164 3045 1211 3093 et
1254 3035 1422 3090 Deum
1472 3047 1716 3108 separant
1748 3076 1764 3103 ,
1816 3045 1864 3090 et
1910 3046 2118 3109 propter

519 3132 703 3187 delicta
768 3146 935 3190 vestra
979 3135 1158 3189 auertit
1209 3136 1393 3205 faciem
1437 3150 1470 3189 α
1519 3137 1656 3189 vobis
1706 3150 1770 3189 ne
1815 3134 2116 3188 misereatur

2219 1939 2370 1979 mens
2396 1925 2628 1980 remedia
2661 1926 2838 1980 vitalia
2869 1942 2974 1982 non
3000 1929 3226 1999 percipit
3257 1945 3375 2000 qua:
3405 1929 3470 1984 de
3518 1931 3815 2001 Scripturis

2216 2018 2522 2074 coelestibus
2546 2027 2603 2074 et
2627 2018 2884 2076 discimus
2913 2030 2967 2076 et
2995 2021 3295 2077 docemus?
3320 2025 3423 2078 Aut
3452 2025 3495 2078 si
3528 2023 3817 2080 incredulis

2216 2110 2533 2178 quibusdam
2562 2113 2737 2165 minor
2774 2112 2910 2167 fides
2937 2122 3019 2168 est
3047 2112 3367 2181 futurorum,
3400 2116 3483 2170 vel
3537 2117 3833 2195 prmsenti-I

2192 2194 2318 2257 'bus
2370 2212 2692 2259 terreantur.
2742 2205 2881 2262 Ecce
2926 2220 3123 2277 ,eorum
3179 2208 3266 2279 qui
3326 2218 3654 2279 negaverunt
3695 2225 3815 2279 qua:

2216 2295 2479 2365 supplicia
2510 2297 2894 2367 conspicimus,
2935 2314 3070 2367 quos
3098 2314 3285 2356 eorum
3317 2302 3496 2357 tristes
3522 2302 3696 2358 exitus
3719 2302 3815 2359 lle-

2218 2390 2381 2444 mus?
2408 2389 2516 2446 Nec
2538 2390 2624 2447 hic
2645 2405 2765 2447 esse
2785 2392 2903 2447 sine
2928 2408 3083 2462 poena
3112 2402 3356 2463 possunt,
3386 2399 3629 2466 quamvis
3682 2411 3814 2453 nec-

2217 2482 2471 2539 dumdies
2494 2488 2692 2541 venerit
2717 2501 2908 2556 patore.
2932 2487 3244 2543 Plectuntur
3267 2488 3484 2544 interim
3524 2487 3538 2527 ί
3572 2488 3811 2563 quidam,

2218 2590 2325 2646 quo
2349 2578 2529 2632 caeteri
2579 2578 2931 2650 corrigantur.
2983 2580 3245 2651 Exempla
3267 2590 3391 2636 sunt
3414 2582 3654 2637 omnium
3700 2591 3811 2637 tor-

2218 2680 2397 2723 menta
2423 2655 2734 2741 paucorum.

2291 2760 2479 2817 XXIV.
2506 2762 2657 2819 Unus
2683 2779 2754 2819 ex
2777 2763 2858 2818 his
2879 2764 2967 2835 qui
3000 2774 3189 2835 sponte
3230 2765 3551 2836 Capitolium
3583 2778 3800 2840 negatu-

2218 2869 2310 2909 rus
2337 2854 2595 2922 ascendit,
2625 2864 2905 2926 postquam
2950 2855 3224 2911 Christum
3279 2858 3495 2929 negavit
3528 2860 3811 2916 obmutuit.

2219 2945 2383 3001 Paene
2417 2945 2540 3001 inde
2568 2947 2732 3017 coepit
2763 2946 2905 3001 unde
2942 2948 3107 3018 cwpit
3150 2956 3203 3003 et
3231 2950 3469 3014 crimen;
3514 2960 3571 3005 ut
3603 2967 3700 3006 nec
3725 2967 3817 3007 ro-

2216 3052 2346 3109 gare
2366 3038 2475 3109 jam
2528 3048 2710 3109 posset
2738 3039 2828 3110 qtti
2859 3039 3021 3095 verba
3050 3040 3115 3095 ad
3146 3056 3367 3110 precum
3396 3042 3818 3099 misericordiam

2219 3145 2326 3184 non
2353 3130 2591 3186 haberet.
2627 3131 2745 3186 Alia
2774 3132 2825 3185 in
2858 3130 3066 3186 balneis
3087 3133 3515 3201 constitutaﬂtoc
3542 3135 3683 3189 enim
3712 3136 3819 3190 cri-

476 3258 481 3263 -
521 3224 540 3296 (
569 3222 680 3280 lsa.
716 3239 827 3291 etx,
862 3224 936 3297 l).
962 3226 1163 3282 Delicta
1191 3227 1367 3295 potius
1393 3237 1574 3283 nostra
1607 3236 2118 3297 reputemus,actus,
2140 3226 2185 3288 C
2220 3224 2350 3278 mini
2376 3225 2495 3295 ejus
2538 3235 2593 3280 et
2631 3224 2788 3279 malis
2823 3225 3005 3279 deerat
3036 3225 3079 3291 i,
3109 3234 3161 3279 ut
3201 3235 3255 3279 ct
3289 3226 3352 3280 ad
3392 3227 3610 3282 balneas
3641 3230 3817 3284 statim

519 3323 733 3377 nostros
769 3324 825 3369 et
849 3312 874 3351 ἀ
900 3316 1063 3370 animi
1092 3325 1297 3372 secreta
1337 3318 1675 3373 revolventcs
1703 3361 1718 3386 ,
1772 3316 2117 3376 conscientia:

521 3407 712 3461 merita
769 3406 1148 3479 ponderemus.
1206 3408 1411 3464 liedeat
1463 3407 1517 3463 in
1564 3422 1658 3464 cor
1711 3420 1951 3464 nostrum
2008 3425 2112 3465 non

520 3498 820 3553 ambulasse
850 3511 947 3552 nos
976 3498 1031 3552 in
1058 3496 1156 3553 viis
1183 3498 1396 3553 Domini
1427 3509 1478 3554 et
1506 3499 1766 3569 abjecisse
1793 3500 1962 3570 legem
1994 3499 2111 3565 Dei,

522 3597 785 3661 praecepta
824 3589 939 3660 ejus
966 3597 1020 3646 et
1046 3590 1249 3645 monita
1274 3589 1527 3646 salutaria
1569 3607 1860 3663 numquam
1891 3605 2109 3646 scrvare

523 3681 780 3739 Voluisse.

593 3776 756 3833 XXII.
791 3775 928 3844 Quid
972 3775 1040 3833 de
1084 3792 1150 3832 eo
1195 3775 1319 3831 boni
1358 3777 1599 3843 sentias,
1652 3793 1811 3849 quem
1862 3779 2109 3833 timorem

519 3867 683 3925 fuisse
710 3868 851 3939 apud
880 3884 1000 3925 eum
1029 3910 1043 3936 ,
1073 3884 1231 3939 quam
1263 3868 1424 3925 ﬁdem
1451 3870 1643 3925 credas
1666 3886 1822 3940 quem
1842 3871 2115 3938 corrigere

521 3979 622 4018 nec
645 3973 820 4018 metus
874 3962 1078 4031 potuit,
1105 3977 1267 4032 quem
1306 3963 1608 4031 persecutio
1635 3963 1748 4033 ipsa
1792 3979 1898 4017 non
1941 3962 2113 4019 refor-

520 4056 733 4115 mavit?
770 4056 890 4111 Alta
921 4064 977 4113 et
1002 4064 1177 4111 erecta
1205 4057 1385 4113 cervix
1417 4072 1517 4113 nec
1537 4058 1657 4127 quia
1688 4057 1883 4113 cecidit
1918 4056 2115 4113 inﬂexa

520 4159 625 4208 est.
671 4149 907 4205 Tumens
932 4149 1145 4205 ultimus
1171 4157 1226 4205 et
1254 4149 1517 4221 superbus
1558 4165 1659 4206 nec
1683 4151 1809 4220 quia
1834 4152 2005 4208 victus
2034 4160 2120 4211 est

2221 3326 2470 3389 pergeret
2495 3331 2617 3388 qua:
2642 3317 2836 3371 lavacri
2866 3315 3038 3370 vitalis
3062 3316 3288 3385 gratiam
3319 3316 3680 3385 perdidisset),
3710 3319 3819 3374 illic

2220 3408 2286 3463 ab
2318 3408 2595 3463 immundo
2629 3408 2815 3478 spiritu
2850 3406 3121 3461 immunda
3148 3415 3417 3478 correpta,
3448 3407 3665 3462 laniavit
3686 3408 3819 3463 den-

2220 3500 2360 3555 tibus
2389 3500 2620 3570 linguam
2666 3513 2766 3568 qua
2797 3498 2971 3552 iuerat
3006 3498 3087 3553 vel
3120 3507 3267 3566 pasta
3313 3497 3475 3568 impie
3505 3497 3589 3553 vel
3618 3498 3813 3553 locuta.

2217 3594 2501 3663 Postquam
2530 3590 2825 3645 sceleratus
2852 3590 3004 3644 cibus
3033 3597 3279 3659 sumptus
3306 3600 3408 3657 est,
3440 3591 3495 3645 in
3523 3590 3819 3661 perniciem

2216 3702 2366 3742 suam
2391 3687 2564 3741 rabies
2582 3687 2690 3740 oris
2716 3697 2917 3740 armata
2944 3694 3047 3739 est.
3068 3684 3184 3754 Ipsa
3212 3685 3292 3743 seti
3320 3683 3565 3743 carnifex
3593 3684 3816 3751 exstitit,

2219 3796 2317 3836 nec
2342 3780 2431 3835 diu
2460 3794 2744 3850 superesse
2771 3778 3113 3849 postmodum
3141 3779 3312 3848 potuit
3344 3794 3356 3831 :
3386 3777 3661 3832 doloribus
3689 3793 3819 3832 vcn-

2221 3874 2315 3928 tris
2342 3881 2394 3926 et
2415 3873 2681 3926 viscerum
2714 3870 2969 3933 cruciata,
2991 3867 3207 3924 deiecit.

2291 3962 2459 4018 XXV.
2494 3962 2767 4017 Praescnte
2796 3976 2859 4016 ac
2886 3970 3021 4034 teste
3048 3976 3131 4015 me
3154 3960 3268 4031 ipso
3295 3960 3521 4031 accipite
3544 3957 3669 4030 quid
3695 3972 3818 4014 eve-

2221 4057 2380 4112 nerit.
2413 4056 2672 4110 Parentes
2717 4053 2856 4108 forte
2908 4052 3190 4123 fugientes,
3225 4051 3350 4107 dum
3405 4052 3594 4121 trepidi
3642 4052 3818 4124 minus

2221 4150 2533 4215 consulunt,
2564 4146 2667 4202 sub
2699 4145 2920 4200 nutricis
2949 4145 3208 4201 alimento
3232 4145 3508 4216 parvulam
3536 4143 3699 4200 tiliam
3725 4160 3816 4201 re-

1746 4285 2132 4347 LECTIONES
2171 4282 2585 4345 VARIANTES.
2654 4274 2659 4279 ’

583 4437 608 4466 δ
642 4431 695 4497 Si
721 4426 1041 4493 Evangelium
1076 4424 1199 4478 solvi
1229 4427 1427 4536 potest,
1461 4429 1543 4472 aut
1576 4422 1619 4472 si
1664 4436 1758 4472 non
1798 4427 1961 4485 potest
1997 4421 2118 4474 solvi

583 4503 690 4536 utra
722 4494 820 4536 [λη-
850 4495 979 4536 Lam.
1022 4490 1130 4536 ΝΟ.
1158 4490 1202 4536 1.
1268 4524 1278 4536 .
1306 4489 1445 4536 Pent.
1467 4484 1613 4535 Ebor.
1647 4492 1777 4536 Voss.
1822 4484 1865 4535 1.
1914 4486 2033 4536 cod.
2067 4486 2114 4536 1.

518 4492 692 4547 contra
717 4494 821 4545 Lin.
847 4484 979 4543 iam.
1022 4490 1067 4541 Ν
1075 4490 1130 4539 C.
1158 4490 1203 4551 1,
1229 4484 1278 4536 2.
1306 4484 1613 4537 1’em.Ebor.
1647 4492 1777 4536 Voss.
1802 4484 1865 4535 “1.
1914 4486 2033 4536 cod.
2067 4486 2114 4546 1,

517 4563 566 4622 2’
583 4559 801 4670 ΞἹέὲωο
822 4618 947 4667 hanc
968 4614 1171 4682 gloriam
1193 4611 1388 4662 mutilet
1413 4608 1537 4660 Bod.
1565 4609 1612 4659 5.

582 4687 606 4716 ο
635 4682 732 4733 Aut
753 4682 1075 4745 permittente
1102 4678 1206 4724 Litt.

582 4746 611 4787 ἀ
645 4745 796 4795 Actus
819 4743 969 4791 nostri
990 4737 1116 4789 Bod.
1146 4738 1191 4797 1,
1219 4737 1270 4797 2,
1292 4736 1340 4785 4.

582 4746 611 4787 d
645 4745 796 4795 Actus
819 4745 969 4791 nostri
990 4745 1116 4789 Bod.
1146 4745 1191 4798 1,
1219 4745 1270 4797 2,
1292 4745 1340 4785 4.

586 4813 611 4841 θ
649 4809 725 4860 0b
748 4813 880 4857 tuam
904 4803 1030 4855 Bod.
1056 4802 1101 4863 1,
1127 4799 1175 4850 2.
1199 4801 1250 4851 3.
1283 4807 1412 4853 Voss.
1435 4796 1483 4846 Ξ.

2286 4416 2308 4455 ί
2347 4419 2529 4468 Nititur
2554 4421 2605 4466 et
2628 4415 2753 4467 Bod.
2792 4416 2910 4478 1,2,
2943 4415 2992 4464 δ.

2248 4547 2258 4556 _
2286 4484 2312 4523 ε
2348 4479 2670 4556 litiplacabilts
2696 4475 2919 4527 irasceris
2940 4480 3097 4529 Oxon.
3124 4475 3196 4526 Ad
3220 4476 3504 4530 sacerdotes
3526 4476 3623 4527 Dei
3643 4479 3818 4530 irasce-

2217 4547 2302 4598 ris.
2324 4552 2375 4593 et
2402 4545 2505 4592 Lin.
2540 4552 2668 4592 Vos.

2280 4605 2310 4643 ιι
2344 4605 2590 4654 l’rzcclusa
2614 4605 2752 4652 Pem.
2785 4610 2916 4653 Voss.
2945 4600 2992 4662 1,
3016 4601 3066 4651 2.
3093 4602 3200 4652 ΝΟ.
3226 4601 3273 4651 ‘2.
3303 4602 3425 4653 Bod.
3452 4601 3497 4652 2.

2284 4668 2301 4706 i
2346 4668 2399 4717 In
2424 4675 2559 4717 terra
2584 4666 2688 4717 NC.
2729 4666 2777 4712 2.

2147 4733 2202 4793 Ι)
2294 4743 2308 4782 l
2352 4731 2456 4781 Non
2480 4730 2657 4780 deerat
2680 4736 2805 4778 Lam.
2833 4721 3107 4778 Ebor.‘NC.
3138 4726 3183 4775 1.

1744 4897 1987 4954 STEPH.
2030 4897 2305 4957 BALUZII
2342 4897 2569 4955 NOTAE.

589 5044 1133 5119 XX.—Dilectissimi.
1156 5041 1293 5119 Tres
1310 5038 1434 5119 libri
1453 5048 1658 5119 veteres
1682 5054 1696 5090 :
1722 5035 1910 5119 Nemo,
1930 5039 2115 5119 fratres

521 5124 856 5190 dilectissimi,
888 5135 1033 5175 nemo
1063 5116 1194 5190 hanc
1218 5112 1438 5190 gloriam
1463 5110 1657 5190 mutilet
1686 5124 1854 5190 neque?
1878 5110 2109 5190 infamet.

592 5178 1090 5253 XXIII.-—:lt'lemns.
1119 5178 1304 5240 Codex
1328 5180 1693 5252 Burgundicus
1715 5178 1863 5253 addit
1890 5189 1936 5231 et
1966 5179 2110 5253 dole-

518 5248 777 5324 malst}:
795 5262 1037 5354 etiamin
1072 5248 1632 5354 Vakicgﬂpmseri‘ﬂum
1657 5265 1781 5306 esse
1808 5248 1986 5304 inveni
2016 5251 2110 5304 ad-

520 5322 759 5395 notatum
801 5336 855 5390 in
885 5332 1120 5390 editione
1147 5325 1443 5405 anglica’pa
1469 5322 1563 5405 “_°.
1587 5392 1600 5404 _
1812 5392 1825 5403 .
1884 5391 1914 5405 η
1949 5393 1981 5404 η
2025 5391 2056 5405 η

592 5391 714 5466 Dies
733 5391 924 5463 ruenen't
950 5416 1130 5477 ρωηω.
1149 5391 1338 5455 Codex
1364 5392 1740 5468 Seguierianus
1756 5434 1772 5458 ,
1796 5391 1981 5463 judicii
2003 5391 2110 5447 dies

518 5491 945 5623 w’lgi-i'igantur.
1001 5544 1093 5601 Sic
1132 5542 1386 5623 Erasmus
1426 5544 1483 5592 et
1656 5544 1789 5623 post
1804 5548 1949 5623 eum.
1982 5533 2115 5623 Quae

523 5606 680 5682 lectio
696 5606 833 5679 sane
872 5621 1007 5674 bona
1037 5625 1140 5672 est.
1198 5612 1264 5667 Et
1296 5621 1472 5666 tamen
1502 5606 1746 5682 antiquus
1772 5607 2114 5682 editiones-ct

522 5676 929 5752 tredecimlibri
962 5685 1128 5743 nostri
1172 5685 1404 5753 itemque
1442 5690 1551 5735 tres
1595 5676 1873 5747 Anglicani
1922 5676 2111 5747 prmio-

523 5767 984 5836 ruutdirigantug-
1203 5825 1271 5836 -_
1330 5823 1347 5836 ,
1459 5835 1463 5836 ν
1561 5834 1575 5836 ᾼ
1877 5818 2081 5836 Δηὼ,

524 5823 532 5909 ξ
595 5823 802 5899 XXIV."
825 5862 898 5876 -—
926 5829 1164 5888 Precum.
1203 5823 1350 5885 Istud
1370 5834 1584 5895 quoque
1608 5826 1823 5876 mutare
1872 5823 2109 5891 oportuit

2196 5045 2437 5105 -propter
2463 5034 2835 5091 auctoritatem
2871 5042 3105 5088 veterum
3121 5032 3508 5102 exemplarium
3539 5041 3591 5087 ct
3620 5031 3814 5087 editio-

2216 5104 2628 5176 nis’Spircnsis.
2688 5106 2943 5160 Erasmus
2994 5107 3198 5174 primus
3245 5104 3424 5174 posuit
3472 5105 3811 5176 precandum.

2216 5178 2320 5233 Sed
2366 5173 2465 5249 ego
2510 5176 2790 5249 lcetionem
2840 5173 3131 5231 illam’non
3164 5175 3338 5249 reperi
3386 5173 3488 5249 nisi
3536 5175 3592 5249 in
3629 5175 3816 5249 codice

2219 5245 2535 5303 Turoni-nsi.
2606 5248 2872 5317 (Steterunt
2944 5262 3039 5316 pro
3097 5245 3495 5300 miscricordiam
3552 5245 3815 5301 Fuxcnsis

2215 5318 2375 5375 habet
2402 5316 2681 5374 medelam.

2292 5391 2535 5460 (.‘orrepla
2563 5389 2785 5443 laniavit.
2837 5389 3090 5444 Erasmus
3118 5388 3332 5458 scripsit
3361 5397 3596 5460 correpta,
3627 5387 3807 5440 cecidit

2223 5459 2457 5517 laniavit.
2506 5463 2573 5515 At
2616 5476 2798 5515 vocent
2837 5462 3015 5512 ceiidit
3062 5462 3236 5515 nullus
3264 5469 3502 5513 veterum
3549 5459 3805 5513 librorum

2220 5544 2526 5587 nostrorum
2568 5529 2839 5601 agnoscit,
2896 5531 2995 5584 nisi
3045 5531 3185 5601 quod
3224 5531 3327 5585 duo
3373 5546 3437 5584 ex
3481 5529 3583 5583 illis
3613 5529 3812 5583 habent

2217 5605 2458 5658 concidit.
2493 5601 2607 5656 Non
2653 5612 2835 5657 extare
2860 5601 3018 5656 etiam
3053 5605 3104 5655 in
3135 5601 3429 5656 Veroncnsi
3470 5610 3523 5654 cl
3563 5602 3614 5655 in
3647 5601 3816 5654 Bene-

2216 5684 2451 5730 ventano
2482 5715 2495 5737 ,
2547 5676 2781 5745 itemque
2831 5675 2882 5727 in
2935 5674 3285 5745 Seguieriano
3317 5713 3334 5740 ,
3390 5671 3519 5726 milii
3568 5686 3816 5742 comper-

2218 5756 2326 5801 tum
2356 5754 2456 5799 est.
3546 5770 3559 5777 ε

2289 5815 2456 5873 XXV.
2502 5813 2694 5874 Minus.
2747 5815 3015 5875 Pamclius
3061 5824 3247 5892 postea
3292 5828 3479 5872 vocem
3509 5812 3605 5869 sibi
3635 5812 3810 5887 posuit
