4302 6296
569 335 682 394 487

1930 360 1936 366 -
1992 335 2128 393 DIVI
2164 335 2485 396 CYPRIANI

3763 341 3870 399 488

575 449 675 506 nit.
706 448 1038 504 Documento
1067 447 1223 502 unius
1252 453 1530 502 ostensum
1559 454 1643 502 est
1671 447 1951 503 Dominum
2011 465 2166 505 rece-
2197 456 2244 514 Α
2277 451 2410 507 Deus
2447 461 2614 505 autent
2646 451 2697 504 in
2743 449 2896 506 corde
2916 448 2943 487 ἀ
2983 449 3034 523 (1
3067 450 3195 521 Reg.
3255 464 3368 512 xw,
3398 447 3474 522 7).
3505 450 3622 519 Ipse
3662 467 3876 523 quoque

576 539 705 596 dere
758 553 880 594 cum
918 547 1182 608 negatur,
1235 551 1334 593 nec
1380 539 1784 594 immerentibus
1834 539 1901 594 ad
1941 539 2170 596 salutem

575 631 836 705 prodesse
862 630 1005 702 quod
1029 631 1280 696 sumitur,
1312 631 1525 702 quando
1546 637 1718 703 gratia
1744 632 1994 688 salutaris
2023 634 2076 688 in
2096 634 2174 688 ci-

578 736 768 778 nerem
796 721 1081 777 sanctitate
1105 721 1342 802 fugiente
1371 733 1631 778 mutatur.
1662 724 1832 792 Quam
1859 725 2009 779 multi
2035 741 2172 795 quo-

575 813 703 870 tidie
734 822 760 850 α
786 814 1154 884 pmnitentiam
1181 832 1286 871 non
1319 825 1561 888 agentes,
1597 833 1695 872 nec
1731 818 1910 874 delicti
1939 819 2020 873 sui
2045 833 2173 874 con-

572 910 856 966 scientiam
886 911 1226 977 conﬁtentes,
1260 913 1552 968 immundis
1575 913 1851 982 spiritibus
1877 913 2174 983 adimplen-

575 1013 681 1072 tttr,
735 1023 896 1076 quam
949 1007 1099 1063 multi
1144 1023 1312 1078 usque
1354 1007 1420 1062 ad
1458 1008 1721 1064 insaniam
1763 1009 1957 1062 mentis
1986 1023 2173 1064 excor-

573 1103 672 1158 des
698 1101 985 1158 dementiae
1017 1101 1196 1158 furore
1224 1103 1574 1173 quatiuntur?
1602 1102 1711 1159 Nec
1733 1117 1952 1157 necesse
1980 1112 2062 1156 est
2097 1103 2174 1156 ire

573 1209 670 1266 per
717 1195 892 1250 exitus
933 1193 1296 1265 singulorum,
1330 1209 1451 1249 cum
1492 1209 1587 1264 per
1628 1193 1774 1248 orbis
1817 1193 2174 1250 multiformes

571 1288 758 1344 ruinas
810 1297 918 1343 tam
953 1287 1273 1344 delictorum
1322 1303 1478 1357 poena
1528 1288 1598 1342 sit
1629 1287 1776 1340 varia
1807 1303 1964 1355 quam
1997 1288 2172 1340 delin-

573 1379 853 1452 quentium
871 1379 1158 1435 multitudo
1175 1393 1482 1434 numerosa.
1517 1377 1897 1448 Unusquisque
1921 1377 2172 1432 conside-

578 1483 686 1540 ret,
716 1489 822 1529 non
849 1474 977 1544 quid
1007 1475 1144 1529 alius
1174 1487 1363 1543 passus
1388 1472 1458 1527 sit
1484 1513 1497 1536 ,
1549 1471 1643 1527 sed
1683 1471 1810 1541 quid
1835 1471 1944 1541 pati
1974 1481 2032 1525 et
2056 1469 2175 1540 ipse

572 1574 868 1623 mereatur.
898 1565 1007 1621 Nec
1055 1565 1406 1622 evasisse-se
1435 1564 1660 1629 credat,
1709 1563 1755 1618 si
1800 1578 1923 1618 eum
1957 1563 2171 1618 interim

571 1675 729 1732 paena
754 1659 1064 1727 distulerit,
1107 1673 1230 1714 cum
1261 1658 1454 1714 timere
1493 1657 1614 1727 plus
1668 1655 1861 1712 debeat
1886 1671 2042 1726 quam
2071 1655 2171 1710 sibi

571 1752 669 1809 Dei
687 1751 883 1822 iudicis
909 1752 988 1806 ira
1014 1750 1249 1806 servavit
1265 1748 1315 1802 ι’.
1393 1765 1402 1770 ·

2278 543 2536 599 Dominus
2580 552 2909 613 praemoneat
2951 551 3005 597 et
3055 552 3338 612 pransu'uat
3363 542 3548 598 dicens
3579 560 3592 594 :
3629 542 3695 597 Et
3716 545 3874 598 scient

2276 649 2448 689 omnes
2487 633 2713 688 ecclesite
2740 633 2860 702 quia
2887 648 2979 704 ego
3029 649 3142 686 sum
3187 640 3444 687 scrutator
3481 633 3617 687 renis
3637 641 3682 686 et
3709 633 3877 688 cordis

2277 726 2460 800 (Apoc.
2490 741 2550 792 ιι,
2577 723 2694 798 25).
2723 725 2989 798 Perspicit
3016 725 3106 780 ille
3133 724 3332 789 abdita,
3364 733 3420 779 et
3471 733 3680 780 secreta
3711 733 3872 795 atque

2276 822 2484 877 occulta
2535 819 2860 876 considerat.
2917 819 3024 874 Nec
3058 820 3148 874 Dei
3205 819 3392 873 oculos
3446 828 3622 888 potest
3677 818 3871 890 aliquis

2277 912 2504 968 evadere
2552 913 2778 968 dicentis
2829 930 2844 968 :
2903 911 3013 984 Ego
3067 911 3205 966 Deus
3255 913 3645 982 approximans,
3689 921 3876 968 etnon
3923 931 3932 936 ’

2275 1003 2412 1059 Deus
2425 1005 2487 1058 de
2507 1004 2874 1075 longiuquo.Si
2893 1004 3218 1058 absconditus
3243 1005 3394 1074 fuerit
3422 1005 3571 1058 homo
3594 1005 3645 1059 in
3671 1004 3876 1061 abscon-

2277 1095 2416 1162 ditis,
2447 1113 2536 1166 ego
2569 1113 2691 1167 ergo
2720 1112 2820 1150 non
2851 1096 3025 1149 videbo
3051 1111 3162 1150 eum
3187 1095 3255 1148 οἱ)
3287 1093 3475 1150 Nonne
3497 1097 3678 1150 caelum
3702 1105 3749 1151 et
3774 1108 3875 1150 ter-

2276 1203 2386 1240 ram
2413 1203 2502 1258 ego
2531 1188 2716 1256 impleo
2769 1187 2943 1260 (Hier.
2977 1203 3128 1253 xxtu,
3159 1186 3299 1258 25)?
3331 1187 3486 1244 Videt
3515 1189 3603 1243 ille
3627 1189 3789 1244 corda
3821 1197 3876 1246 et

2279 1291 2494 1350 pectora
2514 1280 2869 1349 singulorum,
2896 1279 3300 1348 ctjudicatnrus
3325 1288 3429 1344 est,
3450 1296 3554 1334 non
3583 1291 3786 1335 tantum
3806 1281 3874 1338 de

2276 1372 2452 1437 factis,
2487 1373 2579 1428 sed
2609 1381 2662 1427 et
2687 1373 2754 1427 de
2777 1372 2956 1427 verbis
2987 1381 3041 1427 et
3069 1372 3137 1428 de
3163 1372 3579 1444 cogitationibus
3628 1372 3826 1428 nostris
3850 1415 3866 1439 ,

2277 1467 2515 1522 onmium
2584 1475 2794 1521 mentes
2841 1466 3251 1536 voluntatesque
3300 1479 3588 1540 conceptas
3635 1470 3688 1525 in
3739 1470 3870 1541 ipsis

2275 1559 2449 1613 adhuc
2469 1559 2633 1612 clausi
2662 1559 2893 1628 pectoris
2922 1559 3141 1614 latebris
3165 1561 3418 1616 intuetur.
3940 1550 3948 1557 ’

2348 1649 2582 1705 XXVIII.
2611 1649 2848 1720 Denique
2873 1661 3074 1721 quanto
3118 1661 3172 1706 et
3199 1652 3303 1707 title
3330 1653 3562 1722 majores
3591 1664 3644 1708 ct
3679 1655 3870 1712 timore

2276 1742 2532 1797 meliores
2560 1751 2684 1797 sunt
2720 1742 2811 1812 qui
2836 1745 3078 1812 quamvis
3113 1743 3264 1799 nullo
3311 1747 3556 1802 sacrilicii
3587 1759 3677 1802 aut
3705 1748 3870 1806 libelli

641 1841 858 1898 XXVII.
914 1840 1026 1897 Nec
1085 1841 1188 1896 sibi
1241 1841 1544 1911 quominus'
1577 1827 1740 1910 agant
1795 1839 2162 1910 paenitentiam
2195 1840 2242 1899 B
2273 1834 2508 1890 facinore
2529 1835 2825 1899 constricti,
2856 1837 3106 1907 quoniam
3135 1847 3308 1891 tamen
3339 1838 3408 1894 de
3435 1838 3536 1893 hoc
3564 1841 3642 1894 vel
3669 1841 3870 1912 cOgita-

570 1934 914 1990 blandiantur
939 1933 1030 2004 qui
1060 1932 1163 1989 etsi
1195 1931 1438 1989 nel’andis
1483 1932 1762 1988 sacriﬁciis
1805 1947 1996 1988 manus
2053 1948 2162 1989 non

569 2026 1095 2093 c0ntaminaverunt,
1125 2023 1321 2080 libellis
1344 2034 1524 2080 tamen
1545 2023 1928 2080 conscientiam
1963 2025 2167 2094 pollue-

570 2125 716 2173 runt.
777 2117 846 2172 Et
893 2116 982 2172 illa
1033 2114 1300 2187 professio
1350 2115 1667 2185 denegantis
1715 2115 2037 2170 contestatio
2083 2124 2168 2171 est

569 2208 848 2266 christiani
894 2207 1037 2279 quod
1085 2207 1304 2264 fueratc
1335 2206 1638 2263 abnuentis.
1684 2205 1901 2262 Fecisse
1948 2221 2006 2261 se
2033 2205 2167 2262 dixit

569 2299 826 2372 quidquid
855 2299 994 2356 alius
1019 2299 1269 2357 faciendo
1297 2297 1586 2355 commisit.
1618 2295 1863 2367 Cumque
1901 2298 2162 2368 scriptum

565 2393 659 2461 sit,
681 2389 804 2446 Non
820 2393 1022 2461 potestis
1037 2391 1231 2446 duobus
1245 2391 1465 2446 dominis
1493 2391 1676 2444 servire
1690 2388 1905 2460 (Matth.
1950 2405 2024 2453 vt,
2043 2388 2158 2461 24),

566 2483 790 2540 servivit
809 2483 1052 2540 saeculari
1066 2482 1286 2538 domino
1311 2486 1402 2553 qui
1417 2482 1805 2553 obtemperavit
1823 2481 1938 2551 ejus
1953 2481 2160 2548 edicto;

569 2577 740 2647 magis
774 2574 1052 2631 obaudivit
1077 2574 1312 2631 humano
1337 2574 1566 2646 imperio
1594 2589 1753 2645 quam
1798 2575 1926 2629 Deo.
1959 2575 2165 2631 Viderit

575 2680 645 2719 an
675 2666 888 2723 minore
935 2668 1019 2722 vel
1047 2666 1316 2724 dedecore
1344 2667 1431 2724 vel
1482 2667 1709 2724 crimine
1745 2669 1884 2739 apud
1917 2667 2164 2726 homines

571 2757 926 2830 publicaverit
967 2759 1112 2831 quod
1173 2761 1410 2816 admisit.
1472 2761 1638 2817 Deum
1696 2773 1876 2818 tamen
1927 2763 2160 2835 iudicem

566 2852 754 2926 fugere
791 2862 848 2909 et
877 2854 1045 2909 vitare
1076 2867 1181 2909 non
1195 2854 1415 2924 poterit,
1436 2867 1558 2909 cum
1585 2854 1726 2910 dicat
1750 2853 1980 2926 Spiritus
2004 2872 2163 2914 sanc-

565 2957 652 3002 tus
690 2947 744 3002 iu
772 2945 1002 3003 Psalmis
1035 2945 1234 3018 :{Quod
1254 2956 1325 3001 est
1361 2946 1711 3018 imperfectum
1747 2964 1910 3002 meum
1933 2950 2164 3005 viderunt

569 3037 704 3092 oculi
749 3037 862 3105 tui,
916 3048 962 3092 et
1004 3037 1058 3091 in
1101 3037 1230 3092 libro
1283 3047 1368 3092 tuo
1407 3054 1580 3092 omnes
1626 3038 1905 3094 scribentur
1962 3041 2160 3113 (Psal.

562 3146 838 3200 cxxxvm,
889 3128 1000 3202 16).
1051 3130 1120 3186 Et
1168 3130 1362 3187 iterum
1415 3149 1429 3186 :
1485 3130 1655 3186 Homo
1701 3133 1832 3188 videt
1894 3132 1946 3188 iu
1991 3137 2160 3205 facie,

2270 1937 2480 1989 verunt,
2515 1926 2616 1981 hoc
2663 1928 2836 1998 ipsum
2877 1929 3013 1999 apud
3047 1929 3357 1986 sacerdotes
3399 1931 3491 1986 Dei
3521 1931 3773 1988 dolenter
3813 1941 3868 1988 et

2269 2022 2585 2091 simpliciter
2615 2022 2954 2090 conﬁtentes,
2983 2024 3378 2095 exomologesin
3406 2027 3752 2081 conscientia:
3787 2025 3866 2080 fa-

2269 2115 2435 2180 ciunt,
2461 2115 2623 2168 animi
2648 2116 2727 2169 sui
2749 2115 2956 2184 pondus
2976 2127 3267 2186 eXponunt,
3289 2118 3573 2171 salutarem
3595 2117 3862 2182 medelam

2269 2207 2447 2277 parvis
2476 2207 2598 2260 licet
2623 2215 2679 2262 et
2707 2206 2935 2262 modicis
2963 2209 3270 2263 vulneribus
3297 2210 3604 2279 exquirunt,
3629 2212 3866 2280 scientes

2269 2299 2528 2368 scriptum
2555 2312 2678 2354 esse
2714 2316 2726 2352 :
2762 2298 2898 2354 Deus
2925 2315 3028 2354 non
3052 2300 3310 2354 deridetur
3332 2299 3474 2371 (Cal.
3505 2316 3582 2366 vt,
3607 2301 3685 2373 7).
3716 2303 3867 2358 Deri-

2269 2390 2382 2446 deri
2413 2401 2466 2446 et
2495 2390 2872 2446 circumveniri
2904 2391 3044 2448 Deus
3073 2406 3177 2447 non
3205 2401 3380 2463 potest
3410 2408 3508 2448 nec
3535 2395 3726 2448 astutia
3767 2394 3866 2450 alt-

2267 2498 2370 2554 qua
2396 2482 2612 2538 fallente
2656 2482 2859 2539 deludi.
2888 2482 3016 2538 Plus
3066 2482 3233 2539 immo
3261 2483 3522 2555 delinquit
3563 2484 3651 2555 qui
3677 2473 3867 2540 secun°-

2268 2575 2392 2630 dum
2451 2575 2722 2630 hominem
2779 2575 2947 2630 Deum
3001 2576 3245 2645 cogitans
3291 2577 3518 2642 evadere
3556 2593 3615 2632 se
3651 2592 3864 2647 poenam

2267 2669 2509 2724 criminis
2538 2667 2730 2733 credit,
2763 2667 2808 2722 si
2839 2683 2944 2722 non
2979 2666 3151 2737 palam
3182 2668 3383 2723 crimen
3415 2668 3650 2724 admisit.
3680 2668 3866 2725 Chris-

2267 2770 2354 2818 tus
2381 2761 2432 2816 in
2463 2759 2748 2832 prteccptis
2781 2759 2893 2814 suis
2938 2758 3070 2814 dicit
3098 2777 3112 2813 :
3149 2759 3250 2828 Qui
3295 2765 3541 2831 confusus
3571 2775 3647 2813 me
3675 2761 3860 2830 fuerit,

2264 2854 2540 2924 confundet
2589 2868 2701 2907 eum
2755 2851 2896 2921 ﬁlius
2946 2851 3166 2908 hominis
3209 2852 3404 2923 (Marc.
3471 2867 3599 2919 vtu,
3641 2850 3752 2924 58).
3798 2851 3866 2906 Et

2264 2948 2629 3005 Christianum
2659 2961 2720 3002 se
2747 2955 2896 3016 putat
2917 2948 3006 3014 qui
3035 2947 3371 3002 Christianus
3391 2960 3509 3002 esse
3526 2956 3617 3001 aut
3637 2945 3863 3001 coniun-

2265 3041 2410 3097 ditur
2432 3039 2451 3078 ί
2479 3039 2840 3096 autveretur?
2859 3039 3140 3108 Quomodo
3154 3050 3328 3110 potest
3351 3055 3470 3096 esse
3490 3054 3612 3096 cum
3643 3039 3862 3097 Christo

2266 3136 2356 3206 qui
2383 3133 2448 3188 ad
2470 3133 2742 3189 Christum
2775 3134 3049 3202 pertinere
3078 3141 3170 3188 aut
3209 3132 3479 3189 erubescit
3519 3144 3608 3188 aut
3632 3131 3862 3188 metuit?

1805 3245 2098 3303 LECTION
2104 3247 2184 3306 ES
2220 3245 2633 3305 VARIANTES.

623 3364 651 3394 α
685 3361 914 3434 Quotidie
934 3359 1168 3432 immundi
1190 3359 1340 3460 Βοάῶ
1366 3360 1410 3420 i,
1434 3359 1482 3421 2,
1506 3359 1556 3418 3,
1581 3359 1630 3412 4.
1657 3359 1794 3424 Spir.
2095 3423 2106 3433 ο

620 3422 650 3460 ι»
684 3425 760 3460 Ira
796 3424 886 3460 Hm
921 3429 1194 3460 ι-ρςιρι-νιινιι
1234 3424 1270 3460 n
1342 3456 1368 3460 ,κ
1403 3423 1422 3460 ι
1475 3422 1508 3460 ει
1548 3422 1594 3460 ει,
1631 3423 1664 3460 Α
1709 3425 1817 3460 [nm
1884 3421 2006 3460 mm.-
2056 3425 2104 3460 r.

620 3422 650 3460 τι
683 3395 1834 3485 ἥένὸἳῖνῖεὲῐῖῐὶῖῐῖοᾶξἱῖὲιῖὲῗὶἱῖυὶι.
1879 3421 2024 3476 Ebor.
2049 3423 2155 3476 Lin.

559 3488 690 3544 NC.,
713 3488 754 3537 ι.
780 3482 997 3537 Censura
1022 3487 1178 3536 Oxon.

622 3553 646 3582 ο
682 3548 820 3609 Quod
844 3560 958 3599 eum
983 3547 1142 3598 fuerat
1166 3546 1298 3598 Lam.

2183 3359 2232 3426 ο
2325 3361 2354 3400 d
2389 3360 2446 3426 in
2467 3373 2550 3410 cor
2580 3363 2696 3426 Ver.
2724 3362 2848 3411 Ben.

2330 3431 2355 3494 ς
2388 3424 2494 3494 non
2520 3424 2696 3494 videbo
2719 3421 3042 3494 epmrwdet
3065 3421 3148 3473 ille
3172 3423 3294 3473 Ben.
3317 3423 3450 3472 Lam.
3479 3420 3626 3473 Ebor.
3655 3423 3785 3485 na,
3810 3422 3858 3472 ι.

2328 3487 2348 3529 f
2383 3488 2482 3538 Aut
2501 3487 2634 3540 deest
2658 3487 2708 3538 in
2727 3488 2884 3538 Oxon.

1798 3632 2041 3692 STEPH.
2082 3636 2354 3701 BALUZII
2393 3637 2622 3696 NOTIE.

629 3751 914 3809 Sanctitate
965 3749 1204 3821 lugiente.
1255 3747 1458 3821 Codex,
1500 3747 1918 3821 seguierianus,
1972 3765 2148 3812 sancto

554 3823 673 3879 inde
728 3824 971 3896 fugiente.
1006 3819 1174 3896 Ppulo
1205 3830 1328 3896 ante
1354 3820 1510 3896 dixit,
1541 3819 1609 3876 In
1637 3837 1738 3892 qua
1765 3821 1974 3896 Domini
1999 3843 2148 3882 sanc-

553 3903 660 3950 tum
691 3890 809 3966 fuit:
852 3893 1035 3963 Itaque
1081 3894 1175 3946 ista
1208 3890 1368 3947 lectio
1391 3890 1608 3966 videtur
1639 3890 1766 3966 esse
1795 3895 2005 3951 melior.
2039 3899 2143 3954 Sed

553 3981 660 4020 non
692 3963 816 4020 sum
841 3979 1005 4035 ttthus
1044 3971 1268 4035 mutare,
1314 3963 1444 4035 quia
1463 3963 1651 4034 reliqui
1693 3963 1811 4019 libri
1854 3968 2146 4035 praeferunt

551 4037 836 4090 sanctitate.
888 4033 965 4106 Ea
1015 4035 1211 4106 quippe
1243 4034 1405 4106 lectio
1435 4033 1631 4089 bonum
1664 4033 1876 4106 quoque
1921 4053 2141 4098 sensum

552 4109 849 4162 constituit.
880 4103 1122 4173 Captabo
1151 4116 1328 4158 autent
1357 4103 1495 4158 hanc
1517 4103 1852 4161 occasionem
1879 4119 1936 4162 ut
1955 4127 2142 4166 emen-

551 4177 673 4249 dem
714 4187 1010 4249 extremam
1043 4185 1249 4249 partem
1279 4174 1532 4249 Epistolas
1571 4178 1739 4249 tertiae
1781 4178 1975 4249 Pelagii
2004 4180 2049 4236 II
2076 4184 2141 4238 ad

553 4248 834 4320 episcopos
865 4246 1053 4320 Istrim,
1087 4244 1178 4299 ubi
1221 4247 1432 4320 legitur
1454 4248 1721 4320 sanctitate
1761 4244 2005 4306 servante.
2037 4252 2142 4308 Pro

553 4315 658 4388 quo
703 4315 1044 4375 scribendum
1073 4317 1454 4388 esseservauit
1481 4317 1638 4372 docet
1683 4329 1833 4374 vetus
1877 4322 2045 4378 codex
2073 4339 2140 4380 ex

551 4387 656 4460 quo
697 4390 786 4445 illa
833 4388 973 4460 edita
999 4396 1100 4444 est.
1149 4387 1352 4460 Ibidem
1409 4388 1568 4458 paqu
1595 4398 1718 4444 ante
1742 4389 1986 4447 addenda
2013 4404 2141 4450 Sunt

552 4457 654 4516 {ria
699 4459 958 4516 vocabula
1003 4476 1122 4530 quae
1174 4457 1493 4515 exciderunt
1528 4460 1694 4515 veteri
1741 4460 1981 4518 librario.
2029 4463 2135 4521 Le-

547 4531 777 4603 gendum
804 4531 970 4603 igitur
993 4548 1006 4583 :
1026 4529 1139 4603 Qui
1170 4530 1234 4603 de
1258 4530 1490 4584 iterando
1511 4530 1812 4603 baptismate
1837 4534 2133 4602 scripserat,

2327 3754 2541 3812 XXVII.
2571 3785 2641 3795 —
2673 3750 2895 3824 Fugere.
2932 3752 3102 3810 Antea
3147 3751 3433 3826 legebatur
3470 3753 3856 3826 subterfugere;

2251 3844 2409 3900 quam
2456 3825 2745 3883 lectionem
2795 3840 2896 3900 ego
2921 3827 3153 3882 arbitror
3181 3839 3301 3900 esse
3326 3824 3584 3894 optimam
3614 3841 3628 3890 ;
3661 3824 3854 3900 verum

2249 3895 2547 3954 auctoritas
2569 3907 2814 3952 veterum
2848 3897 3102 3952 librorum
3132 3895 3308 3964 exegit
3328 3905 3686 3952 utmutarem.
3712 3897 3849 3951 Sunt

2246 3981 2427 4028 autem
2495 3983 2722 4024 numero
2783 3983 2869 4023 xvr
2926 3968 3340 4039 comprobantes
3399 3971 3534 4024 hanc
3595 3967 3850 4022 mutatio-

2249 4058 2392 4099 nem.

2320 4099 2661 4167 Abscondit'is.
2715 4109 2843 4166 Dum
2871 4121 2997 4168 sunt
3027 4110 3186 4181 hujus
3229 4111 3329 4167 loci
3359 4111 3617 4168 lectiones
3649 4113 3701 4167 in
3747 4123 3848 4164 ‘co-

2247 4185 2458 4240 dicibns
2516 4183 2920 4252 manuscriptis.
2973 4181 3199 4250 Quidam
3263 4183 3406 4237 enim
3472 4183 3670 4239 habent
3733 4181 3852 4234 abs-

2244 4256 2484 4318 conditis,
2530 4254 2623 4307 alii
2676 4254 2887 4308 abditis.
2935 4252 3172 4322 Utraque
3223 4253 3382 4306 lectio
3414 4254 3550 4309 bona
3601 4264 3702 4312 cst.

2315 4326 2505 4381 Nonne
2528 4323 2711 4379 caelum
2739 4324 2946 4395 impleo.
2975 4323 3108 4395 (Haec
3150 4322 3345 4395 desunt
3384 4324 3434 4378 iu
3467 4327 3706 4395 antiquis
3734 4326 3853 4384 edi-

2245 4397 2478 4452 tiouibus
2531 4406 2586 4451 et
2633 4395 2687 4467 in
2735 4394 3042 4467 quindecim
3085 4393 3365 4467 codicibus
3409 4393 3660 4467 antiquis.

2312 4468 2610 4537 Conceptus.
2651 4465 2834 4520 Codex
2863 4464 3148 4529 Fuxeusis,
3176 4464 3554 4537 contemplans.
3575 4467 3706 4537 Qua:
3736 4471 3845 4526 Icc-

2240 4539 2314 4594 tio
2344 4555 2452 4595 non
2483 4548 2566 4594 est
2602 4541 2764 4592 maia.

547 4601 603 4698 in
644 4601 1118 4698 unitat‘e'fathglica
1145 4601 1440 4698 defugctu‘m
1483 4601 1884 4698 perhibuit.mita
1923 4601 2132 4678 Augus-
2157 4628 2212 4688 Ι)

2157 4628 2212 4688 Ι)
2312 4629 2633 4686 XXVlll.--
2653 4626 2786 4681 Fide
2805 4629 3041 4692 maiores.
3078 4626 3300 4684 Veteres
3328 4627 3618 4698 editiones,
3649 4632 3836 4688 decem

550 4671 692 4728 tinus
717 4675 770 4730 in
800 4673 938 4728 libro
975 4672 1039 4726 de
1090 4671 1241 4727 unico
1269 4671 1571 4743 Baptismo,
1609 4687 1729 4743 cap.
1759 4673 1846 4730 12.

621 4743 984 4800 Paenitentiam
1013 4761 1115 4799 non
1141 4752 1415 4816 agentes...
1441 4742 1756 4816 conﬁtentes.
1778 4745 1883 4800 Ista
1906 4746 2133 4816 primum

549 4829 822 4886 emersere
867 4830 899 4869 e
938 4813 1296 4886 typographia
1343 4813 1584 4868 Manutii.
1637 4814 1819 4886 Inveni
1870 4813 1924 4872 iri
1970 4818 2136 4875 tribus

546 4885 780 4956 antiquis
829 4884 1128 4942 codicibus.
1171 4884 1384 4942 Desunt
1431 4892 1608 4940 autem
1649 4884 1702 4939 in
1757 4887 2032 4944 sexdecim
2081 4899 2138 4946 et

545 4955 600 5013 in
645 4955 881 5014 editione
920 4956 1166 5012 Morellii.

620 5027 786 5095 Quam
826 5029 943 5085 sibi.
999 5031 1170 5084 Antea
1214 5028 1269 5084 in
1317 5026 1567 5084 omnibus
1599 5027 1923 5086 editionibus
1973 5039 2028 5086 et
2080 5031 2134 5088 in

542 5101 794 5172 omnibus
823 5099 935 5156 fere
961 5099 1235 5172 codicibus
1258 5099 1634 5172 manuscriptis
1661 5099 1938 5170 legebatur
1959 5118 2126 5172 quem.

541 5169 722 5254 Facile
762 5170 1228 5254 erat_existimare
1276 5171 1642 5239 reponendum
1697 5169 1817 5226 esse
1861 5169 2031 5254 quam.
2067 5173 2133 5229 Et

540 5250 722 5299 tamen
747 5258 866 5300 eam
897 5241 1202 5309 lectionem,
1246 5255 1404 5312 quam
1433 5252 1561 5311 puto
1603 5256 1724 5296 esse
1770 5241 2128 5311 verissimam,

541 5319 791 5383 nuspiam
823 5315 996 5384 reperi
1051 5313 1151 5368 nisi
1186 5313 1240 5369 in
1266 5311 1475 5384 codice
1516 5312 1771 5368 Remensi
1801 5317 1970 5370 sancti
2005 5315 2129 5372 Dio-

540 5385 702 5457 nysii.
754 5383 906 5457 Unus
941 5383 1267 5456 Anglicanus
1301 5383 1526 5457 praefert
1563 5399 1697 5454 quia.

612 5455 726 5512 Ira.
777 5456 902 5512 Haac
931 5467 1012 5511 est
1033 5454 1316 5527 'scriptura
1347 5454 1530 5526 viginti
1572 5464 1813 5510 veterum
1861 5455 2134 5526 exempla-

542 5526 683 5584 rium
723 5537 1030 5584 nostrorum
1056 5536 1112 5582 et
1153 5526 1274 5583 Octo
1312 5527 1746 5598 Anglicanorum.
1780 5527 1977 5583 Eorum
2005 5541 2131 5598 auc:

541 5600 731 5670 soritas
755 5599 887 5654 mihi
928 5599 1193 5670 persuasit
1227 5606 1285 5654 ut
1333 5597 1417 5652 ita
1450 5612 1704 5670 ponerem
1759 5614 1856 5668 pro
1904 5614 1970 5654 eo
1992 5597 2134 5670 quod

543 5669 810 5742 editiones
837 5668 1034 5726 habent
1061 5669 1566 5742 censuranuamvis
1593 5668 1711 5742 haec
1737 5685 1952 5742 quoque
1977 5668 2136 5725 lectio

837 5710 1952 5816 ”ε’ἱ”“ἑὲἱ›ἑὲἰζιίἶι“ίιῖι““ᾆὶίἱιὶῖιἑᾉῖῖηῚῖῖιῖῖτῖἔ
1977 5710 2134 5799 ῖέἲᾶἶ

521 5828 527 5833 ’
546 5823 718 5870 ῐιωιε.

2241 4702 2362 4757 libri
2398 4701 2589 4768 nostri,
2626 4709 2696 4775 (et
2726 4713 2835 4775 sex_
2859 4699 3156 4775 Anglicani
3193 4699 3485 4775 praeferunt
3508 4701 3842 4775 ﬁdemajore

2242 4783 2288 4828 et
2315 4775 2494 4828 timore
2534 4772 2759 4842 metiore.
2811 4769 2913 4825 Alii
2943 4769 3216 4842 sexdecim
3260 4772 3328 4826 ita
3372 4769 3589 4842 quoque
3622 4769 3840 4840 habent,

2243 4845 2346 4900 nisi
2397 4843 2537 4914 quod
2588 4846 2640 4897 in
2692 4840 2795 4914 i||i_s
2843 4841 3108 4914 scriptum
3164 4840 3552 4914 estinteliores.
3604 4845 3848 4914 Quatuor

2242 4911 2441 4986 habent
2487 4911 3001 4986 ntajores._Epitome
3028 4911 3292 4986 Lactantii
3319 4914 3588 4986 capJS:
3626 4913 3843 4986 Ingrato

2242 4984 2434 5056 papula
2463 4985 2526 5038 ab
2554 4982 2847 5056 hcereditate
2870 4993 3143 5056 summoto,
3185 4984 3341 5037 aliam
3370 4984 3464 5038 sibi
3496 4982 3848 5055 plebem—ﬁde-

2243 5053 2420 5112 liorem
2465 5056 2530 5109 de
2569 5055 2752 5110 exteris
2798 5053 3028 5125 gentibus
3075 5064 3421 5126 congregaret.

2312 5149 2415 5217 Qui
2456 5153 2736 5220 confusus;
2770 5148 2844 5202 Ita
2901 5157 3109 5220 veteres
3156 5147 3420 5220 editiones
3467 5157 3522 5204 et
3576 5151 3834 5207 tredecim

2236 5221 2356 5278 libri
2411 5218 2644 5276 veteres.
2694 5218 2829 5275 Tres
2880 5218 2969 5272 alii
3020 5218 3249 5273 habent:
3311 5218 3700 5290 Qui_cou[usus
3761 5239 3841 5276 me

2236 5289 2772 5364 fueritpconfundam
2816 5300 3005 5364 et_egoA
3041 5305 3156 5364 eunt
3195 5305 3367 5364 coram
3401 5287 3569 5364 Patre
3611 5309 3720 5346 meo
3749 5294 3837 5363 qui

2233 5359 2288 5418 in
2335 5363 2472 5418 caelis
2507 5359 2598 5418 est.
2631 5359 2942 5426 Beccensis,’
2969 5359 3068 5428 Qui
3105 5363 3351 5431 confusus
3378 5362 3528 5431 fuerit
3555 5379 3637 5417 me
3662 5359 3834 5417 coram

2237 5435 2540 5500 hominibus,
2589 5432 2885 5502 confundet.
2913 5432 3137 5495 Contra,
3170 5431 3224 5486 in
3268 5431 3387 5486 aliis
3428 5432 3636 5487 duobus
3667 5435 3840 5503 scrip-

2239 5514 2350 5561 tum
2399 5512 2514 5560 est:
2569 5503 2779 5574 Quinte
2824 5506 3085 5574 confessus
3135 5503 3311 5574 fuerit,
3356 5503 3675 5572 conﬁtebitur
3726 5521 3841 5557 eum

2239 5576 2377 5646 ﬁlius
2417 5575 2656 5646 hominis.
2696 5573 2793 5646 (Sic
2823 5573 2986 5646 etiam
3013 5589 3196 5642 supra,
3228 5573 3399 5643 Epist.
3432 5590 3515 5639 is,
3578 5592 3696 5645 pag.
3749 5574 3839 5629 18.

2239 5643 2309 5703 λι
2341 5645 2497 5702 lectio
2545 5661 2665 5714 quae
2693 5645 2854 5716 habet
2887 5643 2988 5716 Qui
3015 5648 3260 5716 confusus
3285 5647 3622 5716 extatietiam
3652 5643 3840 5715 Supra,

2240 5719 2424 5797 epist.‘
2455 5731 2605 5785 um,
2637 5731 2756 5797 pag.
2793 5715 2916 5797 I09.
2945 5714 3215 5797 Egorpu‘to
3247 5715 3384 5797 hanc
3421 5714 3846 5788 discrepantiam

2240 5785 2362 5847 cisse
2411 5785 2778 5861 imputandam
2815 5785 3107 5845 temeritati
3145 5785 3511 5845 librariorum.
