4332 6292
464 281 586 345 Ἆ89

1798 281 2002 349 LIBER
2039 280 2128 338 DE
2166 280 2425 341 LAPSlS.

3670 284 3789 343 I90

470 396 658 455 Minus
682 395 840 467 plane
864 395 1170 467 peccaverit
1218 408 1325 451 non
1353 394 1584 451 videndo
1628 393 1789 466 idola,
1838 411 1940 452 nec
1976 396 2076 452 sub
2103 394 2157 455 Α
2180 386 2379 452 Christi
2419 394 2560 467 quod
2587 395 2818 466 perdidit
2847 396 3103 468 cogitare,
3132 396 3380 468 accipere
3411 398 3646 468 pretiosa
3681 415 3775 455 or-

484 489 654 544 oculis
704 488 1104 544 circumstantis
1128 498 1288 559 atque
1318 487 1622 543 insultantis
1668 488 1850 559 populi
1879 489 2078 544 sancti-

480 573 646 639 tatem
692 581 815 637 ﬁdei
873 574 1202 651 profanando
1224 623 1239 647 ,
1275 596 1382 637 non
1425 581 1714 653 polluendo
1739 597 1929 638 manus
1953 598 2076 639 suas

476 674 707 731 funestis
724 671 1032 738 sacriﬁciis,
1053 686 1154 729 nec
1173 673 1450 729 sceleratis
1466 674 1598 729 cibis
1622 689 1713 729 ora
1735 674 2071 731 maculando.

482 767 595 824 lloc
616 781 682 822 eo
711 766 926 836 prolicit
952 774 1011 819 ut
1053 767 1125 820 sit
1165 765 1343 822 minor
1371 766 1546 835 culpa,
1570 782 1675 822 non
1720 776 1779 821 ut
1814 768 2075 822 innocens

478 859 824 917 conscientia.
859 858 1095 913 Facilius
1125 867 1299 929 potest
1343 859 1409 914 ad
1440 860 1653 915 veniam
1682 859 1923 914 criminis
1951 875 2075 930 per-

468 954 685 1010 -venire.
714 952 829 1008 Non
857 962 938 1008 est
963 960 1140 1007 tamen
1174 953 1425 1008 immunis
1454 968 1485 1007 a
1511 952 1885 1009 crimine.Nec
1901 965 2077 1009 cesset

472 1050 537 1105 in
568 1046 772 1121 agenda
802 1047 1115 1119 poenitentia
1145 1056 1307 1119 atque
1350 1048 1404 1103 in
1445 1047 1662 1103 Domini
1703 1048 2075 1104 misericordia

481 1138 838 1210 deprecanda,
869 1153 937 1195 ne
963 1139 1107 1209 quod
1131 1140 1308 1195 minus
1328 1153 1448 1195 esse
1472 1140 1524 1194 in
1554 1140 1810 1211 qualitate
1837 1140 2023 1196 delicti
2047 1148 2074 1177 οι

479 1230 711 1296 videtur,
735 1229 789 1285 in
821 1229 1061 1300 neglecta
1089 1229 1453 1286 satisfactione
1469 1231 1787 1286 cumuletur.

468 1368 475 1371 _
550 1320 745 1377 XXIX.
774 1320 1142 1377 Conﬁteantur
1176 1321 1393 1393 singuli,
1427 1336 1611 1393 quaeso
1639 1337 1755 1390 vos,
1779 1321 1972 1379 fratres
1994 1323 2074 1379 di-

473 1415 777 1483 lectissimi,
807 1416 873 1449 ¹⁹¹
896 1414 1147 1470 delictum
1177 1429 1356 1484 suum,
1383 1415 1512 1471 dum
1538 1416 1716 1473 adhuc
1737 1418 1827 1488 qni
1852 1418 2078 1490 deliquit

480 1511 533 1567 in
554 1510 751 1566 smculo
773 1519 876 1577 est,
906 1508 1035 1565 dum
1058 1508 1265 1566 admitti
1290 1509 1558 1566 confessio
1584 1510 1699 1580 ejus
1724 1519 1923 1581 potest,
1944 1511 2075 1567 dum

468 1603 768 1664 Satisfactio
790 1610 846 1658 et
869 1602 1118 1658 remissio
1128 1602 1265 1657 facta
1282 1616 1380 1672 per
1400 1601 1708 1659 sacerdotes
1724 1602 1863 1673 apud
1893 1602 2073 1657 Domi-

474 1712 605 1753 num
620 1704 768 1768 grata
785 1703 886 1751 est.
902 1693 1294 1751 Convertamur
1313 1693 1380 1749 ad
1409 1694 1692 1749 Dominum
1720 1701 1901 1751 mente
1930 1703 2071 1763 tota;

2184 499 2433 545 namenta
2466 499 2521 544 ct
2547 490 2766 545 monilia
2792 490 3064 545 elaborata
3089 487 3139 558 ἀ,
3173 505 3272 546 nec
3311 490 3478 547 divini
3510 500 3564 547 et
3588 491 3782 548 caeles-

2181 584 2248 637 tis
2274 591 2496 638 ornatus
2515 582 2706 637 damna
2732 582 2967 638 deﬂere?
2990 582 3094 651 Tu,
3127 582 3254 638 licet
3274 583 3584 639 indumenta
3620 599 3781 653 pere-

2180 672 2334 744 grina
2361 681 2415 727 et
2446 681 2620 728 vestes
2643 673 2845 729 sericas
2873 672 3088 738 induas,
3114 675 3257 728 nuda
3288 688 3368 729 es.
3401 675 3550 731 Auro
3575 684 3625 730 te
3655 674 3785 731 licet

2182 772 2236 819 et
2262 765 2563 835 margaritis
2584 766 2919 836 gemmisque
2946 749 3298 835 condecores,
3321 767 3439 823 sine
3457 766 3657 823 Christi
3684 769 3784 825 de-

2182 874 2308 916 core
2351 859 2612 916 deformis
2640 873 2721 915 es.
2754 859 2822 914 Et
2868 875 2986 929 tium
3027 860 3251 930 capillos
3304 869 3422 915 tuos
3462 859 3652 926 inﬁcis,
3698 862 3783 918 vel

2180 968 2324 1008 nunc
2358 953 2410 1007 in
2439 952 2718 1007 doloribus
2746 951 2969 1019 desine;
2998 960 3054 1008 et
3076 968 3197 1023 qua:
3225 953 3363 1024 nigri
3388 955 3622 1025 pulveris
3644 955 3781 1012 duc-

2183 1053 2235 1099 tu
2264 1056 2286 1083 θ
2321 1046 2597 1101 oculorum
2629 1046 2938 1100 liniamenta
2964 1045 3229 1116 depingis,
3254 1047 3336 1101 vel
3364 1063 3507 1103 nunc
3529 1049 3782 1121 lacrymis

2179 1138 2362 1195 oculos
2390 1148 2507 1193 tuos
2532 1138 2704 1194 ablue.
2736 1137 2795 1193 Si
2822 1152 2982 1208 quem
3013 1138 3080 1193 de
3109 1138 3215 1193 tuis
3244 1138 3464 1194 charum
3500 1140 3518 1178 ί
3544 1144 3782 1198 mortali-

2179 1232 2305 1287 tatis
2329 1233 2472 1288 exitu
2501 1231 2849 1302 perdidisses,
2874 1230 3255 1302 ingemiseeres
3275 1232 3520 1289 dolenter
3531 1244 3583 1289 et
3599 1234 3778 1305 fleres,

2178 1323 2327 1380 facie
2348 1324 2570 1391 inculta,
2621 1334 2769 1379 veste
2824 1332 3047 1389 mutata,
3091 1324 3338 1394 neglecto
3360 1326 3593 1395 capillo,
3632 1327 3783 1382 vultu

2178 1417 2381 1484 nubilo,
2417 1432 2514 1473 ore
2538 1416 2751 1486 dejecto
2772 1415 2969 1471 indicia
2999 1418 3249 1474 maeroris
3279 1417 3614 1474 ostenderes.
3642 1419 3778 1475 Ani-

2178 1525 2321 1564 mam
2351 1519 2519 1573 tuam,
2563 1509 2757 1567 misera
2783 1518 2833 1575 8,
2877 1509 3180 1579 perdidisti,
3222 1510 3530 1581 spiritaliter
3568 1521 3785 1568 mortua-

2177 1602 2521 1672 supervivere
2550 1600 2639 1656 bic
2667 1600 2758 1655 tibi
2780 1608 2835 1655 et
2852 1599 2967 1670 ipsa
2993 1601 3276 1657 ambulans
3296 1601 3455 1657 funus
3484 1612 3630 1657 tuum
3652 1618 3778 1674 por-

2178 1703 2295 1751 tare
2322 1693 2561 1765 coepisti;
2609 1703 2665 1748 et
2693 1707 2799 1747 non
2832 1693 3029 1747 acriter
3061 1693 3290 1763 plangis,
3330 1708 3436 1748 non
3458 1693 3657 1765 jugitcr
3695 1694 3781 1751 in-

477 1802 557 1859 et,
580 1790 945 1862 ptenitentiam
975 1788 1215 1844 criminis
1229 1789 1372 1844 veris
1391 1786 1664 1844 doloribus
1689 1787 2072 1858 exprimentes,
2103 1790 2152 1851 B
2178 1784 2430 1857 gemiscis
2458 1825 2473 1851 ,
2504 1798 2611 1839 non
2652 1794 2703 1837 te
2762 1781 2847 1837 vel
2879 1782 3081 1853 pudore
3120 1781 3360 1838 criminis
3389 1785 3471 1838 vel
3500 1785 3783 1841 continua-

462 1883 572 1939 .Dci
600 1880 1019 1938 misericordiam
1040 1878 1412 1950 deprecemur.
1438 1878 1519 1934 Illi
1548 1893 1608 1935 se
1633 1881 1811 1935 anima
1839 1888 2074 1949 proster-

475 1971 627 2037 natb,
649 1972 723 2026 illi
746 1970 1002 2027 maestitia
1032 1970 1321 2026 satisfaciat
1349 1980 1396 2035 ο,
1416 1969 1490 2024 illi
1515 1984 1640 2039 spes
1672 1969 1848 2025 omnis
1868 1970 2079 2027 incum-

468 2064 582 2122 bat.
601 2064 809 2135 Rogare
820 2063 1045 2134 qualiter
1055 2061 1345 2119 debeamus
1356 2061 2080 2132 dicitipse:Reoertimini,in-

469 2157 608 2230 nuit,
633 2158 701 2212 ad
722 2174 800 2212 me
825 2172 889 2213 ea:
917 2165 1020 2212 toto
1046 2156 1200 2211 corde
1234 2165 1416 2220 vestro,
1453 2155 1706 2226 simulque
1737 2166 1785 2210 et
1805 2157 2007 2228 jejunio
2032 2167 2079 2213 et

471 2252 593 2321 ﬂetu
620 2260 666 2305 et
698 2249 940 2321 planctu;
980 2259 1026 2304 et
1053 2249 1266 2305 scindite
1289 2248 1445 2302 corda
1471 2257 1663 2313 vestra,
1694 2256 1742 2303 et
1784 2266 1884 2305 non
1932 2252 2080 2306 vesti-

468 2352 639 2407 menta
665 2352 828 2411 vestra
878 2340 1016 2415 (Joel
1052 2358 1121 2411 ιι,
1152 2340 1265 2413 η).
1302 2341 1384 2397 Ad
1430 2342 1717 2397 Dominum
1760 2352 1874 2398 toto
1914 2344 2078 2401 corde

470 2433 775 2491 redeamus.
823 2433 960 2489 Iram
1017 2445 1072 2488 et
1107 2431 1368 2487 offensam
1417 2431 1533 2502 ejus
1556 2431 1797 2503 jejuniis,
1838 2432 2072 2505 ﬂetibus,

469 2523 793 2595 planctibus,
821 2518 960 2580 sicut
1015 2523 1268 2580 admonet
1296 2524 1431 2593 ipse,
1466 2523 1757 2592 placemus.

541 2614 712 2672 XXX.
736 2616 1039 2671 Lamentari
1068 2631 1193 2671 eum
1234 2625 1483 2685 putamus
1521 2633 1587 2671 ex
1621 2624 1735 2672 toto
1762 2618 1948 2685 corde,
1989 2618 2076 2691 je-

462 2705 645 2779 juniis,
673 2706 908 2773 ﬂetibus,
927 2705 1226 2776 planctibus
1256 2706 1537 2770 Dominum
1563 2706 1866 2777 deprecari,
1890 2708 1981 2779 qui
2003 2724 2073 2765 ex

478 2798 656 2869 primo
680 2798 923 2853 criminis
952 2798 1041 2853 die
1067 2797 1281 2853 lavacra
1306 2796 1544 2868 quotidie
1575 2812 1696 2853 cum
1719 2797 1936 2854 feminis
1980 2814 2071 2857 ce-

465 2889 663 2959 lebrat,
684 2888 798 2959 qui,
823 2889 995 2959 epulis
1015 2888 1357 2945 afﬂuentibus
1372 2900 1554 2960 pastus
1576 2899 1632 2946 et
1646 2891 2076 2964 saginaJargiore

2182 1877 2326 1933 tione
2373 1874 2769 1931 lamentationis
2819 1872 3142 1929 abscondis!
3206 1874 3346 1929 Ecce
3376 1874 3556 1944 pejora
3600 1875 3776 1931 adhuc

2182 1970 2440 2043 peccandi
2470 1971 2714 2035 vulnera,
2735 1983 2863 2024 ecce
2900 1969 3104 2038 majora
3133 1968 3346 2033 delicta,
3378 1984 3634 2039 peccasse
3672 1984 3774 2027 nec

2181 2064 2491 2120 satisfacere
2509 2105 2523 2129 ,
2555 2062 2846 2133 deliquisse
2882 2076 2983 2116 nec
3008 2060 3203 2115 delicta
3228 2058 3449 2116 deﬂere.
3620 2114 3625 2119 .

2253 2156 2445 2213 XXXI.
2473 2155 2730 2220 Ananias,
2759 2152 2998 2220 Azarias,
3031 2152 3276 2219 lllisahel,
3312 2152 3549 2208 illustres
3588 2167 3651 2208 ac
3679 2168 3778 2209 no-

2181 2249 2320 2306 biles
2341 2249 2514 2320 pueri,
2540 2247 2828 2319 quominus
2856 2246 3255 2316 exomologesin
3285 2246 3394 2301 Deo
3424 2234 3778 2302 facerentncc

2180 2343 2320 2398 inter
2348 2341 2590 2396 ﬂammas
2617 2349 2673 2397 et
2698 2338 2895 2395 camini
2924 2328 3271 2395 exaestuantis
3289 2338 3535 2405 incendia
3558 2340 3783 2409 quieve-

2180 2442 2327 2490 runt.
2352 2433 2497 2493 Bene
2520 2431 2624 2487 sibi
2662 2432 2791 2488 licet
2813 2430 3016 2487 conscii
3046 2439 3101 2486 et
3128 2430 3414 2485 Dominum
3450 2430 3573 2487 ﬁdei
3614 2446 3677 2485 ac
3713 2431 3780 2486 ti-

2183 2526 2351 2583 moris
2393 2525 2656 2596 obsequio
2684 2539 2827 2594 saepe
2871 2522 3170 2594 promeriti,
3203 2521 3559 2578 humilitatem
3600 2532 3782 2578 tamen

2182 2630 2367 2677 tenere
2395 2629 2451 2675 et
2483 2619 2710 2674 Domino
2750 2616 3063 2674 satisfacere
3108 2631 3211 2673 nec
3245 2616 3386 2672 inter
3414 2616 3526 2687 ipsa
3547 2615 3780 2687 gloriosa

2178 2713 2435 2767 virtutum
2506 2725 2722 2767 suarum
2801 2709 3057 2781 martyria
3119 2708 3460 2764 destiterunt.
3520 2707 3782 2778 Loquitur

2179 2802 2453 2874 Scriptura
2491 2801 2670 2857 divina
2701 2818 2715 2855 :
2753 2801 2931 2869 Stans,
2966 2800 3161 2870 inquit,
3189 2801 3404 2855 Azarias
3434 2809 3666 2869 precatus
3685 2808 3779 2877 est,

2181 2904 2226 2950 et
2244 2895 2441 2965 aperuit
2468 2910 2523 2947 os
2543 2909 2718 2960 suum,
2748 2901 2795 2945 et
2829 2892 3208 2962 exomologesin
3243 2891 3460 2961 faciebat
3497 2891 3605 2945 Deo
3626 2891 3782 2945 simul

465 2984 753 3051 distentus,
788 2983 1081 3039 cruditates
1110 2998 1236 3038 suas
1271 2983 1526 3053 postridie
1555 2992 1752 3052 ructat,
1787 3000 1887 3041 nec
1922 2985 2071 3044 cibos
2103 3007 2113 3012 -
2181 3002 2296 3041 cum
2335 2985 2596 3040 sodalibus
2622 2984 2728 3037 suis
2753 2983 2809 3036 in
2836 2982 3002 3050 medio
3041 2983 3174 3052 ignis
3213 2981 3375 3053 (Dan.
3407 2998 3486 3049 ιιι,
3519 2980 3638 3052 25).
3673 2983 3776 3036 Da—

465 3087 521 3135 et
547 3088 705 3149 potus
725 3093 852 3134 suos
873 3094 995 3134 cum
1018 3093 1310 3148 pauperum
1339 3078 1664 3134 necessitate
1687 3080 2073 3136 communicat?
2179 3079 2285 3135 niel
2312 3092 2546 3148 quoque,
2572 3084 2693 3146 post
2708 3073 2829 3129 ﬁdei
2855 3082 3019 3144 atque
3040 3073 3359 3128 innocentiae
3380 3088 3492 3127 sua:
3512 3073 3741 3143 multipli
3756 3101 3777 3118 ς

462 3170 563 3239 Qui
593 3171 778 3225 hilaris
800 3185 865 3225 ac
892 3170 1047 3225 laetus
1095 3169 1315 3235 incedit,
1353 3170 1627 3241 quomodo
1657 3183 1884 3228 mortem
1918 3189 2070 3229 suam
2098 3179 2143 3242 C
2180 3185 2295 3226 cem
2319 3169 2562 3240 gratiam,
2592 3176 2714 3239 post
2736 3166 3103 3238 dignationem
3139 3167 3347 3222 Domini
3371 3167 3514 3222 circa
3547 3167 3772 3224 virtutes

464 3261 672 3317 deﬂet?
716 3260 961 3332 Cumque
1008 3261 1265 3331 scriptum
1294 3259 1383 3326 sit,
1413 3259 1538 3315 Non
1577 3263 1908 3333 corrumpetis
1952 3264 2067 3334 efﬁ-

461 3356 595 3427 giem
642 3355 811 3409 barba:
863 3363 1038 3408 vestra:
1067 3350 1255 3420 (Leuit.
1286 3368 1405 3421 six,
1435 3350 1559 3424 27),
1597 3354 1821 3410 barbam
1851 3354 2000 3411 vellit
2017 3364 2074 3412 et
2171 3356 2278 3412 reri
2329 3356 2495 3412 Deum
2535 3354 2742 3420 nititur,
2786 3353 2839 3408 in
2870 3366 3031 3407 sacco
3068 3360 3122 3407 et
3159 3352 3212 3407 in
3251 3353 3434 3407 cinere
3484 3352 3775 3422 volutatur,

464 3447 656 3505 faciem
685 3462 836 3503 suam
873 3444 1071 3502 comit?
1106 3445 1172 3500 Et
1200 3444 1415 3516 placere
1438 3461 1579 3501 nunc
1610 3447 1859 3518 cuiquam
1887 3448 2069 3505 studet
2171 3447 2573 3518 exomologesin
2618 3444 2818 3500 faciens
2865 3443 3110 3499 dolenter
3154 3451 3210 3499 et
3256 3443 3443 3499 dicens
3477 3463 3490 3499 :
3520 3442 3773 3499 Dominus

460 3541 554 3614 qui
585 3541 696 3596 Deo
720 3539 1006 3611 displicet?
1027 3539 1112 3593 An
1135 3537 1222 3593 illa
1246 3537 1549 3609 ingemiscit
1578 3548 1634 3594 et
1654 3538 1952 3611 plangitcui
1974 3555 2067 3597 va—
2173 3540 2310 3597 Deus
2340 3555 2555 3612 magnus
2575 3546 2624 3593 et
2656 3539 2801 3609 fortis
2833 3545 2887 3592 et
2920 3534 3238 3603 metuendus,
3278 3536 3366 3606 qui
3415 3552 3586 3590 servas
3613 3545 3771 3590 testa-

466 3641 560 3689 cat
595 3631 793 3689 cultum
820 3631 1073 3704 pretiosa:
1103 3630 1267 3686 vestis
1292 3628 1517 3687 induere
1557 3644 1658 3686 nec
1696 3629 2065 3689 indumentum
2171 3642 2396 3688 mentum
2424 3640 2567 3686 tuum
2594 3637 2643 3684 et
2668 3628 3016 3684 miserationes
3045 3628 3118 3682 eis
3143 3627 3229 3699 qui
3255 3636 3303 3681 te
3325 3626 3547 3698 diligunt
3572 3637 3619 3681 et
3647 3644 3770 3682 con-

2174 3278 2239 3317 ac
2264 3261 2449 3317 laudes
2480 3275 2605 3316 suas
2632 3274 2777 3329 saepe
2794 3258 3100 3328 repetitam,
3127 3257 3347 3328 jejuniis
3369 3258 3543 3313 adhuc
3562 3274 3779 3329 prome-
3858 3294 3863 3299 -

1723 3744 2109 3807 LECTIONE‘S
2147 3745 2562 3807 VARIANTES.

526 3866 553 3896 ιι
586 3863 747 3915 Minus
768 3873 883 3914 esse
906 3861 1075 3913 delicti
1102 3860 1235 3913 Lam.
1262 3863 1409 3916 Ebor.
1439 3866 1547 3918 ΝΟ.
1578 3866 1621 3917 1.
1647 3864 1771 3917 Bod.
1798 3865 1847 3916 2.
1875 3866 1989 3915 Leu.

497 3927 549 3990 ,δ
580 3928 729 3979 lllise
750 3934 1029 3990 prosternat
1050 3926 1171 3990 Ben.

522 3994 547 4024 ο
580 3990 720 4041 Illius
740 3987 984 4050 majestati
1006 3987 1267 4038 satisfaciat
1297 3999 1452 4050 Voss,
1481 3991 1526 4040 1.

521 4053 549 4094 d
577 4048 829 4104 Laborata‘
838 4048 970 4114 Lips.
996 4051 1199 4102 Gronov.
1227 4063 1293 4103 ea:
1313 4048 1462 4105 codd.
1488 4065 1603 4105 mss.

2228 3866 2251 3923 ιε
2286 3860 2439 3923 Nigro
2461 3860 2679 3923 pulveris
2708 3858 2857 3923 ductu
2885 3868 2995 3909 Ver.
3020 3857 3227 3909 Inductu
3248 3828 3387 3909 ﬁam.

2227 3921 2249 3960 τ
2284 3921 2375 3973 Siti
2394 3921 2539 3972 codd.
2566 3934 2747 3972 novem.
2771 3921 2905 3973 Caris
2927 3923 3084 3973 Oxon.

2226 3988 2252 4026 ε
2285 3986 2512 4036 Animam
2534 3991 2667 4035 tuam
2689 3986 2921 4035 miseram
2947 3992 3098 4045 V088.,
3124 3984 3172 4044 1,
3205 3984 3414 4036 2.1’em.
3441 3983 3546 4037 Lin.

1705 4155 1951 4213 STEPII.
1994 4154 2264 4212 BALUle
2301 4151 2530 4211 ΝΟΤᾸΞ..

526 4271 986 4344 XXIX—Quaeso
1009 4287 1117 4344 vos,
1145 4276 1350 4344 fratres.
1380 4272 1509 4329 Post
1531 4271 1632 4327 ista
1658 4272 1979 4344 sequebatur
1996 4270 2048 4326 in

454 4346 591 4401 libro
642 4342 982 4400 Veronensi:
1031 4342 1348 4413 Conﬁtentur
1398 4342 1749 4416 unusquisque
1807 4343 2047 4398 delictum

453 4432 665 4542 δἪὶη
698 4486 898 4541 admitti
925 4486 1191 4557 confessio.
1232 4487 1360 4542 Post
1381 4495 1608 4543 mortem
1634 4486 1778 4543 enim
1810 4502 1917 4543 non
1946 4484 2042 4541 ad-

2155 4281 2336 4328 netum
2365 4270 2418 4325 in
2440 4269 2577 4325 libro
2605 4268 2668 4324 de
2699 4265 2981 4340 Harmonia
3009 4269 3206 4333 mundi,
3230 4271 3440 4327 cantico
3470 4286 3526 4338 ιι,
3555 4286 3674 4340 cap.
3693 4276 3748 4340 6,

2152 4354 2207 4400 et
2244 4351 2399 4398 notas
2429 4348 2641 4397 nostras
2685 4341 2753 4394 ad
2783 4339 3091 4395 Gratianum
3142 4340 3264 4395 dist.
3299 4341 3390 4406 2‘2,
3437 4356 3555 4412 cap.
3613 4339 3750 4399 Pro-

2151 4414 2331 4481 Iu'bete,
2364 4424 2483 4483 pag.
2510 4412 2640 4483 455.

2220 4481 2480 4539 Peccandi
2523 4482 2751 4537 vulnera.
2812 4481 2996 4538 Codex
3033 4481 3276 4537 Lamonii
3327 4481 3489 4537 habet
3529 4501 3736 4556 genera.

453 4557 1604 4648 ξιιξιιῑξψε,ἓξῼηιρξρβρεξὲ,ξρειβζηίηῒθνοε
1656 4573 1761 4614 ¹¹⁰η
1814 4569 1933 4626 θεῖν
1984 4564 2120 4648 “‘D
2217 4577 2466 4648 Peccasse
2498 4591 2608 4648 nec
2662 4574 2973 4646 satisfacere.
3028 4574 3453 4648 _Quintillianus,
3500 4577 3594 4633 lib.
3658 4594 3732 4646 XI,

451 4627 897 4702 aitJCyprianus.
946 4627 1081 4702 V_ide
1122 4628 1437 4702 Pamelium.

524 4698 688 4756 Corde
730 4710 913 4755 oestro.
957 4698 1138 4755 Codex
1185 4699 1500 4756 Pitbtnanus
1541 4699 1690 4756 addit
1734 4708 1782 4754 et
1829 4715 1895 4754 ea:
1937 4706 2042 4754 tota

449 4772 621 4827 anima
655 4780 836 4826 vestra.

521 4840 908 4898 XXX—Cum
932 4841 1150 4912 feminis.
1183 4841 1258 4895 Ita
1299 4856 1487 4899 omnes
1507 4842 1768 4898 editiones
1787 4847 1913 4897 ante
1936 4841 2038 4895 Pa-

447 4914 755 4970 melianam.
788 4913 1053 4968 Pamelius
1084 4913 1263 4981 itaque
1291 4913 1551 4982 expunxit
1578 4914 1673 4969 has
1698 4928 1886 4976 voces,
1923 4923 2031 4967 tum

446 4986 572 5054 quia
625 4984 745 5039 illas
797 4999 905 5039 non
949 4983 1256 5055 reperiebat
1308 4985 1360 5038 in
1390 4988 1501 5039 suis
1540 4985 1816 5040 codicibus
1844 4998 2031 5055 manu-

445 5055 696 5126 scriptis,
749 5064 887 5126 tum,
918 5056 1038 5124 quia
1080 5056 1169 5126 _iis
1218 5069 1353 5125 opus
1409 5070 1514 5110 non
1556 5071 1708 5126 esse
1755 5054 2027 5110 credebat.

445 5124 589 5181 Sane
636 5126 832 5182 desunt
879 5125 931 5179 in
979 5124 1235 5181 tredecim
1276 5127 1490 5180 nostris.
1527 5125 1718 5181 Verum
1748 5136 1959 5181 exstant
1984 5127 2039 5180 in

445 5197 568 5252 aliis
619 5197 920 5267 quindecim
981 5205 1036 5251 et
1078 5198 1131 5267 in
1181 5210 1288 5250 uno
1342 5197 1656 5267 Anglicano.
1707 5196 1823 5252 Non
1879 5195 2039 5250 video

444 5266 645 5323 autem
672 5282 769 5322 cur
810 5267 1039 5337 expungi
1071 5266 1322 5334 debeant,
1362 5266 1485 5322 cuin
1535 5267 1739 5322 videam
1771 5281 1954 5337 supra,
1983 5267 2036 5321 in

444 5337 583 5393 libro
605 5339 668 5392 de
690 5337 887 5409 Habitu
923 5336 1211 5409 Virginum,
1243 5353 1363 5409 pag.
1389 5338 1511 5399 179,
1536 5339 1723 5394 balnea
1742 5336 2036 5409 promiscua

444 5421 566 5481 cum
620 5410 844 5481 viris_ct
866 5407 1079 5481 feminis
1107 5407 1350 5464 interdici
1379 5409 1695 5481 virginibus;
1728 5410 1862 5481 llinc
1888 5408 2031 5481 enim

442 5479 708 5549 colligitur
750 5478 978 5534 feminas
999 5480 1179 5535 lavare
1204 5477 1549 5536 consuevisse
1574 5496 1696 5535 eum
1721 5480 1870 5534 viris.
1894 5477 2031 5533 Vide

441 5560 597 5622 notas
620 5551 686 5622 ad
714 5550 907 5622 librum
935 5551 997 5603 de
1043 5550 1234 5622 Habitu
1271 5550 1555 5622 Virginum,
1586 5567 1707 5622 pag.
1740 5550 1865 5607 550.

518 5620 589 5653 ⁵³³
618 5620 840 5674 Barbam
870 5622 1023 5676 vellit.
1054 5621 1187 5676 Vide
1233 5621 1325 5674 lib.
1352 5620 1408 5676 tu
1438 5620 1881 5689 Testimoniorum,
1910 5635 2026 5691 cap.

443 5691 515 5748 84
537 5708 552 5758 ;
577 5691 900 5747 Savarouem
953 5700 1009 5747 et
1031 5692 1376 5747 Sirmondum
1419 5694 1487 5746 ad
1514 5693 1787 5749 Sidonium
1819 5694 1912 5748 lib.
1943 5707 2025 5756 IV,

440 5763 615 5838 Epist.
661 5761 753 5821 24.
800 5762 931 5820 Vide
971 5763 1133 5819 etiam
1186 5762 1532 5818 Franciscum
1585 5766 1872 5835 Georgium
1919 5762 2025 5820 Ve-

888 5857 1168 5919 ΡΑτιιοιι.
1215 5854 1320 5919 ιν.
1370 5853 1431 5917 S.
1480 5854 1784 5920 Cyrnum.
1872 5872 1885 5885 ο

2146 4664 2265 4719 cap.
2319 4650 2373 4716 1,
2401 4647 2734 4719 Tutissimum
2755 4644 2876 4719 ergo
2903 4644 3210 4719 paenitentia:
3234 4647 3483 4719 confessio
3521 4658 3566 4702 et
3586 4644 3737 4705 satis?-

2144 4715 2302 4792 factio
2354 4715 2540 4792 culpat.
2584 4715 2949 4792 Tertullianus
2999 4716 3050 4768 in
3090 4716 3225 4792 libro
3261 4715 3337 4771 de
3374 4717 3727 4792 Pmiiiteutia:

2144 4786 2405 4863 Confessio
2426 4786 2557 4843 enim
2593 4787 2956 4863 satisfactionis
2974 4786 3245 4863 consilium
3264 4796 3357 4842 est.
3391 4789 3517 4846 Vide
3545 4806 3730 4860 supra,

2137 4856 2265 4934 pag:
2290 4861 2414 4927 538,
2445 4868 2561 4914 ante
2590 4856 2979 4926 exoniologesim
3007 4861 3217 4927 factam.

2209 4950 2551 5010 XXXI.—-—ln
2580 4964 2748 5022 sacco.
2776 4945 3020 5022 Quinque
3046 4948 3165 5005 libri
3196 4958 3410 5007 veteres
3437 4953 3729 5022 prmferuut

2138 5028 2193 5081 in
2217 5026 2382 5081 cilicio
2401 5032 2450 5079 et
2495 5019 3080 5093 saccopseguierianus
3109 5022 3395 5093 inminere,
3439 5019 3499 5077 in
3538 5026 3726 5082 cilicio.

2142 5097 2302 5164 Infra,
2333 5095 2385 5151 in
2417 5094 2524 5151 ﬁne
2545 5090 2704 5161 hujus
2750 5089 2890 5164 libri,
2947 5090 3071 5162 pag.
3103 5089 3229 5164 {92,
3280 5102 3438 5164 strato
3464 5111 3611 5151 sacco
3635 5100 3728 5151 ad-

2141 5161 2332 5224 haerere
2358 5166 2411 5219 in
2458 5164 2625 5217 cinere
2669 5170 2715 5216 et
2757 5161 2923 5216 cilicio
2966 5161 3037 5216 et’
3064 5163 3315 5218 sordibus.
3366 5162 3727 5224 Tertullianus

2141 5240 2194 5294 in
2251 5238 2387 5292 libro
2415 5234 2491 5307 de
2514 5232 2827 5307 l’mnitentia
2855 5232 3008 5301 dixit,
3037 5249 3183 5307 sacco
3211 5244 3257 5289 et
3285 5234 3443 5307 cineri
3456 5237 3723 5307 incubare,

2138 5324 2324 5381 corpus
2371 5304 2605 5381 sordibus
2644 5303 2941 5381 ‘obscurare,
2993 5312 3040 5358 et
3078 5304 3172 5381 'in_
3200 5306 3546 5381 asperitudine
3592 5303 3727 5365 sacci

2138 5392 2186 5435 et
2228 5374 2450 5433 'Iiorrore
2480 5375 2702 5448 cineris.
2729 5375 2976 5448 “Saccus,
3017 5382 3080 5448 _u_t
3125 5374 3228 5448 ait__
3256 5374 3614 5448 Hieronymus
3669 5383 3724 5435 in

2139 5449 2380 5522 Epistola
2426 5447 2515 5522 ad_
2552 5445 2880 5522 Marcellam
2905 5445 2969 5522 de
3006 5443 3304 5522 Muneribus
3346 5443 3587 5517 acceptis,
3641 5461 3726 5508 est

2134 5515 2344 5593 signum
2385 5518 2639 5574 orationis
2668 5525 2828 5586 atque
2862 5515 3069 5585 jejunii.

2209 5611 2308 5678 Qui
2350 5624 2544 5664 servas.
2590 5606 2813 5678 Veteres
2839 5605 3102 5678 editiones
3143 5614 3198 5662 et
3224 5616 3453 5678 quatuor
3485 5610 3610 5667 libri
3635 5630 3725 5669 ve-

2136 5675 2281 5741 teres
2327 5678 2542 5755 _addun_t
2583 5685 2630 5733 et
2666 5677 2917 5755 disponis.
2970 5675 3076 5731 Alii
3129 5675 3255 5735 tres'
3276 5678 3477 5738 habent
3501 5684 3722 5755 quidem

2101 5752 2384 5829 ιάὶεροηὶε,
2436 5749 2532 5808 sed
2581 5763 2684 5806 non
2722 5748 2921 5806 habent
2963 5763 3153 5805 servas.

3114 5842 3191 5907 16
