4332 6292
552 318 681 378 ’401

582 525 728 595 impii
749 523 957 595 fuimus,
983 520 1286 592 transgressi
1311 535 1501 588 sumus,
1525 536 1585 574 ac
1599 520 1907 575 deseruimus
1924 532 2175 593 praecepta

581 627 669 671 tua
685 625 729 669 et
747 615 944 685 judicia
974 623 1087 681 tua;
1131 630 1233 668 non
1276 614 1565 669 audivimus
1589 614 1737 670 verba
1759 631 2029 686 puerorum
2055 626 2165 670 tuo-

580 724 695 762 rum
722 704 1099 778 Prophetarum
1126 722 1239 778 ante
1269 708 1423 762 locuti
1456 717 1572 763 sunt
1598 709 1650 763 in
1674 710 1875 764 nomine
1901 719 1987 765 tuo
2017 726 2171 778 super

575 814 717 872 reges
755 809 952 854 nostros
994 809 1041 853 et
1069 815 1241 856 omnes
1268 810 1438 872 gentes
1472 810 1517 857 et
1545 818 1698 873 super
1721 819 1919 857 omnem
1958 813 2167 858 terram.

574 890 712 960 Tibi,
742 889 978 960 Domine,
995 892 1194 962 iustitia
1211 899 1262 958 ι,
1282 893 1425 949 nobis
1440 903 1609 948 autem
1626 894 1857 965 confusio
1881 891 2045 965 (Dan.
2083 907 2166 960 ιιι,

558 970 739 1057 ’4-7).
1174 1054 1193 1063 η

646 1074 860 1133 XXXII.
893 1076 1018 1133 Ilzee
1047 1078 1223 1145 mites,
1252 1077 1371 1133 limo
1402 1078 1707 1149 simplices,
1753 1076 1868 1132 lucc
1910 1076 2172 1132 innocen-

574 1178 655 1226 tes
678 1170 732 1225 in
762 1170 1116 1240 promeranda
1142 1169 1234 1225 Dei
1264 1171 1541 1241 majestate
1562 1172 1627 1204 ’θ’
1657 1169 1930 1235 fecerunt;
1956 1179 2010 1225 et
2028 1183 2168 1223 nunc

570 1262 883 1317 satisfacere
910 1272 966 1317 et
1001 1261 1285 1317 Dominum
1314 1276 1505 1332 rogare
1531 1250 1837 1317 detrectant
1869 1262 1955 1328 qui
1990 1259 2171 1313 Domi-

571 1370 700 1411 num
729 1365 1060 1427 negaverunt
1086 1357 1099 1410 ι
1130 1355 1326 1423 Quteso
1350 1370 1471 1421 vos,
1501 1353 1714 1419 fratres,
1744 1352 2066 1422 acquiescite
2086 1366 2171 1406 sa-

566 1449 811 1504 lubribus
840 1449 1116 1516 remediis,
1162 1448 1401 1503 consiliis
1427 1447 1642 1503 obedite
1669 1446 2015 1525 melioribus;
2044 1460 2167 1501 cum

570 1537 822 1611 lacrymis
860 1541 1061 1595 nostris
1090 1546 1298 1595 vestras
1338 1539 1605 1611 lacrymas
1628 1539 1875 1609 jungite,‘
1895 1552 2018 1592 cum
2045 1551 2171 1592 nos-

571 1640 656 1691 tro
677 1635 879 1706 gemitu
900 1644 1111 1691 vestros
1134 1634 1364 1703 gemitus
1391 1632 1656 1704 copulate.
1672 1631 1942 1702 Rogamus
1969 1646 2085 1695 vos,
2114 1638 2172 1684 ut

569 1742 667 1799 pro
693 1727 843 1784 vobis
866 1726 1034 1783 Deum
1063 1741 1254 1798 rogare
1278 1727 1567 1797 possimus.
1604 1726 1801 1780 Preces
1823 1725 1965 1795 ipsas
1988 1723 2052 1778 ad
2071 1737 2167 1778 vos

1969 310 2108 370 DIVI
2145 306 2462 371 GYPBIANI

580 440 779 491 servant
818 433 1034 503 imperia
1075 437 1200 498 tua;
1228 428 1569 501 peccavimus,
1601 429 1802 501 facinus
1853 429 2175 498 admisimus,
2203 440 2259 500 Α
2282 446 2388 487 non
2416 427 2928 486 communicandum
2954 436 3126 486 ratam
3154 426 3391 497 ducunt;
3421 426 3731 487 hominibus
3745 444 3884 486 cono
3964 433 3975 438 ’

3765 306 3887 373 492

2277 532 2356 578 tra
2386 523 2554 579 Deum
2584 521 2833 590 credunt,
2864 522 2957 594 qui
2984 530 3171 578 contra
3215 521 3465 578 homines
3492 522 3603 578 Deo
3625 537 3734 579 non
3756 536 3881 581 ere-

2275 618 2545 675 diderunt.

2347 713 2590 771 XXXIV.
2621 714 2901 787 Ejusmodi
2922 714 3169 771 homines
3218 724 3474 787 quantum
3502 715 3724 786 potestis
3748 716 3884 773 euu-

2274 809 2382 881 gite
2423 819 2471 876 ο,
2526 811 2845 881 perniciosis
2902 812 3241 868 contactibus
3289 812 3629 869 adhaerentes
3677 813 3882 870 salubri

2275 902 2521 957 cautione
2556 902 2741 959 vitate.
2790 903 3221 960 Sermoeorum
3272 904 3409 961 sicut
3437 920 3634 961 cancer
3685 906 3880 978 serpit,

2271 992 2601 1065 colloquium
2629 994 2775 1050 velut
2815 984 3119 1065 contagium
3147 996 3400 1063 transilit,
3434 998 3594 1051 noxia
3636 1006 3692 1052 et
3716 1012 3883 1053 vene-

2276 1094 2397 1141 nata
2423 1088 2703 1156 persuasio
2733 1088 3109 1157 persecutione
3137 1088 3249 1158 ipsa
3292 1089 3442 1160 pejus
3470 1090 3743 1145 interﬁcit.
3766 1090 3883 1149 Illic

2275 1185 2521 1255 superest
2550 1176 2864 1247 pmnitentia
2893 1193 3015 1248 qua:
3064 1178 3388 1247 satisfaciat;
3427 1182 3519 1251 qui
3540 1189 3722 1236 autem
3767 1196 3880 1252 pm-

2275 1268 2553 1324 nitentiam
2601 1270 2841 1325 criminis
2887 1271 3101 1334 tollunt,
3128 1271 3516 1328 satisfactionis
3545 1268 3686 1328 viam
3717 1274 3873 1329 clau‘

2273 1358 2425 1413 dunt.
2457 1358 2531 1415 Ita
2558 1360 2620 1415 ﬁt
2640 1370 2716 1425 ut,
2748 1359 2877 1415 dum
2916 1363 3225 1418 temeritate
3262 1363 3614 1433 quorumdam
3647 1365 3729 1420 vel
3758 1378 3883 1436 pro-

2274 1449 2500 1506 mittitur
2520 1454 2663 1508 salus
2689 1451 2825 1508 falsis
2843 1452 2930 1509 vel
2956 1452 3218 1522 creditur,
3241 1466 3367 1525 spes
3383 1469 3526 1512 vene
3545 1456 3730 1513 salutis
3765 1457 3884 1514 adi-

2272 1551 2469 1597 mﬂllﬂ'.
3969 1615 3973 1619 .

2346 1633 2564 1688 XXXV.
2598 1633 2704 1689 Vos
2733 1648 2877 1704 vero,
2912 1635 3108 1693 fratres
3154 1637 3514 1707 dilectissimi,
3543 1652 3772 1712 quorum
3803 1642 3876 1698 ti-

2273 1740 2393 1780 mor
2435 1728 2489 1780 in
2533 1728 2696 1782 Deum
2730 1743 2932 1799 pronus
2967 1739 3077 1798 ,est,
3125 1738 3179 1787 et
3215 1733 3270 1788 in
3311 1734 3462 1788 ruina
3496 1734 3621 1790 licet
3662 1737 3880 1796 animus

568 1824 716 1894 prius
744 1822 1023 1889 vertimus,
1042 1819 1235 1891 quibus
1270 1820 1433 1874 Deum
1466 1835 1562 1890 pro
1582 1818 1736 1873 vobis
1765 1828 1823 1873 ut
1849 1819 2168 1875 misereatur
2199 1838 2248 1898 Β
2274 1821 2619 1885 constitutus,
2652 1821 2778 1875 mali
2823 1822 2904 1878 sui
2932 1837 3146 1879 memor
3187 1832 3295 1892 est,
3334 1826 3659 1896 pmuitentes
3693 1842 3758 1883 ac
3781 1828 3879 1885 do-

567 1929 802 1971 oramus.
851 1914 1008 1984 Agite
1043 1913 1415 1984 paenitentiam
1458 1911 1691 1982 plenam,
1721 1909 1956 1966 dolentis
2000 1924 2064 1965 ac
2090 1909 2167 1963 la-

567 2007 857 2064 mentantis
881 2007 1042 2061 animi
1068 2006 1293 2077 probate
1322 2006 1654 2061 mtesdtiam.

566 2102 577 2168 ξ
638 2100 878 2156 XXXIII.
908 2099 1018 2155 Nec
1043 2114 1140 2155 vos
1159 2098 1514 2170 quorumdam
1545 2107 1760 2154 moveat
1779 2106 1869 2153 aut
1893 2113 2045 2154 error
2065 2099 2163 2153 im-

569 2194 825 2267 providus
853 2202 945 2249 aut
971 2203 1159 2264 stupor
1173 2208 1362 2259 vanus,
1387 2191 1498 2262 qui,
1532 2205 1651 2246 cum
1682 2200 1963 2246 teneantur
1986 2192 2036 2246 in
2057 2199 2162 2245 tam

570 2288 720 2360 gravi
749 2287 995 2354 crimine,
1037 2287 1277 2358 percussi
1305 2294 1432 2340 sunt
1476 2284 1639 2339 animi
1672 2282 1937 2350 caecitate,
1977 2292 2033 2338 ut
2062 2298 2165 2339 nec

570 2378 872 2449 intelligant
898 2378 1092 2434 delicta
1116 2393 1216 2434 nec
1244 2378 1518 2449 plangant.
1551 2375 1882 2447 lndignantis
1923 2376 2013 2431 Dei
2048 2392 2163 2430 ma-

566 2476 652 2547 jor
691 2476 806 2531 haec
845 2476 998 2547 plaga
1046 2484 1147 2539 est,
1181 2476 1318 2530 sicut
1347 2475 1602 2544 scriptum
1638 2483 1720 2529 est
1755 2493 1767 2529 :
1804 2472 1869 2527 Et
1899 2474 2034 2527 dedit
2061 2473 2165 2527 illis

571 2565 705 2622 Deus
731 2568 964 2639 spiritum
988 2567 1421 2637 transpunctionis
1449 2564 1584 2635 (Isa.
1632 2580 1778 2631 χχιχ,
1816 2562 1929 2635 10).
1968 2564 2032 2619 Et
2061 2565 2163 2620 ite-

566 2675 686 2714 rum
718 2676 730 2711 :
762 2656 1019 2736 Dilectum
1040 2660 1265 2713 veritatis
1292 2674 1393 2712 non
1417 2665 1780 2726 receperuntut
1801 2655 1930 2711 salvi
1955 2656 2164 2725 ﬁerent;

565 2767 627 2805 ac
653 2760 921 2822 propterea
963 2752 1123 2805 mittet
1151 2750 1255 2804 illis
1288 2749 1422 2803 Deus
1470 2749 1816 2818 operationem
1861 2749 2064 2814 erroris,
2109 2757 2167 2802 ut

563 2839 771 2895 credant
798 2839 1081 2907 mendacio,
1112 2850 1166 2894 ut
1183 2840 1481 2910 judicentur
1502 2856 1674 2893 omnes
1702 2839 1785 2909 qui
1805 2855 1907 2893 non
1936 2838 2160 2893 credide-

563 2943 682 2987 runt
702 2935 918 3001 veritati,
949 2933 1038 2990 sed
1064 2934 1160 2988 sibi
1189 2932 1391 3004 placent
1412 2933 1464 2987 in
1494 2931 1746 3002 injustitia
1768 2938 1783 3001 (
1805 2930 1850 2987 II
1878 2930 2053 2987 Thess.
2104 2947 2160 2999 ιι,

567 3027 681 3099 10).
708 3026 906 3098 Injuste
922 3027 1022 3082 sibi
1053 3027 1324 3096 placentes
1354 3034 1407 3081 et
1434 3034 1791 3096 transpunctze
1819 3026 2011 3080 mentis
2036 3025 2166 3080 alie-

564 3120 780 3175 natione
829 3118 1110 3174 dementes
1170 3118 1379 3173 Domini
1434 3126 1698 3187 praecepta
1769 3125 2159 3182 contemnunt,

2272 1917 2446 1971 lentes
2476 1924 2695 1987 peccata
2735 1928 2912 1973 vestra
2959 1920 3273 1990 perSpicite,
3321 1921 3703 1991 gravissimum
3746 1937 3883 1979 con-

2273 2011 2510 2065 scientiae
2554 2010 2756 2067 crimen
2796 2014 3087 2082 agnoscite,
3121 2013 3186 2068 ad
3247 2014 3878 2085 intelligentiam'delicti

2270 2102 2433 2156 vestri
2465 2101 2649 2157 oculos
2675 2102 2854 2158 cordis
2877 2119 2978 2175 ape
2992 2106 3121 2170 rite,
3158 2114 3259 2160 nec
3284 2104 3634 2176 desperantes
3661 2104 3875 2163 miseri-

2273 2197 2512 2253 cordiam
2539 2198 2771 2263 Domini,
2803 2214 2902 2254 nec
2936 2208 3112 2255 tamen
3142 2200 3252 2269 jam
3284 2201 3495 2256 veniam
3515 2200 3872 2258 vindicantes.

2272 2291 2433 2359 Deus,
2466 2301 2721 2363 quantum
2754 2294 2918 2364 patris
2938 2294 3158 2364 pietate,
3184 2292 3466 2366 indulgens
3487 2292 3515 2332 ά
3538 2310 3753 2367 semper
3777 2304 3801 2333 ο
3817 2303 3874 2352 et

2271 2387 2442 2441 bonus
2471 2397 2587 2455 est;
2639 2397 2841 2443 tantum
2877 2387 3073 2459 judicis
3099 2388 3379 2458 majestate
3408 2386 3724 2443 metuendus
3767 2392 3872 2444 est.

2269 2479 2436 2547 Quam
2483 2493 2672 2548 magna
2703 2479 3045 2550 deliquimus,
3089 2487 3197 2534 tam
3238 2478 3511 2550 granditer
3553 2477 3867 2536 deﬂeamus.

2270 2571 2395 2625 Alto
2423 2571 2630 2625 vulneri
2670 2570 2899 2642 diligens
2928 2581 2983 2627 et
3033 2571 3190 2642 longa
3234 2570 3503 2627 medicina
3546 2584 3654 2628 non
3704 2571 3868 2629 desit.

2271 2662 2590 2718 Pmnitentia
2617 2663 2843 2719 crimine
2871 2664 3048 2718 minor
3078 2678 3185 2717 non
3213 2664 3303 2718 sit.
3335 2662 3568 2718 Putasne
3598 2673 3652 2718 tu
3684 2662 3871 2719 Domi-

2270 2768 2397 2809 num
2439 2753 2594 2811 citof
2636 2770 2797 2825 posse
2829 2755 3048 2826 placari,
3090 2769 3249 2825 quem
3299 2752 3481 2809 verbis
3522 2754 3743 2824 periidis
3770 2754 3869 2812 ab-

2270 2848 2452 2915 nuisti,
2484 2849 2566 2904 cui
2614 2849 2993 2919 patrimonium
3037 2862 3354 2919 pt‘mponcre
3404 2848 3660 2915 maluisti,
3712 2847 3869 2918 cujus

2270 2941 2526 3011 templum
2562 2941 2819 3012 sacrilega
2857 2942 3174 3012 contagione
3233 2940 3479 2996 violasti?
3536 2952 3689 3011 putas
3718 2940 3873 2997 facile

2269 3049 2393 3090 eum
2413 3035 2655 3091 misereri
2678 3044 2703 3082 κ
2723 3036 2819 3103 tui,
2844 3050 3003 3106 quem
3030 3044 3177 3091 tuum
3202 3050 3306 3090 non
3324 3050 3446 3090 esse
3470 3034 3649 3090 dixisti
3668 3033 3871 3105 ?_Orare

2269 3135 2482 3199 oportet
2508 3127 2801 3197 impensius
2829 3136 2883 3183 et
2925 3143 3134 3200 rogare,
3193 3127 3333 3183 diem
3379 3127 3521 3182 lttetu
3555 3127 3870 3198 transigere,

563 3209 825 3266 medelam
852 3210 1087 3265 vulneris
1115 3211 1390 3281 negligant
1408 3208 1459 3276 ι),
1493 3225 1653 3280 agere
1675 3210 2047 3280 paenitentiam
2067 3223 2164 3263 no-
2190 3231 2236 3295 ρ
2269 3214 2463 3284 vigiliis
2487 3224 2672 3269 noctes
2689 3228 2752 3269 ac
2774 3214 2986 3270 ﬂetibus
3006 3214 3223 3294 ducere,
3266 3224 3480 3283 tempus
3506 3226 3669 3268 omne
3694 3212 3871 3283 lacry-

564 3302 701 3358 lunt.
733 3300 872 3356 Ante
914 3301 1207 3354 admissum
1255 3300 1457 3365 facinus
1509 3300 1829 3375 improvidi,
1878 3309 1997 3371 post
2037 3300 2162 3358 l'aci-

563 3406 666 3448 nus
694 3392 966 3457 obstinati,
993 3406 1090 3445 nec
1107 3391 1255 3459 prius
1270 3390 1510 3455 stabiles,
1538 3406 1639 3445 nec
1662 3390 2003 3460 postmodum
2030 3407 2163 3464 sup-

566 3487 755 3559 plices.
786 3485 1013 3554 Quando
1058 3483 1353 3539 debuerant
1399 3494 1562 3547 stare,
1602 3484 1916 3553 jacuerunt;
1946 3485 2161 3556 quando

562 3584 742 3655 jacere
765 3591 820 3639 et
836 3594 1180 3653 prosternere
1201 3597 1259 3636 se
1292 3580 1401 3635 Deo
1430 3579 1647 3644 debent,
1681 3589 1823 3635 stare
1844 3596 1902 3636 se
1937 3582 2162 3651 opinan-

565 3683 670 3731 tur.
702 3675 893 3731 Pacem
922 3672 1022 3729 sibi
1051 3673 1191 3727 ultro
1222 3672 1435 3727 nemine
1464 3672 1622 3726 dante
1643 3681 2008 3741 sumpserunt.
2041 3674 2162 3729 Fal-

497 3836 501 3841 v
565 3786 623 3827 sa
648 3754 1281 3864 pollicitatione.seducti.
1306 3767 1634 3837 etapostatis
1655 3782 1718 3822 ac
1734 3766 1950 3837 perfidis
1964 3768 2156 3837 juncti,

569 3880 810 3921 errorem
840 3878 939 3935 pro
977 3860 1205 3919 veritate
1239 3862 1559 3932 suscipiunt.
1603 3860 2157 3919 Communicationem

2270 3307 2436 3361 mosis
2467 3305 2935 3362 lamentationibus
2958 3320 3243 3376 occupare,
3273 3301 3515 3360 stratos“
3545 3303 3663 3358 solo
3691 3302 3874 3359 adhae-

2266 3412 2410 3462 rere,
2445 3398 2497 3451 in
2528 3399 2710 3453 cinere
2756 3406 2810 3452 et
2853 3397 3031 3452 cilicio
3071 3404 3126 3450 et
3160 3395 3408 3451 sordibus
3450 3393 3703 3461 volutari,
3749 3400 3873 3464 post

2267 3488 2637 3545 indumentum
2662 3488 2860 3545 Christi
2891 3487 3153 3559 perditum
3199 3486 3401 3541 nullum
3426 3486 3540 3557 jam
3571 3485 3869 3555 velleves-

2267 3564 2443 3648 tilum,
2473 3590 2597 3652 post
2622 3578 2821 3637 diaboli
2849 3580 3028 3635 cibum
3062 3578 3219 3634 malle
3243 3578 3530 3649 jejunium,
3554 3578 3713 3647 justis
3735 3589 3870 3647 opeo

2264 3674 2413 3729 ribus
2442 3673 2776 3741 incumbere,
2807 3672 3007 3744 quibus
3036 3679 3255 3742 peccata
3285 3677 3601 3741 purgantur,
3629 3667 3870 3725 eleemo-

2265 3766 2414 3837 synis
2461 3766 2766 3838 frequenter
2812 3764 3063 3819 insistere
3087 3805 3102 3830 ,
3156 3763 3350 3832 quibus
3389 3777 3420 3815 a
3461 3769 3633 3816 morte
3672 3762 3869 3816 animae

2265 3863 2580 3919 liberantur.
2609 3858 2763 3928 Quod
2789 3856 3130 3914 adversarius
3150 3853 3427 3912 auferebat
3451 3853 3699 3911 Christus
3722 3852 3866 3909 acci-

1817 3995 2194 4054 LECTIONES
2230 3993 2652 4053 VARIANTES.

636 4120 661 4179 ει
697 4116 860 4179 Gloria
884 4114 1070 4179 addunt
1087 4110 1284 4179 edd._a_b
1308 4111 1591 4179 Ergsmopd
1623 4113 1780 4165 Oxon.
1807 4126 1974 4179 usque.

628 4177 658 4218 1)
691 4177 1020 4241 Negligentes
1044 4176 1183 4241 Lam._
1198 4171 1339 4241 Ebur.
1361 4173 1571 4241 Bod_._2._

630 4247 653 4275 ο
696 4233 877 4302 Fugite
913 4241 1069 4302 oaxen.
1094 4233 1240 4285 codd.
1267 4237 1408 4302 gent.
1432 4237 1477 4285 Ν
1486 4236 1540 4285 C.
1566 4238 1613 4286 2.

630 4306 659 4346 ιι
692 4297 923 4354 (Ἂεῐιιθιιε
944 4300 1085 4351 Pem.
1114 4306 1242 4348 Voss.
1269 4297 1318 4343 2.

634 4373 658 4402 ο
694 4366 924 4428 Semper,
946 4372 1148 4427 semper
1171 4366 1224 4410 et
1246 4360 1401 4409 bonus
1420 4361 1560 4409 Pent.

2334 4111 2361 4181 ζ
2394 4109 2480 4181 §ic
2500 4116 2605 4161 octo
2625 4104 2992 4181 codd._Anglic.
3018 4107 3123 4160 Cito
3144 4107 3276 4159 deest
3290 4105 3340 4158 in
3359 4106 3503 4172 impr.
3530 4112 3636 4159 ven.

2337 4177 2362 4215 8
2399 4175 2550 4224 Posse
2572 4174 2798 4225 misereri
2825 4174 2891 4222 tui
2916 4174 3055 4221 Pent.

2335 4235 2369 4274 h’
2398 4237 2560 4286 Strato
2596 4234 2699 4301 solo
2729 4232 2905 4300 Amant
2932 4231 3069 4301 'Thu.
3105 4235 3242 4286 Foss.
3269 4233 3457 4285 Stratos
3477 4232 3581 4284 solo
3618 4232 3874 4286 adhaerere

2273 4301 2430 4349 cineri
2455 4301 2609 4352 Οωοη.
2636 4297 2763 4361 Lips.

1812 4467 2052 4526 STEPII.
2097 4468 2370 4528 BALUZII
2406 4469 2635 4528 NOTIE.

645 4590 782 4657 Tibi,
814 4586 1051 4651 Domine,
1073 4587 1289 4654 iustitia.
1342 4587 1598 4643 Erasmus
1638 4580 1807 4638 edidit
1838 4601 1851 4637 :
1900 4582 2035 4657 Tibi,
2062 4583 2171 4639 Do-
2200 4587 2250 4647 ι)
2280 4588 2420 4641 νιιιιιι
2463 4586 2914 4657 complementum
2953 4584 3388 4640 observationem
3417 4598 3635 4657 suarum
3664 4564 3873 4642 deseri-

576 4665 731 4729 mine,
763 4656 947 4732 gloria,
971 4659 1059 4732 tibi
1092 4660 1319 4732 justitia.
1353 4657 1460 4715 Sed
1492 4671 1592 4725 ego
1624 4668 1808 4732 vocem
1851 4656 2016 4732 gloria
2044 4673 2173 4712 nus-

578 4725 727 4807 piam'
763 4725 940 4807 reperi
988 4731 1043 4807 in
1088 4725 1362 4807 codicibus
1417 4725 1822 4807 manuscriptis.
1848 4725 1964 4779 Non
1994 4737 2172 4807 exstat

575 4796 753 4861 autem
802 4796 856 4857 in
896 4801 1070 4871 capite
1107 4816 1164 4856 ιιι
1196 4800 1503 4873 Prophetia:
1540 4796 1799 4862 Danielis,
1837 4812 1904 4851 ex
1945 4813 2052 4867 quo
2072 4799 2174 4853 ista

578 4885 788 4944 sumpta
831 4882 981 4944 sunt.

646 4937 1124 5002 XXXIII.——Gravi
1154 4946 1380 4998 crimine.
1406 4938 1819 5009 Quatuordecim
1848 4937 1966 4993 libri
2004 4941 2172 4994 nostri

578 5027 632 5075 et
659 5027 781 5072 octo
810 5014 1085 5083 Anglicani
1143 5017 1434 5082 praeferunt
1461 5011 1597 5066 banc
1627 5011 1914 5066 lectionem
1951 5026 2048 5081 pro
2099 5026 2166 5066 eo

577 5086 908 5160 quudhnlibi
959 5087 1215 5160 scripturn
1265 5095 1349 5160 est
1390 5083 1591 5160 grandi.

652 5157 969 5215 XXXIV.-—
989 5151 1247 5211 Trausilit.
1280 5155 1354 5210 Ita
1386 5151 1543 5223 vulgo
1572 5151 1687 5206 libri
1710 5160 1942 5223 _vetercs
1968 5162 2022 5208 et
2060 5153 2173 5208 edi.

580 5233 773 5287 tiones.
806 5228 1029 5296 Quidam
1061 5238 1236 5282 tamen
1264 5228 1417 5281 aliter
1447 5220 1663 5278 habent.
1707 5220 1761 5276 In
1788 5223 1999 5277 duobus
2028 5225 2170 5280 enim

582 5302 779 5370 legitur
830 5298 1196 5370 trans/igit,_in
1241 5300 1345 5370 alio
1377 5296 1591 5370 demum
1634 5296 1953 5370 ll‘ttttscittgil.

655 5364 775 5425 Illic
817 5364 1064 5439 superest.
1117 5368 1385 5423 Patnelins
1432 5367 1607 5435 pnsuit
1654 5364 1762 5439 illic
1811 5364 1919 5418 sola
1945 5372 2173 5439 superest

581 5460 644 5501 cx
681 5437 1059 5507 InanuSCriptis
1088 5449 1143 5495 et
1183 5439 1346 5494 \cteri
1377 5453 1624 5492 excusso.
1670 5437 1736 5489 At
1760 5451 1861 5489 vox
1891 5437 2022 5497 sola,
2050 5452 2170 5505 qua}

582 5514 783 5570 inutilis
820 5523 921 5576 est,
974 5510 1124 5565 deest
1173 5512 1226 5565 in
1267 5509 1515 5563 ontnibns
1546 5508 1692 5562 libris
1738 5508 1934 5559 nostris
1980 5520 2169 5572 praeter

581 5602 747 5641 unum
794 5581 1343 5650 Gratianopulitanum
1393 5592 1441 5634 et
1493 5579 1546 5632 in
1594 5586 1794 5650 septeni
1836 5575 2167 5643 AngliCanis.

649 5653 957 5712 XXXV.--
985 5649 1148 5705 Orare
1188 5661 1403 5721 oportet.
1449 5649 1644 5704 Beatus
1678 5649 1988 5721 libcnanus,
2049 5664 2170 5703 cum

581 5728 746 5781 multa
786 5724 854 5779 de
894 5720 1309 5779 Paenitentiam
1340 5723 1686 5775 (Iunfessinnc
1711 5720 1930 5773 dixisset
1980 5721 2032 5771 in
2080 5738 2171 5774 ar-

579 5804 836 5876 gumento
892 5795 1014 5851 libri
1070 5793 1380 5849 Tertulliani
1432 5793 1494 5859 de
1545 5789 1895 5855 l’wnilt’utin,
1954 5790 2168 5847 domum

2279 4659 2356 4712 bit
2400 4658 2541 4711 hunc
2587 4656 2838 4727 Cypriani
2876 4656 3073 4727 locum.
3126 4657 3344 4710 Interim
3390 4655 3661 4710 admoneo
3706 4672 3872 4727 argua

2279 4739 2515 4782 mentum
2570 4724 2696 4780 illud
2719 4724 2867 4781 Beati
2897 4726 3140 4782 Rbenani
3172 4727 3362 4782 deesse
3392 4727 3444 4782 in
3479 4724 3870 4796 posterioribus

2277 4800 2605 4854 editiouibus
2651 4813 2871 4868 operum
2922 4798 3443 4852 'I'ertullianicorum.

2403 4871 2502 4923 uod
2533 4867 2852 4923 aduersarius
2878 4868 3165 4939 αιιίιξνειιαιἒ
3192 4868 3339 4922 lui‘ra’
3364 4869 3417 4921 in
3439 4868 3581 4939 libro
3608 4869 3673 4922 de
3703 4867 3872 4939 Opere

2276 4950 2322 4994 et
2369 4937 2737 5010 Eleemosynis,
2773 4953 2891 5010 pag.
2937 4938 3088 4993 243:
3134 4937 3666 5010 PatrimoniumrDee
3707 4937 3873 4994 credi-

2274 5022 2380 5063 tum
2426 5028 2515 5064 nec
2559 5009 2854 5079 respublica
2884 5010 3031 5079 eripit
3061 5026 3148 5062 nec
3183 5012 3337 5078 ﬁscus
3381 5009 3595 5064 inuadit.
3639 5009 3873 5065 Sanctus

2210 5104 2215 5107 -
2278 5082 2623 5151 Augustinus,
2673 5083 2723 5134 in
2775 5081 2911 5135 libro
2967 5096 2998 5135 ι.
3052 5079 3428 5145 llomiliurum,
3474 5080 3700 5134 llomilia
3736 5080 3869 5151 ,ὁδε

2278 5148 2394 5206 Hoc
2448 5154 2578 5222 tollit
2632 5152 2785 5219 ﬁscus
2841 5152 2975 5221 quod
3026 5167 3127 5204 non
3178 5153 3365 5222 accipit
3397 5151 3671 5222 Christus.
3733 5148 3872 5209 Vide

2277 5225 2547 5287 etltlttielll,
2569 5221 2921 5277 Enarralione
2950 5225 3001 5275 in
3025 5222 3162 5276 l‘sal.
3193 5221 3368 5276 exuri.
3392 5221 3721 5285 Lactantius,
3760 5236 3809 5275 c.
3836 5224 3872 5278 8

2276 5295 2341 5347 de
2368 5295 2626 5348 Mortibus
2651 5294 3057 5347 Persecutorum
3085 5311 3097 5345 :
3132 5293 3524 5347 Crueutissimus
3550 5294 3709 5361 fiscus
3734 5295 3873 5348 male

2278 5368 2437 5433 partis
2487 5366 2665 5433 opibus
2712 5364 2978 5434 afﬂuebat.
3035 5364 3241 5419 Plinius
3284 5364 3336 5417 in
3370 5362 3702 5435 Panegyrico
3732 5362 3871 5418 Tra-

2270 5438 2380 5505 jani
2411 5455 2423 5490 :
2471 5438 2673 5505 Swpius
2722 5436 2939 5488 rint-itur
2984 5435 3159 5503 ﬁscus,
3212 5435 3359 5505 cujus
3388 5434 3525 5488 mala
3556 5434 3711 5489 eausa
3737 5451 3873 5488 nun-

2276 5523 2424 5575 quam
2475 5519 2544 5561 est
2588 5508 2685 5561 nisi
2727 5511 2819 5559 sub
2840 5505 2970 5559 bono
2994 5507 3237 5576 principe.
3267 5505 3324 5559 In
3356 5506 3601 5575 lipitome
3640 5505 3871 5561 Victoris

2279 5580 2471 5645 legitur
2516 5577 2801 5645 Trajantnn
2858 5579 3047 5631 (iscum
3087 5591 3306 5631 vocasse
3351 5577 3569 5639 lienem,
3612 5577 3758 5646 quod
3800 5591 3869 5632 co

2277 5658 2554 5703 crescente
2607 5662 2755 5704 artus
2808 5649 2995 5719 reliqui
3046 5648 3342 5703 tabescmtt.
3397 5646 3758 5719 Symmachus
3812 5648 3868 5703 in

2279 5720 2535 5774 relatione
2580 5734 2677 5787 pro
2722 5734 2812 5773 ara
2859 5718 3159 5773 Victoriae:
3211 5719 3396 5774 Fiscus
3440 5718 3689 5774 bonorum
3719 5719 3867 5789 prina

2276 5794 2442 5864 cipum
2467 5807 2566 5847 non
2591 5791 2909 5847 sacerdotum
2935 5791 3155 5858 damnis,
3183 5790 3271 5847 sed
3305 5790 3523 5846 hostium
3550 5790 3730 5865 spoliis
3762 5804 3865 5848 atto
