4332 6292
412 313 598 395 ’49³

1562 322 1768 387 LIBER
1823 325 1912 385 oe
1950 320 2253 386 unum
2292 320 2673 417 secessus.

3682 318 3792 379 494

495 444 627 515 piat.
670 437 782 499 Nec
807 441 976 498 teneri
1013 441 1125 513 iam
1153 453 1255 498 nec
1284 441 1451 499 amari
1479 443 1856 515 patrimonium
1902 443 2080 508 debet,
2110 441 2163 504 Α
2188 454 2460 507 mouente,
2483 440 2720 498 declarat
2745 439 2763 478 ί
2795 455 2813 493 τ
2843 436 3191 504 Rwertimini,
3214 435 3487 509 inquit,ad
3504 435 3788 493 Dominum
3832 486 3842 500 ,

492 549 601 606 quo
626 535 747 605 quis
769 544 817 590 et
843 532 1105 604 deceptus
1133 542 1189 590 et
1208 536 1380 591 victus
1411 544 1516 592 est.
1548 535 1654 595 Pro
1685 535 1840 592 hoste
1875 535 2089 591 vitanda

488 644 598 689 res,
631 643 728 698 pro
765 627 979 682 latrone
1008 626 1280 698 fugienda,
1314 628 1412 697 pro
1440 627 1617 700 gladio
1644 627 1928 683 metuenda
1976 642 2091 697 pos-

489 720 786 776 sidentibus
806 720 874 754 ¹⁹³
897 729 950 775 et
969 735 1177 776 veneno
1200 739 1214 776 :
1236 721 1301 776 ad
1326 722 1427 777 hoc
1449 730 1653 777 tantum
1675 721 1931 792 profucrit
1947 720 2088 792 quod

491 813 748 871 remansit
779 823 833 867 ut
858 813 984 869 inde
1003 813 1204 869 crimen
1236 823 1291 870 et
1319 814 1472 884 culpa
1505 814 1815 870 redimatur.
1865 814 2089 869 incunc-

491 915 668 962 Iauter
691 916 749 962 et
774 907 990 975 largiter
1021 906 1110 961 liat
1131 909 1394 976 operatio,
1422 922 1618 962 census
1635 908 1810 962 munis
1830 909 1881 962 in
1906 909 2091 963 mede-

493 997 598 1051 lam
623 998 860 1053 vulneris
882 1008 1149 1069 erogetur,
1175 1000 1367 1068 Opilius
1386 1008 1412 1037 ι
1445 1012 1497 1054 et
1528 994 1869 1055 facultatibus
1892 1001 2090 1055 nostris

492 1090 584 1159 qui
611 1089 679 1145 de
706 1086 910 1144 nobis”
933 1088 1266 1159 iudicaturus
1292 1101 1375 1146 est
1406 1091 1630 1145 Domino
1655 1089 1968 1148 lauaretur.
2000 1088 2089 1147 Sic

493 1180 595 1235 sub
623 1180 897 1251 Apostulis
918 1180 1052 1235 lldes
1079 1181 1274 1251 viguit:
1298 1183 1381 1236 sic
1409 1182 1613 1251 primus
1637 1181 1971 1238 credentium
1996 1197 2091 1251 po-

491 1272 648 1343 pulus
686 1271 885 1327 Christi
917 1271 1167 1327 mandata
1190 1276 1443 1328 servavit.
1476 1274 1711 1344 Prompti
1742 1284 1917 1341 erant,
1950 1274 2089 1345 largi

489 1374 647 1421 erant
670 1375 719 1431 ο,
740 1364 1169 1421 distribuendum
1220 1382 1318 1437 per
1348 1355 1636 1437 Apostolus
1666 1377 1836 1424 totum
1866 1366 2087 1436 dabant,

488 1466 546 1513 et
572 1472 677 1512 non
702 1458 828 1513 talia
860 1457 1055 1514 delicta
1084 1458 1445 1515 redimebant.

561 1546 807 1603 XXXVI.
834 1548 891 1605 Si
919 1563 1134 1619 precem
1163 1559 1283 1606 toto
1313 1551 1476 1607 corde
1496 1552 1616 1623 quis
1656 1552 1829 1620 faciat,
1863 1554 1907 1608 si
1948 1552 2092 1610 veris

491 1639 826 1711 paenitentia}
854 1640 1326 1698 lamentationibus
1343 1638 1371 1678 ά
1397 1652 1452 1698 et
1475 1643 1729 1715 lacrymis
1756 1646 2088 1716 ingemiscat,

2194 536 2353 591 Deum
2376 544 2612 599 vestrum,
2634 534 2875 605 quoniam
2904 532 3187 586 misericors
3212 541 3256 585 ct
3274 530 3389 602 pius
3414 538 3485 584 est
3514 537 3560 583 et
3592 529 3791 600 patiens

2190 640 2237 684 et
2266 629 2439 684 multa:
2457 628 2813 692 miserationis,
2835 635 2883 680 et
2919 627 3005 696 qui
3045 627 3344 681 sententiam
3388 625 3558 692 ﬂectat
3603 625 3790 677 adver-

2189 738 2276 778 sus
2305 723 2526 777 malitias
2562 723 2815 793 irrogatas
2863 719 3023 793 (Joel.
3058 734 3115 785 ll,
3165 717 3286 790 13).
3336 717 3523 773 Potest
3559 716 3652 771 ille
3704 718 3791 771 in-

2191 814 2513 886 diligentiam
2543 812 2693 879 dare,
2741 811 3061 867 sententiam
3089 825 3237 865 suam
3270 818 3441 880 potest
3475 809 3565 863 ille
3594 807 3793 865 deﬂec-

2192 918 2325 965 tere.
2352 904 2658 971 Pmniteuti,
2702 904 2964 975 aperanti,
3007 903 3212 973 roganti
3268 911 3444 971 potest
3498 901 3792 957 clementer

2193 1003 2489 1074 ignoscere,
2524 1008 2699 1071 potest
2724 1000 2777 1053 in
2807 1007 3082 1067 acceptum
3122 998 3325 1061 referre
3378 995 3641 1065 quidquid
3694 1010 3791 1066 pro

2193 1093 2387 1149 talibus
2416 1102 2470 1146 et
2491 1093 2744 1163 petierint
2796 1099 3060 1160 martyres
3094 1099 3149 1143 et
3190 1088 3413 1143 iecerint
3460 1087 3789 1142 sacerdotes.

2191 1185 2292 1242 Vel
2330 1188 2373 1240 si
2405 1186 2524 1256 quis
2550 1184 2667 1256 plus
2698 1200 2820 1239 eum
2844 1184 2956 1238 suis
2977 1180 3433 1238 satisfactionibus
3466 1183 3711 1243 moverit.
3744 1182 3792 1237 si

2193 1278 2309 1348 eius
2340 1278 2493 1344 iram,
2524 1264 2569 1333 si
2593 1276 2922 1343 indignantis
2950 1275 3207 1330 oﬂensam
3233 1274 3375 1343 iusta
3407 1271 3790 1343 deprecatione

2194 1368 2504 1441 placaverit.
2532 1368 2622 1423 dat
2673 1367 2762 1423 ille
2805 1375 2859 1422 et
2898 1381 3047 1421 arma
3096 1380 3308 1421 rursum
3341 1364 3534 1435 quibus
3567 1364 3740 1420 vietus
3767 1374 3793 1412 ϐ

2195 1470 2452 1526 armetur,
2501 1468 2714 1530 reparat
2758 1468 2812 1513 et
2852 1457 3165 1513 corroborat
3221 1458 3363 1512 vires
3422 1455 3615 1527 quibus
3660 1455 3795 1512 lides

2197 1553 2488 1608 instaurata
2516 1559 2814 1623 vegetetur.
2848 1550 3075 1620 Repetet
3102 1558 3375 1605 certamen
3414 1562 3568 1603 suum
3616 1549 3792 1616 miles,

2197 1644 2613 1711 iterabitaciem,
2638 1641 3193 1714 provocabithostem,
3218 1651 3272 1696 et
3289 1641 3501 1710 quidem
3533 1638 3701 1696 lactus
3727 1640 3799 1696 ad

476 1731 538 1786 si
563 1730 630 1787 ad
653 1732 859 1787 veniam
886 1731 1068 1788 delicti
1100 1736 1183 1788 sui
1218 1734 1501 1789 Dominum
1538 1736 1701 1806 justis
1726 1746 1783 1793 et
1823 1731 2094 1792 coutinuis
2197 1735 2438 1807 prndium
2469 1733 2654 1790 fortior
2675 1749 2770 1803 per
2786 1733 3049 1788 dolorem.
3079 1733 3179 1799 Qui
3208 1733 3286 1788 sic
3319 1733 3428 1788 Deo
3450 1732 3793 1802 satisfecerit,

490 1826 747 1897 operibus
811 1826 1065 1896 inﬂectat,
1119 1828 1363 1885 misereri
1422 1831 1605 1886 talium
1661 1840 1837 1902 potest
1903 1830 1992 1902 qui
2040 1838 2096 1886 et
2122 1831 2170 1892 Β
2198 1831 2286 1900 qui
2315 1828 2624 1899 paenitentia
2652 1826 2776 1882 facti
2799 1827 2902 1893 sui,
2929 1827 3017 1896 qui
3044 1825 3245 1895 pudore
3271 1824 3452 1881 delicti
3480 1821 3540 1893 ιι,
3583 1828 3700 1895 plus
3744 1832 3802 1881 et

496 1919 918 1975 misericordiam
960 1934 1112 1976 suam
1142 1921 1365 1992 protulit
1397 1921 1582 1978 dicens
1617 1940 1630 1979 :
1664 1924 1791 1977 Cum
1824 1934 2095 1977 conversus
2196 1920 2411 1976 virtutis
2437 1930 2493 1977 et
2518 1919 2638 1975 lidei
2660 1917 2729 1975 de
2768 1918 2884 1989 ipso
2910 1919 3093 1987 lapsus
3119 1917 3201 1972 sui
3232 1916 3419 1972 dolore
3469 1918 3796 1987 conceperit,

494 2011 817 2081 ingemueris,
851 2022 969 2067 tunc
988 2013 1283 2082 salvalmis,
1312 2025 1360 2069 et
1377 2016 1505 2071 scies
1523 2015 1608 2069 ubi
1625 2017 1785 2088 fueris
1804 2013 1940 2086 (lsa.
1962 2030 2090 2083 xxx,
2198 2014 2481 2071 exauditus
2507 2021 2563 2068 et
2599 2011 2813 2082 adjutus
2840 2025 2871 2064 a
2904 2009 3148 2077 Domino,
3185 2024 3344 2080 quam
3363 2008 3798 2075 eoutristarerat,

496 2101 610 2173 lii).
642 2101 711 2158 Et
740 2103 930 2158 iterum
960 2102 1139 2161 :Nalo
1167 2116 1379 2161 mortem
1399 2108 1662 2162 morientis
1686 2116 1733 2174 θ,
1765 2106 1888 2161 dicit
1913 2105 2093 2160 Domi—
2200 2122 2373 2179 nuper
2403 2106 2582 2162 laetam
2613 2103 2772 2161 faciet
2805 2104 3132 2171 Ecclesium;
3183 2118 3282 2159 nec
3327 2103 3437 2174 jam
3483 2103 3653 2159 solum
3706 2102 3802 2159 Dei

494 2209 591 2247 uss
616 2234 632 2260 ,
680 2205 924 2264 quantum
966 2205 1024 2251 ut
1069 2207 1347 2253 reuertatur
1394 2199 1584 2254 enicat
1655 2197 1868 2272 (Emit.
1910 2212 2095 2266 nitur,
2200 2200 2410 2257 veniam
2450 2196 2762 2263 merebitur,
2795 2193 2889 2252 sed
2919 2206 2973 2253 et
3001 2210 3274 2252 coronam.

495 2286 611 2359 il.)
642 2286 710 2344 Et
726 2287 883 2344 Johel
911 2289 1166 2361 propheta
1201 2290 1451 2363 pietatem
1473 2291 1705 2361 Domini,
1736 2292 1962 2348 Domino
1981 2292 2099 2365 ipso

1739 2404 2122 2464 LECTIONES
2158 2398 2571 2459 VARIAN’I‘ES.

561 2517 587 2582 ξι
622 2517 867 2582 Operibus
891 2519 993 2570 Lin.
1020 2522 1158 2582 Bent.
1187 2521 1294 2575 ΝΟ.
1320 2520 1369 2572 2.
1395 2519 1519 2573 Bod.
1543 2519 1590 2570 3.

558 2577 586 2615 ³³
620 2577 713 2640 Qui
734 2580 802 2630 de
826 2583 965 2632 bonis
994 2580 1119 2632 Tltu.
1154 2586 1294 2634 Voss:

559 2644 585 2707 ‘3
620 2642 766 2707 Largi
792 2650 935 2693 erant
956 2645 1014 2693 ad
1032 2645 1425 2707 distribuendum
1449 2647 1587 2696 Pent.

560 2702 588 2743 εἰ
620 2702 870 2754 Lamentis
893 2707 1027 2756 Ltmt.
1052 2703 1196 2758 Ebur.

564 2770 590 2798 ο
621 2766 903 2817 Peecatoris
926 2767 1031 2818 Litt.

2269 2511 2291 2552 ἲ
2324 2514 2559 2566 Declarat
2588 2514 2758 2565 dicens
2782 2510 2906 2562 Bod.
2928 2509 2978 2562 2.
3005 2513 3139 2563 Lam.
3164 2512 3309 2564 Ebor.

2265 2579 2295 2620 ε
2328 2577 2492 2628 Virtus
2514 2584 2729 2626 armetur
2755 2574 2879 2626 Bod.
2908 2575 2952 2625 1.
3066 2621 3079 2631 ,

2202 2703 2232 2750 ι
2263 2637 2670 2752 ὴΤῖοωῑιεοιὶεω
2694 2639 2807 2689 facti
2830 2638 2925 2702 sui,
2948 2639 3031 2703 qui
3056 2638 3293 2700 pudorem
3330 2634 3496 2689 delicti
3522 2635 3648 2688 Bod.
3672 2635 3719 2699 1,
3747 2634 3803 2700 3,

2239 2737 2250 2750 .
2358 2716 2407 2752 u.

1711 2864 1717 2873 '
1742 2850 1985 2908 STEPII.
2029 2850 2300 2910 BALUZII
2336 2845 2569 2911 NOTtE.

496 2972 659 3034 getur.
708 2961 928 3021 Novella
975 2966 1246 3023 Anthemii
1300 2969 1362 3022 Α.
1423 2967 1492 3024 de
1547 2964 1708 3023 Bonis
1736 2967 2088 3023 vacantibus:

499 3034 675 3107 Neque
703 3036 837 3108 enim
882 3038 1027 3092 aliud
1078 3038 1421 3108 imperatoria:
1471 3040 1725 3105 maiestati
1770 3038 1969 3093 videtur
2004 3055 2093 3094 ac-

495 3106 817 3180 cmmuodum
850 3124 1012 3180 quam
1039 3106 1302 3164 continuae
1318 3112 1408 3180 jus
1435 3110 1666 3164 amnibus
1691 3126 1944 3164 reservare
1972 3110 2091 3164 sub-

487 3178 635 3251 jectis
662 3188 732 3251 “et
781 3178 912 3231 nihil
962 3181 1182 3251 amplius
1233 3178 1375 3235 bonis
1424 3183 1575 3235 licere
1628 3180 1939 3250 principibus
1991 3180 2091 3235 nisi

495 3249 627 3317 quod
653 3249 796 3302 liceat
817 3249 1381 3319 privatis.'Ammiauus
1413 3252 1750 3305 Marcellinus
1779 3249 1870 3305 lib.
1897 3268 2087 3317 xxvm.

495 3333 659 3394 agens
684 3319 751 3394 de
794 3321 1105 3394 praefectura
1131 3321 1358 3394 Olybrii,
1384 3323 1459 3377 ait
1484 3341 1497 3376 :
1529 3321 1913 3394 Calumniarum
1943 3338 2086 3377 acer-

497 3390 656 3462 rimus
696 3390 988 3462 insectator,
1020 3393 1134 3462 ﬁsci
1163 3390 1306 3447 lucra
1350 3394 1484 3446 unde
1526 3401 1723 3462 poterat
1750 3393 2077 3448 intercidens.

472 3502 476 3506 Α
580 3458 799 3515 Veneno.
824 3458 1082 3530 Quaedam
1109 3463 1374 3519 editiones
1412 3458 1609 3518 habent
1636 3462 1916 3527 vendenda,
1935 3480 2083 3519 cam-

495 3546 599 3605 que
639 3532 921 3605 lectionem
949 3535 1117 3605 inagis
1146 3535 1333 3605 probat
1362 3532 1650 3605 Panaetius.
1680 3532 1927 3605 Nostram
1957 3551 2078 3605 pro;

498 3602 625 3676 [iant
668 3602 937 3676 sexdecim
996 3604 1117 3660 libri
1147 3602 1332 3660 nostri
1384 3614 1437 3661 et
1490 3604 1741 3660 undecim
1778 3602 2078 3676 Anglicani.

495 3672 679 3746 Neque
694 3673 909 3728 dubium
932 3690 1053 3731 esse
1072 3685 1247 3744 potest
1269 3676 1396 3746 quin
1423 3677 1491 3730 sit
1511 3677 1808 3732 verissima.
1834 3672 2089 3731 lfamdem

498 3742 1000 3870 praeﬁeruniltunnnes
1033 3742 1242 3804 veteres
1273 3742 1558 3815 editiones,
1585 3748 1746 3803 etiam
1782 3747 2086 3803 Mauutiana

498 3824 550 3869 et
648 3830 740 3870 ure
784 3829 923 3870 lana.

498 3824 550 3869 et
596 3824 923 3871 Mureniana.

2118 3074 2162 3138 C
2197 3039 2296 3138 ‘33..
2315 3037 3237 3138 "’33.?"29’lifli‘lll'ﬁ.filli'i‘liif

2270 2967 2491 3043 Domino
2535 2973 2826 3043 frenentur.
2878 2968 2953 3043 Ita
2989 2968 3223 3043 scribere
3274 2969 3473 3043 placuit
3500 2969 3632 3043 ideo
3666 2972 3792 3042 quia

3319 3040 3455 3095 abitu
3500 3039 3783 3112 Virginum,

2197 3125 2315 3180 pag.
2361 3109 2485 3167 {67.
2535 3109 2631 3166 Sic
2659 3114 2818 3168 etiam
2861 3110 3059 3165 habent
3083 3109 3297 3181 quidam
3326 3112 3449 3165 libri
3492 3109 3703 3167 veteres
3731 3122 3790 3168 ct

2193 3180 2357 3235 editio
2410 3183 2703 3250 Spirensis,
2747 3192 2856 3237 tum
2902 3182 3065 3236 etiam
3104 3180 3311 3236 Veneta
3363 3192 3536 3236 vetns.
3590 3182 3785 3238 llicru-

2193 3266 2385 3323 uymus
2428 3254 2479 3306 iu
2522 3254 2739 3323 Dialogu
2779 3252 3038 3323 adversus
3080 3251 3482 3323 Luciferiauos:
3541 3252 3645 3308 Deo
3694 3250 3792 3323 fa:-

2189 3321 2794 3446 tterath_hlartialis,_lib.
2823 3340 2871 3390 ι,
2906 3322 3056 3393 Epig.
3090 3322 3196 3378 ιιι
3233 3321 3357 3378 Htac
3381 3324 3545 3379 omnis
3564 3321 3781 3395 {atterat

2189 3409 2293 3446 una
2376 3411 2482 3446 eos.
2560 3416 2561 3419 η

2189 3409 2293 3446 una
2339 3409 2482 3447 (1808.
2560 3416 2561 3419 “

2257 3462 2478 3537 XXXVI
2486 3464 2873 3535 .—Dc/lectcre.
2890 3462 3074 3520 Codex
3089 3463 3499 3537 Moyssiaeeusis
3523 3464 3671 3522 addit
3699 3467 3792 3523 dc-

2192 3534 2313 3587 licta
2342 3536 2617 3589 remittere.

2257 3603 2363 3680 Dat
2400 3606 2488 3680 ille
2514 3618 2675 3680 arma.
2716 3604 2899 3662 Codex
2940 3605 3183 3662 Lamonii
3212 3623 3226 3660 :
3267 3604 3371 3677 Dat
3397 3606 3484 3662 ille
3509 3624 3652 3663 arma
3669 3610 3790 3680 jus-

2193 3677 2316 3747 titia:
2359 3675 2538 3747 quibus
2578 3678 2751 3747 justus
2798 3686 3038 3731 armetur.

2265 3746 2364 3802 Dei
2405 3746 2603 3802 veniant
2644 3748 2932 3802 merebitur.
2978 3747 3033 3818 1d
3078 3758 3159 3802 est
3188 3757 3568 3818 consequetur,
3625 3756 3679 3805 ut
3706 3749 3781 3805 ait

2196 3816 2522 3886 Lactantius,
2568 3818 2664 3873 lib.
2715 3833 2791 3881 tv,
2830 3832 2950 3888 cap.
2985 3817 3074 3873 17.

1973 4086 2303 4162 LIBER

1021 4282 1263 4414 DE
1382 4280 2185 4473 UNITATE
2303 4281 3256 4417 ECCLESI/E.

1860 4535 2427 4618 MM.—

496 4742 888 4795 Ancmtsts'wu.
904 4765 977 4776 —
1002 4732 1279 4790 Occasione
1330 4729 1619 4787 scltismatis
1664 4728 1945 4785 Novatiani
1964 4772 1979 4797 ,
2035 4739 2089 4784 ut
2113 4731 2166 4791 D
2261 4746 2381 4786 seon
2407 4746 2615 4787 causam
2640 4738 2748 4785 esse
2776 4728 2918 4782 docet
2938 4728 3077 4798 quod
3096 4738 3249 4798 caiiut
3275 4726 3625 4785 Ecclesitenon
3640 4742 3785 4801 qutt-

565 4850 686 4888 suos
713 4828 1151 4900 Carthaginienses
1197 4826 1490 4891 deterreret,
1546 4823 1739 4895 alioqui
1776 4832 1894 4879 “non
1943 4822 2081 4877 ntul-

566 4934 672 4978 tum
693 4924 756 4977 ab
788 4922 881 4976 illo
901 4920 1244 4982 abhorrentes,
1294 4927 1501 4988 promer
1550 4914 1812 4970 Novatum
1858 4924 1905 4970 et
1957 4914 2091 4969 alios

568 5016 813 5088 quosdam
844 5028 953 5069 sua:
979 5010 1226 5067 Ecclesia:
1268 5011 1581 5083 presbyteros
1628 5009 1780 5064 totius
1833 5007 2093 5081 (ragadia:

566 5119 818 5174 auctores,
868 5104 1050 5160 librum
1099 5106 1232 5159 hunc
1263 5102 1559 5174 conscripsit
1595 5099 1902 5173 Cyprianus.
1932 5101 2093 5171 Atque

568 5202 621 5255 in
669 5200 847 5271 primis
869 5239 885 5266 ,
954 5207 1262 5269 postquam,
1326 5195 1567 5250 adversus
1624 5193 1832 5249 illorum
1880 5194 2096 5250 insidias

565 5296 923 5361 communitas,
976 5293 1047 5348 ad
1104 5293 1443 5348 constantiam
1518 5290 1747 5345 ltertatus
1810 5295 1905 5355 est,
1952 5289 2097 5342 lterc-

2261 4824 2410 4892 ritnr,
2463 4824 2712 4892 primatus
2755 4818 2897 4874 Petri
2941 4820 3300 4887 contemnitur,
3357 4829 3402 4875 ct
3446 4821 3687 4875 cathedra
3715 4839 3778 4878 ac

2266 4914 2496 4970 Ecclesia
2522 4929 2626 4968 una
2656 4921 2702 4967 et
2743 4908 3084 4981 Episcopatus
3124 4929 3254 4968 imus
3285 4913 3557 4981 deseritur.
3588 4912 3789 4970 Deinde

2221 5018 2224 5022 λ
2268 5018 2372 5062 tum
2411 5004 2693 5075 Scripturis
2723 5014 2830 5057 tum
2878 5003 3059 5073 ﬁguris
3122 5003 3309 5059 Veteris
3350 5013 3395 5059 et
3427 5003 3561 5059 Novi
3610 5004 3790 5061 Testa-
3839 5004 3845 5013 ’

2270 5098 2422 5152 menti
2461 5097 2707 5150 unitatem
2750 5093 2998 5150 Ecclesia:
3039 5088 3351 5166 coniprobat.
3399 5095 3567 5151 Porro
3608 5096 3791 5152 Novas

2271 5189 2398 5244 tiani
2426 5188 2748 5242 ambitionem
2778 5188 2831 5242 in
2857 5188 3140 5243 invadenda
3191 5188 3498 5261 Episcopatu
3529 5190 3787 5260 Romano,

2278 5281 2409 5336 velut
2458 5279 2603 5334 aliud
2636 5296 2811 5351 agens,
2854 5282 3028 5352 paucis
3075 5290 3391 5351 prosccutus,
3440 5265 3542 5338 late
3588 5282 3795 5339 deducit

1760 5401 2003 5463 STEPH.
2020 5396 2315 5458 .BALUZII
2354 5393 2579 5451 NOTAS.

572 5526 643 5560 ‘”
680 5528 815 5585 Cum
867 5528 919 5581 in
963 5522 1198 5581 editione
1217 5521 1504 5592 Anglicana
1536 5519 1793 5592 praiclare
1822 5525 2096 5571 ostensum

498 5600 569 5652 sit
592 5608 646 5652 et
691 5599 969 5667 probatum
1013 5610 1198 5651 verum
1226 5590 1404 5669 hujus
1440 5590 1826 5669 libri-titulum
1865 5601 1987 5669 esse
2027 5599 2095 5641 ne

503 5660 738 5741 [latrare
753 5669 1055 5741 Ecceesm,
1092 5668 1165 5720 uti
1191 5660 1385 5741 citatur
1405 5663 1473 5741 ab
1498 5660 1826 5741 antiquis,et
1853 5660 1926 5741 uti
1959 5671 2096 5726 pra:-

478 5740 678 5805 _feruul
701 5755 891 5795 omnes
919 5731 1272 5796 ferc'veter'es
1301 5733 1447 5805 libri,
1472 5734 1633 5787 etiam
1665 5731 2051 5805 Seguieriauus
2075 5765 2092 5805 ε

2204 5510 2416 5581 placuit.
2450 5506 2584 5563 Illud
2607 5515 2815 5581 tantum
2832 5506 3058 5581 addam,
3090 5507 3434 5581 Franciscum
3464 5511 3784 5572 Balduinum

2201 5575 2253 5656 in
2286 5577 2617 5656 Epistola_ad
2645 5575 2929 5656 Ducenium
2959 5580 3072 5635 sive
3101 5579 3364 5656 Caluinam
3407 5584 3625 5656 prmllsa
3667 5587 3787 5656 ejus

2200 5647 2651 5707 Anuntatiuuibus
2676 5647 2729 5701 in
2757 5648 3007 5718 Optatum
3036 5652 3219 5706 testari
3247 5668 3306 5708 se
3329 5692 3345 5719 ,
3386 5647 3515 5709 dum
3541 5647 3785 5716 Tride'nti

2198 5730 2361 5795 esset,
2380 5792 2388 5795 Α
2409 5720 2461 5775 id
2490 5721 2666 5790 ipsum
2698 5719 2890 5790 legisse
2915 5719 2970 5776 iu
3006 5722 3192 5778 codice
3222 5723 3396 5795 Apulo
3424 5725 3641 5783 Antonii
3673 5728 3789 5791 Au-

499 5792 618 5871 eaut
647 5792 988 5880 sententiain,
1012 5792 1137 5881 quae
1162 5806 1289 5863 mild
1315 5792 1661 5859 videtur-esse
1682 5792 1907 5874 oinim‘a,
1940 5795 2094 5870 sequi
2196 5792 2413 5867 gustiui.
