4302 6296
522 349 631 407 195

1881 353 1884 356 ’
1917 342 2051 398 DIVI
2089 340 2409 398 CYPRUM

3715 339 3822 399 196

599 476 755 531 neque
793 477 885 530 pro
924 474 1097 515 eorum
1143 458 1395 529 paucitate
1438 466 1613 512 contra
1654 455 1931 511 Ecclesium
1975 455 2124 522 quid—
2152 456 2200 514 Α
2229 472 2288 510 ea
2321 465 2400 511 est
2433 454 2884 511 circmm'eniendi
2921 454 3153 511 hominis
3179 466 3318 511 czeca
3349 464 3403 511 ct
3431 454 3697 512 latebrosa
3725 456 3823 512 fal-

597 569 745 622 quam
771 550 1083 624 [τίσω-θεηταί
1111 549 1299 604 Matth.
1329 566 1494 604 xvut:
1530 569 1548 600 ε
1582 548 1890 619 Ubicumque
1916 551 2121 619 [nerunt

598 643 700 695 duo
729 642 803 694 vel
829 651 926 695 tres
951 639 1148 695 collecti
1172 641 1222 694 in
1246 641 1448 695 nomine
1476 657 1606 706 meo,
1630 649 1952 710 etc.;.neque
1981 657 2118 692 utar-

599 732 786 801 tyrium
816 731 918 786 illis
946 749 1092 804 posse
1113 732 1350 803 prodesse
1369 742 1514 788 extra
1534 731 1839 786 Ecclesunn.
1871 731 1998 785 Post
2015 732 2122 786 han:

527 868 533 874 .
599 827 740 880 docet
763 842 861 879 non
894 826 1070 880 mirari
1096 843 1180 881 eos
1205 837 1435 896 oportere
1458 825 1592 897 quod
1620 826 1838 896 vigerent
1884 825 2118 889 hcereses,

592 919 705 987 jam
736 917 858 971 olim
882 935 915 971 a
945 916 1144 973 Christo
1172 919 1428 981 prcedictte
1457 917 1646 990 (obiter
1666 916 1939 986 interjectis
1959 915 2122 970 schis-

599 1013 897 1066 maticorum
919 1012 1228 1083 suppliciis);
1249 1029 1406 1084 neque
1419 1011 1554 1084 quod
1569 1012 1879 1083 eonfessores
1916 1008 2124 1081 quidant

599 1107 818 1162 Romani
847 1107 1108 1162 schismati
1137 1107 1493 1172 consentirent,
1517 1105 1703 1178 quippe
1731 1120 1848 1158 cum
1877 1113 1995 1157 ante
2015 1102 2124 1156 obi-

598 1213 704 1255 tum
733 1217 878 1255 nemo
924 1201 1097 1256 beatus
1139 1203 1225 1264 sit,
1267 1210 1313 1255 et
1357 1201 1409 1255 in
1450 1201 1561 1270 ipso
1599 1199 1960 1270 Apostolorum
1995 1209 2123 1253 casta

595 1291 761 1348 ludas
783 1292 1011 1362 proditor
1025 1293 1267 1348 exstiterit
1286 1309 1303 1358 ;
1330 1293 1535 1347 vitanda
1554 1293 1671 1346 item
1689 1291 2124 1346 schismatieorum

594 1396 641 1440 et
668 1386 1018 1440 hcereticorum
1047 1386 1322 1440 consortia.
1361 1384 1436 1438 Ad
1467 1401 1641 1454 pacem
1673 1384 1890 1454 denique
1915 1395 1960 1438 et
1991 1399 2122 1438 una-

596 1479 874 1533 nintitatem
901 1494 989 1550 per
1010 1477 1307 1549 Scripturas
1333 1477 1582 1532 hortatur.

597 1660 638 1715 1.
665 1659 782 1715 Ceu
833 1667 1047 1714 moneat
1069 1656 1327 1715 Dominus
1343 1666 1393 1713 el
1417 1657 1584 1714 dicat:
1623 1659 1721 1714 Vos
1743 1660 1862 1715 estis
1879 1660 1958 1714 sal
1978 1669 2124 1717 terra?

527 1753 740 1825 (Matth.
775 1768 834 1818 v,
866 1751 980 1822 15),
1026 1764 1257 1820 cumque
1283 1765 1403 1805 esse
1431 1766 1528 1805 nos
1562 1751 1746 1819 jubeat
1774 1753 1839 1806 ad
1865 1753 2121 1808 innocen-

2226 551 2378 606 lacia.
2410 552 2497 606 Sic
2518 553 2585 606 ab
2606 553 2756 606 initio
2782 551 2960 606 statim
2991 551 3169 606 mundi
3204 550 3408 616 lel'eliit,
3441 560 3512 618 et,
3548 551 3725 607 verbis
3757 551 3825 585 ‘9‘

2223 645 2572 700 mendacibus
2603 644 2902 710 blandiens,
2940 644 3101 698 rudes
3139 643 3345 698 animas
3384 644 3592 698 incauta
3628 640 3824 699 credul

2227 737 2374 792 Iilate
2399 735 2624 806 decepit.
2657 736 2936 790 Doruiuum
2967 735 3140 804 ipsum
3173 743 3378 789 tentare
3404 744 3649 801 conatus,
3674 733 3826 804 quasi

2225 829 2512 897 obreperet
2542 841 2728 883 rursus
2755 837 2809 882 et
2859 826 3089 892 falleret,
3126 826 3353 882 latenter
3385 827 3632 882 accessit.
3665 825 3830 881 intel-

2225 917 2395 974 lectus
2451 927 2626 974 tamen
2669 927 2751 974 est
2789 928 2843 973 et
2884 926 3098 973 retusus
3124 914 3186 984 ἀς
3221 927 3276 974 et
3327 917 3450 974 ideo
3493 927 3826 988 prostratus,

2226 1011 2349 1081 quia
2374 1009 2584 1079 agnitus
2606 1019 2765 1078 atque
2793 1009 3058 1065 detectus.

2299 1103 2362 1158 11.
2395 1102 2548 1159 Unde
2569 1101 2726 1158 nobis
2745 1102 3052 1172 exemplum
3085 1101 3267 1156 datum
3292 1111 3376 1157 est
3405 1103 3604 1158 veteris
3648 1101 3831 1158 benti-

2227 1197 2310 1252 nis
2342 1197 2478 1252 viam
2511 1195 2715 1265 fugere,
2744 1195 2979 1264 vestigiis
3003 1193 3200 1250 Christi
3232 1193 3458 1249 viventis
3488 1203 3511 1231 ε’
3546 1193 3829 1262 insistere;

2227 1305 2295 1345 ne
2323 1289 2499 1344 denuo
2521 1287 2716 1342 incauti
2747 1287 2797 1341 in
2825 1286 3012 1340 mortis
3040 1287 3289 1356 laqueum
3317 1286 3675 1350 revolvamur,
3701 1286 3822 1352 sed,

2225 1381 2291 1436 ad
2324 1381 2614 1452 perieulum
2645 1379 2854 1449 providi
2886 1377 2930 1445 ί,
2959 1387 3174 1448 accepta
3208 1379 3607 1434 immortalitate
3657 1379 3832 1450 potia-

2226 1489 2365 1529 mur.
2396 1473 2800 1528 [inmortalitate
2823 1480 3001 1526 autem
3032 1470 3187 1541 potiri
3217 1470 3489 1542 quomodo
3525 1485 3828 1540 possumus,

2226 1565 2329 1620 nisi
2358 1581 2420 1621 ea
2445 1565 2639 1635 quibus
2684 1580 2831 1619 mors
2878 1571 3211 1634 expugnatur
3239 1572 3293 1618 et
3335 1561 3585 1630 vincitur,
3633 1562 3832 1620 Christi

2226 1660 2475 1717 mandata
2515 1675 2796 1716 servemus
2821 1702 2835 1724 ,
2863 1659 2979 1729 ipso
3004 1667 3257 1713 monente
3285 1668 3341 1713 et
3369 1658 3583 1713 dicente
3615 1675 3628 1710 :
3669 1657 3732 1714 Si
3759 1659 3832 1712 vis

2226 1753 2295 1807 ad
2322 1754 2472 1806 vitam
2499 1752 2684 1818 venire,
2727 1767 2869 1805 serva
2910 1750 3154 1804 mandata
3207 1748 3425 1820 (Matth.
3455 1765 3566 1815 xtx,
3605 1749 3726 1818 17).
3765 1747 3835 1805 Ει

526 1847 652 1899 tiam
685 1842 976 1913 simplices,
1005 1851 1058 1897 ct
1079 1851 1254 1897 tamen
1305 1856 1424 1896 cum
1468 1841 1806 1912 simplicitate
1838 1845 2128 1912 prudentes
2158 1850 2206 1910 B
2236 1845 2463 1900 iterum:
2490 1843 2550 1899 Si
2572 1843 2784 1912 feceritis
2806 1859 2917 1914 qua:
2939 1852 2963 1890 8
2984 1842 3171 1896 mando
3191 1843 3348 1908 vobis,
3359 1842 3473 1912 jam
3495 1858 3595 1896 non
3615 1841 3732 1896 dico
3748 1857 3834 1898 vos

524 1919 632 2007 (Ib.
647 1954 699 2002 κ,
720 1937 832 2006 16),
849 1935 974 2007 quid
996 1935 1158 2002 aliud,
1183 1934 1375 1990 fratres
1391 1934 1744 2003 dilectissimi,
1763 1952 1920 2007 quam
1939 1939 2118 2006 provi-

521 2030 653 2086 dere
681 2046 779 2085 nos
809 2029 1080 2094 convenit,
1104 2038 1160 2084 et
1183 2028 1416 2084 sollicito
1436 2028 1600 2084 corde
1643 2027 1941 2098 vigilantes,
1995 2031 2120 2085 sub-

517 2124 625 2181 doli
662 2123 832 2178 hostis
881 2122 1103 2178 insidias
1143 2120 1440 2192 intelligere
1492 2121 1691 2191 pariter
1722 2131 2010 2178 ct-cavere
2053 2138 2122 2179 ne

518 2215 609 2284 qui
649 2213 919 2269 Christum
959 2213 1272 2283 sapientiam
1303 2213 1395 2268 Dei
1428 2212 1600 2268 Patris
1620 2213 1910 2281 induimus,
1945 2218 2122 2270 minus

519 2323 709 2377 sapere
736 2307 788 2362 in
823 2306 1014 2362 tuenda
1042 2306 1215 2362 salute
1243 2305 1557 2362 videamur?
1583 2305 1766 2377 Neque
1807 2307 1948 2362 enim
1993 2323 2117 2377 per-

518 2399 722 2454 secutio
748 2401 860 2455 sola
899 2399 1181 2456 metuenda
1207 2408 1288 2454 est
1319 2409 1343 2436 α
1373 2408 1426 2455 et
1451 2414 1514 2454 ea
1550 2415 1668 2470 qua:
1709 2399 2028 2455 subruendis
2057 2415 2120 2456 ac

519 2491 834 2563 dejiciendis
866 2492 958 2548 Dei
995 2493 1164 2548 servis
1201 2501 1384 2562 aperta
1416 2493 1814 2563 impugnationc
1860 2507 2118 2564 grassan-

522 2595 608 2640 tur
633 2584 683 2639 ιι.
719 2584 948 2640 Facilior
991 2585 1166 2640 cautio
1195 2594 1280 2640 est
1317 2585 1406 2641 ubi
1451 2584 1728 2640 mauil’eSIa
1761 2585 1988 2642 formido
2013 2595 2113 2654 est,

518 2686 576 2732 et
603 2678 668 2730 ad
702 2687 982 2747 certamen,
1009 2677 1221 2732 auinms
1258 2686 1382 2732 ante
1413 2678 1748 2748 prmstruitur
1788 2680 2006 2750 quando
2057 2696 2116 2739 se

520 2771 858 2828 adversarius
886 2772 1195 2828 conﬁtetur.
1227 2772 1356 2828 Plus
1393 2771 1708 2828 metuendus
1741 2785 1762 2811 θ
1811 2783 1895 2830 est
1941 2785 1995 2830 et
2022 2790 2116 2830 ca-

513 2865 718 2919 vendus
744 2865 989 2920 inimicus
1015 2881 1136 2920 cum
1161 2865 1387 2920 latenter
1412 2863 1643 2934 obrepit,
1664 2879 1812 2932 cum,
1849 2879 1946 2935 per
1976 2867 2122 2936 pacis

514 2955 802 3028 imaginem
834 2955 1038 3023 fallens,
1073 2955 1300 3011 occultis
1325 2952 1632 3010 accessibus
1671 2954 1867 3025 serpit;
1899 2955 2040 3011 unde
2068 2964 2122 3011 et

522 3063 718 3105 nomen
747 3047 1016 3118 serpentis
1041 3045 1268 3117 accepit.
1303 3045 1374 3102 Ea
1405 3054 1488 3102 est
1507 3045 1624 3117 ejus
1645 3059 1859 3116 semper
1903 3049 2120 3118 astutia,

2222 1953 2411 2002 servos,
2452 1937 2541 1991 sed
2566 1937 2756 1990 amicos
2806 1934 2996 2005 (Joan.
3041 1950 3128 2001 xv,
3161 1935 3248 2001 14,
3287 1932 3412 2005 15).
3449 1934 3558 1990 llos
3603 1934 3834 2006 denique

2184 2012 2186 2014 V
2223 2029 2392 2085 fortes
2426 2030 2556 2084 dicit
2607 2039 2662 2085 et
2704 2029 2944 2096 stabiles,
2991 2029 3091 2086 hos
3140 2043 3300 2099 super
3356 2038 3558 2099 petram
3609 2029 3831 2085 robusta

2224 2127 2366 2182 mole
2396 2123 2422 2163 ιι
2455 2125 2701 2180 fundatos
2723 2167 2736 2190 ,
2767 2125 2867 2180 hos
2895 2133 3081 2180 contra
3113 2138 3300 2178 omnes
3341 2133 3683 2194 tempestates
3721 2121 3736 2160 ί
3772 2132 3828 2178 ct

2226 2219 2467 2275 turbines
2496 2218 2675 2274 smculi
2703 2216 2961 2273 immobili
2989 2225 3044 2273 et
3071 2217 3382 2272 inconcussa
3414 2215 3665 2270 ﬁrmitate
3694 2213 3828 2270 soli-

2225 2311 2400 2366 datos.
2439 2309 2540 2377 Qui
2564 2310 2728 2376 audit,
2759 2309 2946 2380 inquit,
2968 2308 3116 2362 verba
3137 2325 3245 2362 mea
3271 2318 3315 2362 et
3345 2307 3464 2378 facit
3492 2323 3572 2373 ea,
3595 2306 3828 2361 similabo

2222 2420 2336 2458 eum
2357 2405 2464 2458 uiro
2483 2402 2700 2474 sapienti
2727 2402 2814 2474 qui
2839 2401 3109 2470 azdiﬂcavit
3135 2401 3342 2454 domum
3358 2416 3503 2454 suam
3533 2416 3689 2468 supra
3725 2415 3830 2469 pe—

2224 2507 2371 2552 tram.
2408 2495 2678 2550 Descendit
2723 2493 2915 2565 pluvia,
2956 2500 3194 2547 uenerunt
3230 2491 3243 2541 i
3289 2490 3523 2560 ﬂumina,
3576 2491 3828 2560 [laverunt

2221 2587 2354 2643 venti
2401 2597 2444 2642 et
2474 2587 2789 2658 impegerunt
2840 2587 2891 2638 in
2922 2585 3132 2639 domum
3176 2583 3318 2637 illaut
3352 2623 3365 2643 ,
3408 2590 3456 2636 et
3486 2597 3584 2636 non
3615 2581 3829 2645 cecidit;

2223 2679 2441 2750 fundata
2498 2677 2632 2731 enim
2673 2677 2770 2745 fuit
2818 2673 2842 2712 ¹ί
2875 2691 3027 2743 super
3077 2685 3275 2746 petram
3331 2673 3554 2743 (Matth.
3596 2688 3686 2738 vn,
3731 2671 3824 2738 21,

2225 2768 2348 2842 25).
2380 2769 2570 2824 Verbis
2597 2767 2756 2839 igitur
2783 2767 2897 2837 ejus
2925 2767 3194 2834 insistere,
3234 2781 3586 2837 quamumquc
3632 2772 3686 2820 et
3722 2762 3823 2818 do-

2225 2865 2335 2920 cuit
2360 2873 2415 2920 et
2445 2862 2569 2918 fecit
2595 2862 2800 2917 discere
2823 2871 2875 2915 et
2904 2860 3080 2916 facere
3109 2858 3388 2916 debemus.
3415 2858 3680 2914 Caeterum
3706 2872 3825 2911 cre-

2225 2957 2354 3014 dere
2380 2969 2438 3010 se
2477 2956 2528 3009 in
2553 2953 2826 3008 Christum
2863 2951 2904 3019 ¹,
2934 2951 3204 3023 quomodo
3247 2951 3377 3006 dicit
3403 2951 3492 3021 qui
3548 2964 3653 3004 non
3698 2947 3830 3004 facit

2226 3048 2368 3121 quod
2393 3047 2640 3103 Christus
2667 3045 2845 3102 facere
2883 3044 3312 3117 princepit?Aut
3356 3043 3498 3100 unde
3551 3039 3827 3114 perveniet

1748 3181 2126 3243 LECTIONES
2163 3183 2580 3243 VARIANTES.

585 3304 612 3369 ξι
641 3300 912 3369 ᾒίριιιρηᾱθ
936 3304 1013 3348 est
1037 3311 1095 3369 ea
1123 3310 1234 3369 qius
1385 3302 1691 3369 gilasssntur.
1712 3299 1853 3348 Voss.
1883 3299 1930 3369 1.
1958 3299 2120 3369 Impr.
2151 3301 2197 3365 ο
2236 3300 2540 3369 Υξΐ.“Νβ(11).
2573 3295 2695 3349 Thu.
2719 3299 2860 3369 foss.

579 3362 609 3398 ι)
641 3364 709 3414 Ea
733 3355 1158 3426 quze...grassatur
1176 3362 1332 3410 Oxon.
1354 3355 1456 3410 e10
1478 3357 1592 3408 edd.
1619 3355 1781 3410 Minus
1802 3359 1970 3424 probat
1992 3355 2124 3424 Lips.

585 3429 608 3456 θ
645 3427 914 3476 'l‘imeudus
935 3421 1113 3474 Salisb.
1143 3421 1268 3472 Bod.
1296 3423 1340 3476 1,
1363 3423 1412 3476 2.
1431 3423 1479 3470 5.
1508 3419 1760 3471 Cambron.

585 3429 608 3456 θ
645 3427 914 3476 'l‘imeudus
935 3427 1113 3474 Satisb.
1143 3427 1268 3472 Bod.
1296 3427 1340 3482 t,
1363 3427 1412 3477 2,
1431 3427 1479 3470 5.
1508 3427 1760 3471 Cambron.

585 3486 612 3556 fi
648 3487 888 3556 lietrusus
913 3488 1044 3556 Laris.
1204 3485 1251 3542 1,
1276 3485 1323 3533 2.
1350 3483 1494 3554 liber.
1529 3490 1634 3534 rat.
1660 3484 1708 3532 4.

589 3554 613 3581 θ
648 3551 902 3599 Vincentis
923 3546 1025 3597 alii.
1057 3546 1227 3596 Baluz.
1253 3546 1411 3597 nescio
1435 3558 1542 3594 cur.

533 3667 542 3675 ,
586 3611 606 3648 τ
645 3612 838 3675 I‘rqvidi
863 3620 914 3660 et
947 3607 1234 3675 cautil-Jbor.
1261 3612 1308 3660 Ν
1315 3610 1367 3675 C.
1396 3608 1439 3658 1.
1470 3605 1600 3675 βοά.
1614 3605 1662 3655 2.
1693 3606 1814 3675 Ben.

586 3676 613 3716 Β
647 3674 697 3725 Si
723 3673 940 3724 feceritis
965 3673 1094 3738 quod
1119 3670 1262 3723 Ebor.
1305 3674 1440 3722 Voss.
1469 3671 1518 3722 1.
1560 3673 1704 3720 Pem.
1759 3670 1894 3721 Lam.
1937 3672 2045 3722 ΝΟ.
2071 3671 2118 3722 1.

2294 3360 2325 3398 ιι
2357 3360 2570 3411 Robusta
2596 3371 2647 3412 et
2669 3361 2817 3411 solida
2851 3371 2980 3412 t'oss.
3007 3364 3050 3423 1,
3072 3365 3120 3414 5.

2296 3423 2312 3486 i
2354 3424 2602 3475 Molestias
2622 3438 2795 3474 omnes
2814 3423 2952 3486 Spir.

2295 3485 2310 3537 i
2353 3487 2669 3536 Adveneruut
2694 3489 2828 3536 Lam.
2851 3482 2992 3536 Ebor.
3017 3489 3157 3538 Pem.
3182 3490 3272 3538 Ar.
3306 3488 3421 3537 Ver.
3469 3488 3582 3538 ΜΒ.
3613 3485 3748 3537 Voss.
3772 3482 3825 3535 5.

2225 3547 2288 3598 Et
2319 3557 2566 3599 venerunt
2595 3547 2719 3598 Thu.
2747 3551 2884 3600 Foss.

2288 3611 2315 3650 ιι
2349 3610 2467 3660 Erat
2491 3613 2622 3660 Lam.
2646 3615 2784 3662 Pem.
2811 3612 2956 3662 Ebor.
2984 3613 3093 3663 NG.
3121 3614 3165 3662 1.

2292 3673 2310 3712 ι
2351 3673 2570 3725 Credere
2593 3686 2650 3725 se
2675 3673 2865 3726 Christo
2894 3675 3016 3725 Thu.
3046 3678 3184 3728 Voss.
3204 3675 3252 3724 5.

1782 3783 2029 3840 STEPIL
2072 3785 2343 3845 BALUZII
2380 3789 2604 3846 NOTAE.

597 3905 636 3958 1.
663 3903 690 3958 1
697 3901 1033 3958 nduimus.lta
1055 3898 1334 3955 duodecim
1352 3897 1470 3954 libri
1490 3897 1654 3952 nostri
1681 3905 1734 3953 et
1752 3911 1888 3952 unus
1910 3897 2115 3953 Vossia-

507 3979 642 4031 nus.
669 3977 796 4042 Quae
823 3989 951 4028 sane
983 3973 1139 4042 lectio
1162 3969 1350 4042 melior
1376 3980 1457 4042 est
1486 3984 1642 4038 quam
1673 3969 2116 4042 aliagqt|.n_babet

524 4038 802 4098 induimur.
830 4045 989 4106 Infra,
1024 4045 1074 4096 in
1109 4041 1210 4094 boc
1241 4040 1358 4109 ipso
1391 4039 1545 4104 libro,
1577 4054 1694 4108 pag.
1731 4038 1832 4094 196
1858 4082 1872 4104 ,
1918 4039 2115 4096 Tunica

523 4133 752 4170 connexa
778 4114 994 4168 ostendit
1021 4113 1195 4182 populi
1216 4111 1374 4164 nostri
1396 4153 1408 4171 ,
1435 4111 1520 4178 qui
1542 4109 1793 4182 Christum
1819 4111 2076 4166 induimus
2096 4156 2112 4178 ,

525 4186 847 4240 concordiam
869 4180 1216 4238 coluereutem.
1247 4182 1335 4236 Sic
1363 4197 1459 4249 pro
1489 4195 1554 4236 eo
1584 4180 1725 4248 quod
1756 4184 1809 4234 in
1841 4184 2005 4236 veteri
2030 4184 2110 4236 in-

528 4255 910 4325 term-elatione
940 4254 1123 4308 Iron-ri
1158 4254 1208 4306 in
1234 4252 1543 4325 pradatione
1571 4251 1689 4305 libri
1719 4252 1871 4320 primi
1905 4253 2116 4324 legeba-

526 4323 690 4382 turel
719 4329 767 4380 in
791 4327 1062 4380 barbarum
1087 4339 1365 4377 sermonem
1393 4323 1686 4393 plerumque
1711 4323 1971 4388 vocamur,
1997 4338 2117 4393 qutc

529 4401 686 4452 lectio
741 4409 890 4452 certe
943 4395 1070 4450 falsa
1126 4404 1246 4455 est,
1289 4405 1344 4448 ut
1395 4392 1625 4448 ostendit
1667 4394 1748 4446 vir
1776 4392 2118 4451 doctissimus

531 4469 765 4522 Dominis
800 4469 1033 4522 [leuatus
1072 4465 1399 4528 Massuetus;
1436 4464 1526 4534 ille
1571 4465 1809 4534 reposuit
1846 4481 2115 4531 vacamus,

527 4541 792 4595 adnotatas
823 4541 962 4593 hunc
987 4552 1228 4592 errorem
1259 4537 1423 4591 fuisse
1455 4533 1663 4588 facilem
1699 4545 1916 4604 pmptcr
1939 4537 2115 4590 afﬁni-

531 4621 691 4689 tatem
724 4613 1088 4689 litterarum-3
1114 4617 1167 4662 et
1210 4624 1264 4689 r,
1308 4618 1353 4688 et
1379 4617 1658 4676 propterea
1692 4607 1923 4688 proclive
1948 4607 2116 4689 [uisse
2147 4625 2195 4686 υ
2296 4632 2586 4689 ιαιεὺωδα.

529 4683 903 4736 lestinautilms
930 4679 1121 4734 scribis
1153 4678 1500 4748 posteriorem
1533 4693 1627 4745 pro
1663 4679 1821 4745 priori
1856 4678 2112 4732 scribere.

605 4753 830 4805 Facilior
855 4752 1043 4805 cantio.
1067 4749 1450 4804 Demosthenes
1483 4750 1530 4800 in
1566 4764 1581 4802 ι
1611 4748 1898 4815 Philippica
1933 4750 2116 4803 scribit

530 4823 660 4878 nihil
689 4840 808 4878 esse
852 4821 1185 4876 forinidabile
1229 4819 1676 4889 priecm'entibus;
1710 4818 1918 4883 Cicero,
1967 4820 2060 4873 lib.
2099 4837 2113 4874 ι

532 4892 844 4963 O/liciorum,
879 4893 1076 4946 leviora
1116 4907 1234 4946 esse
1281 4905 1399 4963 qua:
1446 4889 1722 4958 repentino
1751 4889 2118 4963 aliquo_modo

526 4960 776 5019 accidunt
803 4979 961 5032 quam
983 4979 1043 5016 ea
1071 4977 1190 5030 qum
1209 4961 1459 5014 meditata
1490 4971 1538 5013 et
1565 4970 1859 5032 prafparata
1880 4960 2117 5032 inierun-

529 5046 617 5090 tur
683 5035 745 5090 Et
796 5029 887 5089 lib.
924 5049 977 5088 ιιι
1009 5029 1428 5087 Τιιὲςυιειηιιηηιι
1461 5029 1822 5096 Qttu'slinttttm
1855 5048 1867 5080 :
1904 5030 2040 5100 Ergo
2066 5034 2120 5085 id

523 5107 723 5171 quidem
753 5123 852 5159 non
889 5116 962 5158 est
993 5103 1196 5157 dubium
1217 5101 1337 5170 quin
1367 5103 1536 5154 omnia
1558 5117 1669 5167 cpta:
1706 5102 1840 5154 mala
1873 5112 2115 5169 putantur

521 5179 620 5230 sint
638 5178 922 5245 impra'risa
935 5174 1187 5245 graviora.
1207 5172 1453 5236 Ruﬁnus,
1481 5171 1836 5245 itt_l’sal_._»xL\'
1862 5190 1873 5226 :
1899 5171 2111 5245 (it-opius

523 5242 718 5316 feriunt
742 5249 840 5301 tela
868 5242 980 5312 qua:
1000 5250 1337 5316 prtevtsa‘non
1354 5253 1503 5316 sunt.
1532 5242 1662 5296 Vide
1684 5243 1876 5316 librum
1893 5244 1965 5316 _d_e
1984 5242 2108 5298 cho

521 5313 568 5370 et
601 5318 800 5380 Livore,
836 5333 949 5386 pag.
980 5313 1270 5386 Q55.“th
1296 5314 1456 5369 etiam
1488 5328 1814 5386 supra,pag.
1843 5313 1969 5368 166.

600 5385 1194 5458 Manifesta.Manutius
1228 5387 1401 5455 posuit
1433 5385 1764 5458 manifestior,
1797 5387 1977 5458 nescio
2003 5401 2102 5454 qua

522 5456 860 5514 auctoritate.
893 5458 1021 5513 Nam
1048 5468 1101 5512 et
1137 5468 1345 5511 veteres
1373 5456 1634 5511 editiones
1666 5467 1717 5509 et
1745 5470 1833 5508 xx:
1865 5456 1980 5509 libri
2010 5472 2103 5508 no-

523 5531 642 5588 stri.
674 5532 722 5584 in
753 5529 946 5598 quibus
966 5531 1184 5583 nomino
1215 5528 1616 5597 Seguicriauum
1642 5567 1660 5598 ,
1689 5535 1742 5580 et
1769 5534 1889 5579 octo
1917 5527 2101 5596 Angli-

521 5597 943 5670 c:mipra-leruut
971 5599 1263 5670 manifesta.
1297 5600 1408 5667 Ego
1438 5615 1562 5652 vero
1586 5597 1822 5670 arbitror
1847 5611 1965 5652 eam
1993 5597 2105 5670 lec-

520 5668 722 5728 tionem
744 5689 862 5730 esse
889 5668 1184 5728 meliorem.
1210 5669 1376 5724 Paulo
1405 5679 1522 5738 post
1565 5668 1776 5738 legitur,
1810 5683 1931 5738 pag.
1956 5668 2059 5724 194
2089 5685 2103 5722 :

519 5739 758 5800 Cavenda
799 5753 913 5802 sunt
953 5753 1121 5811 autem
1149 5757 1250 5798 non
1276 5742 1443 5796 solani
1481 5755 1593 5815 qua:
1629 5748 1746 5795 sunt
1783 5751 1954 5809 aperte
1998 5757 2108 5794 ma-

519 5819 725 5886 nifesta,
1033 5833 1038 5836 ‘

2290 3903 2591 3971 Conﬁtetur.
2623 3906 2701 3961 Ita
2732 3922 2921 3964 omnes
2949 3908 3214 3964 editiones
3243 3907 3545 3964 Pameliana
3567 3907 3826 3978 antiquio-

2219 3988 2325 4039 res,
2357 3978 2538 4050 viginti
2568 3993 2664 4050 sex
2711 3979 3038 4047 exemplaria
3070 3989 3271 4045 nostra,
3300 3991 3352 4032 et
3380 3978 3612 4050 quinque
3634 3979 3824 4048 Angli-

2219 4060 2378 4118 cana.
2417 4047 2683 4102 Pamelius
2714 4064 2780 4103 ex
2811 4050 2913 4104 [ide
2939 4052 3140 4107 codicis
3170 4047 3616 4104 Cambcronensis
3644 4051 3820 4118 scrip-

2228 4115 2299 4171 sit
2327 4120 2612 4192 pro/itetur.
2656 4118 2753 4174 Cui
2793 4135 2892 4192 ego
2930 4138 3034 4175 non
3077 4136 3291 4192 possum
3323 4120 3593 4175 assentiri.
3623 4115 3820 4192 Notum
3899 4143 3902 4145 ·

2227 4197 2311 4261 est
2340 4189 2466 4242 illud
2495 4189 2730 4261 Petronii
2773 4210 2786 4246 :
2831 4191 3002 4246 Habes
3031 4189 3350 4261 confitentem
3393 4207 3532 4244 reum
3556 4201 3657 4261 ;_et
3688 4191 3816 4246 illud

2225 4257 2501 4332 Ciceronis
2546 4260 2597 4314 iu
2626 4261 2853 4332 quadam
2903 4257 3137 4328 Epistula
3164 4263 3229 4316 ad
3262 4262 3494 4317 Atticum
3525 4281 3536 4316 :
3569 4259 3698 4317 Cuut
3725 4263 3818 4317 ho-

2218 4329 2387 4403 mines
2416 4332 2602 4399 nefarii
2627 4329 2690 4386 de
2714 4334 2878 4402 patrio
2909 4335 3184 4403 parricidio
3216 4335 3595 4401 conﬁterentur.

2261 4400 2734 4456 -Circumvenicndi
2811 4400 3062 4458 hominis.
3149 4405 3205 4458 lu
3264 4420 3368 4458 uno
3417 4405 3582 4458 veteri
3629 4403 3812 4460 codice

2224 4469 2534 4544 Colliertino
2558 4473 2750 4544 legitur
2768 4475 3217 4530 circumveniendis
3245 4475 3528 4530 homnibtts.
3549 4476 3638 4531 Sic
3658 4477 3818 4531 etiam

2225 4541 2276 4596 in
2305 4543 2513 4599 duobus
2542 4541 2870 4614 Anglicanis.

2625 4635 2774 4691 Unus
2803 4635 2973 4693 codex
3019 4637 3196 4708 regius
3223 4648 3277 4694 et
3306 4655 3441 4695 unus
3486 4637 3816 4710 Anglicanus

2224 4703 2425 4759 habent
2453 4708 2735 4761 tenebrosa.
3082 4703 3106 4708 ⁷
3573 4703 3598 4710 “
3811 4743 3822 4756 .

2293 4797 2358 4850 ΙΙ.
2381 4795 2603 4873 έυίεο.
2651 4800 2918 4856 Pometios
2945 4802 3158 4873 scripsit
3183 4803 3369 4869 dicant,
3401 4803 3824 4873 earnquelectioo

2223 4883 2345 4948 {rem
2369 4870 2446 4923 ait
2472 4884 2592 4924 esse
2623 4873 2919 4948 meliorem.
2945 4870 3089 4948 Idem
3119 4883 3507 4948 tantet|_Sttpra,
3541 4870 3658 4944 pag.
3687 4874 3809 4948 10_8,

2226 4939 2397 5014 Epist.
2429 4955 2569 5014 anr
2601 4943 2670 5014 ad
2707 4942 2964 5014 Caecilium
2989 4986 3004 5012 ,
3050 4945 3101 4999 iu
3134 4961 3234 5014 qua
3269 4939 3408 4999 idem
3440 4939 3589 5000 locus
3611 4939 3698 4999 cst
3725 4945 3818 4998 dea

2224 5010 2474 5090 scriptus,
2505 5011 2670 5090 edidit
2700 5013 2841 5090 dico.
2869 5010 3190 5090 Qno'retiarn
3225 5016 3689 5090 modohscriptum
3733 5024 3821 5070 est

2225 5081 2276 5156 in
2303 5081 2551 5156 omnilnts
2584 5082 2694 5138 fere
2723 5085 2875 5139 libris
2895 5081 3144 5155 antiquis
3169 5097 3224 5141 et
3252 5088 3302 5140 in
3333 5081 3660 5141 editiouihus
3691 5102 3814 5156 qua:

2221 5149 2580 5206 Pamelianam
2647 5149 3073 5211 antecesserunt.
3133 5157 3434 5212 Fatendum
3497 5167 3675 5212 tamen
3709 5149 3816 5212 'est

2217 5222 2644 5292 quinquelibros
2665 5235 2876 5281 veteres
2906 5227 3101 5283 habere
3128 5229 3315 5282 dicam.

2213 5383 2226 5396 ο
2287 5313 2456 5384 Super
2487 5326 2703 5396 petram.
2747 5319 2803 5373 Id
2835 5331 2915 5373 est
2943 5336 3104 5396 super
3128 5321 3398 5396 Christum
3427 5332 3483 5396 et
3507 5321 3663 5396 tidem
3691 5336 3814 5396 qua:

2212 5388 2274 5462 in_
2294 5401 2413 5462 e‘um
2438 5397 2540 5462 est.
2577 5388 2933 5462 Hieronymus
2962 5393 3010 5444 in
3041 5392 3428 5462 Explanalioue
3454 5393 3650 5448 Psalmi
3688 5388 3815 5447 xliv

2209 5455 2275 5509 ad
2297 5457 2627 5528 "Principiam
2655 5477 2666 5512 :
2700 5455 2870 5528 Super
2892 5472 3087 5528 petrant
3116 5455 3372 5517 Christum
3412 5465 3581 5518 stabili
3611 5465 3814 5517 ratione

2211 5527 2429 5597 fundata
2457 5527 2532 5581 est
2560 5527 2818 5605 Ecclesia.
2842 5527 2978 5605 Vide
3021 5545 3265 5589 sanctum
3298 5535 3650 5605 Augustinum
3681 5535 3815 5590 Ser.

2215 5612 2373 5675 unone
2399 5613 2555 5653 Lxm
2579 5599 2645 5654 de
2664 5600 2853 5675 Verbis
2877 5601 3147 5675 Evangelii
3169 5599 3466 5662 secundum
3484 5605 3817 5667 Mallhznum,

2213 5666 2476 5748 somnone
2499 5685 2666 5727 ccxcv
2698 5672 2750 5726 in
2780 5671 2951 5728 Natali
2981 5666 3344 5748 apostolorum
3387 5677 3528 5732 Petri
3559 5666 3816 5741 et-Pauli,

2212 5745 2266 5793 et
2288 5738 2378 5812 lib.
2396 5755 2412 5793 ι
2433 5739 2680 5812 [leti-act"
2697 5758 2818 5812 cap.
2843 5760 2888 5810 I;
2907 5738 3198 5802 tum-etiam
3222 5747 3568 5804 liincmarum
3585 5738 3816 5803 RemeuL

2211 5823 2326 5868 sctn
2354 5810 2406 5868 in
2434 5810 2671 5887 Epistula
2699 5810 2776 5870 ad
2796 5813 3205 5889 Laudunensem,
3230 5834 3350 5893 cap.
3377 5833 3430 5890 γ,
3460 5835 3583 5892 pag.
3609 5818 3738 5876 10³3.
