4302 6296
505 238 615 300 497

1605 252 1810 311 LIBER
1849 256 1938 314 DE
1979 254 2279 321 UNITA'I‘E
2318 219 2697 328 ECCLESUE.

3702 276 3813 341 ias

508 352 575 463 ad
600 352 878 463 premium
912 354 1054 425 fidei,
1084 358 1173 429 qui
1207 358 1366 416 fidem
1405 375 1513 417 non
1551 364 1661 420 vult
1697 381 1911 424 servare
1961 386 2113 428 man-
2137 377 2190 440 Α
2215 380 2477 449 emeitate,
2509 383 2903 442 circumscribit
2928 396 2981 443 et
3008 388 3208 463 decipit
3238 392 3359 448 novi
3388 394 3592 452 itineris
3605 411 3812 456 errore.

509 446 658 503 dati?
682 446 844 504 Nutet
871 464 1091 507 necesse
1119 459 1203 506 est
1230 462 1286 508 et
1310 466 1549 524 vagetur,
1582 468 1658 524 et,
1682 460 1871 527 spiritu
1911 466 2112 523 erroris

507 539 781 610 abreptus,
815 542 960 597 velut
980 542 1154 613 pulvis
1182 560 1341 615 quem
1363 558 1550 602 ventus
1570 552 1770 605 excutit
1791 556 2107 625 ventiletur;

507 648 609 691 nec
633 635 961 692 ambulando
982 638 1223 708 proficiet
1242 640 1308 695 ad
1346 642 1605 711 salutem,
1630 648 1717 714 qui
1740 646 1988 705 salutaris
2006 651 2105 708 vite

505 743 614 785 non
642 737 787 785 tenet
807 731 1105 787 veritatem.

577 820 666 877 lll.
688 822 934 880 Cavenda
961 832 1085 880 sunt
1106 834 1305 894 autem,
1332 827 1520 886 fratres
1546 829 1881 889 dilectissimi
1913 845 1961 902 α,
1995 851 2101 893 non

503 914 680 972 solum
726 933 847 987 quae
890 926 1018 973 sunt
1062 929 1244 989 aperta
1291 930 1453 993 atque
1501 924 1780 981 manifesta
1811 926 1862 994 ι),
1912 929 2005 984 sed
2049 940 2103 987 et

503 1015 693 1063 astuta:
717 1006 919 1064 fraudis
937 1009 1235 1079 subtilitate
1260 1012 1516 1070 fallentia.
1539 1015 1674 1084 Quid
1698 1033 1827 1073 vero
1849 1021 2098 1087 astutius,

502 1098 700 1170 quidve
723 1099 999 1168 subtilius,
1031 1117 1190 1172 quam
1209 1112 1264 1158 ut
1291 1101 1489 1163 Christi
1518 1107 1748 1163 adventu
1775 1109 2018 1168 detectus
2038 1129 2102 1171 ac

500 1201 801 1263 prestratus
824 1194 1089 1262 inimicus,
1116 1206 1398 1269 postquam
1429 1200 1518 1256 lux
1547 1200 1808 1260 Gentibus
1851 1206 1996 1260 venit
2047 1216 2104 1263 et

502 1284 826 1353 sospitandis
883 1285 1188 1343 homiuilzus
1238 1290 1473 1347 salutare
1518 1292 1698 1350 lumen
1755 1296 1971 1362 effulsit,
2044 1308 2102 1355 ut

501 1375 648 1431 surdi
697 1376 937 1431 auditum
963 1379 1150 1448 gratiae
1201 1381 1456 1451 spiritalis
1497 1384 1861 1455 adtttittereul,
1916 1392 2097 1461 aperio

482 1476 620 1524 'rent
645 1467 710 1522 ad
738 1468 906 1522 Deum
929 1471 1116 1526 oculos
1135 1486 1265 1528 suos
1289 1473 1439 1541 caeci,
1466 1476 1663 1532 infirmi
1707 1489 1906 1537 mter-na
1947 1485 2092 1539 saui-

498 1568 610 1621 tate
630 1570 653 1599 ο
685 1561 1097 1630 revalescerent,
1130 1563 1304 1620 claudi
1331 1566 1397 1620 ad
1452 1567 1746 1625 Ecclesiam
1794 1585 2091 1644 currerent,

499 1652 632 1707 muti
659 1650 820 1708 claris
864 1654 1086 1710 vocibus
1114 1663 1168 1711 et
1197 1657 1447 1726 precibus
1487 1670 1727 1737 orarent,
1766 1664 1957 1721 videns
2008 1666 2097 1724 ille

2218 467 2376 540 Rapit
2398 472 2466 528 de
2489 471 2603 543 ipsa
2638 475 2877 532 Ecclesia
2906 478 3183 547 homines;
3210 492 3286 551 ct,
3329 485 3455 540 dum
3486 488 3586 542 sibi
3612 504 3810 561 appro-

2213 562 2503 632 pinquassc
2527 565 2637 636 jam
2672 567 2860 625 lumini
2903 578 3061 641 atque
3088 576 3325 631 evasisse
3369 577 3553 632 saeculi
3595 590 3805 637 nectent

2210 653 2478 722 videntur,
2502 657 2637 714 alias
2664 662 3029 719 nescientibus
3051 665 3300 721 tenebras
3341 683 3528 724 rursus
3555 671 3803 741 infundit,

2211 755 2269 801 ut
2293 761 2412 801 cum
2437 747 2726 821 Evangelio
2751 751 2950 809 Christi
2981 763 3177 810 etcum
3206 757 3583 815 observatione
3607 762 3724 831 ejus
3750 772 3806 820 et

2209 837 2325 911 lege
2355 858 2459 897 non
2481 851 2705 909 stantes,
2735 844 3070 902 Christianos
3101 862 3161 905 se
3198 858 3409 916 vocent,
3448 860 3503 908 ct
3528 853 3808 910 ambulau-

2207 937 2289 987 tes
2316 933 2367 986 iu
2390 934 2625 989 tenebris
2646 935 2845 992 habere
2863 951 2922 994 se
2941 938 3117 994 lumen
3143 940 3469 1011 existiment,
3498 945 3806 1005 blandiente

2206 1022 2513 1079 adversario
2538 1033 2696 1097 atque
2724 1026 2963 1097 fallente,
2992 1031 3105 1101 qui,
3129 1035 3420 1090 secundum
3453 1038 3697 1108 Apostoli
3715 1057 3808 1096 vo-

2205 1129 2342 1176 cem.
2362 1116 2702 1189 transfigurat
2716 1132 2774 1175 se
2789 1121 3187 1193 velutangelum
3211 1125 3342 1181 lueis
3360 1126 3424 1199 (ll
3445 1126 3563 1183 Cor.
3590 1146 3665 1196 XI,
3685 1131 3801 1203 M),

2205 1216 2260 1264 et
2278 1208 2550 1264 ministros
2579 1226 2707 1266 suos
2734 1214 2993 1269 subornat
3033 1217 3177 1272 velut
3227 1220 3505 1277 ministros
3547 1223 3795 1292 justitim,

2203 1311 2505 1357 asserentes
2533 1314 2742 1358 noctem
2776 1320 2871 1375 pro
2887 1306 2992 1372 die,
3018 1307 3292 1366 interitum
3330 1327 3427 1382 pro
3453 1314 3646 1380 salute,
3675 1316 3800 1371 des-

2204 1394 2533 1463 perationem
2564 1396 2662 1451 sub
2687 1397 2908 1453 obtentu
2934 1404 3068 1470 spei,
3113 1402 3388 1471 perfidiam
3416 1405 3515 1459 sub
3535 1417 3798 1477 pnetextu

2202 1484 2347 1553 fidei,
2377 1487 2750 1543 auticlnistum
2793 1491 2894 1545 sub
2944 1493 3205 1549 vocabulo
3245 1494 3475 1565 Christi;
3520 1508 3619 1566 ut,
3674 1499 3800 1555 dum

2201 1580 2510 1635 verisimilia
2537 1583 2885 1651 mentiuntur,
2918 1586 3195 1642 veritatem
3213 1587 3506 1645 subtilitate
3532 1589 3799 1647 frustren-

2202 1680 2309 1727 tur.
2338 1672 2451 1729 Hoc
2475 1676 2640 1739 colit,
2680 1674 2871 1731 fratres
2893 1675 3247 1746 dilectissimi,
3290 1680 3416 1734 dum
3460 1682 3527 1736 ad
3560 1684 3800 1739 veritatis

498 1744 638 1848 idola
692 1746 946 1803 derelicta
976 1758 1029 1805 et
1057 1765 1154 1821 per
1193 1752 1417 1809 nimium
1457 1756 1790 1814 credentium
1836 1762 2089 1833 populum
2120 1776 2169 1838 Β
2198 1763 2457 1834 originem
2488 1779 2593 1819 nou
2623 1764 2847 1833 reditur,
2883 1782 2984 1823 nec
3004 1778 3163 1839 caput
3186 1744 3463 1842 quzeritur,
3495 1789 3596 1831 nee
3625 1775 3795 1848 magi-

494 1836 651 1923 sedes
678 1852 804 1893 suas
851 1854 915 1895 ac
961 1843 1154 1913 templa
1197 1843 1430 1912 deserta,
1473 1848 1851 1921 excogitaverit
1890 1870 2087 1910 novam

491 1928 758 1998 fraudem,
800 1942 858 1987 ut
897 1933 998 1989 sub
1028 1935 1143 2006 ipso
1172 1936 1451 1996 christiani
1494 1945 1729 2003 nominis
1763 1948 1914 2003 titulo
1942 1949 2090 2007 fallat

493 2023 736 2081 incautos
758 2026 779 2080 ἲ
803 2027 1046 2085 ΙΙαιιθδθε
1081 2030 1287 2088 invenit
1310 2044 1361 2089 et
1390 2035 1697 2107 schismata,
1726 2041 1920 2110 quibus
1957 2042 2088 2098 Stib-

492 2128 723 2175 verteret
770 2112 930 2177 fidem
958 2165 973 2190 ,
1028 2125 1306 2182 veritatem
1358 2142 1758 2202 corrumperet,
1819 2111 2090 2192 scinderet

472 2212 775 2303 .unitatem.
814 2216 961 2285 Quos
1008 2215 1252 2276 detinere
1307 2236 1411 2276 non
1445 2233 1622 2293 potest
1670 2225 1723 2281 iu
1754 2227 1853 2282 via:
1881 2228 2081 2285 veteris

2193 1856 2291 1913 stri
2321 1854 2347 1894 ἀ
2375 1857 2611 1914 caelestis
2630 1858 2872 1916 doctrina
2911 1872 3178 1919 servatur.

2245 1947 2332 2005 IV.
2358 1949 2487 2019 Qua:
2502 1951 2545 2005 si
2560 1952 2681 2021 quis
2694 1952 2995 2009 consideret
3013 1964 3065 2010 et
3082 1956 3371 2025 examinet,
3393 1968 3618 2016 tractatu
3637 1961 3794 2034 longo

2191 2048 2349 2111 atque
2375 2044 2700 2113 argumentis
2721 2059 2857 2115 opus
2886 2061 2991 2100 non
3012 2056 3115 2103 est.
3143 2047 3397 2104 Probatio
3423 2061 3506 2105 est
3532 2052 3598 2107 ad
3628 2053 3787 2108 fidem

2195 2132 2366 2189 facilis
2421 2135 2742 2205 compendio
2794 2136 3057 2194 veritatis.
3106 2138 3368 2211 Loquitur
3432 2141 3687 2198 Dominus
3725 2145 3795 2200 ad

2189 2223 2404 2281 Petrum
2438 2242 2451 2281 :
2481 2223 2595 2297 Ego
2619 2224 2708 2281 tibi
2737 2225 2871 2295 dico,
2905 2228 3094 2300 inquit,
3132 2240 3156 2268 ε
3185 2231 3306 2300 quia
3326 2241 3380 2286 tu
3407 2248 3459 2288 es
3488 2232 3697 2297 Petrus,
3746 2246 3795 2291 et

1664 2369 2043 2430 LECTIONES
2085 2370 2496 2463 VARIANTES.

558 2482 584 2556 ξ
622 2483 745 2556 illnc
760 2482 864 2556 ideo
888 2482 1220 2556 rerbadeggmt
1235 2484 1301 2556 in_
1316 2487 1377 2556 13_
1394 2486 1538 2556 codd.
1564 2486 1757 2556 Anglic.

554 2541 585 2615 ἓξ
620 2546 1082 2615 dpeﬂqmanifesta
1111 2552 1246 2615 Voss.
1270 2551 1319 2615 5.
1339 2549 1475 2615 Spir.

559 2610 581 2638 θ
616 2607 787 2660 salute
808 2610 939 2660 Laut.
967 2611 1112 2664 Ebur.
1136 2613 1265 2673 NC.,
1294 2614 1338 2663 l.

2247 2489 2276 2531 (ι
2310 2490 2580 2553 Magisterii
2609 2492 2741 2541 Lam.
2764 2489 2907 2553 Ebor.
2934 2493 3039 2545 NG.
3064 2492 3110 2544 1.
3138 2493 3263 2544 Bod.
3288 2492 3334 2545 2.
3367 2500 3476 2546 rer.

2261 2557 2286 2586 θ
2320 2552 2505 2617 loquit,
2532 2554 2684 2605 Petre
2715 2556 2855 2606 Voss.
2878 2552 2926 2604 2.

1744 2721 1989 2778 STEPll.
2032 2721 2301 2781 BALUZII
2342 2720 2572 2781 NOTAE.

494 2861 503 2871 -
532 2909 536 2910 ί
567 2835 812 2892 111.-Αιι
834 2837 1327 2910 veritntlsoriginem.
1355 2838 1609 2907 Quamvis
1637 2839 1752 2896 haec
1778 2842 1935 2897 lectio
1950 2842 2088 2900 bona

497 2909 584 2973 sit,
614 2924 715 2983 ego
733 2917 908 2983 tamen
930 2909 1158 2983 mallem
1182 2912 1411 2978 unitatis,
1437 2912 1512 2966 uti
1532 2912 1787 2983 scriptum
1817 2922 1900 2968 est
1931 2916 2088 2983 paulo

568 2990 619 3053 st
654 2979 873 3053 uitatis
893 2980 1114 3052 ejusdem
1136 2982 1401 3053 originem,
1425 2998 1581 3053 quam
1605 2982 1873 3038 Unitatem
1904 2979 2083 3039 statim

518 3051 788 3123 'ortissime
814 3051 963 3116 urget
986 3062 1200 3107 sanctus
1229 3051 1455 3123 Marter
1483 3052 1845 3109 Tertullianus
1868 3055 1920 3110 in
1953 3055 2083 3110 libro

497 3123 564 3196 de
589 3121 1061 3196 l’rtescripliouibtts
1090 3123 1348 3179 adversus
1368 3121 1661 3179 haereticos
1687 3143 1700 3177 :
1737 3122 1900 3196 Omne
1923 3144 2080 3196 genus

495 3193 565 3247 ad
592 3194 835 3265 originem
864 3210 1005 3248 suam
1038 3206 1300 3249 censeatur
1324 3212 1525 3250 necesse
1559 3206 1653 3250 cst.
1687 3195 1855 3250 Etiam
1887 3193 1981 3265 pro
2012 3213 2078 3253 eo

539 3264 641 3319 uud
688 3266 844 3333 vulgo
875 3265 1063 3337 legitur
1093 3266 1142 3319 iu
1177 3265 1328 3320 initio
1359 3266 1607 3334 Epistolze
1639 3283 1748 3322 xui
1773 3310 1786 3332 ,
1820 3264 1935 3337 pag.
1967 3267 2037 3324 56
2064 3290 2073 3321 :

542 3336 759 3393 anctitas
796 3352 857 3390 ac
888 3336 1067 3389 veritus
1097 3339 1286 3404 pariter
1309 3337 1553 3404 exigebat.
1592 3337 1772 3393 Codex
1804 3338 2084 3395 Retucnsis

500 3408 670 3479 sancti
703 3406 937 3479 Dionysii
967 3406 1127 3479 habet
1156 3407 1358 3462 Unitas.
1392 3406 1457 3462 Et
1480 3409 1683 3463 uinculo
1712 3408 1934 3464 Unitatis
1957 3410 2087 3479 legi-

498 3493 620 3532 mus
652 3478 705 3532 in
722 3476 979 3551 _E|tiSItila
1002 3476 1312 3551 lf‘irmiliani,
1350 3479 1619 3551 pag.LM3_.
1646 3479 1953 3551 Arnulphus
1973 3476 2087 3551 epi-

499 3562 695 3616 scepus
722 3547 1068 3603 Lexoviensis
1094 3551 1223 3603 dixit
1249 3550 1299 3604 in
1328 3547 1555 3605 concilio
1576 3547 1876 3605 Turoueusi
1907 3569 1921 3606 :
1966 3550 2088 3607 Nisi

500 3617 734 3673 Ecclesia
763 3618 994 3673 [tabuerit
1030 3621 1272 3674 unitatem
1297 3663 1310 3684 ,
1355 3637 1456 3675 non
1482 3622 1575 3675 erit
1605 3637 1731 3677 uua.
1760 3621 1824 3679 Si
1851 3639 1953 3676 una
1982 3640 2087 3678 non

526 3691 677 3756 'uerit,
706 3707 809 3745 non
834 3691 950 3744 erit.
995 3690 1100 3745 Sed
1135 3691 1272 3746 hanc
1311 3692 1568 3747 unitatem
1604 3693 1674 3746 ita
1707 3694 2089 3759 interpretatur

529 3775 730 3816 oaunes
757 3761 826 3817 de
854 3761 1026 3816 Turre
1068 3762 1315 3817 Cremata
1371 3764 1422 3817 iu
1452 3762 1669 3821 Summa
1716 3764 1780 3819 de
1829 3763 2085 3829 Ecclesia,

500 3832 595 3887 lib.
625 3848 702 3899 nt,
731 3847 831 3902 cap
851 3832 940 3898 '50,
972 3840 1029 3886 ut
1049 3832 1373 3888 attendenda
1399 3833 1470 3888 sit
1492 3833 1558 3888 ad
1590 3848 1749 3889 unam
1780 3849 2086 3904 supremam

499 3913 817 3972 potestatem
837 3904 1111 3974 regitivatu
1129 3904 1290 3958 totius
1315 3904 1568 3959 Ecclesia:
1594 3921 1710 3967 quae
1733 3915 1809 3960 est
1835 3907 1888 3960 in
1919 3904 2083 3975 Papa.

499 3976 614 4047 Ego
642 3975 783 4047 malo
807 3975 949 4043 loqui
973 3989 1095 4047 cum
1115 3976 1711 4047 s:mctoCypri:iuo.r'”
1734 3992 1891 4044 quam
1925 3991 2087 4032 vanas

496 4045 620 4102 illas
642 4056 697 4100 et
721 4045 957 4117 detortas
989 4045 1813 4117 theologurtuu'seholastieoruui
1830 4047 2089 4117 interpre-

501 4117 733 4187 tationes
756 4116 913 4187 sequi
940 4131 1058 4187 qua:
1082 4118 1382 4185 antiquitati
1410 4118 1603 4187 ignota:
1630 4116 1800 4173 fuere.

576 4186 988 4258 [Va—Loquitur
1015 4186 1281 4258 Dominus.
1311 4186 1570 4256 Quoniam
1598 4188 1747 4243 locus
1776 4189 1893 4250 iste,
1925 4195 1983 4243 ut
2004 4188 2088 4244 inc

504 4257 804 4327 terpolatus
824 4257 925 4321 est,
949 4257 1352 4313 fundamentum
1372 4268 1456 4314 est
1480 4260 1730 4314 maxima:
1752 4259 1891 4314 inter
1919 4274 2017 4314 nos
2036 4268 2090 4315 et

504 4328 843 4384 adversarios
873 4338 1083 4384 nostros
1112 4330 1522 4392 controversiae.
1557 4328 1918 4385 necessarium
1960 4330 2089 4387 mihi

502 4400 716 4455 videtur
743 4409 799 4453 ut
820 4414 941 4454 cum
971 4400 1117 4456 illum
1149 4401 1227 4455 sic
1277 4402 1653 4469 interpolatum
1685 4416 1789 4455 non
1819 4403 2089 4471 posuerim

502 4471 558 4527 in
589 4479 841 4526 contextu
869 4471 954 4525 ubi
993 4486 1113 4526 esse
1153 4488 1257 4527 non
1287 4472 1480 4539 debet,
1531 4472 1759 4527 referam
1798 4471 1874 4526 uti
1915 4483 1998 4527 est
2037 4474 2088 4529 in

503 4542 744 4614 editione
771 4542 1069 4614 Manutiana
1094 4552 1148 4598 et
1178 4544 1229 4597 iu
1262 4543 1699 4614 ltigaltiana._Sic
1726 4557 1855 4610 ergo
1881 4542 2040 4599 habet
2072 4562 2087 4599 :

510 4631 531 4666 ι
578 4612 834 4682 Loquitur
874 4613 1129 4668 Dominus
1178 4614 1243 4668 ad
1294 4612 1531 4669 Petrum.
1581 4612 1695 4684 Ego
1715 4614 1805 4668 tibi
1831 4614 1979 4680 dico,
2012 4615 2091 4669 in-

543 4690 637 4757 nit,
662 4684 782 4757 quia
803 4694 856 4737 tu
878 4701 929 4738 es
961 4685 1165 4751 Petrus,
1189 4697 1240 4739 et
1262 4702 1412 4757 super
1435 4686 1583 4740 istam
1611 4694 1803 4756 petram
1828 4686 2091 4757 auli/icabo

543 4755 786 4809 .‘cclesiam
816 4770 1017 4820 meam,
1058 4765 1104 4809 et
1134 4765 1294 4824 portae
1324 4755 1478 4824 inferi
1508 4772 1609 4810 non
1638 4758 1832 4811 vincent
1860 4773 1990 4810 eam.
2023 4755 2093 4811 Et

506 4826 593 4879 tibi
621 4826 753 4879 dabo
781 4826 945 4879 claves
973 4832 1115 4895 regni
1145 4829 1386 4881 (telorum
1411 4868 1425 4890 ,
1467 4836 1515 4881 et
1538 4842 1652 4896 quia
1678 4826 1913 4894 ligaveris
1942 4844 2094 4897 super

504 4904 693 4951 terram
728 4906 874 4949 erunt
901 4899 1058 4967 ligata
1086 4907 1132 4951 et
1159 4901 1210 4951 in
1240 4898 1377 4951 rariis
1396 4938 1412 4962 ,
1439 4908 1485 4951 et
1522 4913 1848 4968 quarumque
1885 4900 2094 4953 solveris

505 4983 662 5036 super
725 4976 912 5021 terram
981 4978 1126 5022 erunt
1177 4970 1343 5023 solum
1368 4979 1416 5022 et
1482 4969 1536 5023 in
1577 4971 1734 5023 caelis.
1792 4969 1859 5025 Et
1918 4969 2091 5025 eidem

543 5047 629 5094 ost
656 5039 1106 5095 resurrectionem
1156 5056 1307 5095 suam
1346 5040 1473 5094 dicit
1508 5058 1521 5094 :
1570 5039 1739 5095 Pasce
1778 5055 1894 5094 oves
1932 5056 2089 5095 meas.

557 5118 578 5163 t
635 5111 900 5178 quaiuvis'
937 5111 1208 5181 Apostulis
1286 5111 1535 5165 otuuibus
1606 5118 1727 5180 post
1797 5125 2092 5166 resurrec-

507 5181 706 5236 tionem
766 5195 947 5250 parem
1011 5192 1329 5251 potestatem
1391 5183 1588 5236 tribuat
1651 5189 1706 5235 et
1759 5181 1937 5245 dicat,
2004 5182 2095 5236 Si.

506 5262 590 5306 cut
616 5252 751 5306 misit
778 5268 869 5325 inc
887 5251 1043 5325 Pater
1071 5263 1116 5305 et
1152 5270 1242 5325 rgo
1278 5255 1418 5306 mitto
1444 5269 1532 5307 vos
1550 5294 1565 5318 ,
1601 5253 1815 5325 accipite
1843 5252 2095 5325 Spiritum

505 5334 773 5386 sanctum,
830 5324 875 5376 si
914 5324 994 5377 cui
1024 5324 1311 5378 remiseritis
1338 5331 1542 5393 peccata
1575 5324 1984 5377 remittenturilli
2005 5364 2020 5387 ,
2051 5324 2098 5377 si

507 5395 657 5465 cujus
684 5395 947 5448 tenueritis
972 5394 1287 5460 tenebuntur,
1329 5406 1506 5449 tamen
1539 5406 1591 5448 ut
1624 5393 1890 5465 lluitatem
1921 5393 2096 5447 mani-

508 5462 748 5529 festaret,
775 5480 936 5521 uuam
956 5465 1276 5521 Cathedram
1303 5467 1595 5529 constituit,
1628 5476 1683 5520 et
1709 5464 1924 5519 unitatis
1944 5465 2090 5532 ejus-

508 5533 633 5606 dem
681 5534 940 5604 originem
977 5536 1045 5591 ab
1094 5552 1200 5590 uno
1246 5537 1584 5606 incipientem
1634 5551 1728 5590 sua
1774 5538 2087 5590 auctoritate

510 5604 797 5677 disposuit.
837 5607 947 5661 lloc
974 5618 1124 5661 erant
1155 5604 1439 5676 utiqne'et
1468 5608 1645 5662 cmteri
1674 5608 1912 5677 Apostoli
1943 5606 2086 5676 quod

511 5673 610 5729 fuit
636 5676 823 5732 Petrus
856 5679 967 5748 pari
998 5673 1271 5731 consortio
1303 5677 1510 5748 przediti
1548 5689 1603 5732 et
1640 5673 1857 5731 honoris
1896 5673 2088 5747 et'poo

512 5747 742 5804 testatis.
789 5747 897 5805 Sed
932 5750 1212 5805 exordium
1255 5749 1319 5800 ab
1354 5747 1566 5805 lluitate
1602 5748 1983 5819 proficiscitur,
2033 5756 2089 5805 et

2194 2842 2463 2899 Primatus
2489 2844 2649 2899 Petro
2689 2843 2845 2898 datur
2874 2851 2931 2898 ut
2955 2858 3059 2899 uua
3086 2843 3284 2901 Christi
3314 2844 3552 2902 Ecclesia
3578 2857 3635 2902 et
3664 2848 3788 2905 Ca-

2195 2915 2379 2969 thedra
2424 2931 2529 2971 una
2566 2924 2912 2969 monstretur.
2941 2916 3009 2970 Et
3053 2925 3294 2984 pastores
3318 2927 3441 2970 sunt
3467 2930 3687 2983 omnes,
3738 2931 3794 2976 et

2190 3000 2321 3055 grex
2336 3000 2471 3039 unus
2484 2985 2803 3045 ostenditur.
2818 2985 2905 3052 qui
2921 2985 3274 3055 ab;Aposlolis
3292 2988 3540 3041 omnibus
3552 2991 3785 3045 unanimi

2187 3054 2540 3112 eonsensione
2558 3064 2825 3128 pascatur,
2845 3066 2894 3109 ut
2911 3056 3176 3128 Ecclesia
3168 3054 3365 3128 Christi
3399 3072 3500 3111 una
3525 3070 3790 3115 monstre-

2187 3135 2294 3192 tur,
2317 3136 2455 3182 etc.»
2480 3129 2544 3183 Et
2561 3126 2719 3197 paulo
2735 3135 2884 3202 post;
2923 3147 2942 3179 s
2975 3126 3400 3202 HaticEecirs_ia:
3415 3128 3681 3202 unitatem
3704 3134 3795 3202 qui

2185 3214 2290 3253 non
2323 3207 2487 3265 tenet,
2518 3209 2703 3253 tenere
2724 3213 2781 3252 se
2810 3198 2968 3253 fidem
2998 3197 3204 3253 credit?
3233 3198 3332 3267 Qui
3361 3199 3618 3255 Ecclesia:
3644 3197 3788 3258 reui-

2190 3270 2317 3341 titur
2331 3279 2386 3325 et
2413 3271 2633 3341 resistit,
2661 3269 2748 3341 qui
2786 3269 3093 3325 cathedram
3114 3270 3274 3341 Petri,
3302 3285 3464 3339 super
3479 3286 3637 3341 quem
3666 3272 3788 3328 fun-

2189 3339 2310 3395 data
2328 3350 2410 3395 est
2434 3340 2694 3404 Ecclesia,
2712 3340 2931 3406 deserit,
2954 3341 3004 3395 in
3022 3340 3255 3395 Ecclesia
3269 3355 3329 3396 se
3340 3356 3461 3397 esse
3472 3339 3728 3399 confidit?
3765 3365 3783 3396 ι

2189 3410 2487 3467 Fatendum
2520 3421 2604 3467 est
2635 3414 2772 3465 hunc
2828 3413 3003 3465 locum
3051 3412 3128 3466 sic
3157 3422 3370 3466 exstare
3397 3428 3501 3467 non
3530 3414 3704 3468 solum
3734 3417 3787 3470 iu

2188 3484 2407 3554 antiquo
2421 3482 2606 3554 codice
2624 3481 2857 3538 Marcelli
2872 3482 2935 3554 ll,
2957 3498 3062 3553 quo
3080 3498 3208 3554 usus
3234 3493 3316 3536 est
3329 3482 3636 3554 Ouuphrius
3651 3486 3788 3540 Pan-

2190 3551 2401 3618 viuitis,
2435 3552 2528 3609 sed
2557 3555 2716 3608 etiam
2743 3594 2758 3615 ,
2792 3552 2937 3621 quod
2975 3551 3058 3607 est
3090 3551 3308 3621 majoris
3351 3551 3685 3610 auctoritatis
3732 3570 3786 3611 et

2192 3625 2450 3704 momenti
2477 3665 2516 3704 ,⁸
2546 3623 2610 3704 in.
2646 3622 2883 3692 Epistula
2926 3623 3165 3704 secunda
3202 3622 3402 3704 Pelagii
3444 3639 3599 3704 papa:
3627 3624 3682 3704 l_l_
3715 3629 3785 3680 ml

2185 3695 2462 3764 episcopos
2488 3692 2659 3747 lstria:
2684 3709 2703 3747 :
2732 3702 2787 3746 ut
2806 3694 2998 3764 merito
3024 3693 3149 3764 hinc
3169 3692 3345 3761 colligi
3370 3692 3568 3764 debere
3596 3695 3781 3751 videa—

2191 3762 2278 3819 tur
2306 3764 2423 3818 iure
2448 3780 2566 3833 qua:
2592 3764 2721 3818 mihi
2749 3762 2997 3817 videntur
3022 3762 3182 3835 hodie
3210 3778 3464 3835 uouesse
3482 3763 3736 3835 Cypriani
3762 3810 3777 3833 ,

2191 3849 2311 3889 esse
2330 3831 2570 3905 antiqua,
2602 3842 2757 3905 etea
2786 3847 2915 3888 vere
2939 3846 3060 3888 esse
3089 3831 3338 3905 Cypriani
3370 3831 3630 3890 creditum
3662 3831 3783 3892 esse

2191 3920 2308 3959 :evo
2350 3904 2588 3975 Pelagii,
2632 3903 2833 3962 idest.
2886 3912 3010 3959 ante
3057 3903 3204 3959 mille
3232 3919 3421 3960 annos.
3470 3905 3575 3962 Sed
3602 3917 3781 3963 tamen

2191 3976 2451 4045 si-riptura
2473 3990 2633 4045 quam
2652 3976 2704 4030 in
2731 3983 2984 4031 contextu
3007 3976 3304 4045 sequimur.
3335 3993 3440 4032 non
3471 3978 3642 4033 solum
3664 3980 3780 4033 edi.

2193 4045 2427 4102 tionibus
2457 4045 2759 4101 Manutiaua
2785 4046 3194 4114 antiquioribus.
3227 4049 3320 4102 sed
3348 4048 3510 4103 etiam
3532 4050 3776 4105 codicum

2194 4118 2679 4190 manuscriptorum
2721 4119 3057 4190 auctoritate.
3094 4118 3206 4172 Duo
3234 4118 3284 4171 iu
3303 4121 3489 4190 primis
3513 4136 3777 4175 metuera-

2192 4186 2330 4244 biles
2384 4186 2713 4245 Veronensis
2770 4198 2825 4242 et
2885 4186 3320 4258 Segnierianusf
3351 4190 3425 4242 De
3487 4190 3778 4245 Veroneusi

2195 4260 2370 4314 testati
2416 4269 2541 4314 sunt
2585 4258 2897 4328 jamdudum
2930 4259 3171 4313 Latinius
3203 4268 3257 4313 et
3304 4258 3469 4315 Aldus
3517 4259 3780 4314 Manutius

2193 4328 2342 4385 Pauli
2370 4330 2534 4394 filius,
2552 4332 2808 4401 scriptum
2830 4329 2994 4385 fuisse
3014 4338 3140 4384 ante
3165 4328 3312 4383 mille
3340 4344 3537 4384 annos:
3561 4332 3780 4399 Seguie-
3872 4376 3878 4381 .

2193 4401 2401 4457 rianum
2429 4416 2641 4472 quoque
2664 4444 2679 4468 ,
2707 4415 2833 4472 quo
2872 4414 2972 4467 ego
3011 4409 3152 4463 utor,
3183 4407 3393 4454 constat
3424 4401 3660 4454 omnium
3689 4403 3777 4471 qui

2195 4487 2317 4527 eum
2342 4470 2588 4529 viderunt
2626 4470 2824 4542 iudieio
2864 4479 3241 4543 et_cous_eusu_
3265 4472 3538 4543 scriptum
3566 4470 3779 4543 quoque

2195 4557 2316 4599 esse
2342 4553 2464 4599 ante
2496 4540 2641 4598 mille
2688 4556 2876 4597 annos.
2925 4540 3168 4595 Latinius
3196 4540 3270 4594 ait
3293 4540 3395 4596 hoc
3440 4540 3778 4597 atiditttttteuo

2197 4624 2331 4677 ttuu,
2357 4613 2498 4685 quod
2527 4629 2558 4668 e
2587 4622 2733 4685 testu
2756 4612 3127 4685 respunxi_mus
3145 4627 3299 4685 ,‘uon
3330 4613 3551 4682 reperiri
3579 4613 3632 4667 iu
3656 4630 3779 4685 sep-

2197 4694 2304 4741 tem
2343 4680 2618 4741 codieibus
2652 4681 3102 4754 Vaticziiiis.ﬂEgo
3139 4680 3242 4735 vidi
3264 4680 3467 4752 septem
3512 4694 3566 4739 et
3594 4680 3778 4754 viginti

2197 4756 2248 4811 in
2292 4757 2487 4827 quibus
2517 4754 2913 4827 pariter‘deest.
2948 4752 3123 4807 Verba
3154 4754 3404 4827 Cypriani
3434 4756 3552 4827 sine
3572 4752 3780 4827 addita-

2198 4810 2380 4883 metito
2409 4810 2570 4881 relaia
2609 4836 2661 4879 ct
2691 4825 2847 4878 citata
2883 4826 3095 4878 fuerunt
3123 4839 3153 4877 a
3183 4810 3416 4879 Gallixto
3441 4824 3482 4879 ll
3511 4825 3778 4881 scribente

2197 4899 2262 4953 ad
2314 4896 2668 4951 llumbahlum
2717 4895 3177 4964 archiepiscopum
3236 4897 3646 4963 Lugdunensem
3682 4940 3697 4959 ,
3748 4915 3778 4951 a

2197 4965 2567 5024 Cardinalibus
2581 4967 2632 5020 iu
2650 4966 2847 5035 oppido
2862 4966 3095 5021 Liburno
3112 4968 3449 5036 congregatis
3461 4982 3603 5022 anno
3618 4968 3777 5028 1408.

2198 5046 2252 5093 et
2280 5055 2309 5093 a
2336 5038 2730 5094 Correctoribus
2762 5036 3037 5104 Romanis,
3063 5036 3152 5107 qui
3178 5038 3227 5092 iu
3256 5052 3349 5091 sua
3376 5036 3611 5094 editione
3640 5038 3780 5092 hunc

2203 5109 2378 5163 locum
2399 5107 2683 5164 ediderunt
2707 5122 2773 5163 eo
2797 5108 2960 5163 modo
2984 5107 3313 5178 qttorelatus
3335 5118 3417 5162 est
3444 5124 3475 5162 ει
3502 5108 3779 5172 Gratiano,

2200 5180 2444 5250 quamvis
2485 5180 2684 5234 scirent
2714 5179 2861 5250 illum
2908 5177 3064 5233 aliter
3095 5177 3291 5250 habere
3330 5179 3382 5233 in
3412 5178 3648 5234 editione
3676 5180 3783 5234 Ma-

2201 5248 2436 5306 tiutiana.
2480 5249 2573 5304 His
2624 5248 2926 5305 addendum
2976 5258 3104 5318 puto
3133 5249 3386 5320 reodicem
3418 5250 3777 5320 Epistolarum

2202 5320 2400 5390 Pelagii
2431 5322 2496 5375 ad
2528 5321 2810 5391 episcopos
2835 5320 3025 5391 lstriiv,
3054 5319 3142 5388 qui
3172 5320 3359 5391 unicus
3386 5319 3490 5388 est,
3523 5338 3630 5376 non
3661 5337 3783 5374 e-sc

2201 5393 2455 5461 scriptum
2483 5390 2598 5445 :evo
2626 5390 2849 5460 Pelagii,
2878 5390 2971 5461 sed
3003 5398 3122 5458 post
3160 5390 3478 5460 quingentos
3508 5393 3573 5447 ad
3606 5393 3783 5447 minus

2201 5460 2373 5517 annos
2396 5462 2463 5517 ab
2488 5462 2604 5534 ejus
2632 5474 2875 5534 excessu.
2906 5460 2992 5534 Es
3014 5463 3388 5534 quousequitur
3411 5462 3627 5517 codices
3654 5478 3787 5531 ope-

2191 5549 2310 5588 rum
2340 5529 2803 5603 sancti'Cypriani,
2828 5529 3237 5603 qni‘clausulzuu
3261 5532 3405 5588 illam
3430 5548 3533 5586 nou
3564 5529 3784 5595 habent,

2187 5601 3423 5675 ejusdemsaltemauctoritatisesseaccediceiu
3430 5603 3791 5673 Epistolarum

2190 5672 2406 5745 Pelagii.
2432 5673 2589 5729 Addo
2613 5672 3102 5745 verisimilevideri
3120 5744 3125 5745 ί
3144 5672 3357 5745 codices
3398 5674 3803 5745 Germanorum

2188 5742 2342 5803 illam
2356 5761 2462 5802 non
2486 5745 2740 5808 habuisse
2755 5742 3136 5817 moneuerici
3166 5742 3524 5803 Vercellensis
3544 5743 3818 5814 episcoui.
3910 5802 3915 5805 _
