4332 6292
494 314 607 393 εθι-

1625 326 1827 383 LIBER
1867 311 1954 385 ne
1994 326 2295 389 UNZTATE
2337 326 2711 385 accessus.

3697 327 3807 385 502

499 459 622 506 esse
660 446 920 503 conﬁdit?
959 444 1178 518 quando
1224 455 1279 502 et
1329 446 1517 503 beatus
1569 446 1845 516 apostolus
1904 444 2178 506 I‘aulusA
2203 442 2463 512 deﬂuunt,
2496 443 2852 501 numerositas
2873 442 3000 499 licet
3023 441 3215 503 diffusa
3245 440 3490 501 videnlur
3518 442 3796 503 exundan-

500 540 604 596 Itoc
648 539 786 594 idem
825 538 1015 594 doceat
1067 548 1121 592 ct
1149 547 1542 595 sacramentum
1590 538 1807 593 unitatis
1850 536 2096 593 ostendat

499 631 687 688 dicens
718 647 732 684 :
761 629 935 688 Unum
960 646 1147 701 corpus
1172 640 1218 683 et
1240 646 1371 685 unus
1398 630 1628 699 spiritus,
1660 646 1763 685 una
1807 645 1920 698 spes
1949 645 2095 682 voca-

498 722 651 777 tionis
669 730 867 787 vestrm,
886 738 1021 781 unus
1039 719 1313 789 Dominus,
1331 737 1434 776 una
1460 722 1608 790 ﬁdes,
1636 737 1792 775 unum
1808 718 2092 791 Baptisma,

498 828 633 868 unus
653 812 793 869 Deus
815 812 1033 886 (Ephes.
1067 828 1138 879 tv,
1171 809 1317 883 4-6).

573 902 637 959 ν.
699 904 871 973 Quam
920 905 1178 961 unitatem
1225 902 1450 961 ﬁrmiter
1490 913 1675 960 tenere
1727 913 1781 961 et
1825 905 2099 971 vindicare

500 997 780 1064 debemus,
809 996 1042 1054 maxime
1067 997 1328 1068 episcopi,
1363 995 1454 1067 qui
1489 998 1542 1055 in
1574 997 1813 1054 Ecclesia
1841 999 2099 1068 praeside-

497 1104 641 1155 mus,
671 1099 728 1145 ut
752 1088 1116 1159 episcopatum
1138 1103 1351 1158 quoque
1378 1087 1550 1159 ipsum
1581 1103 1745 1143 unum
1768 1099 1928 1159 atque
1959 1089 2096 1145 indi-

494 1182 672 1239 visum
703 1182 1013 1252 probemus.
1052 1180 1221 1238 Nemo
1250 1182 1638 1239 fraternitatem
1677 1182 1961 1239 mendacio
1996 1183 2102 1255 fal-p

497 1274 595 1338 lat.
627 1289 787 1331 nemo
804 1274 939 1353 .lidei
966 1275 1247 1331 veritatem
1277 1274 1477 1344 perlida
1504 1275 1945 1345 praevaricatione
1966 1291 2088 1335 cor-

496 1376 732 1438 rumpat.
784 1366 1142 1438 Episcopatus
1180 1384 1318 1426 unus
1354 1377 1459 1434 est,
1498 1368 1653 1439 cujus
1696 1384 1728 1425 a
1772 1370 1994 1441 singulis
2036 1372 2087 1424 in

493 1458 726 1515 solidum
754 1474 881 1529 pars
911 1469 1145 1515 tenetur.
1179 1459 1421 1516 Ecclesia
1454 1475 1666 1531 quoque
1695 1476 1801 1516 una
1827 1473 1929 1529 est,
1970 1476 2089 1532 qua:

490 1549 545 1606 in
589 1550 990 1609 multitudinem
1031 1552 1189 1611 latius
1231 1553 1562 1611 incremento
1604 1552 1964 1612 fteeunditatis
1997 1572 2088 1611 ex—

486 1644 752 1702 tenditur.
819 1645 1101 1714 Quomodo
1149 1646 1282 1703 solis
1331 1647 1483 1705 multi
1534 1647 1709 1715 radii,
1759 1648 1854 1705 sed
1907 1649 2086 1705 lumen

489 1750 683 1806 unum;
712 1747 766 1793 et
793 1737 930 1793 rami
951 1740 1160 1794 arboris
1191 1738 1364 1807 multi,
1393 1738 1488 1795 sed
1518 1740 1684 1795 robur
1712 1757 1875 1799 unum
1916 1742 2087 1799 tenaci

2202 540 2270 594 tis
2299 540 2463 607 COpiit:
2495 539 2759 608 largitate,
2791 538 2966 593 unitas
2995 545 3172 609 tamen
3202 546 3449 591 servatur
3482 537 3532 591 in
3565 536 3790 609 origine.

2199 632 2385 691 AvclIe
2408 630 2615 686 radium
2637 630 2765 685 solis
2788 645 2817 684 a
2842 644 3090 699 corpore,
3121 628 3434 683 divisionem
3463 626 3596 685 lucis
3622 626 3649 666 ι)
3679 629 3786 683 ιιιιί⁴

2200 733 2280 782 tas
2309 740 2417 780 non
2443 724 2582 794 capit
2613 741 2627 780 :
2655 722 2723 779 ab
2749 722 2942 785 arbore
2972 721 3155 792 frange
3180 734 3412 786 ramum,
3443 721 3643 777 l’ractus
3668 735 3793 791 ger-

2198 817 2407 872 minare
2439 831 2545 872 non
2590 814 2816 885 poterit:
2855 828 2885 869 a
2933 811 3108 869 fronte
3154 811 3382 882 praecide
3420 810 3613 877 rivum,
3662 826 3797 880 pra:-

2199 908 2344 965 cisus
2390 907 2606 963 arescit.
2656 905 2744 960 Sic
2791 912 2847 960 et
2888 903 3129 959 Ecclesia
3180 901 3387 957 Domini
3430 902 3549 957 luce
3582 902 3794 971 perfusa
3860 950 3869 954 -

2200 1012 2295 1068 per
2333 996 2517 1052 orbem
2548 1003 2715 1051 totum
2756 995 2938 1051 radios
2971 1009 3097 1050 suos
3142 994 3394 1065 porrigit;
3425 1008 3588 1049 unum
3617 1001 3797 1057 tamen

2198 1091 2377 1149 lumen
2413 1101 2516 1157 est,
2556 1089 2697 1161 quod
2741 1090 2936 1160 ubique
2974 1087 3311 1153 diffunditur,
3336 1102 3434 1142 nec
3463 1088 3636 1142 unitas
3674 1102 3795 1143 cor-

2195 1184 2344 1255 poris
2386 1192 2686 1255 separatur.
2728 1182 2930 1238 Ramos
2972 1196 3098 1236 suos
3138 1182 3189 1235 in
3239 1180 3539 1237 universam
3593 1192 3792 1238 terram

2194 1278 2344 1348 copia
2373 1278 2631 1334 ubertatis
2663 1277 2923 1343 extendit,
2956 1275 3282 1347 proﬂuentes
3310 1276 3526 1347 largiter
3548 1277 3690 1335 rivos
3718 1277 3794 1333 Ia-

2191 1370 2292 1431 tius
2317 1370 2570 1439 expandit
2594 1380 2640 1434 C;
2669 1385 2830 1424 unum
2864 1378 3039 1423 tamen
3066 1379 3225 1437 caput
3271 1376 3355 1423 est
3393 1377 3449 1424 et
3485 1368 3636 1439 origo
3661 1385 3789 1438 una,

2196 1472 2250 1523 et
2280 1479 2382 1517 una
2416 1471 2587 1517 mater
2616 1460 2977 1517 lmennditatis
3005 1459 3339 1520 successibus
3368 1461 3603 1529 cepiosa.
3643 1460 3792 1529 Illius
3884 1528 3893 1531 _

2194 1556 2324 1611 fretu
2352 1556 2639 1619 nascimur,
2666 1553 2808 1617 illius
2843 1553 2978 1608 lacte
3001 1552 3287 1618 nutrimur,
3313 1551 3506 1623 Spiritu
3536 1552 3651 1623 ejus
3676 1553 3793 1609 ani-

2193 1663 2421 1709 mamur.

2265 1739 2354 1795 VI.
2400 1739 2702 1793 Adulterari
2746 1751 2849 1791 non
2900 1745 3074 1806 potest
3121 1749 3315 1805 sponsa
3357 1734 3569 1801 Christi,
3615 1735 3792 1791 incor-

486 1827 667 1887 radice
693 1826 971 1889 fundatum
998 1838 1049 1898 ες
1084 1836 1139 1886 et
1165 1813 1284 1886 cum
1313 1829 1381 1889 de
1410 1829 1558 1886 fonte
1586 1846 1692 1887 uno
1736 1830 1836 1887 rivi
1874 1832 2086 1903 plurimi
2118 1827 2165 1887 B
2194 1842 2347 1904 rupta
2378 1842 2459 1888 est
2488 1842 2539 1888 et
2572 1830 2781 1901 pudica.
2812 1828 2981 1885 Unam
3010 1828 3226 1883 domum
3266 1828 3431 1898 novit,
3458 1828 3614 1884 unius
3639 1828 3789 1883 cubio

1702 1946 2086 2029 LECTIONES
2129 1946 2534 2003 VARIANTES.

546 2064 575 2094 ⁸
609 2064 709 2115 Sed
733 2065 877 2115 arbor
895 2077 1009 2125 una,
1049 2066 1212 2115 tenaci
1250 2064 1417 2117 radice
1451 2064 1665 2116 fundata.
1697 2068 1838 2117 Pent.
1867 2070 2004 2120 Voss.
2031 2068 2076 2118 2.

489 2126 832 2254 rii'cﬁigas
867 2189 989 2241 lucis
1028 2190 1148 2241 Ben.
1184 2191 1292 2242 Nc.
1327 2190 1374 2240 ι.
1402 2193 1537 2242 Lam.
1566 2193 1705 2242 Pem.
1745 2190 1871 2242 Bod.
1898 2191 1945 2242 2.
1972 2192 2084 2244 Non

2184 2067 2623 2192 regfpii‘rgiiifgiaié
2645 2130 2776 2180 rivos
2800 2129 2930 2179 Lam.
2956 2126 3098 2178 Ebor.
3126 2126 3273 2177 latius
3295 2127 3480 2191 pandit.
3512 2124 3637 2178 Tha.

1722 2295 1967 2353 STEPH.
2010 2294 2283 2356 BALUZII
2319 2298 2526 2356 ΝΟΤᾸΞ
2538 2341 2551 2355 .

480 2408 621 2482 apud
667 2408 883 2482 Ivonem
913 2409 968 2465 in
1006 2409 1125 2482 loco
1176 2410 1336 2482 paulo
1394 2416 1520 2465 ante
1565 2409 1781 2482 laudato
1832 2419 1884 2467 et
1934 2412 2076 2482 apud

481 2481 793 2539 Gratianum
833 2481 957 2536 dist.
1004 2480 1106 2548 93,
1160 2480 1250 2535 ubi
1282 2490 1619 2536 correctores
1648 2481 1873 2537 [loniani
1905 2480 2077 2537 adno-

484 2562 596 2608 tant
619 2554 778 2608 verba
809 2552 925 2607 haec
961 2568 1079 2621 qua:
1123 2566 1150 2605 ι
1193 2550 1450 2607 Gratiano
1484 2561 1537 2606 et
1564 2550 1725 2607 [vene
1749 2553 2074 2619 referuntur,

481 2624 912 2696 exstaregiuuno
948 2623 1133 2696 codice
1186 2621 1444 2677 Vaticano
1488 2626 1926 2696 operumpsaneti
1972 2623 2078 2696 Cy-

480 2693 677 2762 priani,
708 2694 942 2764 itemque
969 2695 1020 2747 in
1043 2693 1214 2764 altero
1240 2694 1552 2748 monasterii
1577 2694 1745 2748 sancti
1783 2693 2078 2751 Salvatoris

482 2765 759 2821 Bononiae.
788 2762 989 2821 verum
1034 2779 1140 2819 non
1192 2762 1457 2819 habentur
1505 2765 1557 2821 in
1610 2765 1843 2833 antiquis
1884 2766 2075 2821 editio-

483 2835 640 2892 nibus
670 2850 845 2907 neque
866 2834 1111 2907 inlibris
1145 2836 1344 2907 nostris
1368 2834 1620 2905 antiquis.
1668 2835 1810 2890 Sane
1846 2836 2077 2891 adnota-

484 2914 699 2987 tumest
733 2904 1367 2987 neditioneAAuglicapa
1399 2904 1618 2987 efstare
1639 2907 1689 2961 in
1707 2916 1938 2977 quatuor
1977 2923 2069 2962 ve.

485 2978 662 3032 tustis’
692 2975 970 3046 codicibus
1030 2975 1361 3046 Anglicanis.
1419 2977 1688 3033 Pamelius
1728 2975 1967 3033 testatur
2014 2994 2075 3034 se

479 3048 750 3105 invenisse
800 3049 852 3119 in
904 3045 1342 3119 Camberouensi.
1396 3047 1721 3119 Cyprianus,
1752 3049 1922 3118 Epist.
1960 3066 2029 3104 ιι.
2056 3091 2071 3116 ,

481 3134 608 3207 pag,
648 3119 750 3207 _55,
797 3116 1053 3175 Cathedra
1105 3133 1208 3172 una
1261 3135 1414 3190 super
1444 3116 1651 3207 petram
1690 3116 1900 3173 Domini
1954 3136 2073 3175 voce

502 3192 713 3245 'undata.

478 3196 725 3316 [ﬁgitﬁgit
758 3276 961 3333 corpus.
994 3259 1454 3333 Descripsitbunc
1474 3332 1477 3333 ν
1500 3262 1674 3316 locum
1696 3302 1710 3325 ,
1751 3263 1923 3317 citans
1964 3262 2073 3333 Cy-

481 3332 724 3405 prianum
745 3373 760 3396 ,
791 3329 988 3405 Paulus
1017 3346 1148 3399 papa
1178 3329 1254 3393 II,
1287 3331 1340 3386 in
1386 3331 1619 3405 Epistola
1651 3333 1848 3405 scripta
1876 3333 1944 3405 ad
1970 3329 2069 3387 Ar-

479 3400 853 3473 rltiepiscopum
894 3400 1259 3464 Colosseusem,
1291 3416 1434 3456 anno
1462 3403 1600 3458 MbO
1624 3445 1638 3470 ,
1692 3400 1773 3458 Ii
1796 3402 1914 3459 Kal.
1956 3406 2067 3459 An-

481 3476 649 3543 gnsti:
678 3474 811 3544 Quia
838 3489 996 3526 unum
1021 3488 1204 3540 corpus
1222 3482 1267 3528 et
1285 3489 1419 3544 unus
1439 3475 1646 3544 spiritus
1673 3490 1847 3529 omnes
1868 3492 2013 3529 simtu
2025 3493 2070 3543 s,

480 3542 566 3612 qui
589 3561 745 3598 unum
777 3543 1073 3613 Dominum,
1105 3559 1263 3599 unum
1297 3542 1481 3606 Deum,
1512 3561 1668 3598 unam
1701 3546 1854 3613 ﬁdem
1879 3548 2075 3612 prwdi-

480 3630 655 3669 camus
679 3624 724 3668 et
762 3616 993 3668 colimus.
1029 3612 1178 3668 Unde
1197 3625 1241 3667 et
1272 3613 1530 3669 Unitatem
1561 3617 1772 3684 ﬁrmiter
1818 3628 1986 3670 tenere
2027 3627 2073 3673 et

481 3686 739 3739 vindicare
791 3684 1027 3756 debemus
1077 3700 1249 3756 omnes
1303 3687 1556 3754 episcom’,
1615 3696 1671 3739 ut
1717 3688 2074 3756 episcopatum

480 3772 695 3825 quoque,
719 3764 772 3808 ut
798 3754 973 3826 beatus
1001 3754 1161 3825 inquit
1185 3753 1492 3826 Cyprianus,
1510 3774 1665 3813 unum
1688 3768 1732 3811 et
1749 3753 2073 3812 individuum

481 3827 881 3897 comprobemus.
911 3825 1042 3897 Illud
1090 3825 1303 3881 interim
1337 3827 1456 3882 beic
1482 3830 1780 3893 admoneo,
1809 3829 2069 3897 scriptum

480 3896 691 3967 quoque
717 3912 837 3953 esse
866 3896 1182 3952 individuum
1209 3900 1589 3964 comprobemus
1635 3900 1685 3953 in
1716 3900 1901 3955 codice
1922 3896 2066 3955 Bur-

478 3969 734 4039 gundico.
781 3967 864 4039 Ex
890 3982 996 4039 quo
1022 3977 1246 4039 apparet
1275 3968 1496 4024 Paulum
1541 3986 1729 4039 papam
1765 3986 1917 4026 usum
1945 3985 2067 4026 esse

479 4038 709 4110 quodam
731 4037 891 4095 simili
910 4037 1230 4108 erumplari.

551 4110 866 4165 V.—Nemo
887 4111 1276 4179 fraternitatem.
1301 4109 1421 4164 Istis
1462 4111 1658 4173 verbis,
1683 4111 1774 4164 sed
1801 4111 2073 4179 paululum

480 4182 701 4235 mutatis
744 4190 801 4236 et
846 4181 1143 4247 mutilatis,
1174 4189 1445 4247 tamquam
1475 4183 1586 4236 suis
1632 4197 1762 4235 usus
1812 4191 1893 4236 est
1949 4181 2074 4239 Pius

479 4266 616 4321 papa
652 4250 715 4317 Il,
740 4252 792 4307 in
818 4260 1081 4305 conventu
1108 4250 1415 4316 Mantuano,
1440 4261 1498 4306 ut
1521 4251 1703 4308 videre
1726 4262 1809 4306 est
1829 4253 1891 4315 in
1927 4262 2074 4309 tonio

456 4364 460 4371 κ
482 4336 628 4393 nono
657 4321 928 4390 SpiciIi-gii
948 4321 1288 4393 Dacheriani,
1308 4336 1429 4392 pag.
1446 4323 1575 4378 519.

556 4392 909 4463 Episropatus
926 4408 1056 4447 unus
1071 4401 1167 4447 est.
1185 4391 1334 4447 Hattc
1356 4394 1641 4463 pericopen
1666 4391 1844 4448 omisit
1862 4393 1988 4450 Pius
2006 4393 2071 4458 II,

480 4463 533 4518 iu
566 4474 835 4518 conventu
868 4462 1170 4518 Mantuano.
1202 4464 1418 4518 Poterat
1474 4462 1648 4519 tamen
1695 4480 1755 4519 ea
1803 4479 1907 4519 non
1958 4465 2077 4521 icu-

480 4534 645 4588 tiliter
670 4534 742 4589 uti
775 4534 1067 4588 secundum
1099 4549 1284 4605 eorum
1310 4536 1630 4591 sententiam
1654 4535 1743 4605 qui
1762 4537 2072 4605 episcopum

478 4620 642 4658 llltlllll
674 4606 1096 4674 interpretantur
1148 4605 1214 4659 de
1236 4602 1494 4675 episeopo
1546 4602 1816 4672 Romano,
1864 4602 1962 4676 qui
2007 4623 2072 4662 ex
2104 4615 2153 4675 1)

480 4676 695 4729 illorum
731 4677 988 4749 opinione
1007 4684 1091 4729 est
1122 4690 1354 4749 Sponsus
1399 4676 1662 4732 Ecclesia:
1685 4676 1997 4749 Catholii-m,
2023 4679 2077 4733 id

479 4757 559 4800 est
592 4747 909 4802 universalis
931 4788 945 4810 ,
982 4754 1041 4800 ut
1096 4747 1397 4801 notavimus
1427 4761 1610 4816 supra,
1645 4763 1761 4816 pag.
1795 4749 1922 4803 456.
1946 4748 2082 4804 Vide

480 4763 559 4800 (κει
592 4763 909 4802 universalis
931 4788 945 4810 ,
982 4763 1041 4800 ut
1096 4763 1397 4801 netavnnns
1427 4763 1610 4871 supra,
1645 4763 1761 4816 pag.
1795 4763 1922 4803 aou.
1955 4763 2078 4804 vute

480 4818 890 4882 Beilartninum,
923 4817 1015 4872 lib.
1050 4834 1087 4871 Il
1130 4819 1192 4883 de
1220 4818 1453 4872 Romano
1531 4819 1753 4885 ontiﬁca,
1804 4834 1923 4887 eap.
1976 4821 2078 4882 lli,

479 4899 531 4941 ('I
570 4888 871 4957 Epistulam
904 4904 1070 4943 Lxxm
1110 4890 1357 4943 Stanislai
1413 4889 1559 4943 Ilosii
1609 4890 1959 4957 Cnl‘dlllit'llS,
1991 4890 2082 4957 qui

480 4974 644 5013 unum
686 4960 1021 5013 sacerdotem
1069 4960 1459 5030 interpretatur
1508 4976 1629 5015 cum
1682 4976 1841 5030 quem
1890 4956 2084 5017 vocare

478 5030 714 5085 solemus
749 5031 1005 5084 vicarimn
1029 5029 1248 5084 Christi.

555 5099 990 5173 Quomodosolis.
1024 5101 1124 5155 Ista
1155 5113 1205 5154 et
1244 5101 1345 5157 alia
1375 5102 1522 5169 plura
1555 5101 1668 5157 loca
1702 5101 1853 5156 istius
1890 5104 2072 5173 operis

476 5170 783 5240 Cyprianiei
815 5170 1160 5229 Hildebertus
1192 5173 1474 5240 cpiscopus
1503 5170 2073 5228 Ceuomancusislam-

477 5258 635 5310 quatn
668 5256 799 5313 SII8_,
858 5243 1000 5297 nulla
1022 5240 1274 5312 Cypriani
1308 5243 1606 5301 mentione.
1656 5244 1834 5313 posuit
1864 5245 1913 5298 in
1946 5246 2072 5301 Ser-

480 5329 641 5369 mone
662 5313 726 5367 dc
746 5311 886 5367 Pace
914 5315 966 5367 in
995 5311 1128 5367 nova
1156 5313 1412 5381 editione,
1443 5331 1560 5384 pag.
1586 5311 1709 5369 709.

551 5385 624 5438 Ab
653 5384 834 5439 arbore
862 5384 1059 5455 frange.
1108 5385 1250 5439 Citat
1276 5386 1417 5440 hunc
1465 5385 1640 5441 locum
1691 5395 1910 5441 sanctus
1961 5387 2072 5440 An-

477 5457 723 5523 gustinus
751 5456 1011 5512 Sermone
1038 5470 1287 5522 CCLXXXI,‘
1329 5472 1448 5526 cap.
1474 5457 1578 5523 20;
1602 5465 1659 5512 et
1686 5456 1865 5524 lib.m,
1894 5468 2074 5511 contra

455 5525 822 5597 Cresconium.
854 5542 973 5597 Cap.
1005 5528 1092 5583 55.
1146 5585 1165 5597 ῤ

554 5596 809 5653 Ργωρὶιιη
850 5596 1048 5653 arescit.
1090 5596 1151 5653 In
1176 5608 1323 5651 tomo
1355 5613 1403 5651 ιχ
1433 5598 1705 5667 Spicilegii
1756 5598 2066 5654 I)acheri=ui

479 5667 674 5737 legitur
702 5670 966 5738 decrescit.
1010 5673 1079 5723 At
1125 5669 1180 5721 in
1229 5668 1448 5738 vetustis
1494 5670 1708 5724 schedis
1762 5686 1828 5725 ex
1874 5671 2064 5738 quibus

481 5740 623 5792 edita
654 5747 739 5793 est
765 5736 880 5795 haec
906 5741 1078 5794 oratio
1106 5737 1185 5793 Pii
1217 5737 1417 5792 diserte
1442 5742 1699 5807 scriptum
1730 5750 1814 5795 est
1857 5736 2058 5797 arescit.

480 5810 570 5867 Sic
595 5811 756 5867 etiam
783 5811 836 5867 in
860 5826 996 5875 nova
1025 5810 1260 5875 editione
1286 5808 1601 5876 lii‘ldcberti,
1632 5826 1749 5881 pag.
1777 5811 1900 5869 7l0.

2257 2412 2768 2469 VL—Adulterari
2817 2431 2919 2469 non
2971 2423 3150 2483 potest.
3175 2412 3360 2469 Refert
3406 2413 3547 2471 hunc
3598 2414 3777 2481 locum

2183 2496 2400 2540 sanctus
2427 2485 2740 2553 Fulgentius
2771 2484 2866 2539 lib.
2905 2502 2954 2551 ι,
2984 2500 3102 2554 cap.
3134 2486 3186 2548 1,
3231 2485 3294 2540 de
3322 2485 3632 2541 Renzissione
3664 2505 3779 2555 prc-

2183 2567 2435 2628 eatorum.
2469 2558 2579 2627 Ego
2609 2572 2731 2611 cum
2778 2556 3013 2610 viderem
3064 2559 3114 2611 in
3158 2558 3259 2611 hoc
3298 2556 3548 2628 Cypriani
3575 2558 3693 2612 loco
3722 2571 3778 2614 et

2183 2627 2236 2680 in
2277 2630 2503 2681 aliorum
2537 2638 2776 2682 veterum
2808 2630 3129 2695 Scriptorum
3173 2627 3629 2682 lucubrationibus
3677 2628 3779 2683 Ec-

2183 2699 2402 2752 clesiam
2469 2700 2650 2769 vocari
2682 2768 2689 2769 ί
2726 2713 2980 2767 sponsam
3039 2698 3272 2761 Christi,
3324 2698 3593 2754 Christum
3651 2716 3779 2757 vero

2182 2768 2547 2835 sponsum,et
2571 2768 2784 2838 quidem
2817 2770 3051 2832 ruricum,
3102 2769 3333 2838 legerem
3376 2779 3553 2825 autem
3595 2771 3645 2826 in
3690 2786 3777 2827 eo—

2185 2837 2306 2893 dem
2338 2840 2455 2893 loco
2474 2837 2727 2910 Cypriani
2758 2854 3009 2905 Sponsam
3040 2837 3274 2902 Christi,
3327 2855 3489 2909 quam
3531 2840 3619 2896 ille
3665 2858 3769 2899 non

2185 2909 2642 2977 dereliquit.’non
2677 2909 3029 2980 derelinqnit,
3074 2926 3250 2979 neque
3288 2910 3659 2980 derelinquat.
3684 2924 3776 2975 aut

2182 2996 2210 3033 a
2244 2996 2302 3035 se
2336 2982 2550 3048 objiciet
2579 2981 2659 3035 vel
2699 2981 2984 3043 alienabit,
3014 2997 3172 3050 quam
3214 2982 3261 3036 ei
3292 2982 3639 3051 desponsavit
3675 2983 3775 3037 Pa-

2189 3060 2293 3117 ter,
2330 3054 2466 3106 utin
2496 3053 2630 3106 libro
2667 3068 2750 3112 Ix,
2784 3051 2955 3120 Epist.
2998 3068 3065 3115 ιι,
3110 3052 3397 3115 aitJ’etrus
3445 3052 3612 3107 abbas
3659 3052 3781 3109 Cel-

2183 3120 2380 3185 Iensis,
2427 3139 2584 3191 quam
2614 3123 2951 3178 Innocentius
3000 3138 3112 3189 rapa
3144 3122 3230 3187 III,
3276 3123 3367 3177 lib.
3396 3140 3441 3186 t,
3482 3123 3652 3192 Epist.
3687 3141 3771 3192 tv,

2185 3193 2304 3246 aita
2330 3194 2542 3247 Christo
2569 3193 2942 3247 desnonsatam
2973 3140 3156 3247 [luissez
3178 3209 3298 3247 cum
3320 3194 3388 3227 “9
3420 3194 3673 3247 legerem.
3701 3197 3771 3247 in-

2185 3193 2261 3246 ait
2278 3209 2304 3246 a
2330 3194 2542 3249 Christo
2569 3193 2942 3262 desponsatam
2973 3193 3156 3258 fuisse;
3178 3209 3298 3251 cum
3320 3194 3388 3227 “9
3420 3194 3673 3262 legerem,
3701 3197 3779 3251 in-

2186 3278 2367 3333 quam,
2413 3265 2462 3317 in
2484 3266 2585 3319 hoc
2615 3264 2863 3335 Cyprlani
2907 3263 3023 3319 loco
3054 3279 3305 3335 sponsam
3334 3264 3533 3318 Christi
3564 3265 3776 3321 adulte-

2181 3335 2288 3387 rari
2319 3351 2422 3388 non
2452 3350 2639 3401 posse.
2664 3334 2922 3402 ipsosque
2965 3335 3121 3388 etiam
3156 3334 3426 3389 Romanos
3456 3335 3773 3400 Pontiﬁces,

2180 3404 2507 3459 Bonifacium
2547 3406 2699 3458 istius
2730 3405 2960 3475 nominis
2994 3406 3245 3472 primum,
3275 3404 3509 3461 Leonem
3560 3420 3772 3475 quoque

2179 3476 2335 3529 istius
2380 3477 2612 3531 nominis
2666 3475 2893 3537 primum
2952 3474 3002 3527 in
3051 3476 3282 3542 Epistula
3325 3476 3394 3529 ad
3434 3474 3727 3531 Anatolium
3757 3518 3771 3543 ,

2178 3545 2412 3601 Leonem
2449 3546 2527 3601 IX
2585 3546 2636 3601 in
2671 3544 2907 3613 Epistula
2936 3545 3004 3599 ad
3031 3545 3308 3605 Robertum
3343 3547 3570 3602 abbatem
3601 3546 3776 3601 Castu-

2179 3614 2276 3670 Dei
2312 3618 2361 3672 itt
2394 3616 2671 3681 Arvernis,
2699 3615 3065 3673 Alexandrum
3096 3615 3191 3681 III,
3227 3618 3279 3679 in
3308 3617 3544 3686 Epistula
3576 3618 3643 3670 ad
3672 3617 3775 3672 Bo—

2179 3689 2443 3743 nonienses
2464 3729 2476 3749 .
2521 3687 2773 3743 temulum
2800 3686 3293 3756 ejusOctavianum
3324 3684 3374 3741 in
3406 3684 3640 3756 Epistola
3671 3704 3771 3743 eu-

2178 3759 2377 3827 cyrlica
2408 3759 2470 3811 de
2495 3757 2755 3812 Electioue
2779 3773 2893 3821 sua,
2923 3755 3290 3827 Innocentium
3311 3758 3411 3822 III,
3443 3755 3494 3812 in
3528 3757 3770 3825 plurimis

2178 3825 2431 3898 Epistolis
2462 3830 2594 3893 suis,
2626 3828 2921 3883 Honorium
2975 3825 3143 3898 III_in
3200 3827 3552 3898 Epistoladad
3602 3844 3771 3898 regem

2180 3897 2634 3967 Portugalensem,
2664 3898 2994 3953 Clementem
3030 3896 3065 3951 V
3085 3897 3174 3967 Litt
3197 3898 3421 3953 concilio
3450 3896 3766 3967 Viennensi,

2178 3966 2488 4024 Cardinales
2530 3968 2597 4022 ad
2647 3970 3039 4038 imperatorem
3082 3966 3415 4031 Fridericum
3445 3966 3764 4038 scribentes,

2178 4038 2317 4111 apud
2364 4039 2645 4095 Baronium
2697 4038 2978 4111 an.ll59,
3021 4037 3050 4111 §
3091 4054 3255 4106 Lxut,
3302 4050 3356 4099 et
3396 4041 3531 4096 alios
3577 4037 3770 4098 vocare

2181 4109 2479 4165 Ecclesium
2511 4111 2668 4169 unius
2715 4109 2810 4165 viri
2840 4109 3039 4165 ChriSIi
3067 4125 3354 4180 sponsam,
3384 4111 3655 4169 Christum
3684 4131 3773 4169 vo-

2179 4196 2297 4253 rum
2324 4189 2377 4235 et
2407 4180 2620 4236 unicmn
2653 4191 2851 4236 sancta!
2876 4179 3132 4238 Ecclesia:
3173 4197 3466 4251 Sponsum,
3520 4185 3770 4253 putabam

2180 4251 2305 4307 hinc
2328 4253 2503 4322 colligi
2546 4268 2651 4307 non
2685 4253 2952 4308 immerito
2981 4268 3137 4321 posse
3164 4253 3460 4310 Ecclesium
3492 4251 3610 4309 esse
3655 4257 3775 4309 uni-

2181 4325 2382 4386 viram,
2430 4324 2507 4378 uti
2547 4323 2746 4377 dictum
2771 4338 2802 4377 a
2832 4339 2917 4379 me
2947 4334 3028 4378 est
3057 4325 3185 4379 olim
3239 4325 3290 4379 in
3334 4324 3484 4394 Notis
3524 4325 3774 4394 adsAgo-

2182 4394 2417 4448 bardum.
2453 4394 2709 4455 Videbam
2737 4404 2993 4464 prmtereo
3030 4409 3146 4450 eam
3168 4435 3186 4460 ,
3219 4410 3380 4461 quam
3413 4393 3771 4464 'I‘crtullianus

2182 4466 2235 4523 in
2260 4466 2376 4534 ipso
2405 4465 2556 4520 initio
2587 4466 2705 4520 libri
2742 4463 2811 4519 ad
2858 4464 3116 4534 Martyras
3151 4473 3305 4518 vocat
3342 4463 3611 4518 dominam
3658 4481 3771 4521 nia-

2184 4533 2319 4591 trem
2344 4536 2659 4600 Ecclesium,
2694 4547 2931 4591 vocatam
2956 4533 3119 4589 fuisse
3160 4544 3385 4590 matrem
3414 4543 3467 4587 et
3495 4533 3767 4590 dominam

2185 4606 2424 4671 Iiomauij
2452 4608 2728 4661 Pontiﬁcis
2757 4622 2782 4657 a
2814 4605 3054 4665 Paschali
3094 4601 3183 4669 Il,
3219 4605 3270 4665 in
3297 4604 3526 4660 concilio
3554 4604 3773 4660 Latera-

2186 4679 2336 4732 nensi
2368 4686 2474 4746 et.a
2505 4677 2779 4735 Clemente
2802 4677 2865 4739 V,
2894 4676 2945 4737 in
2982 4676 3211 4729 concilio
3256 4675 3563 4731 Viennensi.
3609 4674 3769 4733 Unde

2187 4759 2350 4812 recte,
2386 4759 2439 4800 ut
2472 4748 2602 4804 mihi
2636 4748 2930 4813 videbatur,
2965 4746 3279 4815 colligebam
3309 4746 3585 4818 illamnon
3616 4763 3774 4818 posse

2187 4834 2310 4875 esse
2356 4835 2607 4888 sponsam
2636 4819 2751 4885 eius
2780 4817 2933 4883 cujus
2983 4826 3153 4870 mater
3182 4826 3323 4872 esset
3347 4828 3399 4872 et
3440 4817 3670 4873 domina.
3706 4818 3772 4875 Et

2189 4900 2364 4945 tamen
2390 4887 2596 4945 inventi
2624 4898 2748 4943 Sunt
2786 4898 2994 4959 postea,
3023 4890 3108 4957 qui
3147 4887 3389 4951 dicerent
3410 4888 3607 4959 Papam
3634 4904 3771 4959 quo-

2188 4977 2292 5030 que
2319 4976 2440 5016 esse
2478 4975 2730 5030 sponsum
2764 4958 3049 5025 Ecclesiae,
3099 4975 3221 5030 non,
3256 4961 3426 5019 solum
3478 4958 3770 5027 Romamn,

2189 5029 2328 5101 Quod
2357 5042 2439 5085 est
2467 5041 2614 5101 extra
2639 5031 3088 5095 controversiam,
3134 5029 3227 5087 sed
3269 5032 3429 5101 etiam
3473 5033 3633 5085 totius
3674 5047 3773 5101 seu
3816 5087 3827 5093 ,

2189 5098 2506 5158 universalis
2549 5100 2824 5155 Ecclesim.
2859 5102 3009 5166 Quod
3040 5102 3274 5156 sensisse
3303 5098 3618 5171 Gregorium
3670 5100 3772 5155 Pa-

2182 5189 2307 5243 pam
2339 5171 2409 5236 X,
2438 5173 2679 5242 quuetex
2702 5172 2932 5227 decretis
2962 5173 3078 5243 ejus
3106 5171 3344 5243 editiiin
3368 5173 3606 5243 concilio
3631 5172 3770 5241 Lng-

2182 5239 2434 5299 dunensi.
2466 5239 2654 5297 Postea
2684 5243 2921 5298 Joannes
2956 5242 3196 5298 Monachi
3241 5239 3536 5303 Cardinalis
3567 5244 3618 5298 iu
3647 5239 3767 5313 cap.

2180 5314 2369 5369 Felicis
2391 5315 2457 5369 de
2488 5315 2666 5370 Pmois
2698 5316 2749 5368 in
2791 5316 2953 5369 Sexto
2974 5354 2989 5379 ,
3041 5329 3161 5367 cum
3192 5313 3412 5367 dixisset
3449 5329 3605 5369 unam
3648 5329 3769 5369 esse

2183 5386 2496 5451 Ecclesium,
2524 5396 2672 5440 extra
2701 5400 2856 5452 quam
2890 5386 3062 5439 nullus
3089 5383 3343 5449 salvator,
3370 5383 3545 5437 statim
3570 5383 3716 5439 addit
3746 5401 3760 5438 :

2179 5455 2248 5509 Et
2293 5456 2437 5510 istius
2476 5466 2548 5510 est
2590 5471 2803 5524 sponsus
2835 5454 2998 5522 Papa.
3036 5452 3237 5509 Deinde
3263 5453 3495 5511 Joannes
3533 5454 3764 5510 Andron:

2179 5530 2230 5581 in
2258 5542 2393 5593 cap:
2430 5525 2528 5580 Pia
2573 5525 2973 5578 consideratione
3002 5524 3413 5589 deExcessibus
3464 5526 3514 5583 in
3564 5528 3757 5591 Sexto,

2173 5600 2249 5651 ait
2299 5597 2494 5665 Papam
2538 5612 2657 5665 Βδερξ
2706 5596 3008 5665 generalem
3050 5610 3302 5665 sponsum
3336 5595 3614 5650 Ecclesiae.
3648 5596 3760 5653 Eu-

2206 5663 2547 5735 eniusl’apa
2590 5664 2680 5729 IV,
2718 5663 2969 5721 scribens
3010 5665 3074 5727 ad
3121 5663 3370 5719 Carolmn
3427 5665 3532 5732 VII,
3579 5682 3759 5735 regem

2216 5754 2495 5793 rinteornm
2536 5736 2675 5807 apud
2716 5736 3002 5809 Odor-lcum
3041 5735 3491 5809 Ilayualduman.
3526 5739 3684 5800 “Z7,
3726 5737 3755 5809 ᾗ

2174 5825 2317 5877 xxrv,
2353 5812 2426 5869 ait
2463 5825 2523 5867 se
2551 5806 2672 5866 esse
2704 5825 2886 5864 verum
2918 5806 3183 5867 Vicarium
3209 5806 3335 5864 Jesu
3366 5808 3560 5875 Christi
3583 5806 3749 5879 atque
