4302 6296
306 1236 403 1357 7

488 380 597 439 505

1887 369 2027 428 DIVI
2062 368 2389 427 CYPBIANI

3684 362 3799 426 5M:

485 487 593 543 culi
623 487 963 545 sanctitatem
993 490 1141 542 casto
1165 483 1372 558 pudore
1407 469 1661 541 custodii.
1689 484 1819 543 Haec
1849 499 1946 541 nos
1974 483 2086 540 Deo
2111 483 2166 544 Α
2190 479 2349 536 Pater
2384 496 2543 535 unum
2580 484 2756 537 sumus
2787 479 2967 552 (Joan.
2997 493 3051 547 x,
3085 478 3197 552 50).
3238 477 3303 534 Et
3330 478 3522 535 iterum
3537 478 3605 535 de
3630 480 3793 538 Patre

486 590 686 645 servat,
712 578 825 635 haec
848 580 983 634 tilios
1005 592 1171 650 regno
1193 591 1329 648 quos
1352 577 1628 648 generavit
1651 578 1901 648 assignat.
1929 575 2081 644 Quis-

484 672 604 743 quis
615 671 684 726 ab
708 670 945 726 Ecclesia
970 677 1305 741 segregatus,
1331 669 1584 724 adultera:
1605 668 1863 739 jungitur,
1900 682 1929 721 a
1955 680 2084 738 pro-

484 763 666 817 missis
705 761 961 817 Ecclesia:
1001 770 1318 832 separatur:
1353 776 1455 817 nec
1477 760 1753 831 perveniet
1793 760 1859 814 ad
1890 758 2087 815 Christi

482 853 729 925 praemia,
751 854 838 924 qui
876 853 1127 924 relinquit
1156 853 1451 909 Ecclesiam
1483 851 1701 908 Christi.
1735 851 1956 907 Alienus
1983 857 2086 917 est,

484 944 759 1015 profanus
793 954 896 1011 est,
944 946 1114 1002 hostis
1168 955 1274 1001 est.
1322 945 1531 1001 Habere
1585 944 1696 1014 jam
1747 958 1854 998 non
1914 950 2089 1012 potest

486 1037 658 1093 Deum
690 1046 916 1108 patrem,
948 1040 1035 1109 qui
1071 1038 1367 1095 Ecclesiam
1404 1053 1512 1093 non
1550 1036 1711 1092 habet
1740 1028 1987 1090 matrem.
2032 1033 2087 1089 Si

420 1180 449 1215 Ι.
481 1129 659 1199 potuit
687 1129 916 1185 evadere
945 1132 1224 1201 quisquam
1289 1130 1379 1201 qui
1410 1136 1558 1185 extra
1597 1142 1775 1215 arcam
1808 1127 1921 1183 Noe
1963 1124 2081 1194 fuit,

484 1229 540 1277 et
560 1220 648 1291 qui
665 1230 813 1276 extra
839 1221 1131 1277 Ecclesiam
1154 1221 1283 1277 foris
1312 1231 1337 1258 ιι
1364 1221 1526 1277 fuerit
1554 1219 1749 1291 evadit.
1784 1219 1963 1274 Monet
1984 1219 2089 1273 Do-

483 1313 663 1368 minus
689 1322 741 1368 et
779 1313 909 1369 dicit
943 1331 955 1366 :
993 1313 1094 1379 Qui
1121 1331 1223 1368 non
1249 1322 1322 1368 est
1352 1329 1569 1379 mecum,
1597 1295 1837 1367 adhersus
1867 1327 1947 1365 me
1974 1320 2087 1378 est;

484 1414 532 1459 et
570 1407 656 1476 qui
700 1422 801 1459 non
840 1422 1035 1460 mecum
1079 1406 1291 1477 colligit,
1340 1407 1533 1476 spargit
1590 1403 1804 1477 (Matth.
1842 1418 1936 1467 xu,
1966 1400 2082 1475 30).

484 1496 585 1565 Qui
629 1512 814 1567 pacem
863 1496 1059 1553 Christi
1089 1507 1145 1553 et
1196 1498 1537 1553 concordiam
1566 1497 1788 1566 rumpit,
1833 1495 2090 1551 adversus

484 1586 757 1642 Christum
806 1586 948 1643 facit.
993 1588 1094 1657 Qui
1142 1587 1269 1643 alibi
1310 1596 1509 1659 praeter
1552 1586 1848 1645 Ecclesium
1888 1586 2087 1657 colligit

485 1678 685 1735 Christi
734 1679 1030 1737 Ecclesium
1074 1681 1293 1753 spargit.
1352 1680 1487 1736 Dicit
1532 1680 1788 1737 Dominus
1827 1699 1839 1734 :
1886 1678 1996 1751 Ego
2040 1688 2087 1734 et

2168 583 2243 631 .et
2266 575 2403 630 Filio
2428 583 2482 630 et
2511 574 2711 641 Spiritu
2741 573 2809 607 ¹⁹⁶
2836 580 3024 628 sancto
3066 572 3324 642 scriptum
3357 579 3440 627 est
3468 588 3482 625 :
3516 569 3585 625 Et
3611 572 3663 626 hi
3690 582 3792 628 tres

2188 684 2345 722 unum
2382 676 2498 722 sunt
2550 666 2771 737 (lJoan.
2808 682 2864 730 v,
2917 663 2994 736 7).
3047 664 3115 719 Et
3149 664 3428 735 quisquam
3456 662 3628 720 credit
3652 663 3793 721 hanc

2189 759 2449 813 unitatem
2498 757 2565 812 de
2593 757 2772 811 divina
2802 755 3051 811 firmitate
3081 756 3407 822 venientem,
3436 756 3791 813 sacramentis

2191 849 2502 908 coelestibus
2533 848 2915 915 cohaerentem,
2944 846 3114 903 scindi
3162 846 3216 903 in
3258 846 3498 902 Ecclesia
3544 861 3703 917 posse
3739 857 3795 904 et

2191 943 2520 999 voluntatum
2543 940 2909 997 collidentium
2927 939 3157 995 divortio
3177 940 3451 1011 separari?
3491 939 3641 995 Hanc
3668 943 3790 995 uni.

2194 1044 2357 1092 tatem
2384 1034 2474 1106 qui
2502 1050 2607 1089 non
2637 1041 2805 1100 tenet,
2835 1033 2929 1087 Dei
2964 1033 3134 1103 legem
3165 1048 3270 1086 non
3299 1039 3468 1099 tenet,
3499 1046 3603 1086 non
3646 1039 3797 1088 tenet

2191 1128 2365 1185 Patris
2391 1138 2444 1183 et
2466 1127 2586 1182 Filii
2615 1126 2797 1193 tidem,
2829 1127 2988 1180 vitam
3018 1140 3124 1180 non
3156 1132 3301 1180 tenet
3326 1133 3382 1180 et
3405 1124 3630 1179 salutem
3653 1123 3705 1180 δ.
3792 1154 3797 1163 ι

2264 1220 2373 1276 Vll.
2413 1219 2525 1275 Hoc
2553 1219 2772 1274 unitatis
2797 1228 3209 1283 sacramentum,
3243 1216 3344 1272 hoc
3368 1216 3638 1272 vinculum
3666 1230 3797 1272 con-
3851 1270 3860 1278 ,

2192 1314 2391 1370 cordiae
2422 1312 2857 1386 inseparabiliter
2891 1312 3214 1368 coluerentis
3243 1310 3546 1384 ostenditpr
3580 1310 3796 1381 quando

2195 1409 2247 1463 in
2290 1407 2580 1478 Evangelio
2608 1405 2783 1460 tunica
2829 1402 3039 1459 Domini
3076 1402 3203 1458 Jesu
3230 1401 3430 1457 Christi
3458 1417 3563 1457 non
3597 1401 3796 1456 dividi-

2196 1509 2282 1555 tur
2301 1499 2523 1555 omnino
2548 1513 2648 1554 nec
2693 1496 2975 1562 scinditur,
3016 1496 3112 1551 sed
3153 1494 3503 1551 sortientibus
3536 1494 3605 1550 de
3647 1504 3798 1550 veste

2192 1592 2389 1648 Christi
2407 1592 2527 1662 quis
2547 1589 2817 1646 Christum
2837 1600 2859 1627 ο
2886 1588 3152 1653 indueret,
3177 1588 3381 1657 integra
3406 1586 3573 1641 vestis
3592 1585 3796 1654 accipi-

2192 1694 2302 1753 tur,
2335 1694 2389 1742 et
2407 1685 2715 1756 incorrupta
2735 1695 2896 1755 atque
2912 1682 3138 1738 indivisa
3155 1680 3329 1737 tunica
3355 1680 3672 1752 possidetur.
3693 1679 3799 1734 Lo-

1723 1795 2101 1855 LECTIONES
2136 1798 2548 1857 VARIANTES.

552 1911 580 1940 ⁸
614 1909 848 1959 Ecclesiae
871 1907 1004 1959 fores
1043 1906 1167 1959 Tim.
1732 1937 1737 1941 η

548 1969 578 2007 ι)
611 1971 886 2021 Veritatem
911 1985 1007 2019 non
1032 1977 1173 2021 tenet
1193 1970 1251 2019 ad
1271 1969 1479 2021 salutem
1501 1971 1658 2020 Oxon.
1681 1972 1820 2021 Pem.
1845 1972 1934 2021 Ar.
1960 1970 2088 2023 Bod.

487 2034 539 2085 2.
562 2033 1006 2102 Lagi._Ebor._NC.
1035 2035 1091 2102 t._
1106 2032 1210 2082 Nec
1232 2034 1442 2102 salutem
1471 2036 1609 2085 Voss.
1634 2034 1699 2102 ᾇτ’

555 2099 578 2126 ο
616 2095 785 2147 Potius
807 2096 1040 2146 indueret
1060 2096 1143 2147 Ita
1163 2099 1274 2146 vett.
1323 2094 1438 2145 edd.
1481 2102 1525 2147 et
1560 2093 1699 2146 multi
1722 2093 1870 2146 codd.
1921 2094 2094 2146 Baluz.

2119 1914 2169 1974 B
2197 1912 2359 1981 potius
2606 1910 2689 1981 id
2735 1907 3211 1981 veromretinendum,
3249 1906 3408 1979 inquit
3442 1906 3571 1981 Lips.
3618 1907 3790 1971 editor,

2199 1968 2425 2045 quoniam
2446 1972 2513 2024 ita
2533 1970 2710 2045 optime
2729 1969 3053 2037 signiﬁcatur,
3067 1970 3132 2045 in
3153 1968 3249 2037 quo
3276 1968 3432 2024 cumis
3472 1968 3618 2035 hujus
3641 1968 3794 2037 arth
3864 2000 3869 2003 η

2152 2042 2157 2043 ⁷
2198 2033 2430 2086 mentiris
2452 2033 2609 2100 posita
2623 2041 2708 2087 est.

1726 2177 1973 2235 STEPH.
2015 2178 2284 2236 BALUZII
2322 2179 2555 2237 NOTAE.

493 2297 710 2353 unicum
738 2294 991 2350 Ecclesia:
1043 2307 1154 2348 sua:
1188 2307 1467 2363 sponsum.
1510 2291 1757 2363 IEgidius
1804 2293 2092 2348 cardinalis

494 2367 851 2422 Viterbiensis
895 2367 947 2419 in
976 2365 1218 2420 oratione
1253 2363 1320 2419 ad
1354 2363 1553 2419 Julium
1605 2378 1793 2434 papam
1839 2363 1881 2417 Il
1914 2363 2090 2418 habita

492 2441 550 2496 in
596 2438 822 2493 concilio
852 2435 1203 2491 Lateranensi
1259 2450 1402 2490 anno
1439 2433 1616 2500 l5“,
1653 2433 1684 2487 v
1730 2433 1865 2489 Non.
1919 2434 2040 2489 Maii
2074 2453 2088 2490 :

490 2508 859 2582 Appellogergg
900 2518 966 2574 te,
993 2506 1123 2582 Juli,
1155 2507 1383 2578 pontifex
1434 2507 1674 2582 maxime.
1712 2504 2092 2582 Summus_ille

493 2576 986 2651 te'appellat'Deus,
1029 2581 1115 2647 qui
1151 2576 1305 2651 suam
1325 2587 1372 2631 te
1420 2593 1589 2647 gerere
1632 2578 1686 2630 in
1734 2577 1882 2630 terris
1926 2576 2093 2651 uicem

492 2647 672 2716 uoluit,
702 2652 842 2717 quia
869 2660 1007 2703 tanto
1033 2649 1339 2718 iampridem
1387 2657 1568 2705 senatu
1611 2656 1657 2701 te
1703 2663 1863 2702 unum
1902 2647 2086 2716 delegit

493 2725 581 2796 qui
611 2737 808 2796 nouunt
821 2737 987 2796 usque
1017 2721 1071 2796 in
1097 2736 1287 2796 annum
1326 2718 1570 2796 Ecgfesiag
1608 2727 2087 2796 sumis-sponsum

495 2789 742 2866 defendit.
778 2791 1155 2866 SicOdoricus
1212 2790 1517 2866 annaldus
1559 2791 1610 2866 i_n
1660 2790 1882 2866 epistola
1930 2789 2085 2866 dedi-7

497 2859 699 2922 ca'toria
750 2864 877 2933 loud
921 2878 1013 2917 xm
1070 2859 1346 2916 Annalium
1384 2859 1861 2933 Ecclesiasticorum
1900 2860 1967 2915 ad
1997 2860 2085 2915 ln-

494 2932 805 2992 nocentium
850 2934 919 3002 Χ,
954 2934 1029 2987 ait
1070 2933 1365 2989 Ecclesiam
1395 2941 1509 2986 toto
1531 2935 1663 2987 orbe
1689 2931 1935 2987 diffusam
1964 2947 2086 2988 esse

493 3009 640 3063 illius
657 3021 930 3076 sponsam.
961 3003 1108 3061 Vidit
1125 3004 1429 3061 Alexander
1443 3019 1475 3059 a
1495 3003 1667 3059 Turre
1689 3019 1933 3076 magnam
1964 3019 2085 3059 esse

494 3080 550 3135 in
579 3096 640 3134 ea
667 3075 727 3132 re
753 3075 1152 3143 difficultatem,
1186 3092 1433 3148 magnum
1479 3075 1805 3145 periculum,
1849 3077 1893 3129 si
1940 3076 2084 3130 dice-

495 3160 646 3207 retur
670 3148 965 3205 Ecclesiam
996 3163 1101 3204 non
1124 3163 1244 3204 esse
1270 3149 1554 3210 univiram,
1583 3148 1709 3204 item
1732 3148 1779 3201 si
1800 3156 2084 3215 negaretur

497 3222 696 3290 Papam
745 3236 865 3274 esse
906 3235 1164 3289 sponsum
1221 3220 1475 3275 Ecclesiae
1517 3219 1853 3290 universalis.
1900 3216 2085 3287 Itaque
2109 3216 2154 3279 C
2187 3216 2446 3290 adverSus
2479 3219 2859 3290 imperatorem
2894 3219 3262 3286 Fridericum,
3310 3231 3365 3275 ut

496 3289 619 3346 cum
645 3293 697 3346 in
720 3292 951 3362 lihrotv,
970 3306 1087 3359 cap.
1113 3290 1201 3362 14,
1227 3292 1289 3344 de
1310 3289 1523 3362 fulgenti
1568 3290 1714 3362 radio
1736 3289 2084 3344 ecclesiastica:

499 3362 821 3416 Hieran/tia:
842 3358 1067 3416 dixisset
1100 3358 1524 3416 Christurn'esse
1548 3361 1762 3415 unicum
1803 3374 1866 3414 ac
1895 3361 2081 3430 singu-

495 3434 664 3488 larem
696 3432 950 3487 Ecclesia:
977 3447 1264 3501 sponsum,
1301 3431 1444 3503 quod
1473 3446 1593 3486 esse
1627 3431 1836 3485 videtur
1864 3432 2083 3486 verissi-

498 3520 668 3569 mum,
694 3504 852 3557 vellet
875 3511 1051 3558 tamen
1073 3504 1268 3571 Papam
1291 3517 1523 3573 quoque,
1561 3517 1719 3573 quem
1746 3510 1903 3557 vocat
1930 3517 2083 3557 oecu-

497 3576 768 3630 menicum
800 3572 1053 3630 Ecclesia:
1094 3572 1438 3644 episcopum,
1471 3589 1591 3628 esse
1633 3573 1793 3627 etiam
1823 3586 2083 3643 sponsum

496 3646 758 3701 Ecclesia:
786 3646 1102 3701 universalis
1123 3687 1139 3711 ,
1170 3645 1409 3715 confugit
1444 3644 1512 3699 ad
1537 3644 1894 3715 sophistarum
1921 3658 2081 3711 argu-

496 3720 601 3772 tias
630 3727 684 3771 et
712 3716 1065 3778 subtilitates,
1093 3725 1147 3772 et
1190 3732 1271 3775 ex,
1307 3729 1469 3771 sensu
1511 3716 1722 3771 illorum
1769 3715 1904 3770 dixit
1948 3715 2084 3770 duos

497 3803 619 3845 esse
658 3802 884 3855 sponsos
931 3787 1225 3853 Ecclesiae,
1277 3802 1441 3842 unum
1491 3786 1846 3853 invisibilem,
1893 3786 1947 3841 id
2000 3795 2085 3842 est

496 3858 793 3924 Christum,
821 3871 875 3915 et
903 3860 1065 3914 alium
1087 3858 1370 3920 visibilem,
1413 3858 1464 3913 id
1495 3866 1577 3913 est
1594 3858 1817 3927 Papam.
1842 3858 1959 3926 Quo
2002 3859 2085 3912 ni-

436 3930 446 3939 ’
497 3929 577 3985 hil
599 3930 720 3999 tingi
745 3940 918 3998 potest
957 3930 1207 3998 ineptius.
1240 3929 1378 3997 Quid
1409 3929 1550 3984 enim
1581 3929 1707 3999 tingi
1735 3938 1910 3999 potest
1935 3932 2084 3999 inep—

497 4003 606 4055 tius
637 4017 791 4070 quam
819 4001 999 4055 dicere
1026 4000 1308 4056 mulierem
1342 4000 1550 4055 duobus
1581 4001 1712 4069 viris
1738 4015 1859 4055 esse
1898 4001 2082 4055 matri-

499 4072 682 4125 monio
714 4071 999 4141 junctam,
1058 4072 1148 4126 uni
1200 4087 1357 4136 vero,
1413 4072 1569 4126 alteri
1632 4070 1964 4141 imaginario.
2014 4070 2085 4126 Et

497 4151 677 4196 tamen
709 4140 1080 4205 Bellarminus,
1106 4142 1197 4197 lib.
1228 4159 1291 4207 tt,
1317 4157 1436 4212 cap.
1464 4143 1555 4207 51,
1589 4142 1652 4196 de
1680 4140 1913 4195 Romano
1940 4140 2083 4196 Pon-

499 4213 653 4281 tiﬁce,
686 4227 848 4267 ausus
869 4222 951 4266 est
977 4214 1048 4268 ita
1073 4214 1413 4279 existimare,
1439 4214 1683 4282 inquiens
1708 4213 1857 4267 illum
1881 4214 1951 4267 ita
1975 4213 2084 4269 dici

499 4297 757 4352 Sponsum
789 4284 1047 4339 Ecclesia:
1074 4284 1192 4338 loco
1218 4284 1417 4339 Christi
1448 4292 1506 4338 ut
1529 4283 1727 4339 Christi
1754 4284 2011 4341 vicarium
2030 4294 2087 4339 et

499 4353 824 4424 ministrum.
860 4354 974 4409 Non
1004 4356 1141 4410 bene
1171 4355 1409 4424 profecto
1438 4363 1719 4411 merentur
1742 4354 1811 4409 de
1839 4355 2084 4410 Romano

497 4423 757 4480 Pontifice
787 4426 877 4496 qui
914 4441 1079 4480 vanas
1124 4423 1243 4482 illas
1266 4435 1321 4481 et
1348 4425 1525 4481 futiles
1550 4426 1831 4495 opiniones
1860 4426 2085 4480 comntio

497 4495 813 4551 niseuntur.’
849 4495 1145 4561 Contentus
1167 4506 1251 4553 est
1278 4497 1363 4552 ille
1388 4512 1485 4552 sna
1513 4511 1761 4566 suprema
1791 4496 2081 4568 dignitate,

496 4581 599 4636 qua
642 4568 788 4622 nulla
813 4569 1100 4633 excelsior,
1125 4568 1471 4624 excellentior
1488 4610 1501 4632 ,
1544 4568 1864 4622 eminentior
1883 4609 1899 4634 ,
1924 4576 2086 4637 atque

496 4610 777 4693 s'ublimior
803 4648 886 4693 est
931 4639 984 4693 in
1028 4610 1159 4693 or’be
1180 4610 1501 4706 terrarum,’
1524 4639 1610 4693 cui
1656 4638 1798 4692 nulla
1847 4610 2085 4706 pbtes‘tas
2108 4610 2164 4670 D

502 4710 701 4778 aequari
736 4719 943 4776 potest,
991 4719 1048 4764 ut
1072 4709 1145 4763 ait
1184 4710 1309 4765 Pius
1336 4725 1469 4780 papa
1499 4708 1546 4763 ll
1582 4708 1657 4780 ad
1692 4706 1942 4763 Carolum
1996 4708 2085 4765 νη

495 4793 686 4851 regem
708 4780 1040 4851 Francorum
1068 4780 1311 4835 scribens
1336 4778 1474 4851 apud
1505 4779 1754 4833 Bzovium
1793 4794 1881 4833 an.
1918 4780 2080 4851 Mb‘i,
2126 4778 2136 4787 ’

500 4848 529 4920 §
561 4848 633 4904 ix.
656 4849 901 4906 Christus
929 4860 1011 4907 est
1034 4865 1265 4920 sponsus
1284 4892 1298 4914 ,
1327 4848 1565 4906 Ecclesia
1592 4865 1786 4919 sponsa
1804 4891 1818 4911 ,
1845 4850 2083 4919 pontifex

495 4920 774 4991 Romanus
802 4922 1008 4977 amicus
1036 4923 1240 4991 sponsi.
1296 4923 1426 4977 Eam
1470 4920 1715 4975 Christus
1759 4934 2082 4977 ascensurus

496 4990 553 5063 in
584 4992 799 5059 oculum,
833 5005 889 5047 ut
926 4993 1001 5047 ait
1037 4990 1255 5047 sanctus
1284 4994 1645 5063 Augustinus,
1686 4992 2082 5048 commendavit

496 5062 774 5133 discipulis
801 5065 947 5130 suis,
998 5078 1105 5118 non
1135 5072 1193 5117 ut
1229 5062 1630 5133 amet’aliqueni
1680 5063 1952 5131 ipserum,
1984 5065 2080 5120 sed
2116 5108 2121 5115 .

452 5132 670 5203 ipsum
730 5144 1000 5205 tamquam
1053 5149 1343 5202 sponsum,
1399 5132 1518 5188 illos
1576 5144 1842 5203 tamquam
1897 5136 2079 5205 sponsi

498 5205 721 5261 amicos.
752 5206 1019 5261 Praeclare
1042 5221 1170 5274 ergo
1190 5217 1406 5261 sanctus
1436 5206 1736 5259 Bernardus
1768 5205 1818 5258 in
1848 5205 2079 5276 Epistola

497 5289 644 5341 CXCI,
676 5277 727 5330 in
755 5277 992 5332 editione
1016 5276 1303 5330 Maliillonii
1331 5276 1572 5331 scribens
1620 5276 1836 5329 nomine
1866 5276 2081 5345 episco-

495 5361 686 5415 porum
713 5348 778 5402 ad
807 5347 1173 5402 Innocentium
1203 5349 1533 5417 papanrait:
1578 5345 1686 5399 'I‘ibi
1715 5348 1980 5400 commissa
2007 5356 2083 5401 est

490 5434 681 5484 sponsa
709 5418 932 5485 Christi,
965 5420 1126 5472 amice
1149 5416 1344 5483 sponsi.
1397 5416 1563 5471 Tuum
1611 5425 1682 5470 est
1730 5417 1958 5471 eamdem
1996 5419 2085 5472 uni

491 5490 599 5542 viro
621 5489 867 5560 virginem
893 5500 1085 5544 castam
1101 5490 1335 5544 exhibere
1362 5489 1580 5544 Christo.
1614 5488 1756 5542 Idem
1787 5488 2081 5560 Eugenium

492 5559 813 5628 papam’lll,
856 5560 1062 5615 monuit
1105 5575 1213 5615 non
1293 5560 1490 5616 debere
1539 5560 1731 5625 illum,
1788 5560 1831 5613 si
1879 5559 2083 5615 amicus

493 5629 677 5699 Spousi
705 5640 868 5699 esset,
896 5647 1088 5687 vocare
1119 5631 1412 5686 Ecclesiam
1449 5630 1742 5700 principem
1769 5644 1918 5684 suam
1941 5672 1956 5696 ,
1982 5630 2080 5685 sed

494 5701 817 5774 principem,
847 5702 1365 5774 sicutHieronytnus
1392 5700 1776 5774 Eustochium,
1818 5716 1937 5770 qua:
1976 5701 2082 5755 vir-

494 5772 772 5843 ginitatem
795 5788 946 5829 suam
972 5773 1186 5829 Christo
1214 5771 1515 5836 dicaverat,
1548 5771 1773 5843 ideouait
1796 5785 1859 5843 se
1883 5786 2080 5827 vocare
2106 5828 2117 5843 ,

494 5842 785 5912 dominam,
818 5846 1014 5914 quippe
1032 5856 1286 5915 sponsam
1310 5842 1513 5900 domini
1534 5842 1633 5900 sui.
1661 5841 1911 5912 Virgines
1931 5843 2076 5899 enim

2196 2309 2317 2365 qua:
2362 2310 2422 2350 se
2461 2292 2676 2350 Christo
2717 2303 3103 2351 consecrarunt
3131 2294 3371 2352 Ecclesia
3418 2311 3611 2354 vocare
3652 2300 3792 2356 solet

2199 2380 2427 2435 sponsas
2447 2367 2666 2432 Christi,
2695 2376 2754 2422 ut
2787 2368 2949 2422 etiam
2971 2368 3099 2422 olim
3126 2367 3394 2423 scribebat
3416 2378 3633 2424 sanctus
3660 2370 3789 2425 Ful-

2194 2438 2407 2511 gentius
2435 2439 2722 2511 episcopus
2749 2439 3040 2511 Ruspensis
3087 2437 3153 2493 ad
3204 2438 3435 2511 Probam
3489 2440 3557 2496 de
3608 2441 3785 2511 Virgi-

2196 2508 2363 2581 nitate
2404 2526 2421 2581 ξ
2470 2508 2616 2581 Unus
2656 2510 2881 2581 omnium
2927 2525 3190 2581 sacrarunt
3244 2510 3497 2581 virginum
3546 2508 3781 2581 sponsus.

2197 2576 2517 2650 Eectissime
2575 2579 2918 2650 Innocentius
2944 2594 3079 2650 papa
3123 2578 3191 2634 Ill
3239 2581 3291 2634 in
3321 2576 3584 2637 sermone
3622 2599 3676 2637 Ill
3723 2583 3787 2639 de

2196 2647 2588 2704 Consecratione
2628 2649 2917 2719 Pontiﬁcis.
2946 2647 3072 2705 cum
3100 2650 3443 2706 disseruisset
3493 2653 3559 2707 de
3590 2654 3787 2710 unione

2192 2722 2564 2777 sacramentali
2590 2721 2787 2776 Christi
2815 2731 2870 2776 et
2890 2721 3176 2784 Ecclesia},
3210 2722 3277 2753 ⁸³η
3309 2721 3580 2778 Christum
3607 2734 3784 2780 autem

2190 2802 2439 2865 vocasset
2465 2806 2725 2862 sponsum
2745 2833 2761 2859 ,
2794 2806 2853 2847 se
2878 2802 3031 2847 vero'
3041 2791 3276 2865 dixisset
3305 2794 3534 2865 apricum
3563 2796 3782 2865 sponsi,

2193 2861 2470 2934 subjunxit
2503 2861 2567 2918 ’se
2604 2878 2724 2919 esse
2753 2878 3009 2934 sponsum
3037 2862 3293 2919 Romanae
3321 2861 3608 2921 Ecclesiae;
3632 2866 3787 2922 Addo

2189 2933 2644 3006 etiamhAlypium
2676 2943 2731 2991 et
2780 2933 3136 3006 Augustinum
3164 2936 3460 3006 scribentes
3503 2936 3570 2991 ad
3616 2936 3786 3005 Julia~

2190 3016 2312 3058 nam
2342 3003 2542 3060 diserte
2566 3019 2759 3061 vocare
2801 3005 3075 3062 Christum
3104 3006 3351 3062 universa:
3382 3005 3627 3062 Ecclesia:
3648 3003 3785 3063 uni-

2191 3089 2306 3146 cum
2345 3092 2610 3146 sponsum.

2262 3145 2325 3200 Si
2354 3145 2517 3217 potuit
2542 3147 2769 3202 evadere.
2803 3147 2919 3204 Hoc
2955 3149 3076 3204 loco
3127 3163 3253 3205 usus
3279 3158 3362 3205 est
3387 3149 3689 3205 Alexander
3716 3152 3784 3206 lll

2997 3223 3262 3293 drerieum,
3310 3231 3365 3275 ut
3408 3230 3553 3293 patet
3575 3238 3640 3277 ex
3665 3223 3782 3293 ejus

2191 3289 2332 3361 Actis
2361 3288 2501 3361 apud
2536 3289 2824 3344 Baronium
2851 3306 2939 3345 an.
2974 3292 3134 3357 1164,
3169 3291 3331 3361 53m.
3408 3288 3423 3293 ⁷
3610 3310 3613 3315 ν

2261 3360 2329 3414 Et
2349 3360 2401 3413 hi
2426 3372 2709 3433 tresiunum
2732 3370 2870 3417 sunt.
2888 3360 3034 3433 iVide
3062 3360 3341 3433 Erasmum
3370 3362 3423 3433 in
3451 3370 3609 3433 caput
3634 3364 3781 3433 quiu-

2189 3441 2300 3486 tum
2341 3432 2606 3500 Epistolm‘
2644 3434 2831 3499 primae
2878 3432 3126 3495 Joannis,
3161 3431 3324 3492 Netas
3372 3431 3662 3500 Anglorum
3712 3435 3779 3489 ad

2195 3503 2341 3558 hunc
2365 3503 2561 3568 locum,
2590 3511 2645 3557 et
2672 3502 3002 3558 Richardum
3024 3503 3297 3558 Simonem
3318 3502 3373 3557 in
3416 3502 3648 3557 Historia
3675 3507 3780 3560 cri-

2188 3577 2288 3628 tica
2328 3572 2465 3645 Novi
2502 3573 2812 3645 Testamenti
2839 3587 2968 3645 tom.
2996 3590 3034 3638 ι,
3057 3574 3301 3645 οθρη18,
3327 3588 3447 3645 pag.
3489 3574 3617 3630 212.
3653 3575 3782 3632 Vide

2192 3643 2800 3770 etiantzgtinerariumﬁ.
2849 3644 2909 3699 P.
2939 3644 3206 3700 Edmundi
3245 3643 3483 3702 Martene
3530 3656 3680 3717 parte
3707 3663 3801 3715 u,.

2192 3731 2309 3770 nae.
2418 3756 2431 3768 .

2225 3731 2309 3770 82.
2344 3731 2431 3770 Ἠ).

2188 3732 2576 3853 pagflliiouis
2605 3786 2883 3841 Christum.
2915 3786 3038 3843 Scio
3062 3787 3353 3843 Manutium
3378 3796 3435 3844 et
3483 3787 3616 3843 alios
3661 3800 3782 3858 post

2187 3874 2333 3924 eum,
2364 3875 2470 3941 uno
2496 3859 2737 3941 Mprellio
2763 3867 2990 3942 excepto
3007 3900 3032 3942 ,υ
3055 3861 3296 3941 posuisse
3313 3860 3481 3930 ipsam
3507 3858 3781 3942 prpChri-

2152 3950 2162 3956 ’
2187 3940 2342 3997 stum,
2370 3931 2448 3984 uti
2475 3929 2637 3985 etiam
2667 3944 2768 4000 ego
2794 3930 2898 3984 vidi
2928 3929 3186 3999 scriptum
3203 3931 3256 3984 in
3281 3929 3388 3985 uno
3412 3932 3577 3985 veteri
3612 3930 3778 3998 libro,

2187 4010 2244 4057 et
2271 4017 2383 4055 eam
2412 4001 2467 4055 in
2496 4000 2616 4055 aliis
2639 4000 2850 4056 duobus
2878 4003 3168 4056 veteribus.
3201 4004 3270 4056 At
3322 4015 3443 4071 ego,
3486 4001 3577 4069 qui
3626 4002 3782 4057 video

2190 4072 2355 4144 libros
2411 4081 2625 4127 nostros
2670 4081 2879 4126 veteres
2923 4088 3029 4144 xxv
3072 4080 3123 4126 et
3179 4083 3407 4144 quatuor
3454 4071 3780 4144 Anglicanos

2187 4141 2424 4213 itemque
2462 4157 2660 4199 omnes
2694 4153 2904 4197 veteres
2939 4141 3212 4199 editiones
3247 4143 3445 4197 habere
3487 4141 3775 4209 Christum,

2187 4214 2478 4268 arbitratus
2508 4228 2627 4267 sum
2655 4228 2773 4267 eam
2803 4213 3112 4278 lectionem,
3162 4229 3280 4284 qua:
3310 4214 3507 4269 bonum
3558 4228 3774 4269 sensum

2187 4286 2518 4340 constituere
2547 4294 2752 4353 potest,
2812 4299 2933 4339 esse
2960 4285 3316 4349 retinendam,
3360 4293 3419 4339 ut
3468 4298 3658 4340 sensus
3704 4288 3776 4339 sit

2188 4354 2424 4426 voluisse
2475 4352 2803 4426 Cyprianum
2856 4355 3037 4426 dicere
3088 4357 3309 4410 sortitos
3364 4355 3527 4410 fuisse
3583 4357 3780 4426 milites

2188 4427 2308 4493 quis
2336 4424 2610 4481 Christum
2641 4426 2905 4488 indueret,
2939 4425 2990 4480 id
3029 4436 3111 4480 est
3136 4434 3338 4481 vestem
3389 4441 3493 4495 qua
3535 4425 3779 4483 Christus

2190 4495 2366 4551 fuerat
2397 4497 2634 4560 indutus,
2665 4496 2959 4566 improprio
2988 4512 3121 4551 sane
3148 4512 3267 4562 usu,
3297 4496 3391 4551 sed
3419 4506 3597 4552 tamen
3626 4512 3775 4553 vero.

2190 4567 2394 4624 Eodem
2426 4566 2539 4623 fere
2569 4567 2727 4622 modo
2758 4567 2954 4622 Paulus
2984 4568 3272 4638 Apostolus
3297 4569 3510 4638 cosiqui
3539 4568 3590 4623 in
3618 4566 3776 4622 Chri-

2189 4648 2275 4693 sto
2330 4639 2578 4708 baptizati
2625 4646 2750 4692 sunt
2795 4637 3066 4708 Christum
3113 4638 3296 4693 scribit
3327 4637 3584 4704 induisse,
3618 4640 3668 4694 id
3697 4652 3780 4694 est

2189 4706 2836 4765 Italiuisseindttmentutn
2884 4706 3113 4774 Christi,
3144 4719 3201 4763 ut
3227 4710 3608 4776 interpretatur
3652 4710 3777 4764 Ilie-

2187 4795 2463 4851 ronymus.
2488 4780 2607 4851 Quo
2636 4779 2796 4834 etiam
2826 4779 3076 4851 loquendi
3103 4779 3261 4835 modo
3284 4780 3449 4833 utitur
3469 4777 3772 4851 Cyprianus

2188 4851 2263 4923 in,
2293 4849 2435 4905 libro
2464 4851 2545 4923 Ade
2565 4849 2771 4923 Lapsis,
2805 4849 2923 4920 pag.
2978 4850 3101 4908 192.
3130 4851 3228 4906 Hic
3274 4865 3445 4923 error_
3480 4849 3621 4923 apud
3671 4850 3778 4923 Cy-

2186 4922 2431 4991 prianum
2463 4920 2602 4976 haud
2623 4921 2782 4977 dubie
2808 4932 2959 4976 ortus
2984 4930 3156 4977 estex
3202 4937 3267 4976 eo
3305 4920 3449 4991 quod
3479 4920 3531 4976 in
3559 4920 3778 4992 antiquo

2186 4992 2416 5061 quodam
2445 4992 2775 5061 exemplari,
2810 4993 2897 5047 cui
2937 5007 3038 5059 ego
3083 4993 3193 5047 vidi
3245 4992 3461 5057 simile,
3517 4994 3773 5062 scriptum

2185 5074 2300 5117 erat
2329 5062 2503 5135 XPM,
2532 5070 2587 5118 et
2626 5062 2672 5117 is
2701 5064 2791 5133 qui
2819 5078 2886 5135 ex
2931 5064 3024 5118 illo
3062 5064 3246 5119 codice
3291 5062 3578 5135 descripsit
3612 5080 3776 5135 opera

2187 5135 2358 5188 sancti
2384 5133 2634 5204 Martyris
2660 5175 2675 5200 ,
2699 5149 2820 5188 cum
2843 5134 3022 5203 legere
3051 5135 3282 5189 nesciret
3311 5132 3409 5187 bas
3432 5144 3586 5188 notas
3606 5175 3621 5202 ,
3647 5132 3773 5190 im-

2185 5204 2357 5273 perite
2408 5207 2584 5275 posuit
2628 5206 2825 5274 ipsam,
2884 5205 3179 5275 respiciens
3228 5204 3294 5259 ad
3358 5206 3611 5258 tunicam.
3672 5207 3776 5262 Alii

2186 5275 2380 5330 deinde
2418 5283 2711 5345 posuerunt
2753 5291 2891 5341 eam,
2945 5286 3193 5345 putantes
3242 5275 3384 5330 haud
3430 5275 3593 5331 dubie
3637 5275 3777 5332 hanc

2187 5361 2377 5401 vocem
2405 5344 2599 5401 melius
2631 5345 2754 5400 huic
2775 5345 2895 5400 loco
2920 5344 3219 5417 congruere
3247 5360 3404 5417 quam
3425 5347 3611 5416 ipsam.
3642 5346 3776 5403 Nam

2189 5427 2412 5491 certum
2453 5425 2554 5491 est_
2589 5425 2803 5471 veteres
2859 5416 3119 5491 librarios
3155 5416 3469 5488 qui’sancti
3528 5418 3775 5491 Martyris

2188 5502 2349 5556 opera
2381 5487 2782 5559 deseripserunt
2813 5502 2906 5556 per
2942 5487 3211 5543 licentiam
3261 5500 3407 5559 saepe
3454 5503 3607 5544 suam
3651 5487 3772 5546 fnu-

2188 5566 2329 5613 tasse
2376 5559 2536 5614 verba
2581 5558 2829 5629 Cypriani
2883 5569 2937 5614 et
2994 5559 3098 5614 alia
3148 5558 3353 5614 similia
3386 5562 3772 5627 supposuisse,

2183 5628 2633 5702 quemadmodum
2663 5628 2903 5698 pluribus
2947 5631 3210 5702 exemplis
3238 5629 3575 5702 ostendimus
3610 5634 3660 5687 in
3692 5633 3776 5688 his

2184 5701 2341 5755 notis.
2381 5701 2514 5775 llinc
2549 5709 2667 5755 orta
2692 5709 2767 5775 to_t_
2795 5700 3248 5775 synonyma'qua:
3274 5700 3417 5773 apud
3446 5702 3775 5775 Cyprianum

2182 5780 2472 5829 occurrunt
2504 5772 2555 5824 in
2582 5771 2853 5826 veteribus
2881 5771 3051 5828 libris.

2259 5841 2512 5898 Indivisa.
2536 5841 2612 5898 Ita
2645 5842 2892 5899 undecim
2924 5843 3041 5901 libri
3066 5844 3232 5899 nostri
3261 5852 3316 5902 ct
3349 5853 3553 5914 septem
3588 5845 3773 5916 Argli~
