4332 6292
375 399 484 458 505

1444 396 1650 454 LIBER
1693 399 1780 455 DE
1818 358 2121 456 UNITATE
2159 398 2541 459 ECCLESIIE.
2602 430 2607 433 -

3563 401 3674 457 506

372 518 551 589 quitur
570 529 632 571 ac
655 514 784 571 dicit
804 514 1079 585 Scriptum
1101 512 1312 569 divina:
1339 512 1416 568 De
1441 514 1609 568 tunica
1635 523 1822 581 autem,
1846 515 1966 585 quia
1991 513 2043 575 A
2072 512 2201 569 Sitis
2226 524 2396 571 autem
2419 516 2685 588 compositi
2712 518 2767 573 in
2795 518 2973 574 eodem
3011 533 3162 573 sensu
3188 525 3233 572 et
3271 516 3325 572 in
3349 517 3522 572 eadem
3553 533 3669 572 sen-

374 609 437 662 de
456 596 717 678 superiore
745 615 891 679 parte
915 623 1017 661 non
1043 606 1331 672 consulitis,
1361 605 1450 660 sed
1476 623 1565 675 per
1593 614 1750 660 totum
1780 605 1966 660 textilis

374 705 556 773 fuerat,
576 700 813 755 dixerunt
837 699 905 754 ad
934 700 1144 754 invicem
1173 714 1192 753 :
1215 696 1335 753 Non
1365 698 1658 754 scindamas
1681 699 1845 763 illam,
1877 698 1967 755 sed

371 792 647 846 sortiantur
687 791 752 846 de
771 807 830 846 ea
852 791 998 862 cujus
1021 791 1086 845 sit
1112 788 1289 863 (Joan.
1318 806 1431 855 xm,
1447 788 1538 855 23,
1560 788 1675 863 24).
1695 789 1963 846 Unitatem

371 881 461 937 illa
492 890 517 919 α
547 882 790 952 portabat
810 881 876 937 de
897 882 1175 949 superiore
1203 892 1352 951 parte
1378 881 1702 948 venientem,
1724 880 1773 935 id
1795 879 1967 936 estde

370 973 510 1029 caelo
535 981 586 1028 et
607 987 635 1024 a
664 972 823 1029 Patre
851 972 1170 1038 venientem,
1200 987 1319 1043 qum
1331 972 1399 1028 ab
1424 971 1723 1042 accipiente
1752 987 1815 1027 ac
1844 987 1967 1042 pos-

370 1065 579 1120 sidente
607 1064 779 1119 scindi
814 1066 1033 1121 omnino
1068 1081 1173 1119 non
1214 1073 1439 1133 poterat,
1478 1064 1574 1120 sed
1602 1049 1789 1119 totam“.
1807 1064 1966 1120 simul

372 1166 427 1213 ct
452 1156 676 1212 solidam
700 1155 728 1195 ι)
752 1156 1056 1213 firmitatem
1072 1155 1496 1228 inseparabiliter
1516 1159 1811 1214 obtinebat.
1835 1158 1968 1213 Pos-

370 1249 680 1305 sidere’non
723 1259 899 1319 potest
936 1249 1308 1305 indumentum
1331 1249 1532 1306 Christi
1567 1251 1658 1321 qui
1687 1251 1880 1305 scindit
1912 1259 1968 1306 et

370 1342 559 1397 dividit
584 1340 877 1397 Ecclesiam
905 1341 1127 1399 Christi.
1152 1341 1349 1398 Contra
1381 1342 1612 1414 denique
1637 1358 1780 1413 cum,
1812 1345 1966 1400 Salo-

372 1451 532 1491 mone
561 1436 844 1502 moriente,
876 1451 1098 1507 regnum
1125 1436 1243 1508 ejus
1268 1445 1321 1492 et
1347 1438 1573 1507 p0pulus
1607 1437 1963 1507 scinderetur,

368 1526 566 1583 Achias
617 1528 878 1599 prepbeta
927 1518 1372 1599 Jeroboam'regi
1429 1529 1619 1585 obvius
1678 1527 1848 1584 factus
1911 1529 1964 1584 in

366 1633 579 1689 campo,
611 1618 665 1673 in
701 1618 985 1674 duodecim
1020 1620 1282 1675 scissuras
1304 1621 1681 1676 vestimentum
1702 1634 1857 1675 suum
1885 1619 1967 1675 di-

367 1712 526 1767 scidit
548 1711 766 1768 dicens:
790 1711 948 1767 Sume
968 1712 1056 1767 tibi
1083 1712 1253 1767 decem
1279 1714 1546 1778 scissuras,
1567 1713 1687 1784 quia
1712 1713 1819 1768 haac
1845 1713 1967 1781 dicit

368 1802 624 1858 Dominus
651 1820 669 1858 :
696 1801 830 1859 Ecce
856 1804 1035 1858 scindo
1063 1820 1278 1875 regnum
1310 1805 1374 1859 de
1397 1820 1551 1859 manu
1574 1804 1889 1872 Salomonis,
1920 1814 1967 1860 et

2073 607 2228 660 tentia
2298 607 2343 677 (Ι
2369 608 2484 661 Cor.
2521 624 2573 675 ι,
2608 608 2719 682 10).
2788 609 2857 664 Et
2903 610 3097 665 iterum
3135 607 3260 663 dicit
3303 625 3315 662 :
3353 606 3670 663 Sustinentes

2070 696 2281 752 invicem
2306 700 2358 752 in
2385 699 2674 766 dilectione,
2702 702 2826 755 satis
2851 713 3053 771 agentes
3074 716 3272 756 servare
3294 701 3534 754 unitatem
3564 701 3671 768 spi-

2070 792 2197 843 ritus
2222 790 2274 843 in
2300 792 2654 861 conjunctione
2679 794 2820 862 pacis
2842 801 2865 829 ο
2899 787 3114 864 (Ephes.
3158 808 3232 858 tv,
3252 791 3309 856 2,
3332 790 3415 863 5).
3436 791 3591 847 Stare
3613 799 3669 847 ιιι

2071 889 2125 939 et
2147 882 2325 939 vivere
2354 894 2509 955 putas
2547 900 2705 956 posse
2738 886 2806 943 de
2849 887 3087 942 Ecclesia
3116 887 3479 950 recedentem,
3511 886 3668 941 sedes

2070 973 2171 1030 sibi
2192 976 2322 1030 alias
2349 985 2402 1032 et
2422 976 2637 1032 diversa
2659 978 2932 1034 domicilia
2955 978 3298 1045 condentem,
3322 992 3445 1033 cum
3467 976 3667 1033 dictum

2069 1067 2141 1122 sit
2175 1067 2240 1122 ad
2275 1067 2479 1137 Rahab,
2522 1069 2575 1123 in
2615 1085 2717 1141 qua
2757 1069 3202 1141 praeformabatur
3236 1068 3478 1124 Ecclesia
3509 1086 3523 1124 :
3556 1068 3667 1124 Pa-

2071 1167 2195 1212 trem
2223 1168 2364 1214 tuum
2394 1171 2439 1214 et
2467 1172 2677 1217 matrem
2709 1154 2847 1217 tuam
2874 1173 2918 1217 et
2946 1167 3128 1235 fratres
3154 1173 3265 1219 tuos
3302 1168 3348 1218 'et
3384 1172 3542 1218 totam
3571 1164 3667 1217 do-

2070 1268 2209 1305 mum
2256 1255 2415 1324 patris
2457 1257 2529 1310 tui
2556 1257 2762 1328 colliges
2790 1257 2857 1312 ad
2886 1269 2934 1313 te
2959 1259 3121 1331 ipsam
3158 1259 3211 1313 in
3252 1259 3457 1313 domum
3503 1252 3675 1325 tuam,

2069 1354 2114 1398 et
2142 1346 2303 1399 onmis
2328 1348 2412 1417 qui
2439 1349 2615 1403 exierit
2662 1350 2847 1404 ostium
2877 1350 3055 1405 domus
3096 1361 3198 1405 tute
3235 1354 3398 1420 foras,
3428 1367 3544 1405 reus
3572 1350 3668 1405 sibi

2071 1439 2164 1491 erit
2213 1438 2395 1513 (Josue
2431 1458 2507 1506 ιι,
2552 1441 2790 1513 18,19).
2837 1442 2968 1498 Item
3013 1452 3407 1499 sacramentum
3439 1441 3665 1498 Pascha:

2071 1531 2202 1584 nihil
2232 1532 2373 1587 aliud
2403 1534 2455 1587 in
2485 1533 2655 1588 Exodi
2686 1534 2802 1605 lege
2831 1535 3104 1590 contineat
3137 1532 3156 1572 ί
3184 1550 3343 1606 quam
3377 1543 3435 1590 ut
3472 1548 3665 1605 agnus,

2069 1624 2159 1694 qui
2200 1623 2255 1679 in
2300 1624 2465 1696 ﬁgura
2509 1624 2709 1680 Christi
2739 1625 3019 1693 occiditur,
3053 1626 3107 1681 in
3134 1626 3296 1681 domo
3322 1641 3426 1682 una
3453 1625 3663 1681 edatur.

2070 1714 2331 1786 Loquitur
2362 1717 2505 1773 Deus
2535 1717 2720 1773 dicens
2747 1737 2761 1771 :
2793 1717 2863 1774 In
2902 1719 3053 1773 domo
3083 1728 3186 1773 una
3220 1719 3527 1786 comedetur,
3565 1734 3666 1773 non

2070 1811 2280 1879 ejicietis
2324 1810 2387 1866 de
2417 1811 2568 1865 domo
2593 1827 2797 1865 carnem
2837 1815 2977 1883 foras
3031 1810 3228 1884 (Exod.
3257 1826 3353 1877 xu,
3381 1810 3495 1884 46).
3526 1809 3667 1866 Caro

368 1896 500 1951 dabo
531 1897 618 1951 tibi
642 1897 810 1951 decem
832 1907 1049 1968 sceptra,
1070 1906 1114 1951 et
1145 1898 1248 1952 duo
1276 1906 1477 1965 sceptra
1504 1906 1651 1951 erunt
1680 1898 1725 1951 ei
1755 1906 1962 1968 propter
1990 1909 2039 1969 Β
2068 1900 2266 1958 Christi
2292 1912 2347 1958 et
2375 1911 2621 1958 sanctum
2652 1903 2865 1958 Domini
2895 1903 3014 1973 ejici
3042 1902 3185 1960 foras
3213 1918 3318 1957 non
3341 1911 3536 1973 potest,
3567 1915 3666 1957 nec

366 2004 562 2043 servum
577 2005 742 2043 meum
753 1987 922 2043 David
935 1998 979 2043 et
997 1998 1203 2059 propter
1214 1987 1538 2043 Hierusalem
1553 1989 1800 2042 civitatem
1812 2004 1966 2059 quam

366 2080 494 2151 elegi
521 2089 576 2134 ut
606 2096 792 2150 ponam
817 2097 999 2135 nomen
1026 2096 1194 2135 meum
1234 2079 1343 2135 illic
1372 2079 1479 2152 (Ill
1502 2080 1632 2152 Reg.
1658 2096 1732 2148 xl,
1757 2082 1848 2147 31,
1871 2081 1962 2148 52,

371 2172 487 2245 ⁸56).
522 2173 653 2229 Cum
684 2172 968 2229 duodecim
992 2173 1160 2229 tribus
1190 2172 1358 2229 Israel
1380 2171 1774 2237 scinderenlur,
1806 2176 1964 2228 vesti-

366 2275 606 2321 mentum
634 2281 787 2321 suum
816 2265 1076 2337 propheta
1100 2265 1299 2322 Acbias
1324 2265 1557 2322 discidit.
1570 2265 1642 2322 At
1664 2280 1815 2332 vero,
1841 2268 1965 2338 quia

367 2356 564 2413 Christi
586 2357 820 2429 populus
843 2373 950 2412 non
979 2367 1154 2427 potest
1181 2357 1376 2425 scindi,
1405 2360 1582 2413 tunica
1612 2358 1728 2428 ejus
1754 2374 1852 2429 per
1881 2368 1964 2414 to-

368 2458 478 2505 tum
524 2450 725 2506 textilis
757 2459 811 2506 et
851 2440 1152 2507 cobterens'
1175 2451 1343 2506 divisa
1375 2467 1402 2505 a
1430 2450 1826 2522 possidentibus
1856 2466 1966 2508 non‘

366 2560 472 2609 est.
517 2551 815 2618 Individua,
860 2552 1128 2621 cepulata,
1177 2566 1418 2607 connexa
1449 2560 1473 2590 ο
1502 2551 1736 2606 ostendit
1783 2552 1963 2622 populi

367 2646 557 2711 nostri,
585 2645 676 2717 qui
697 2644 971 2700 Christum
995 2644 1283 2710 induimus,
1308 2644 1651 2698 concordiam
1680 2644 1962 2701 cobteren-

368 2745 495 2791 tem.
522 2737 870 2792 Sacrameuto
896 2738 1059 2793 vestis
1085 2743 1139 2791 et
1161 2736 1312 2807 signo
1332 2733 1359 2771 ά
1390 2735 1683 2791 declaravit
1710 2736 1965 2793 Ecclesiae

364 2827 642 2883 unitatem.
1720 2876 1727 2880 .

440 2917 571 2974 VIII.
600 2918 731 2987 Quis
757 2933 886 2991 ergo
926 2919 1006 2975 sic
1037 2930 1119 2976 est
1151 2920 1442 2976 sceleratus
1476 2928 1531 2976 et
1560 2920 1812 2992 perfidus,
1842 2921 1964 2991 quis

363 3012 443 3066 sic
484 3011 766 3067 discordiae
812 3011 993 3068 furore
1033 3027 1290 3087 vesanus,
1325 3023 1382 3068 ut
1425 3022 1517 3068 aut
1559 3012 1745 3070 credat
1790 3014 1963 3069 scindi

364 3120 525 3176 posse
553 3115 645 3161 aut
679 3105 879 3161 audeat
909 3106 1154 3162 scindere
1179 3107 1436 3162 unitatem
1474 3108 1589 3176 Dei,
1622 3117 1825 3164 vestem
1860 3109 1963 3164 Do-

364 3197 519 3262 mini,
563 3197 857 3254 Ecclesiam
898 3198 1133 3253 Christi?
1178 3190 1515 3269 Monetipse
1561 3199 1613 3254 in
1663 3199 1962 3270 Evangelio

2068 1997 2169 2051 alia
2198 1997 2304 2051 ulla
2328 2006 2354 2045 Β
2381 1996 2721 2053 credentibus
2746 2005 2939 2067 praeter
2968 2012 3128 2052 unam
3151 1996 3450 2052 Ecclesiam
3474 1994 3668 2051 domus

2070 2100 2170 2145 est.
2200 2090 2350 2146 Hauc
2377 2091 2619 2159 domum,
2652 2090 2755 2147 hoc
2784 2092 3152 2148 unanimitatis
3174 2090 3201 2129 ιι
3232 2091 3523 2163 hospitium
3565 2090 3663 2145 de-

2068 2180 2247 2251 signat
2276 2192 2331 2238 et
2372 2182 2652 2238 denuntiat
2697 2182 2928 2254 Spiritus
2965 2195 3183 2241 sanctus
3227 2185 3280 2240 in
3329 2183 3555 2239 Psalmis
3580 2182 3665 2237 di-

2067 2288 2197 2329 cens
2219 2274 2388 2330 :Deus
2406 2277 2493 2347 qui
2513 2276 2795 2331 inhabitare
2818 2278 2939 2348 facit
2964 2280 3228 2333 unanimes
3247 2280 3300 2333 in
3321 2278 3469 2332 domo
3490 2275 3665 2349 (l’sal.
3745 2276 3754 2284 ’

2069 2382 2238 2435 van,
2268 2367 2346 2439 7).
2375 2368 2432 2423 In
2465 2368 2625 2423 domo
2654 2371 2765 2437 Dei,
2796 2370 2849 2425 in
2878 2370 3114 2426 Ecclesia
3142 2368 3361 2437 Christi,
3386 2370 3666 2425 unanimes

2069 2457 2332 2521 habitant,
2363 2460 2661 2516 concordes
2691 2470 2747 2516 et
2773 2462 3043 2532 simplices
3072 2470 3436 2533 perseverant.

2138 2549 2230 2605 1X.
2281 2550 2485 2607 Idcirco
2525 2562 2577 2608 et
2607 2553 2661 2608 in
2687 2553 2932 2609 columba
2959 2555 3105 2610 venit
3146 2552 3376 2625 Spiritus
3404 2562 3663 2610 sanctus:

2067 2644 2298 2715 simplex
2345 2640 2541 2699 animal
2591 2654 2648 2701 et
2695 2646 2898 2713 laetum,
2946 2662 3055 2703 non
3097 2647 3221 2703 l‘elle
3262 2662 3523 2713 amarum,
3559 2662 3664 2701 non

2066 2740 2336 2794 morsibus
2362 2756 2589 2809 saevum,
2623 2757 2727 2797 non
2762 2742 3016 2814 unguium
3045 2743 3370 2799 laceratione
3401 2742 3416 2780 ί
3456 2743 3519 2777 ¹⁹⁷
3548 2745 3663 2798 vio-

2066 2831 2294 2900 lentum,
2312 2832 2539 2905 hospitia
2566 2836 2794 2890 humana
2823 2835 2837 2886 i
2872 2836 3120 2907 diligere,
3144 2836 3303 2892 unius
3320 2822 3510 2892 demus
3530 2850 3663 2891 con-

2065 2924 2291 2981 sortium
2324 2939 2507 2991 nosse;
2537 2940 2660 2980 cum
2680 2916 2959 2996 generant,
2987 2927 3145 2982 simul
3168 2926 3307 2982 lilios
3332 2925 3514 2992 edere,
3542 2942 3662 2983 cum

2065 3029 2408 3087 commeant,
2456 3022 2721 3077 volatibus
2767 3023 2997 3079 invicem
3044 3024 3340 3090 cobterere,
3395 3021 3663 3077 communi

2063 3112 2479 3170 conversatione
2519 3115 2680 3169 vitam
2717 3130 2873 3170 suam
2912 3115 3128 3187 degere,
3162 3115 3271 3171 oris
3313 3114 3496 3170 osculo
3537 3129 3664 3169 con-

2064 3203 2303 3259 cordiam
2334 3206 2482 3275 pacis
2505 3217 2821 3276 agnoscere,
2862 3207 3033 3278 legem
3062 3208 3203 3264 circa
3239 3206 3421 3261 omnia
3460 3205 3665 3261 unaui—

362 3301 460 3342 suo
487 3296 539 3342 et
562 3286 721 3343 docet
748 3288 935 3343 dicens
971 3305 986 3343 :
1017 3286 1085 3343 Et
1112 3290 1206 3345 erit
1235 3306 1367 3345 unus
1392 3307 1518 3361 grex
1554 3300 1600 3346 et
1632 3308 1762 3347 unus
1788 3304 1962 3363 poster
1986 3304 2031 3368 ρ
2064 3297 2266 3353 mitatis
2305 3298 2548 3368 implere.
2596 3299 2722 3354 llam
2759 3310 2843 3355 est
2882 3300 2935 3354 iu
2963 3299 3205 3355 Ecclesia
3238 3297 3502 3353 noscenda
3535 3296 3665 3352 sim-

366 3378 543 3452 (Joan.
573 3397 631 3446 x,
671 3380 783 3452 16).
815 3381 884 3436 Et
910 3395 1029 3437 esse
1050 3397 1208 3452 posse
1230 3399 1335 3438 uno
1364 3385 1419 3439 in
1448 3385 1567 3440 loco
1599 3386 1790 3456 aliquis
1811 3389 1954 3444 exis-

364 3474 513 3528 timat
537 3484 629 3529 aut
666 3476 863 3531 multos
900 3486 1143 3547 pastores
1171 3488 1265 3532 aut
1304 3479 1484 3549 plures
1517 3482 1741 3552 greges?
1784 3483 1956 3553 Apos-

363 3567 499 3622 tolus
527 3569 651 3623 item
677 3567 891 3636 Paulus,
914 3569 1050 3624 hanc
1073 3571 1315 3626 eamdem
1347 3572 1500 3627 nobis
1531 3573 1804 3629 insinuans
1840 3576 1959 3631 uni-

363 3665 545 3725 tatem,
571 3658 819 3713 obsecrat
856 3668 911 3714 et
945 3660 1189 3715 hortatur
1218 3661 1403 3718 dicens
1432 3681 1444 3718 :
1477 3662 1719 3730 Obsecro,
1762 3666 1950 3737 inquit,

359 3765 466 3815 vos,
507 3754 712 3823 fratres,
742 3769 833 3823 per
869 3770 1052 3809 nomen
1089 3753 1300 3809 Domini
1330 3758 1490 3812 nostri
1517 3756 1643 3813 Jesu
1666 3758 1876 3828 Christi,
1903 3774 1957 3817 ut

358 3842 412 3897 id
440 3844 606 3915 ipsum
641 3844 820 3901 dicatis
846 3861 1036 3915 omnes,
1065 3856 1113 3902 et
1150 3864 1250 3902 non
1278 3849 1378 3903 sint
1405 3850 1458 3905 in
1497 3851 1633 3907 vobis
1656 3854 1949 3910 schismata.

2062 3391 2297 3462 plicitas,
2329 3391 2444 3447 hinc
2466 3392 2699 3447 Charitas
2714 3391 3033 3459 obtinenda,
3057 3401 3113 3446 ut
3142 3390 3419 3446 columbas
3446 3388 3663 3445 dilectio

2057 3484 2411 3556 fraternitatis
2439 3485 2696 3553 imitetur,
2736 3493 2792 3538 ut
2823 3482 3182 3562 mansuetudo
3207 3491 3263 3538 et
3291 3482 3481 3537 lenitas
3511 3481 3661 3551 agnis

2060 3585 2115 3631 et
2142 3576 2331 3632 ovibus
2378 3586 2635 3649 mquetur.
2678 3576 2812 3645 Quid
2856 3575 2983 3632 facit
3019 3576 3072 3631 in
3111 3584 3331 3648 pectore
3368 3574 3661 3630 christiano

2060 3668 2310 3739 luporum
2338 3668 2523 3726 feritas
2552 3680 2607 3725 et
2637 3684 2828 3725 canum
2861 3669 3039 3724 rabies
3080 3679 3134 3724 et
3166 3682 3432 3723 venenum
3464 3664 3661 3720 lethale

2060 3762 2369 3835 serpentum
2411 3774 2465 3820 et
2503 3775 2720 3820 cruenta
2759 3765 2965 3819 saevitia
3005 3763 3335 3819 bestiarum?
3371 3759 3657 3817 Gratulan-

2059 3856 2185 3911 dum
2234 3866 2320 3913 est
2361 3871 2484 3913 cum
2532 3858 2667 3912 tales
2705 3855 2773 3911 de
2803 3854 3044 3911 Ecclesia
3086 3860 3423 3924 separantur,
3462 3866 3530 3907 ne
3566 3865 3658 3906 co-

1595 3944 1975 4006 LECTIONES
2012 3947 2440 4006 VARIANTES.

422 4032 742 4101 “ﬂuitantem
773 4033 858 4101 ille
897 4036 1030 4101 Lam.
1074 4033 1217 4101 ator,
1259 4037 1361 4087 Nc.
1393 4038 1531 4088 Pem.
1564 4036 1688 4088 Βοά.
1734 4039 1780 4099 ι,
1814 4038 1862 4101 2,
1900 4041 1950 4090 δ.

357 4094 523 4162 Paris.
558 4105 687 4162 Voss.
714 4099 763 4162 5,
792 4095 915 4162 _T/tu_.
945 4100 1083 4150 Foss.
1115 4097 1254 4162 Spir.

417 4154 446 4194 ὶ)
479 4158 648 4209 Semel
685 4158 839 4209 solida
888 4154 1166 4211 ﬁrmitatem
1218 4158 1385 4211 Paris.
1442 4161 1609 4211 Semel
1659 4166 1712 4214 et
1753 4161 1954 4214 solidam

357 4219 731 4345 Diminuam
749 4283 936 4345 copula,
960 4298 1182 4336 connexa
1212 4293 1341 4337 t'oss.
1367 4286 1417 4336 3.
1447 4287 1637 4337 limam.

418 4343 447 4383 d
479 4342 673 4393 Vestris
689 4342 953 4398 declaravit
977 4349 1110 4399 Foss.
1138 4346 1276 4411 Spir.

2124 4045 2149 4105 ξ’
2183 4041 2388 4105 Υἱιιοιιιο
2411 4042 2544 4105 pacis
2572 4044 2710 4094 Voss.
2736 4043 2785 4092 5.

2121 4101 2142 4140 τ
2180 4101 2566 4155 Continet'Pem.
2598 4107 2737 4156 Voss.
2762 4105 2809 4154 2.
2835 4101 3122 4155 Continetur
3152 4104 3291 4155 Voss.
3316 4102 3366 4152 5.

2122 4168 2148 4206 8
2184 4166 2287 4218 Nec
2307 4167 2402 4218 alia
2424 4181 2523 4217 una
2546 4168 2680 4218 Lam.
2706 4168 2851 4219 Ebor.
2878 4167 2985 4218 ΝΕ.
3017 4166 3061 4215 t.

2118 4226 2148 4265 ιι
2185 4228 2392 4280 Unitatis
2421 4233 2559 4281 Voss.
2590 4231 2635 4280 l.

2125 4290 2141 4355 ᾖ
2182 4291 2285 4355 Non
2310 4294 2552 4342 morsibus
2576 4292 2757 4349 ltetum,
2784 4305 2879 4341 non
2899 4291 3182 4355 ungulatum
3212 4288 3337 4355 Thu_.
3359 4289 3495 4339 Foss.
3516 4287 3653 4352 Spir.

2125 4354 2139 4405 t'
2181 4353 2399 4417 Hospitis
2421 4358 2676 4406 consuevit
2697 4357 2827 4406 Lam.
2853 4353 2998 4405 Ebof.
3028 4355 3149 4405 Ben.
3175 4354 3282 4404 ΝΟ.
3314 4353 3359 4400 1.

1593 4434 1834 4491 STEPH.
1878 4433 2149 4494 BALUZII
2184 4438 2411 4495 ΝΟΤιιΕ.

353 4523 471 4600 cani
490 4565 503 4589 ,
535 4522 728 4600 melius
751 4522 993 4600 profecto
1020 4530 1180 4596 quam
1208 4529 1332 4594 alii,
1375 4529 1427 4583 in
1452 4528 1642 4600 quibus
1673 4529 1934 4598 scriptum
1961 4526 2016 4587 D
2113 4532 2397 4589 Vlll.—Et
2425 4535 2518 4590 erit
2537 4551 2690 4591 unus.
2715 4533 2914 4592 Omnes
2942 4532 3055 4589 fere
3079 4529 3199 4585 libri
3217 4537 3427 4585 veteres
3454 4528 3652 4587 habent

353 4604 441 4672 est
451 4594 737 4672 individua.
768 4594 1211 4672 Individuutn__cst
1239 4594 1519 4672 quodgnon
1550 4608 1726 4671 potest
1751 4594 1940 4672 dividi,

353 4665 635 4735 intlivisum
664 4667 807 4735 quod
837 4683 940 4722 non
963 4677 1046 4722 est
1076 4665 1330 4726 divisum.
1372 4665 1590 4726 Certum
1635 4681 1713 4727 est
1762 4665 1939 4730 autem

352 4745 556 4791 vestem
580 4734 777 4792 Christi
827 4739 1063 4804 potuisse
1086 4740 1249 4795 dividi
1281 4752 1335 4796 et
1364 4758 1468 4797 non
1494 4742 1660 4798 fuisse
1690 4741 1937 4799 divisam.

351 4805 553 4882 Tamen
586 4821 765 4876 postea
809 4808 1109 4880 Cyprianus
1145 4812 1385 4868 eamdem
1435 4815 1667 4869 tunicam
1710 4815 1944 4882 appellat

352 4878 710 4954 individuum,
762 4878 970 4954 ratione
1012 4881 1264 4937 nimirum
1302 4885 1602 4954 argumenli
1630 4878 1943 4954 quoil'trac-

353 4950 547 5024 tabat_,_
585 4958 642 5003 ut
685 4952 996 5006 ostenderet
1041 4950 1391 5008 concordiam
1431 4955 1609 5024 populi
1645 4950 1938 5013 Christiani

351 5020 674 5073 individuam
716 5030 772 5075 et
856 5032 1129 5091 erpetuam
1187 5037 1308 5080 esse
1344 5020 1564 5082 debere.
1616 5025 1841 5081 [latinus
1887 5029 1939 5085 in

351 5089 491 5143 Psul.
521 5106 615 5145 XXI
643 5108 655 5144 :
685 5038 977 5145 Οιιοιῗυενο
1005 5094 1359 5145 inconsntilem
1383 5105 1428 5145 et
1460 5097 1715 5145 meliorem
1734 5114 1834 5145 non
1862 5099 1939 5145 di.

351 5089 491 5143 Psal.
521 5106 615 5145 χχι
643 5108 655 5144 :
685 5089 836 5156 Quod
862 5089 977 5149 vero
1005 5094 1359 5149 inconsutilem
1383 5105 1428 5150 et
1460 5097 1715 5151 meliorem
1734 5114 1834 5150 non
1862 5099 1942 5153 di-

349 5162 601 5238 viserunt,
651 5161 1264 5238 Ecclesiteconcordiam
1311 5169 1676 5238 ﬁguram-unt.
1737 5167 1941 5224 Tertul-

349 5231 600 5309 lienus-iu
632 5245 876 5309 extremo
907 5234 1147 5309 lilirogde
1170 5231 1430 5293 Patientia
1463 5255 1476 5291 :
1510 5236 1636 5292 Cum
1659 5254 1777 5309 ergo
1817 5239 1944 5308 Spi—

345 5305 480 5377 ritus
504 5301 598 5357 Dei
627 5304 915 5377 descendit,
952 5306 1219 5362 individua
1247 5309 1488 5377 patientia
1508 5301 1779 5363 comitatur
1805 5301 1940 5366 eum.

350 5373 601 5451 Dubitare
649 5385 829 5451 autem
872 5376 1094 5451 licet__an
1141 5373 1264 5433 vera
1315 5380 1384 5435 sit
1414 5382 1648 5435 narratio
1678 5379 1941 5451 Ruperti,

346 5447 515 5498 sancti
547 5447 837 5511 Antonini,
881 5456 935 5501 et
959 5448 1183 5503 aliorum
1211 5450 1564 5515 quorumdam
1595 5447 1942 5507 scribentium

348 5516 999 5592 lanieturinconsutilem
1046 5518 1237 5592 iactam
1278 5521 1444 5592 fuisse
1475 5538 1503 5575 a
1534 5521 1946 5592 bcata'Vii-ginc

344 5584 528 5663 blaria.
558 5586 896 5663 _((}ui_t_nnten
945 5591 1205 5644 traditioni
1230 5591 1545 5663 suffragatur
1566 5592 1703 5644 haud
1724 5584 1947 5661 ignobile

347 5654 416 5732 ρ.
449 5654 747 5732 Gerberotiii
778 5677 836 5713 ea
860 5661 924 5715 tle
956 5678 1014 5714 re
1033 5654 1332 5732 apttscnlnm
1359 5654 1440 5716 cui
1466 5663 1643 5716 titulus
1672 5680 1688 5715 :
1716 5654 1851 5717 Iiist.
1882 5664 1949 5720 dc

345 5725 401 5803 la
435 5726 582 5803 robe
606 5742 729 5803 Sans
758 5725 1075 5787 conturede
1106 5731 1448 5803 N.-S.-.l.-C.
1482 5733 1571 5803 qni
1613 5742 1693 5787 est
1727 5733 1949 5790 révéiée

693 5800 766 5943 sla
797 5803 939 5857 Man.
981 5803 1077 5859 des
1119 5797 1753 5877 Bénéd._d‘Argeutcnil,
1786 5806 1946 5872 1676,

345 5883 516 5924 11142.
550 5883 684 5925 ΕΜ).

2051 4613 2098 4659 et
2127 4615 2295 4659 erant.

2123 4675 2436 4732 Schismata.
2489 4676 2623 4734 Tres
2683 4676 2802 4732 libri
2843 4684 3094 4737 veteres,
3146 4671 3507 4726 dissensiones.
3561 4671 3652 4729 Sic

2049 4746 2210 4818 etiam
2238 4748 2290 4803 iu
2322 4749 2489 4803 veteri
2519 4749 2653 4804 libro
2676 4748 2950 4818 legissese
2979 4752 3160 4818 monet
3187 4742 3479 4818 Morcll_ius.

2122 4816 2303 4889 Totam
2335 4820 2541 4872 domum
2571 4813 2753 4889 patris:
2772 4816 2962 4881 Codex
2994 4815 3320 4871 Beccensis:
3356 4813 3536 4868 Totam
3567 4815 3642 4885 fa-

2046 4888 2242 4960 miliam
2271 4900 2410 4944 tuam
2430 4891 2657 4960 colliges.

2120 4959 2370 5015 Sanctum
2399 4956 2624 5014 Domini.
2657 4957 2715 5014 Id
2734 4967 2820 5014 est
2842 4956 3202 5031 Eucharistia,
3234 4967 3290 5012 ut
3317 4966 3472 5012 antea
3500 4956 3649 5012 dixi.

2050 5045 2192 5105 mus,
2222 5032 2499 5105 paggﬁll.
2655 5100 2665 5105 Δ
2762 5100 2773 5105 _
2856 5101 2896 5105 _
3279 5100 3289 5105 Α
3396 5097 3429 5105 __

2120 5098 2526 5168 [XL—Simplex
2581 5100 2791 5155 animal.
2853 5101 3217 5156 Tertullianus
3278 5100 3330 5154 in
3396 5098 3533 5152 libro
3583 5098 3650 5154 dc

2047 5171 2238 5226 Anima
2266 5190 2279 5225 :
2311 5172 2536 5244 Spiritus
2564 5174 2731 5244 ﬁgura
2761 5173 3010 5244 columbae
3034 5172 3272 5242 delapsus
3292 5172 3343 5224 in
3363 5171 3645 5244 hominem,

2047 5252 2101 5296 ut
2134 5252 2316 5295 natura
2346 5240 2573 5313 Spiritus
2604 5240 2783 5298 'sancti
2811 5240 3160 5298 declararetar
3185 5259 3273 5311 per
3298 5240 3492 5313 animal
3525 5241 3651 5313 siin-

2051 5314 2294 5381 plicitatis
2336 5311 2750 5381 et'innocentiw,
2793 5315 2930 5382 quod
2964 5315 3115 5367 etiam
3159 5312 3490 5382 corporaliter
3536 5311 3647 5378 ipso

2050 5384 2171 5452 felle
2198 5394 2363 5437 careat
2404 5386 2655 5439 columba.
2698 5381 2940 5448 lluliuus,
2981 5383 3196 5439 inPsal.
3243 5398 3421 5439 vau:
3456 5381 3649 5437 Sancta

2053 5452 2286 5508 Ecclesia
2329 5456 2506 5509 merito
2533 5457 2722 5510 dicitur
2747 5455 2980 5511 columba
3000 5496 3015 5518 ,
3052 5455 3170 5521 quia
3194 5454 3262 5524 fel
3289 5453 3649 5507 atnaritudinis

2054 5539 2155 5595 non
2170 5526 2342 5595 habet,
2370 5536 2418 5580 et
2438 5527 2557 5595 quia
2572 5527 2755 5581 virtute
2782 5526 3122 5595 simplicitatis
3148 5525 3324 5595 pollet.

2129 5594 2212 5648 Ne
2228 5594 2515 5666 columbas,
2550 5614 2611 5650 ne
2640 5613 2773 5650 oves.
2796 5598 2988 5665 Supra,
3027 5595 3194 5666 Epist.
3219 5611 3356 5660 Lvu,
3392 5610 3508 5664 pag.
3553 5594 3645 5661 95,

2052 5664 2181 5719 dixit
2207 5665 2273 5719 de
2290 5666 2502 5721 diabolo
2526 5684 2540 5721 :
2570 5666 2739 5722 Unum
2762 5664 2925 5739 primo
2947 5664 3232 5739 aggressus.
3259 5677 3310 5718 ut
3330 5667 3481 5734 lupus
3508 5680 3648 5739 ovem

2052 5751 2309 5809 secernere
2354 5754 2385 5790 a
2412 5754 2591 5809 grege,
2631 5748 2685 5791 ut
2730 5736 3297 5809 accipiter‘colambam
3341 5744 3408 5809 ab
3449 5738 3650 5809 agmine

2053 5805 2336 5879 volantium
2382 5805 2622 5879 separare
2674 5805 2970 5864 tetttaverat.
3031 5805 3337 5879 Crudelitcr
3396 5805 3647 5879 inimicus

2056 5877 2216 5934 fuisse
2258 5877 2467 5936 videtur
2502 5881 2769 5952 episcopis
2811 5880 2894 5936 sui
2938 5880 3197 5950 temporis
3235 5877 3475 5935 Joannes
3511 5878 3648 5936 ltus-
