4332 6292
572 382 682 450 307

1972 385 2109 445 uno
2144 382 2465 445 CYPRIANI
2531 362 2538 374 '

3765 387 3882 451 508

574 506 804 575 lu‘mbas,
836 521 903 564 ne
927 521 1057 563 oves
1082 503 1278 561 Christi
1309 518 1449 563 saeva
1479 518 1572 561 sua
1617 513 1670 561 et
1698 513 1953 562 venenata
1981 513 2167 563 conta-
2191 503 2247 573 Α
2270 502 2448 556 audire
2484 517 2738 557 sermones
2762 497 3315 573 pseudoprophetarum
3334 542 3349 571 ,
3380 502 3621 575 quoniam
3654 504 3868 577 visiones

575 606 731 676 gione
759 601 1085 673 praedantur.
1121 599 1405 657 Cohazrerc
1446 608 1500 655 et
1546 598 1795 670 conjungi
1839 613 1944 654 non
1997 607 2169 669 potest

572 692 873 749 amaritudo
899 706 1020 746 cum
1047 690 1353 755 dulcedine,
1386 691 1556 762 caligo
1588 704 1709 745 cum
1737 691 1958 757 lumine,
1993 690 2170 760 pluvia

572 799 693 840 cum
739 782 1046 847 serenitate,
1090 797 1265 854 pugna
1312 798 1431 838 cum
1473 798 1625 853 pace,
1664 797 1785 839 cum
1828 782 2172 838 ﬁecunditnte

571 876 849 944 sterilitas,
893 890 1016 932 cum
1065 876 1297 932 fontibus
1348 877 1583 944 siccitas,
1626 893 1746 933 cum
1790 877 2171 948 tranquillitate

572 975 885 1038 tempestas.
927 966 1096 1022 Nemo
1125 968 1394 1025 existimet
1428 969 1597 1025 bonos
1624 968 1693 1024 dc
1734 968 1970 1024 Ecclesia
2014 984 2171 1038 posse

571 1058 851 1116 discedere
883 1076 896 1113 :
932 1060 1168 1117 triticum
1200 1076 1307 1117 non
1348 1062 1489 1133 rapit
1523 1071 1734 1129 ventus,
1778 1077 1878 1117 nec
1921 1063 2168 1118 arborem

573 1149 741 1206 solida
770 1149 950 1206 radice
979 1150 1251 1208 fundatam
1279 1153 1510 1224 procella
1536 1153 1826 1216 subvertit;
1858 1155 2042 1209 inanes
2072 1160 2167 1223 pu-

572 1244 674 1299 lem
703 1251 1020 1313 tempestate
1054 1247 1345 1316 jactantnr,
1390 1245 1635 1301 invalida:
1672 1245 1895 1302 arbores
1938 1247 2170 1305 turbinis

571 1335 883 1392 incursione
909 1344 1237 1397 evertuntur.
1262 1337 1372 1393 Hos
1389 1346 1671 1394 execratur
1685 1349 1739 1394 et
1757 1340 1989 1408 percutit
2008 1339 2171 1395 Joan-

572 1443 670 1484 nes
716 1428 990 1498 apostolus
1033 1429 1218 1483 dieens
1268 1443 1282 1481 :
1327 1427 1411 1483 Ea:
1452 1429 1596 1483 nobis
1632 1430 1883 1492 exierant.
1933 1430 2023 1485 sed
2067 1447 2169 1487 non

569 1524 775 1592 fuerunt
804 1535 867 1577 ea:
896 1519 1036 1577 nobis
1065 1536 1084 1576 :
1112 1520 1156 1574 si
1184 1519 1315 1577 enim
1344 1520 1556 1591 fuissent
1586 1537 1649 1576 es
1676 1520 1840 1589 nobis,
1868 1523 2169 1579 mansissent

571 1612 1029 1676 utique-uobiscum
1051 1621 1078 1650 ⁸
1109 1612 1153 1685 (1
1173 1610 1331 1667 Joan.
1355 1628 1394 1669 ιι
1411 1654 1426 1681 ,
1458 1613 1568 1685 19).

642 1705 711 1761 Χ.
749 1704 885 1761 liine
911 1705 1152 1779 haereses
1177 1713 1231 1762 et
1254 1705 1405 1762 iactas
1434 1714 1560 1763 sunt
1589 1706 1896 1779 frequenter
1924 1716 1979 1765 et
2007 1708 2164 1777 fiunt,

571 1797 698 1856 dum
724 1812 974 1868 perversa
1017 1812 1171 1855 mens
1197 1814 1303 1856 non
1333 1798 1495 1856 habet
1525 1814 1745 1870 pacem,
1789 1801 1913 1858 dum
1943 1801 2166 1873 perﬁdia

571 1889 891 1949 discordans
924 1905 1030 1946 non
1065 1900 1209 1951 tenet
1238 1892 1492 1949 unitatem
1517 1890 1566 1949 δ.
1600 1892 1743 1950 Fieri
1769 1910 1896 1950 vero
1917 1897 2032 1951 haec
2063 1897 2163 1955 Do-

2278 595 2446 649 cordis
2490 610 2666 649 eorum
2703 595 3012 664 frustrantur
3052 612 3155 650 eos.
3199 594 3517 667 Loquuutur,
3546 598 3636 653 sed
3674 614 3774 653 non
3806 601 3871 656 ab

2279 702 2363 740 ore
2391 685 2617 742 Domini.
2647 685 2829 742 Dicunt
2858 687 2928 741 eis
2951 688 3036 759 qui
3062 687 3308 759 objiciunt
3337 690 3538 744 verbum
3571 690 3666 746 Dei
3694 706 3714 746 :
3756 691 3873 749 Pax

2274 777 2369 829 erit
2420 777 2559 831 vobis
2605 787 2650 833 et
2708 778 2939 835 omnibus
2999 778 3376 837 ambulantibus
3432 782 3486 836 iu
3532 782 3872 847 voluntatibus

2274 870 2401 924 suis.
2443 870 2622 931 Omnis
2646 874 2735 943 qui
2758 873 2988 929 ambulat
3015 875 3067 929 in
3110 891 3280 933 errore
3311 878 3478 932 cordis
3505 878 3616 946 sai,
3656 896 3758 935 non
3787 896 3873 937 vc-

2274 962 2411 1016 nient
2438 979 2727 1033 supersum
2758 967 2913 1022 mala.
2942 965 3063 1023 Non
3093 969 3290 1025 locutus
3315 987 3429 1025 sum
3455 972 3524 1026 ad
3548 988 3634 1027 eos
3653 1014 3666 1037 ,
3702 984 3748 1030 et
3768 976 3875 1045 ipsi

2274 1057 2722 1127 prop/tetavcrunt.
2756 1058 2818 1115 Si
2846 1061 3099 1117 stetissent
3126 1061 3177 1115 in
3203 1062 3487 1119 substantia
3529 1081 3661 1131 mea,
3701 1075 3749 1121 et
3776 1084 3873 1123 au-

2274 1146 2464 1203 dissent
2504 1150 2650 1204 verba
2690 1166 2802 1205 mea
2824 1191 2839 1217 ,
2872 1161 2918 1205 et
2966 1152 3009 1205 si
3049 1151 3335 1209 docuissent
3387 1155 3632 1226 populum
3679 1172 3868 1224 meum,

2272 1240 2627 1314 convertissem
2670 1256 2755 1295 eos
2796 1256 2827 1295 a
2873 1242 3021 1298 malis
3048 1244 3441 1314 cogitationibus
3474 1262 3647 1303 eorum
3691 1246 3866 1319 (Hier.

2270 1348 2433 1398 xxm,
2461 1333 2547 1399 16,
2579 1335 2665 1402 17,
2697 1334 2788 1401 21,
2820 1335 2935 1405 22).
2989 1336 3098 1391 llos
3138 1336 3358 1409 eosdem
3399 1337 3578 1394 denuo
3611 1339 3871 1397 Dominus

2271 1424 2515 1496 designat
2544 1438 2599 1482 et
2640 1427 2860 1484 denotat
2894 1427 3115 1483 dicens:
3149 1427 3236 1483 Me
3260 1429 3634 1500 dereliquerunt
3661 1418 3871 1502 fontem

2270 1535 2417 1588 aquas
2440 1519 2596 1585 vim,
2630 1531 2677 1574 et
2705 1520 2994 1586 elfoderunt
3035 1522 3132 1585 sibi
3176 1524 3319 1578 locus
3359 1523 3615 1593 detrices,
3654 1527 3740 1596 qui
3768 1543 3869 1585 non
3926 1579 3941 1591 _

2272 1619 2481 1679 possunt
2525 1627 2710 1681 aquam
2749 1622 2952 1683 portare
2987 1611 3152 1684 (Ibid.
3187 1630 3222 1671 tt
3246 1656 3260 1681 ,
3303 1616 3416 1684 15).
3471 1615 3695 1684 Quando
3722 1616 3870 1673 aliud

2271 1703 2534 1771 baptisma
2575 1713 2770 1774 printer
2801 1721 2961 1760 unum
2991 1720 3115 1763 esse
3142 1722 3249 1765 non
3279 1708 3478 1776 possit,
3509 1707 3781 1778 baptizare
3810 1724 3872 1765 se

2271 1812 2430 1867 posse
2458 1798 2765 1868 opinantur.
2804 1798 2933 1854 Vita:
2980 1799 3125 1856 fonte
3151 1799 3400 1864 deserto,
3437 1801 3615 1861 vitulis
3638 1813 3695 1859 et
3720 1801 3867 1857 salu-

2271 1889 2401 1945 taris
2426 1905 2577 1958 aquae
2606 1890 2830 1961 gratiam
2860 1890 3199 1962 pollicentur.
3241 1890 3357 1953 Non
3387 1892 3679 1961 abluuntur
3706 1892 3813 1951 iliio
3842 1902 3866 1930 θ

569 1982 746 2037 minus
764 1981 1019 2052 permittit
1043 1990 1098 2038 et
1123 1983 1343 2053 patitur,
1365 1996 1616 2042 manente
1640 1987 1867 2056 propriae
1900 1987 2164 2045 libertatis
2193 1946 2241 2006 Β
2272 1980 2520 2037 homines
2539 2020 2556 2046 .
2587 1981 2680 2036 sed
2721 1982 2898 2050 potius
2925 1982 3299 2048 conliduntur;
3334 1997 3434 2045 nec
3461 1993 3751 2053 partiamur
3775 1983 3869 2039 de?

497 2096 501 2099 τ
570 2072 813 2138 arbitrio.
846 2081 924 2141 ut,
956 2073 1085 2130 dum
1118 2075 1279 2130 corda
1308 2083 1485 2131 nostra
1516 2086 1570 2132 et
1592 2088 1802 2133 mentes
1827 2087 2041 2135 nostras
2070 2095 2165 2135 ve-

569 2168 743 2223 ritatis
768 2167 1056 2225 discrimen
1086 2171 1394 2239 examinat,
1421 2171 1768 2242 probatorum
1799 2172 1933 2228 ﬁdes
1961 2173 2165 2244 integra

572 2258 855 2318 manifesta
900 2259 1020 2315 luce
1043 2260 1320 2323 clarescat.
1372 2263 1474 2319 Per
1512 2264 1829 2334 Apostolum
1870 2276 2167 2336 praemonet

571 2353 803 2423 Spiritus
855 2362 1074 2409 sanctus
1120 2364 1175 2410 et
1221 2354 1393 2412 dicit:
1444 2355 1658 2426 Oportet
1694 2357 1906 2415 lim-eses
1943 2375 2080 2426 esse,
2112 2370 2168 2421 ut

548 2446 767 2529 ενι-οὐαιὶ
794 2447 1051 2519 manifesti
1071 2448 1171 2503 sint
1197 2448 1249 2502 in
1274 2448 1409 2503 vobis
1455 2448 1499 2521 (Ι
1523 2448 1642 2505 Cor.
1677 2467 1749 2516 st,
1780 2451 1891 2523 19).
1917 2451 2016 2508 Sic
2044 2467 2168 2522 pro-

569 2537 763 2593 bantur
790 2536 998 2605 ﬁdeles,
1022 2538 1101 2593 sic
1123 2539 1309 2609 perﬁdi
1338 2539 1673 2610 detegantur.
1699 2540 1786 2597 Sic
1809 2550 1866 2597 et
1887 2551 2013 2599 ante
2035 2543 2169 2613 judi-

569 2631 636 2687 cii
666 2630 810 2687 diem
847 2631 930 2687 hic
960 2648 1172 2709 quoque
1209 2633 1320 2704 jam
1349 2635 1613 2705 justorunt
1653 2648 1815 2708 atque
1846 2639 2166 2709 iujustorum

570 2722 764 2777 animas
786 2704 1117 2792 dividuntur,
1145 2734 1200 2781 et
1224 2741 1254 2780 a
1287 2704 1553 2782 frumento
1583 2740 1605 2768 ο
1635 2704 1801 2800 paleis
1829 2704 2166 2801 separantur.

571 2815 640 2872 lli
664 2817 898 2889 suntqui
923 2834 983 2874 se
1003 2819 1144 2876 ultro
1168 2820 1308 2892 apud
1342 2823 1659 2879 temerarios
1677 2838 1947 2881 convenas
1977 2822 2005 2862 ιι
2048 2826 2170 2883 sine

570 2908 745 2965 divina
772 2909 1123 2982 dispositione
1151 2914 1467 2984 praeﬁciunt,
1489 2917 1601 2987 qui,
1626 2931 1686 2972 se
1708 2918 2027 2988 prmpositos
2052 2920 2170 2977 sine

571 3004 678 3059 ulla
703 3003 1053 3062 ordinationis
1074 3007 1192 3079 lege
1215 3009 1570 3077 ennstituunt,
1597 3010 1709 3081 qui,
1741 3011 2171 3082 nemineepisen-

569 3105 755 3169 patum
796 3098 989 3167 dante,
1020 3102 1258 3172 episcOpi
1302 3105 1401 3160 sibi
1448 3120 1643 3163 nomen
1684 3115 1963 3164 assumunt
1988 3123 2004 3172 ;
2033 3122 2169 3176 quos

571 3190 813 3260 designat
830 3193 880 3247 iu
912 3192 1138 3250 Psalmis
1161 3196 1392 3266 Spiritus
1416 3208 1633 3256 sanctus
1651 3201 1904 3257 sedentes
1927 3202 1977 3257 in
2007 3201 2170 3270 pesti-

573 3280 749 3336 lentiae
776 3282 1030 3339 cathedra
1055 3285 1227 3356 (Psal.
1263 3305 1300 3355 t,
1334 3288 1385 3360 l)
1416 3332 1430 3355 ,
1461 3301 1641 3360 pestes
1668 3300 1721 3346 et
1747 3292 1860 3349 lues
1888 3291 2030 3358 lidei,
2054 3307 2167 3347 scr-

575 3374 752 3443 pentis
777 3389 873 3429 ore
896 3374 1143 3437 fallentes
1164 3418 1179 3444 ,
1208 3390 1263 3436 et
1287 3383 1694 3449 corrmnpendre
1725 3386 1968 3440 veritatis
1997 3385 2168 3440 artiﬁ-

575 3480 702 3531 ces,
732 3481 937 3523 venena
982 3469 1196 3526 lethalia
1239 3472 1429 3543 linguis
1483 3476 1747 3543 pestit‘eris
1796 3487 2109 3531 thllltelllcS
2148 3493 2163 3542 ;

573 3573 800 3627 quorum
820 3573 999 3615 sermo
1027 3570 1085 3615 ut
1106 3577 1301 3619 cancer
1328 3567 1496 3635 serpit
1518 3566 1587 3633 (ll
1626 3566 1758 3623 ’l'im.
1805 3584 1863 3633 u,
1889 3569 2000 3639 i7),
2031 3586 2168 3639 ψω-

572 3665 689 3704 rum
719 3658 981 3708 tractatus
1003 3656 1307 3723 pectoribus
1328 3665 1380 3713 et
1397 3657 1648 3714 cordibus
1669 3659 1998 3730 singulorum
2024 3676 2169 3716 mor-

575 3742 677 3799 tale
707 3744 850 3800 sirus
880 3744 1128 3802 infundit.

646 3836 735 3891 Xi.
765 3834 964 3895 Contra
981 3839 1245 3911 ejusmodi
1267 3843 1462 3900 clamat
1491 3845 1765 3913 Dominus,
1785 3847 1852 3907 ah
1879 3846 1965 3903 his
1989 3846 2173 3903 refrin-

575 3937 747 3999 nat.et
774 3942 989 3988 revocat
1015 3949 1282 3992 errantem
1319 3939 1525 4009 plebem
1543 3954 1716 4008 suam,
1740 3943 1923 3998 dicens
1951 3962 1966 3999 :
1996 3941 2171 4000 Nolite

2269 2073 2392 2129 licia
2419 2114 2432 2138 ,
2460 2073 2557 2129 sed
2583 2072 2749 2133 immo
2770 2074 3131 2137 cumulantur.
3173 2074 3292 2131 Non
3322 2075 3430 2131 Deo
3477 2076 3723 2137 antistitas
3754 2075 3865 2142 illa,

2268 2164 2364 2221 sed
2390 2164 2610 2221 diabolo
2634 2164 2771 2227 ﬁlios
2791 2176 3031 2238 generat.
3075 2167 3177 2223 Per
3205 2165 3544 2230 mendacium
3576 2169 3686 2225 nati
3713 2166 3869 2229 Veri—

2270 2256 2398 2317 tatis
2425 2257 2684 2327 promissa
2708 2274 2811 2315 uott
2837 2258 3054 2329 capiunt
3078 2276 3093 2314 ι
3115 2258 3182 2314 de
3205 2238 3428 2329 perﬁdia
3453 2260 3715 2329 procreati
3744 2258 3869 2315 ﬁdei

2268 2348 2493 2418 gratiam
2532 2348 2781 2420 perdunt.
2814 2352 2895 2411 Ad
2937 2351 3082 2420 pacis
3123 2349 3400 2421 praemium
3447 2352 3515 2385 ³³⁸
3550 2351 3732 2407 venire
3761 2366 3868 2419 non

2271 2451 2511 2512 possunt,
2533 2442 2624 2511 qui
2647 2457 2830 2512 pacem
2850 2442 3059 2505 Domini
3079 2443 3362 2503 discordias
3381 2441 3564 2509 furore
3587 2452 3867 2514 ruperunt.

2343 2533 2460 2589 ΧΙΙ.
2501 2534 2610 2590 Nec
2636 2549 2698 2590 se
2723 2535 2936 2604 quidam
2970 2549 3101 2591 vana
3127 2535 3578 2606 interpretatione
3604 2536 3873 2606 decipiant

2271 2625 2413 2696 quod
2459 2626 2654 2681 discrit
2705 2626 3009 2683 Dominus:
3059 2625 3375 2698 Ubicumque
3410 2627 3599 2699 fuerint
3640 2628 3741 2683 duo
3783 2637 3871 2683 aut

2270 2727 2368 2773 tres
2396 2719 2592 2773 collecti
2623 2720 2675 2773 in
2719 2720 2922 2773 nomine
2959 2735 3092 2784 meo,
3126 2736 3217 2791 ego
3245 2736 3360 2775 cum
3395 2719 3467 2774 eis
3494 2736 3604 2774 sum
3652 2716 3869 2788 (Matth.

2273 2826 2425 2876 xvut.
2456 2810 2544 2876 l9,
2575 2809 2691 2881 20).
2726 2810 3081 2880 Corruptores
3113 2810 3387 2881 Evangelii
3417 2822 3576 2880 atque
3607 2812 3872 2880 interpre-

2282 2910 2361 2957 tes
2409 2901 2527 2956 falsi
2578 2911 2817 2958 extrema
2862 2911 3069 2973 ponunt
3112 2911 3167 2958 et
3206 2903 3483 2973 superiora
3532 2912 3870 2974 prmtereuut,

2274 2994 2440 3065 partis
2466 3010 2732 3051 memores
2752 3035 2767 3060 ,
2798 3003 2851 3050 et
2876 3005 3082 3066 partem
3120 2994 3137 3032 ί
3170 2996 3397 3052 subdole
3428 2995 3870 3066 comprituentcs;

2204 3096 2211 3101 '
2272 3100 2332 3145 ut
2361 3088 2461 3159 ipsi
2490 3087 2556 3142 ab
2586 3087 2825 3143 Ecclesia
2852 3088 3157 3145 scissi-sunt
3181 3128 3196 3155 ,
3230 3088 3303 3143 ita
3325 3087 3543 3159 capituli
3566 3089 3720 3143 unius
3752 3102 3874 3145 sen-

2275 3180 2493 3238 tentiam
2514 3180 2762 3236 scindunt
2790 3198 2804 3236 :
2841 3180 3094 3241 Dominus
3122 3181 3288 3248 enim,
3319 3195 3441 3236 cum
3476 3167 3874 3250 discipulissuis

2285 3274 2691 3330 unauitnitatent
2720 3272 2970 3337 suaderet
2995 3282 3049 3328 et
3077 3287 3262 3344 pacem
3295 3290 3308 3325 :
3340 3272 3495 3339 Dico,
3526 3272 3714 3344 inquit,
3737 3273 3873 3328 vobis

2272 3373 2533 3443 quoniam,
2552 3371 2595 3426 si
2619 3369 2815 3425 duobus
2839 3385 2903 3426 ex
2928 3367 3064 3425 vobis
3091 3369 3372 3423 convenerit
3400 3369 3453 3423 in
3475 3377 3627 3431 terra,
3653 3367 3717 3421 de
3733 3366 3875 3422 omni

2270 3482 2325 3520 re
2353 3478 2672 3537 quacumque
2696 3461 2958 3533 petieritis,
2974 3462 3226 3531 continget
3252 3458 3388 3513 vobis
3413 3475 3444 3513 a
3474 3456 3629 3513 Patre
3654 3474 3763 3512 utea
3785 3457 3874 3529 qui

2286 3561 2339 3615 in
2368 3557 2507 3614 caelis
2526 3567 2623 3612 est.
2681 3554 2992 3624 Ubicumque
3020 3555 3152 3609 enim
3181 3554 3371 3621 fuerint
3398 3551 3499 3606 duo
3525 3560 3613 3605 aut
3641 3560 3741 3606 tres
3766 3551 3875 3605 col-

2274 3655 2387 3708 lecti
2419 3653 2471 3706 in
2512 3651 2714 3707 nomine
2752 3664 2881 3714 meo,
2921 3663 3012 3719 ego
3060 3662 3175 3703 cum
3203 3646 3272 3700 eis
3295 3661 3408 3699 sum
3438 3640 3627 3715 (lbid.)
3650 3683 3664 3708 ,
3692 3654 3873 3698 osmu-

2274 3750 2407 3805 deus
2435 3764 2542 3804 non
2575 3746 2924 3812 multitudini,
2955 3744 3050 3801 sed
3102 3744 3434 3801 unanimitati
3468 3742 3870 3815 deprecantium

2280 3844 2763 3918 plurimumtribui.
2785 3842 2847 3899 Si
2872 3842 3084 3909 duobus,
3109 3841 3309 3912 inquit,
3337 3857 3400 3895 es:
3421 3838 3557 3895 vobis
3585 3839 3869 3894 convenerit

2276 3946 2328 3998 in
2357 3951 2513 4005 terra;
2539 3937 2941 3994 uttanimitutem
2971 3936 3117 4006 prius
3145 3938 3336 4004 posuit,
3363 3932 3706 3990 concordiam
3726 3933 3869 4004 paris

1782 4039 2160 4098 LECTIONES
2199 4040 2286 4097 VA
2295 4038 2363 4095 R1
2373 4034 2613 4093 ρίΝΤΕὸ.

643 4118 667 4183 j‘
705 4116 994 4183 Mansissent
1016 4123 1417 4183 nobiscumlThu.
1441 4128 1579 4181 Foss.

640 4179 668 4255 ξ
692 4179 1086 4255 Demperrersa
1109 4200 1251 4255 meus
1272 4179 1368 4239 non
1392 4179 1531 4241 tenet
1556 4191 1791 4253 unitatem
1814 4197 1905 4245 Ar.

644 4248 666 4275 ο
702 4244 745 4292 Α
768 4244 926 4295 tritico
957 4250 1092 4298 Voss.
1118 4250 1167 4297 :5.

638 4311 663 4352 ἀ
699 4310 979 4362 Couventus
1008 4313 1143 4363 γωδ.
1172 4313 1220 4362 5.

2344 4132 2367 4160 θ
2405 4125 2508 4179 illis
2531 4127 2688 4178 Oxon.

2340 4187 2363 4228 ί
2401 4188 2583 4239 Partim
2624 4199 2870 4239 memores
2907 4190 2959 4238 et
3000 4186 3174 4251 partim
3215 4184 3341 4236 Bod.
3383 4186 3426 4235 1.
3459 4187 3594 4238 Voss.
3623 4186 3668 4237 1.
3700 4184 3870 4238 Paris.

2284 4252 2407 4304 Thu.

1817 4400 2056 4461 STEPH.
2101 4400 2371 4461 BALUZII
2406 4399 2635 4457 NOTAE.

596 4510 847 4567 brachios
900 4512 952 4567 in
983 4527 1100 4584 cap.
1139 4514 1244 4570 l55
1276 4511 1658 4573 Commentarii
1700 4518 1780 4572 sui
1822 4519 1876 4572 in
1933 4515 2181 4571 tabmm-

597 4584 768 4658 culum
814 4583 1054 4658 (aderis,
1079 4600 1398 4658 comparans
1437 4603 1529 4641 eos
1561 4586 1798 4658 accipitri
1823 4630 1836 4656 ,
1880 4590 2028 4643 aiens
2067 4589 2184 4644 illos

599 4654 852 4723 populum
904 4654 1110 4710 Domini
1152 4672 1257 4711 non
1307 4668 1360 4711 ut
1399 4654 2185 4727 pastorespsed‘sa'cuiarium

495 5216 499 5220 '
587 5151 791 5220 versuti,
825 5151 994 5220 rigidi,
1021 5169 1080 5206 ac
1104 5156 1331 5207 crudeles
1358 5151 1509 5218 sunt,
1544 5173 1656 5211 cum
1699 5169 1862 5211 tamen
1913 5151 2048 5208 Dens
2073 5172 2184 5208 om-

589 5218 820 5288 nipotens
851 5218 1076 5288 prtclotis
1107 5220 1349 5278 Ecclesia:
1367 5223 1508 5281 haud
1545 5244 1687 5282 secus
1713 5229 1850 5281 omni
1866 5227 2183 5281 interdixetit

585 5289 907 5346 iticlementia
942 5295 1343 5366 ackcrudelitate,
1367 5314 1518 5365 quam
1564 5297 1763 5353 Judwis
1811 5300 1947 5352 omni
1990 5296 2182 5366 at'cipie

580 5370 719 5437 trqu
750 5380 952 5437 genere.
996 5364 1126 5437 Vtile
1149 5368 1309 5422 etiam
1342 5364 1613 5423 Nicolaum
1655 5371 1724 5424 de
1763 5368 1904 5424 Cusa
1926 5409 1944 5437 ,
1988 5366 2080 5422 lib.
2102 5364 2181 5423 ittt

583 5429 1039 5510 degericordantia
1068 5436 1350 5506 Catholica,
1380 5455 1497 5510 cap.
1522 5438 1612 5494 9.9.

650 5502 719 5534 ⁵³⁸
739 5503 1039 5561 Amaritudo
1064 5525 1179 5564 cum
1205 5502 1491 5565 dulcedine.
1516 5510 1799 5569 Cornelius
1819 5508 2030 5575 Celsus,
2060 5508 2155 5565 lib.

575 5588 651 5648 ιχ,
670 5590 790 5644 Cap.
806 5576 840 5632 9
860 5596 870 5627 :
890 5576 1072 5633 Dulcia
1083 5583 1253 5635 omnia
1266 5583 1469 5636 inimica
1482 5593 1619 5638 sunt.
1641 5581 1930 5648 Arnobius,
1949 5581 2039 5634 lib.
2058 5596 2124 5635 vn
2144 5599 2155 5633 :

578 5642 755 5722 Diraque
784 5650 915 5700 enim
942 5653 993 5704 in
1021 5651 1337 5707 dulcedinem
1368 5653 1556 5707 vertere
1582 5653 1870 5707 autut-illido
1900 5642 1954 5707 se
1977 5663 2155 5722 potest.

575 5713 953 5795 Hieronymus,
1000 5724 1052 5778 in
1085 5725 1395 5791 praefatione
1434 5724 1690 5795 Epistula}
1735 5726 1801 5779 ad
1848 5713 2160 5795 Alga'siam:

576 5784 706 5863 {iliis
752 5784 949 5843 dulcia'
974 5784 1205 5863 placent,
1256 5784 1529 5850 nonnullbs
1573 5796 1845 5851 subamara
1892 5784 2160 5849 tl'clectant.

583 5852 777 5909 llorum
799 5852 1109 5918 stomachum
1130 5852 1279 5921 acida
1300 5876 1561 5935 renovant,
1586 5867 1792 5922 illorum
1813 5866 1946 5935 falsa
1970 5874 2167 5919 susten-

2287 4523 2415 4586 tant.
2448 4513 2583 4586 Vide
2610 4520 3002 4586 notasnostras
3022 4512 3094 4586 ab
3122 4512 3314 4569 librum
3340 4514 3585 4586 quintum
3611 4513 3867 4572 Salviaui.

2362 4583 2635 4641 X—Sine
2677 4584 2868 4637 divina.
2902 4582 2968 4637 Ut
3019 4582 3575 4641 Novatiantts’Bomm
3617 4587 3872 4642 adversus

2435 4622 2633 4639 τω...
2677 4622 2868 4637 ..........
2902 4622 2968 4637 υ.
3019 4622 3345 4641 ..υνυηηηυσ
3390 4622 3574 4640 μνη...
3617 4622 3870 4642 mnus";

2209 4622 2265 4683 D
2295 4622 2623 4730 COEICIlulil.
2653 4646 2787 4709 Vide
2820 4670 2938 4730 q_ua_:
2975 4653 3041 4709 de
3080 4653 3317 4711 Luciauo
3343 4668 3590 4713 notamus
3634 4658 3702 4713 ad
3740 4658 3870 4730 Epi-

600 4740 750 4799 tuurc
792 4740 1073 4799 rrgereqac
1104 4729 1390 4782 utoderati.
1432 4727 1492 4783 Et
1528 4730 1714 4785 addit:
1752 4729 1818 4785 Et
1860 4741 1911 4784 ut
1954 4729 2197 4799 accipiter
2254 4755 2259 4759 υ
2297 4728 2487 4799 stolam
2522 4742 2642 4790 ενι,

601 4795 770 4872 pullos
795 4796 1088 4872 suos,__dunt
1117 4799 1283 4855 calent
1313 4842 1327 4865 ,
1379 4802 1446 4853 ad
1476 4801 1783 4870 captam/am
1834 4795 2075 4872 prtrdam'
2112 4816 2199 4854 vo—

602 4866 710 4943 lare
734 4867 1008 4943 compellit,
1035 4880 1080 4921 et
1103 4879 1174 4943 est
1204 4874 1342 4940 {m‘us
1368 4888 1429 4924 ac
1451 4866 1687 4935 crudelis,
1721 4873 1793 4926 ita
1822 4866 2035 4943 perversi
2063 4889 2199 4942 pra»

601 4936 692 4989 lati
727 4938 898 5006 pullos
928 4955 1076 5015 suos,
1100 4940 1155 5015 id
1181 4936 1254 4994 est
1292 4958 1377 4996 eos
1405 4948 1488 5013 qui
1519 4946 1746 5015 ipsorum
1774 4936 2194 5015 [tinguntur'imu-

594 5022 760 5085 n‘ere,
818 5012 1021 5085 pt'a’dus
1072 5010 1376 5085 ubicumque
1418 5010 1629 5083 'possint
1669 5010 1821 5085 agere
1867 5010 2194 5084 compellunt.

594 5076 826 5157 Semper
858 5081 1005 5157 enim
1053 5083 1139 5137 ubi
1186 5076 1356 5157 rerum
1398 5076 1750 5157 temporalium
1777 5076 2203 5157 lucru‘sptrant,’

2714 4740 2812 4779 iac.
2835 4724 2960 4779 403.

2369 4742 2487 4782 nam
2522 4742 2642 4790 ενι,
2714 4742 2812 4796 tag.
2835 4742 2960 4779 oua.

2369 4796 2659 4852 Tractatus.
2682 4742 2852 4851 Antea
2891 4795 3165 4866 legebatur
3196 4808 3387 4853 tractus
3417 4798 3468 4853 in
3496 4798 3727 4867 antiquis
3756 4799 3873 4854 edi-

2301 4869 2551 4933 tionilms.
2584 4867 2898 4923 Betnbollus
2921 4866 3084 4923 edidit
3127 4878 3307 4925 tactus.
3341 4869 3471 4937 Qua:
3512 4866 3665 4924 lectio
3705 4872 3874 4937 magis

2301 4941 2495 5011 arrisit
2514 4938 2773 5011 Erostuo,
2803 4937 3071 5011 Munatio,
3115 4937 3349 4995 Pamelio
3371 4979 3384 5005 ,
3412 4950 3461 4994 et
3489 4941 3716 5011 Rigaltio
3735 4984 3749 5006 ,
3778 4941 3871 4997 sed

2301 5027 2405 5069 non
2452 5008 2729 5073 Mlthllio,
2762 5011 2864 5081 qui
2909 5010 3082 5077 posuit
3129 5020 3390 5066 tractatus.
3437 5008 3696 5078 Quae-cst
3749 5028 3873 5067 vera

2303 5081 2458 5135 lectio
2479 5120 2493 5141 ,
2542 5095 2701 5149 quam
2731 5078 3052 5135 conﬁrmant
3076 5096 3199 5135 xxvt
3244 5082 3361 5149 libt_'i
3408 5084 3573 5137 nostri
3604 5093 3657 5136 et
3684 5082 3873 5139 decem

2292 5140 2574 5222 Anglicttni
2600 5191 2615 5216 ,
2644 5161 2751 5204 tum
2775 5153 2934 5205 etiam
2962 5151 3125 5222 editio
3153 5140 3352 5206 Veneta
3378 5155 3503 5208 anui
3535 5154 3694 5209 1547.
3727 5157 3875 5209 llauc

2291 5221 2419 5278 vero
2451 5223 2740 5294 lectionem
2793 5224 3073 5294 tatuenetsi
3104 5221 3365 5291 Rigaltius
3396 5238 3499 5279 non
3533 5226 3767 5294 posuerit
3817 5227 3871 5281 itt

2287 5290 2577 5360 contextu,
2608 5293 2683 5349 ait
2711 5302 2885 5347 tamen
2916 5290 3466 5360 in;obserratiouiiuts
3495 5290 3605 5350 suis
3641 5296 3710 5350 ita
3740 5297 3874 5351 seri-

2288 5364 2339 5420 bi
2365 5363 2584 5418 omnino
2629 5362 2846 5419 debere.
2895 5362 3006 5419 lioe
3047 5363 3307 5435 judicium
3354 5377 3538 5421 set-uta
3577 5378 3661 5431 est
3707 5367 3875 5423 editio

2281 5436 2592 5507 Anglicaua.

2352 5502 2466 5561 Xll.
2496 5535 2569 5545 —
2587 5503 2920 5578 Corruptores
2934 5502 3218 5577 Evangelii.
3245 5506 3493 5576 Ruﬁnus,
3522 5510 3572 5564 iu
3597 5507 3740 5564 Psal.
3767 5524 3832 5563 cx
3852 5548 3870 5578 ,

2266 5578 2545 5647 explicans
2570 5577 2836 5644 adversus
2868 5576 3154 5650 Ittcreticos
3204 5578 3321 5634 lucc
3376 5581 3574 5647 verba,
3629 5576 3871 5650 quoniam

2268 5665 2385 5702 ecce
2412 5658 2696 5718 peccatores
2726 5648 3058 5702 incenderunt
3086 5664 3290 5712 arcam,
3324 5651 3395 5704 ait
3417 5692 3430 5717 ,
3466 5651 3520 5704 id
3540 5660 3612 5705 est
3642 5648 3870 5707 sanctam

2274 5720 2604 5792 Scriptorum
2621 5719 2725 5792 suis
2738 5718 2993 5792 erroribus
3014 5731 3060 5773 et
3082 5720 3186 5773 suis
3206 5720 3437 5792 sensibus
3460 5723 3866 5792 applicaverunt.

2271 5787 2441 5856 Ideni,
2475 5789 2565 5862 lilt.
2587 5806 2613 5842 v
2653 5787 2789 5862 Hist.
2829 5791 3208 5862 [Eccles.‘,_cap.
3231 5790 3301 5845 28
3329 5810 3340 5845 :
3372 5787 3673 5862 Scripturas
3703 5802 3869 5847 autent

2272 5861 2470 5916 divinas
2497 5861 2684 5930 absque
2702 5861 2808 5915 ulla
2834 5861 3029 5916 timoris
3063 5858 3169 5914 Dei
3189 5866 3468 5917 reverentia
3495 5858 3861 5933 corruperunt.
