4302 6296
351 322 464 391 509

1447 329 1654 388 LIBER
1693 331 1783 388 DE
1824 328 2126 389 UNITATE
2166 327 2543 387 ECCLESUE.

3548 324 3661 387 suo

347 455 474 502 autc
502 444 779 515 pratmisit,
808 451 867 501 ut
892 441 1171 499 conveniat
1220 441 1373 499 nobis
1400 442 1629 499 fideliter
1655 453 1704 499 et
1729 428 1953 500 firmiter
1981 445 2032 509 Α
2058 428 2250 497 habetis
2269 442 2513 496 adversus
2535 440 2774 512 aliquem,
2803 447 2859 495 ut
2884 448 2930 494 et
2963 438 3115 499 Pater
3136 448 3295 496 vester
3321 438 3407 510 qui
3437 440 3487 495 in
3514 441 3653 497 caelis

348 534 846 605 docuit.Quomodo
869 543 1046 591 autem
1066 542 1243 604 potest
1262 535 1308 589 ei
1322 549 1442 589 cum
1463 534 1643 604 aliquo
1654 532 1944 595 convenire

349 632 436 689 cui
464 644 587 691 cum
617 642 843 699 corpore
864 627 1032 698 ipsius
1057 625 1315 682 Ecclesiae
1340 634 1540 681 etcum
1564 627 1810 682 universa
1839 625 1948 681 fra-

356 722 609 781 ternitate
663 737 775 777 non
815 718 1105 777 convenit?
1154 718 1425 789 quomodo
1462 728 1682 789 possunt
1711 717 1818 773 duo
1852 727 1945 773 aut

357 825 469 872 tres
498 816 550 873 in
579 813 799 870 nomine
838 812 1034 869 Christi
1062 811 1238 882 colligi
1277 827 1410 880 quos
1437 820 1648 867 cnnstat
1673 827 1702 866 a
1732 812 1948 868 Christo

351 917 407 965 et
433 909 500 963 ab
523 907 640 978 ejus
670 905 957 977 Evangelio
978 904 1255 973 separari?
1285 903 1398 958 Non
1426 904 1568 958 enim
1598 918 1694 958 nos
1719 905 1788 958 ab
1817 903 1944 971 illis,

348 1003 444 1060 sed
473 1003 601 1061 illia
622 1000 781 1057 nobis
806 1007 1168 1057 recesserunt.
1206 998 1272 1055 Et
1310 1014 1431 1055 cum
1464 997 1698 1055 haereses
1728 1008 1781 1057 et
1806 998 1948 1053 sebi-

352 1106 525 1153 smata
558 1092 897 1167 postmodum
948 1101 1074 1149 nata
1100 1091 1206 1148 sint
1225 1132 1241 1157 ,
1271 1091 1398 1147 dum
1443 1090 1814 1148 conventicula
1843 1092 1947 1147 sibi

356 1191 569 1248 diversa
610 1189 986 1253 constituunt,
1019 1187 1263 1242 veritatis
1301 1196 1461 1256 caput
1489 1195 1651 1257 atque
1685 1174 1946 1257 originem

356 1283 711 1353 reliquerunt.
742 1280 999 1360 Dominus
1027 1289 1203 1335 autem
1235 1278 1303 1335 de
1333 1279 1571 1335 Ecclesia
1602 1294 1699 1335 sua
1727 1288 1753 1316 ἰ
1780 1279 1952 1350 loqui-

353 1384 461 1440 tur,
489 1384 544 1429 et
570 1371 638 1427 ad
693 1371 792 1427 hos
831 1371 919 1442 qui
944 1381 1083 1426 sunt
1126 1372 1179 1426 in
1228 1371 1468 1427 Ecclesia
1505 1372 1760 1442 loquitur,
1803 1381 1860 1428 ut
1901 1370 1949 1427 si

348 1465 450 1537 ipsi
498 1463 794 1522 concordes
850 1462 1085 1529 fuerint,
1142 1463 1210 1531 si,
1272 1464 1564 1519 secundum
1593 1465 1734 1535 qttod
1793 1480 1947 1521 tuan-

349 1558 495 1615 davit
542 1568 596 1614 et
645 1556 884 1624 monuit,
940 1556 1048 1612 duo
1095 1568 1190 1612 aut
1222 1567 1330 1611 tres
1367 1556 1511 1624 licet,
1564 1558 1774 1614 collecti
1820 1573 1951 1613 una-

347 1654 565 1710 nimiter
615 1651 917 1714 oraverint,
969 1650 1077 1706 duo
1118 1659 1211 1706 aut
1260 1659 1369 1707 tres
1416 1650 1539 1706 licet
1586 1652 1722 1718 sint,
1778 1650 1957 1721 iunpo-

345 1754 492 1802 trare
517 1746 725 1816 possint
767 1744 834 1799 de
879 1743 972 1800 Dei
1017 1744 1297 1814 majestate
1324 1744 1468 1814 quod
1507 1744 1792 1813 postulant.
1824 1743 1950 1800 Ubi-

2046 543 2117 588 est
2146 534 2363 587 remittat
2393 532 2529 587 vobis
2555 542 2756 602 peccata
2783 530 2974 604 (Marc.
3000 549 3049 587 st
3074 574 3089 599 ,
3122 531 3238 602 25).
3267 531 3333 586 Ει
3360 532 3424 584 ad
3441 531 3651 585 sacrifi-

2047 626 2187 680 cium
2220 640 2342 681 cum
2368 626 2703 681 dissensione
2729 625 3027 680 venientem
3054 612 3268 681 revocat
3293 624 3361 678 ab
3388 624 3564 687 altari,
3596 632 3654 687 et

2045 716 2195 788 jubet
2223 718 2368 787 prius
2397 718 2729 774 concordare
2755 733 2876 773 cum
2902 717 3084 785 fratre,
3111 727 3234 773 tunc
3261 733 3381 773 cum
3410 733 3537 788 pace
3566 733 3651 771 rc-

2048 807 2298 864 deuutem
2325 810 2433 864 Deo
2447 808 2848 875 tuunusotl‘erre
2866 809 3080 882 (Matth.
3121 824 3170 876 v,
3187 809 3306 879 ει),
3325 810 3444 879 quia
3472 824 3567 867 nco
3582 810 3650 866 ad

2049 896 2178 955 Cain
2210 915 2430 956 munera
2478 902 2712 972 respexit
2734 900 2877 957 Deus
2901 899 3055 973 (Gen.
3083 916 3156 967 tv,
3187 901 3247 972 5)
3277 924 3289 959 :
3314 916 3487 972 neque
3503 902 3649 961 enim

2050 1004 2300 1065 pacatum
2330 995 2527 1052 habere
2559 996 2724 1053 Deum
2755 995 3090 1067 poterat,qni
3115 1010 3236 1051 cum
3272 994 3436 1055 fratre
3463 1011 3649 1066 pacem

2050 1103 2148 1160 per
2202 1090 2298 1149 zeli
2352 1089 2675 1147 discordiam
2704 1105 2810 1147 non
2849 1090 3101 1148 habebat.
3142 1090 3312 1158 Quam
3341 1090 3442 1147 sibi
3485 1091 3650 1161 igitur

2053 1196 2237 1251 pacem
2274 1185 2594 1252 promittunt
2625 1184 2821 1239 inimici
2850 1184 3096 1251 fratrum,
3122 1199 3244 1255 quin
3271 1183 3531 1241 sacriﬁcia
3556 1198 3647 1240 ee-

2052 1273 2262 1331 lebrare
2309 1290 2371 1330 se
2421 1273 2650 1335 credunt
2691 1276 2871 1331 seruuli
2916 1275 3296 1332 sacerdotum?
3338 1276 3421 1333 An
3465 1290 3647 1333 secum

2052 1379 2175 1421 esse
2222 1365 2493 1422 Christum
2539 1382 2661 1422 cum
2708 1367 2922 1423 collecti
2972 1365 3174 1424 fuerint
3217 1367 3529 1438 opinantur,
3557 1366 3648 1438 qui

2051 1468 2200 1514 extra
2229 1458 2428 1515 Christi
2461 1459 2762 1516 Ecclesiam
2791 1459 3151 1530 colliguntur?

2124 1549 2265 1605 XIV.
2307 1550 2465 1609 Tales
2492 1552 2705 1607 etiamsi
2735 1552 2901 1609 occisi
2940 1551 2996 1609 in
3033 1551 3376 1609 confessione
3414 1551 3649 1608 nominis

2051 1637 2280 1709 fuerint,
2312 1640 2517 1696 macula
2548 1640 2650 1697 ista
2680 1656 2779 1698 nec
2820 1643 3079 1713 sanguine
3101 1642 3337 1698 abluitur
3368 1643 3648 1713 :inexpia-

2052 1732 2176 1789 bilis
2200 1742 2254 1788 et
2274 1735 2455 1808 gravis
2483 1736 2636 1805 culpa
2658 1734 2942 1792 discordias
2970 1751 3069 1792 nec
3093 1737 3340 1806 passione
3367 1747 3644 1808 purgatur.

347 1803 560 1908 cumqtle
610 1838 798 1909 fuerint
836 1835 940 1891 duo
980 1845 1072 1890 aut
1103 1803 1215 1890 'tres
1259 1803 1455 1890 collecti
1484 1803 1540 1890 in
1573 1837 1775 1891 nomine
1811 1852 1943 1903 meo,
1976 1835 2023 1896 B
2055 1826 2188 1882 E588
2217 1803 2421 1899 many}
2443 1828 2508 1862 ¹⁹⁹
2534 1842 2642 1884 non
2661 1836 2841 1899 potest
2860 1828 2952 1899 qui
2983 1829 3034 1883 in
3053 1829 3293 1884 Ecclesia
3317 1839 3518 1884 nonest
3538 1846 3552 1884 :
3576 1829 3645 1885 ad

347 1948 461 2005 ego,
492 1931 681 2003 inquit.
714 1947 829 1984 cum
858 1930 931 1984 eis
952 1945 1088 1994 sum,
1120 1942 1242 1983 cum
1273 1927 1606 1993 simplicibus
1631 1928 1839 1983 scilicet
1864 1937 1947 1982 at-

345 2040 450 2097 que
473 2024 679 2096 pacatis
708 2023 759 2089 ιι.
787 2038 908 2078 cum
938 2023 1104 2079 Deum
1136 2024 1449 2078 timentibus
1471 2033 1525 2078 et
1554 2023 1643 2079 Dei
1674 2033 1943 2093 praecepta

346 2116 707 2174 servantibus.
743 2116 878 2172 Cum
919 2114 1004 2170 bis
1026 2114 1236 2171 duobus
1267 2116 1350 2173 vel
1385 2116 1557 2171 tribus
1587 2115 1714 2171 licet
1738 2131 1861 2172 esse
1884 2130 1945 2172 se

346 2208 518 2273 dixit,
547 2207 818 2278 quomodo
846 2218 896 2263 et
929 2222 1050 2263 cum
1080 2207 1248 2263 tribus
1276 2208 1458 2277 pueris
1487 2209 1539 2263 in
1565 2208 1779 2263 camino
1810 2208 1946 2278 ignis

348 2298 450 2354 fuit
471 2297 636 2368 (Dan.
663 2298 767 2370 ιιι),
817 2307 872 2354 et
897 2299 1018 2369 quia
1049 2299 1102 2355 in
1131 2297 1299 2354 Deum
1327 2299 1594 2367 simplices
1620 2309 1777 2370 atque
1806 2300 1946 2356 inter

345 2406 407 2447 se
431 2391 712 2447 unanimes
737 2390 1119 2460 permanebant
1141 2431 1159 2451 .
1190 2389 1420 2445 ﬂammis
1446 2391 1802 2446 ambientibus
1832 2406 1943 2447 me-

346 2485 464 2540 dios
489 2484 677 2554 spiritu
700 2484 836 2540 roris
848 2484 1124 2539 animavit.
1143 2483 1424 2549 Qumnodo
1446 2485 1715 2554 Apostolis
1734 2484 1943 2540 duobus

346 2577 402 2634 in
432 2577 671 2633 custodia
704 2578 900 2634 clausis
927 2576 1064 2647 (Act.
1092 2580 1170 2645 v),
1199 2579 1318 2649 quia
1350 2577 1641 2648 simplices,
1660 2579 1782 2649 quia
1809 2595 1942 2635 tina-

344 2672 520 2727 nimes
538 2681 710 2736 erant,
737 2671 852 2741 ipse
866 2671 1051 2737 adfuit,
1078 2672 1213 2742 ipse,
1244 2672 1494 2728 resolutis
1509 2673 1743 2728 carceris
1763 2672 1911 2727 claus
1924 2702 1940 2712 -

347 2764 465 2828 tris,
494 2773 551 2818 ut
576 2765 796 2820 verbum
814 2765 954 2836 quod
986 2766 1213 2821 fideliter
1236 2765 1596 2836 przedicabant
1619 2766 1942 2823 multitudini

345 2854 642 2924 traderent,
673 2854 739 2910 ad
766 2854 938 2912 forum
969 2870 1153 2913 rursus
1178 2858 1450 2930 imposuit.
1483 2858 1707 2925 Quando
1732 2873 1860 2928 ergo
1890 2859 1941 2914 in

345 2948 626 3017 prteceptis
638 2948 748 3001 suis
769 2949 910 3017 ponit
932 2948 1123 3004 ctdicit
1141 2967 1153 3001 :
1181 2948 1279 3005 Ubi
1293 2950 1479 3020 fuerint
1495 2948 1598 3004 duo
1613 2958 1701 3002 aut
1719 2959 1817 3005 tres
1836 2950 1942 3004 col-

343 3041 459 3096 lecti
484 3040 535 3094 in
558 3041 760 3094 nomine
784 3057 893 3094 meo
917 3048 937 3106 ,‘
960 3057 1052 3114 ego
1081 3053 1103 3078 ο
1135 3059 1249 3095 cum
1277 3043 1348 3097 eis
1377 3059 1511 3108 sum,
1544 3058 1650 3097 non
1697 3044 1942 3101 homines

342 3134 413 3189 ab
439 3134 674 3189 Ecclesia
693 3135 878 3189 dividit
904 3137 992 3206 qui
1022 3137 1249 3191 insritnit
1274 3145 1329 3192 et
1359 3136 1484 3192 fecit
1511 3137 1822 3203 Ecclesium,
1845 3136 1941 3194 sed

2049 1933 2271 1989 regnum
2302 1919 2582 1989 pervenire
2608 1935 2713 1975 non
2743 1920 2938 1991 peterit
2957 1920 3049 1991 qui
3075 1934 3193 1977 eam
3214 1936 3334 1991 quae
3359 1930 3647 1993 regnatura

2048 2023 2129 2067 est
2154 2012 2500 2084 dcrelinquit.
2548 2012 2741 2069 Pacem
2769 2013 2925 2070 nobis
2953 2013 3199 2070 Christus
3220 2013 3393 2082 dedit,
3421 2028 3644 2071 concor—

2047 2103 2143 2160 des
2172 2112 2333 2175 atque
2355 2106 2633 2165 unanimes
2661 2120 2783 2163 esse
2809 2107 3087 2177 praeepit,
3112 2106 3416 2164 dilectionis
3437 2117 3494 2164 et
3519 2107 3653 2163 eba-

2047 2199 2219 2253 ritatis
2281 2198 2482 2255 foedera
2544 2201 2852 2269 incorrupta
2904 2208 3066 2271 atque
3134 2200 3386 2256 inviolata
3440 2200 3645 2256 servari

2047 2292 2341 2348 mandavit.
2387 2292 2653 2351 Exbibere
2677 2307 2737 2349 se
2764 2307 2868 2349 non
2897 2301 3074 2363 potest
3092 2302 3384 2366 martyrem
3411 2294 3499 2364 qui
3527 2293 3641 2349 ira.

2048 2391 2252 2439 ternam
2282 2399 2386 2439 non
2412 2386 2584 2441 tenuit
2603 2386 2946 2442 cbaritatem.
2974 2386 3141 2442 Docet
3166 2386 3269 2442 hoc
3292 2395 3347 2442 et
3371 2396 3644 2443 contesta-

2048 2490 2134 2536 tur
2154 2481 2351 2539 Paulus
2368 2483 2640 2553 apostolus
2663 2482 2847 2539 dicens
2872 2500 2885 2538 :
2911 2481 2978 2537 Et
3004 2484 3049 2538 si
3062 2482 3284 2538 habuero
3309 2483 3462 2551 ﬁdem
3488 2484 3562 2538 ita
3589 2492 3644 2538 ut
3660 2460 3693 2489 ’

2045 2585 2238 2630 utentes
2267 2577 2590 2646 transferam,
2614 2577 2913 2631 charitatem
2940 2586 3107 2631 autem
3135 2592 3237 2631 non
3263 2576 3495 2644 habeam,
3514 2577 3645 2632 nihil

2043 2684 2173 2724 sum.
2204 2667 2272 2721 Et
2292 2670 2334 2724 si
2363 2670 2415 2722 in
2437 2669 2573 2723 cibos
2596 2685 2877 2741 pauperum
2896 2668 3200 2724 distribuere
3228 2671 3399 2724 omnia
3421 2685 3561 2737 mea,
3596 2678 3646 2723 et

2044 2762 2087 2816 si
2114 2762 2371 2816 tradidero
2396 2777 2580 2832 corpus
2606 2778 2772 2815 meum
2799 2771 2856 2816 ut
2884 2752 3113 2830 ardeam,
3146 2763 3447 2817 charitatem
3477 2770 3647 2816 autent

2044 2873 2145 2911 non
2164 2857 2393 2923 habeam,
2409 2857 2538 2912 nihil
2557 2858 2788 2926 proﬁcio.
2808 2857 3045 2913 Charitas
3069 2858 3397 2929 magnaninta
3412 2868 3505 2924 est,
3520 2859 3647 2915 cha-

2041 2951 2167 3004 ritas
2186 2950 2399 3021 benigna
2417 2959 2511 3016 est,
2535 2948 2760 3004 charitas
2778 2966 2879 3004 non
2900 2950 3190 3016 annulatur,
3206 2966 3307 3003 non
3328 2950 3437 3019 agit
3466 2963 3646 3019 perpe,

2042 3058 2175 3107 ram,
2190 3059 2290 3096 non
2300 3028 2538 3112 inflatur,
2558 3058 2657 3095 non
2674 3041 2920 3109 irritatur,
2937 3058 3039 3096 non
3061 3041 3246 3112 cogitat
3261 3038 3451 3094 malum
3474 3048 3519 3104 ι’,
3543 3054 3646 3093 om-
3672 3103 3681 3108 -

2044 3135 2131 3191 uia
2169 3135 2354 3205 diligit,
2386 3134 2556 3188 onmia
2580 3133 2761 3198 credit,
2790 3133 2961 3187 omnia
2991 3143 3181 3202 sperat,
3210 3131 3382 3186 omnia
3411 3130 3643 3187 sustinet.
3668 3132 3675 3141 '

343 3227 673 3297 exprobrans
698 3228 1016 3283 discordiam
1048 3229 1286 3298 perfidis,
1304 3239 1359 3286 et
1380 3230 1623 3287 ﬁdelibus
1640 3247 1824 3302 pacem
1847 3247 1941 3289 sua
1968 3230 2014 3296 C
2047 3228 2281 3303 Charitas
2333 3243 2606 3299 numquam
2633 3226 2818 3281 excidit
2857 3224 2875 3264 ί
2908 3226 2953 3298 (1
2974 3223 3094 3281 Cor.
3124 3237 3238 3290 xm,
3261 3224 3317 3292 2,
3347 3224 3402 3292 5,
3434 3224 3491 3292 7,
3525 3223 3642 3297 H).

341 3332 472 3374 voce
488 3321 892 3388 commendans,
911 3321 1148 3377 ostendit
1185 3324 1355 3389 magis
1379 3338 1498 3378 esse
1518 3337 1701 3379 secum
1729 3324 1939 3383 duobus

341 3421 435 3468 aut
462 3414 631 3470 tribus
656 3414 980 3470 unanimiter
1007 3413 1283 3470 orantibus
1303 3430 1461 3483 quam
1499 3430 1621 3470 cum
1648 3416 1946 3472 dissidenti-

342 3504 442 3561 bus
472 3506 736 3585 plurimis,
758 3508 978 3578 plusqne
1005 3507 1279 3578 impetrari
1306 3522 1461 3577 posse
1487 3523 1776 3578 paucorum
1814 3525 1945 3566 eon-

341 3597 487 3652 Cordi
518 3614 678 3667 prece
704 3615 860 3670 quam
882 3600 1212 3656 discordinsa
1241 3602 1483 3656 oratione
1509 3601 1794 3657 multorum
1824 3600 1874 3655 ιι.

417 3686 552 3745 ΧΙΙΙ.
595 3689 803 3753 Ideo,et
828 3707 948 3745 cum
984 3691 1171 3747 orandi
1214 3692 1383 3761 legem
1411 3691 1593 3756 daret,
1625 3692 1828 3748 addidit
1857 3693 1938 3748 di-

341 3794 473 3837 cens
502 3798 515 3835 :
555 3782 621 3837 Et
649 3798 765 3838 cum
788 3785 1023 3841 steteritis
1044 3784 1113 3839 ad
1137 3786 1416 3840 orationem
1440 3827 1454 3852 ,
1484 3786 1721 3840 remittite
1746 3787 1789 3842 si
1815 3786 1937 3852 quid

2045 3319 2367 3391 Numquam,
2398 3320 2604 3390 inquit,
2643 3318 2845 3374 excidit
2872 3318 3131 3374 cltaritas.
3178 3317 3303 3373 ﬂare
3325 3318 3471 3373 enim
3498 3331 3643 3372 sem.

2049 3432 2145 3487 per
2173 3416 2226 3472 in
2255 3431 2419 3487 regno
2444 3416 2588 3479 erit,
2629 3415 2747 3470 haec
2790 3415 2842 3469 in
2872 3422 3135 3469 asternum
3166 3412 3516 3469 fraternitatis
3542 3410 3645 3467 sibi

2045 3510 2369 3567 eohzereutis
2397 3509 2598 3564 unitate
2620 3506 2854 3563 durabit.
2898 3506 2978 3562 Ad
3006 3522 3228 3577 regnum
3254 3506 3513 3562 caelorum
3538 3520 3643 3558 non

2046 3614 2219 3674 potest
2249 3602 2528 3674 pervenire
2551 3600 2852 3665 discordia;
2899 3600 2965 3655 ad
3002 3600 3218 3670 pra-mia
3246 3598 3444 3653 Christi
3477 3607 3525 3664 tt,
3553 3598 3644 3667 qui

2042 3694 2204 3760 dixit,
2253 3694 2364 3749 Hoc
2389 3703 2460 3749 est
2505 3693 2801 3747 mandatum
2828 3706 3016 3756 meum,
3053 3700 3104 3744 ut
3146 3690 3374 3758 diligatis
3406 3689 3641 3758 invicem,

2038 3790 2466 3857 quemadmodum
2492 3786 2649 3842 dilexi
2670 3803 2757 3841 eos
2785 3784 2961 3857 (Joan.
2987 3798 3083 3851 xv,
3113 3781 3223 3855 l3),
3246 3781 3521 3853 pertinere
3536 3797 3607 3837 ius

1597 3899 1978 3959 LECTIUNES
2004 3900 2417 3957 VARIANTES.

404 4011 430 4077 ξι
464 4010 535 4077 Ltd
558 4010 827 4077 Ecclesium
850 4025 985 4077 suam
1010 4011 1222 4077 loquitur
1256 4017 1391 4066 Voss.
1423 4015 1464 4064 1.

404 4070 432 4109 ι)
468 4074 701 4125 Pacificas
730 4080 845 4127 Ver.
874 4070 1087 4127 Placatis'
1113 4080 1246 4127 Voss.
1272 4080 1322 4126 5.

344 4138 431 4247 Li;
465 4136 588 4198 Ego,
620 4138 794 4201 inquit,
818 4151 928 4188 cum
954 4140 1029 4189 eis
1050 4141 1141 4190 Ar.
1168 4137 1331 4191 Puris.
1364 4136 1489 4191 Berl.
1521 4138 1565 4201 l,
1590 4137 1639 4198 2,
1661 4141 1709 4197 5,
1733 4139 1780 4191 4.
1810 4141 1942 4190 Lam.

404 4235 869 4327 d_.Conoor_dantium
895 4274 1065 4326 pacem
1095 4277 1240 4327 quam
1275 4264 1650 4315 discordantium
1675 4267 1945 4314 orationem

347 4322 614 4373 multorum
645 4325 782 4375 Voss.
806 4326 855 4374 3.

2051 4081 2061 4090 ⁸
2103 4018 2133 4089 ἐ
2298 4015 2397 4090 agit
2421 4028 2699 4090 perperam,
2725 4010 2820 4065 no'n
2843 4015 3151 4078 inﬂammata,
3173 4028 3270 4066 non
3291 4029 3474 4080 gaudet
3496 4032 3648 4082 super

2049 4079 2329 4141 injustiliant
2357 4081 2488 4129 Lam.
2518 4079 2621 4129 Litt.

2116 4137 2141 4215 ξ
2176 4138 2379 4215 Excidet
2400 4138 2571 4212 Imbeut
2591 4140 2817 4215 spadix
2841 4137 3035 4215 tAnglic.

2116 4204 2141 4269 ς
2176 4203 2281 4269 Nec
2306 4204 2562 4269 praemittat
2600 4204 2796 4269 Christi.
2822 4203 3071 4257 ArfLam.
3103 4203 3247 4256 Ebur.
3283 4207 3421 4258 Voss.
3449 4212 3495 4268 1.
3518 4214 3568 4269 2,
3593 4212 3644 4256 5.

2051 4267 2159 4317 NG.
2192 4267 2234 4316 1.
2262 4262 2427 4317 Paris.
2461 4262 2584 4317 Tha.
2611 4266 2749 4318 Foss.
2776 4273 2931 4319 Oxon.

1576 4410 1820 4469 srcpn.
1863 4410 2134 4470 uswzu
2171 4412 2398 4469 Nom.
2426 4376 2430 4381 ’

438 4529 482 4586 Χ
501 4529 942 4587 III.——Pacatum.
974 4531 1101 4587 Tres
1120 4532 1239 4586 libri
1256 4542 1461 4587 vett-res
1478 4530 1668 4603 habent
1684 4533 1965 4603 placatum.
1991 4534 2047 4596 1)
2075 4542 2315 4586 sanctum
2345 4530 2602 4587 Joannem
2616 4530 3106 4603 iCbrysostomum,
3128 4526 3339 4603 humilia
3369 4526 3649 4603 undecima

390 4604 650 4681 Milites
685 4612 738 4657 et
766 4604 1086 4681 vetustiores
1118 4604 1390 4681 editiones
1427 4602 1627 4681 addunt
1661 4599 1751 4681 re!
1794 4619 1969 4681 parem
2072 4603 2125 4656 in
2168 4603 2457 4681 Epistulam
2498 4604 2562 4657 ad
2605 4599 3017 4681 Epheiias,_cum
3045 4602 3126 4681 _ait
3166 4599 3650 4681 virumquemdam

384 4676 523 4742 apud
565 4673 750 4730 Deutu.
779 4674 883 4729 Sed
915 4690 975 4728 ea
999 4673 1193 4728 desunt
1225 4674 1276 4728 in
1303 4673 1426 4729 aliis
1455 4672 1776 4730 editionibus
1823 4682 1876 4727 et
1915 4675 1966 4729 in

392 4740 694 4813 quindecim
725 4746 959 4816 antiquis
1003 4740 1419 4814 exemplaribus.
1453 4744 1615 4797 lirete
1642 4754 1817 4797 autrm
1870 4744 1970 4799 Pa-

363 4816 550 4870 melius
593 4818 872 4872 existimat
905 4818 1187 4883 irrepsisse
1238 4816 1287 4869 in
1341 4825 1541 4870 textum
1595 4830 1659 4868 ex
1700 4816 1963 4884 margine.

381 4885 494 4958 Ego
526 4886 729 4942 facilius
762 4886 1081 4942 etodidetim
1132 4887 1307 4941 addita
1359 4886 1520 4940 fuisse
1559 4901 1719 4958 supra
1768 4886 1962 4943 lineam
2069 4885 2149 4958 At
2169 4887 2526 4958 Hieronymus
2557 4888 2605 4940 in
2635 4895 2791 4957 caput
2815 4887 3057 4958 quintum
3083 4884 3421 4958 lipistolmad
3442 4883 3654 4958 Galatas
3742 4944 3747 4949 ,

382 4955 444 5010 in
469 4958 745 5012 codicibus
775 4960 1005 5026 antiquis
1026 4999 1041 5017 ,
1073 4958 1144 5011 uti
1172 4973 1315 5027 itere
1341 4958 1535 5013 factum
1565 4955 1727 5027 fuisse
1754 4959 1961 5011 monui-
2064 4956 2249 5021 refert,
2280 4960 2330 5014 in
2364 4955 2525 5013 veleri
2548 4959 2681 5011 versi

383 5042 505 5081 mus
531 5043 715 5097 supra.
765 5029 948 5098 Cidth
1007 5025 1337 5083 Turonensis
1382 5027 1539 5083 habet
1576 5045 1586 5079 :
1621 5025 1974 5098 quuc_mim

2072 4685 2318 4729 sanctum
2352 4674 2552 4745 dixisse
2573 4670 2905 4745 ne'murtyrii
2931 4670 3145 4743 qttidrm
3164 4670 3474 4740 sanguinem
3496 4684 3653 4741 posse

2072 4754 2346 4812 peccatum
2371 4760 2415 4799 St
2432 4744 2675 4800 hismatis
2703 4744 2902 4799 eluere.

2148 4814 2214 4870 Ut
2238 4820 2468 4871 ardram.
2501 4816 2573 4869 lla
2601 4817 2759 4869 etiam
2791 4815 2880 4869 lib.
2905 4830 2955 4868 Ill
2991 4813 3570 4883 Testimoniorum,cap.
3596 4813 3650 4869 5.

2064 4956 2249 5021 refert,
2280 4960 2330 5014 in
2364 4955 2525 5013 veleri
2548 4955 2812 5020 versione,
2839 4973 2935 5027 pro
2963 4957 3170 5011 ardeam
3193 4956 3292 5025 legi
3328 4955 3533 5025 glorier.
3584 4960 3653 5009 ιι

2080 5028 2677 5099 videturllirrrnytnus
2724 5035 2974 5097 [tracterre
3019 5045 3135 5082 cum
3169 5028 3486 5091 lectionem,
3531 5042 3651 5082 cum

383 5098 565 5153 habere
593 5094 766 5169 parem
813 5094 952 5169 apud
996 5098 1160 5152 Deum
1200 5110 1413 5170 poterat.
1464 5098 1504 5170 1f
1512 5094 1726 5170 uxonsis
1755 5117 1768 5152 :
1795 5096 1975 5168 D’rque
2076 5100 2234 5165 patilo
2268 5109 2382 5170 post
2415 5094 2557 5153 dicat
2597 5094 2740 5153 illam
2785 5117 2903 5167 qum
2936 5099 3092 5155 habet
3121 5100 3327 5153 ardeant
3354 5111 3473 5154 esse
3498 5112 3653 5154 erro-

379 5174 511 5222 enim
540 5187 715 5241 parem
757 5170 965 5225 Domini
996 5170 1179 5241 habere

1216 5180 1427 5240 poterat.
1482 5168 1538 5224 In
1595 5169 1830 5240 Epistula
1880 5186 1970 5225 se-

372 5238 551 5323 cunda
574 5240 772 5323 Pelagii
806 5242 846 5298 Il
902 5242 969 5296 ad
999 5238 1283 5323 Episcopus
1306 5239 1494 5304 Istria’,
1533 5240 1764 5323 legitur:
1795 5238 1972 5323 N_eque

2075 5183 2188 5241 rem
2215 5174 2305 5241 qui
2326 5171 2463 5239 apud
2482 5181 2694 5225 nostros
2725 5171 2963 5228 inolevit.

2144 5237 2378 5296 Charitas
2405 5243 2761 5312 magnanima.
2787 5242 2856 5298 lta
2897 5244 3055 5312 etiam
3093 5241 3145 5295 itt
3164 5237 3315 5307 libro
3351 5240 3412 5303 de
3450 5237 3573 5312 Ζρζο
3598 5248 3651 5312 et

352 5312 482 5382 enim
513 5308 974 5382 habere'pacatum
1025 5308 1305 5367 Dominum
1348 5321 1560 5382 poterat.
1594 5308 1781 5364 'Alitcr
1825 5308 1970 5368 hunc
2072 5316 2271 5379 Lit-ore,
2295 5328 2413 5382 pag.
2444 5308 2571 5379 259,
2597 5315 2647 5367 in
2665 5310 2799 5367 libro
2822 5315 2886 5369 de
2905 5311 3048 5367 Bono
3072 5312 3349 5379 patientiae,
3373 5326 3493 5381 pag.
3517 5308 3647 5371 253;

347 5381 599 5453 Cypriani
625 5378 799 5438 locum
831 5378 1097 5452 expressit
1125 5378 1424 5438 Ludovicus
1446 5382 1719 5437 Romanus
1746 5383 1796 5436 in
1823 5397 1933 5437 ser-

339 5452 501 5508 mone
530 5470 689 5523 quem
738 5454 923 5510 habuit
971 5455 1022 5508 in
1069 5454 1299 5509 concilio
1325 5453 1639 5509 Basileensi.
1668 5452 1756 5508 Sic
1779 5454 1922 5507 enim

331 5525 510 5592 posuit
534 5541 548 5577 :
585 5523 766 5592 Neque
800 5526 934 5580 enim
964 5523 1134 5580 Deum
1159 5525 1342 5580 habere
1370 5534 1605 5596 pacatum
1630 5526 1811 5596 poterit
1837 5524 1923 5592 qui

328 5610 447 5665 cunt
474 5597 635 5665 fratre
655 5608 827 5661 pacem
844 5614 945 5651 non
969 5598 1137 5660 habet,
1162 5597 1250 5650 sed
1265 5596 1360 5650 zeli
1377 5595 1706 5649 discordiam.

407 5664 780 5724 XlV.-—-Tales
805 5670 1022 5724 etiamsi.
1040 5669 1120 5724 Ad
1138 5671 1280 5723 hunc
1296 5668 1470 5722 locum
1486 5668 1566 5723 vir
1580 5669 1921 5723 doctissimus

2069 5399 2126 5441 et
2165 5384 2256 5439 lib.
2303 5400 2356 5439 ιιι
2380 5383 2826 5451 Testimoniorum,
2857 5400 2975 5454 cap.
3006 5386 3059 5440 5.
3093 5382 3228 5437 Vide
3275 5382 3650 5454 annotationes

2044 5456 2257 5512 Erasmi
2313 5457 2366 5509 in
2426 5456 2568 5510 hunc
2616 5456 2790 5519 locum
2839 5451 3093 5525 Epistolas
3139 5457 3325 5525 prima:
3378 5452 3529 5508 Pauli
3581 5451 3651 5506 ad

2029 5527 2341 5583 Corinthios.

2102 5599 2361 5654 Pertinere
2382 5615 2501 5669 non
2539 5607 2754 5669 poterat.
2790 5599 3042 5669 Plerique
3074 5598 3192 5653 libri
3225 5606 3436 5654 veteres
3480 5610 3626 5669 pra:-
3690 5609 3695 5613 ’

2025 5671 2232 5733 ferunt,
2262 5672 2330 5724 ad
2358 5668 2616 5725 Christum
2653 5672 2901 5741 pertinere
2927 5686 3028 5724 non
3063 5670 3245 5739 poterit
3281 5671 3367 5740 qui
3392 5668 3631 5723 dilectio-

327 5736 566 5815 .loanues
596 5738 921 5815 Pearsouius
947 5742 1232 5815 episcopus
1255 5741 1556 5815 Lisstrensis
1583 5740 1634 5795 in
1679 5738 1923 5815 Vindiciis
2022 5759 2155 5796 nent.
2190 5742 2527 5798 Retinuimns
2568 5736 2757 5799 eorum
2804 5736 3089 5799 lectionem
3142 5743 3231 5813 qui
3282 5736 3465 5815 plures
3516 5754 3635 5796 nu»

331 5808 679 5879 Epistolarum
706 5813 869 5868 sancti
896 5808 1123 5882 Ignarii,
1155 5824 1271 5880 cap.
1304 5808 1369 5878 9,
1402 5818 1586 5865 cettset
1610 5812 1919 5880 respexisse
2022 5828 2174 5870 moro
2194 5822 2340 5870 sunt.
3161 5808 3177 5813 ⁷
3283 5808 3317 5863 ’.
