4302 6296
615 395 717 456 5H

2002 392 2140 450 mvt
2175 390 2498 450 meum
2566 366 2569 369 ’

3811 399 3919 459 519

617 513 814 587 poterit
856 492 954 583 [qui
1003 510 1347 567 dilectionem
1391 508 1589 566 Christi
1637 509 1838 581 perﬁda
1881 509 2218 566 dissensione
2244 508 2297 568 A
2322 480 2628 581 magisterio
2682 524 2780 565 suo
2836 508 3040 577 docuit,
3086 507 3378 583 prophetas
3413 524 3604 571 omnes
3648 520 3704 569 et
3747 512 3917 584 legem

618 604 857 659 violavit.
884 602 984 671 Qui
1011 602 1327 659 charitatem
1359 616 1466 659 non
1493 602 1674 669 habet,
1709 604 1878 658 Deum
1902 618 2007 659 non
2031 602 2212 659 habet.

619 694 842 752 Joannis
879 694 1015 750 beati
1045 695 1276 765 apostoli
1301 711 1405 751 vox
1433 703 1516 753 est
1548 714 1564 749 τ
1596 694 1759 759 Deus.
1790 696 1980 767 inquit,
2012 697 2216 752 dilectio

620 796 715 854 est;
737 797 783 842 et
807 789 894 858 qui
923 797 1090 843 manet
1116 788 1171 843 in
1204 788 1490 855 dilectione,
1521 789 1575 844 in
1597 787 1707 844 Deo
1730 800 1896 844 manet
1924 799 1972 857 ιι,
2004 799 2052 844 ει
2081 789 2217 845 Deus

620 879 675 935 in
703 878 795 935 illo
833 889 1000 934 manet
1038 879 1084 950 (1
1102 878 1263 955 Joan.
1296 896 1368 946 tv,
1406 880 1519 951 16).
1559 880 1693 937 Cum
1734 882 1843 937 Deo
1863 897 2078 937 manere
2109 897 2217 937 non

620 980 846 1044 possunt
872 973 960 1044 qui
991 987 1113 1029 esse
1138 973 1189 1028 in
1222 973 1461 1031 Ecclesia
1489 974 1581 1031 Dei
1603 975 1881 1030 unanimes
1912 976 2215 1032 noluerunt.

620 1063 862 1120 Ardeam
902 1063 1028 1121 licet
1073 1063 1303 1120 ﬂammis
1332 1073 1388 1121 et
1427 1066 1635 1136 ignibus
1678 1066 1853 1121 traditi
1900 1066 1983 1122 vel
2020 1066 2219 1138 objecti

622 1153 808 1211 bestiis
835 1153 1043 1211 animas
1072 1170 1197 1212 suas
1224 1168 1442 1227 ponant,
1469 1172 1577 1213 non
1598 1159 1700 1213 erit
1729 1159 1815 1213 illa
1849 1158 1966 1214 ﬁdei
1998 1175 2215 1226 corona,

621 1246 717 1303 sed
746 1261 903 1317 poena
931 1248 1203 1318 perﬁdiae;
1237 1264 1337 1305 nec
1379 1250 1641 1321 religiosa:
1663 1251 1876 1306 virtutis
1903 1252 2077 1307 exitus
2105 1253 2221 1323 glo-

622 1340 818 1407 riosus,
842 1341 935 1397 sed
959 1341 1356 1411 desperationis
1379 1344 1647 1399 interitus.
1673 1344 1855 1400 Occidi
1881 1344 1999 1399 talis
2020 1354 2216 1416 potest,

624 1433 869 1488 coronari
901 1448 1007 1489 non
1036 1443 1231 1504 potest.
1278 1435 1370 1491 Sic
1393 1450 1453 1490 se
1476 1434 1827 1490 christianum
1857 1451 1979 1493 esse
2002 1437 2220 1507 proﬁte-

626 1533 714 1580 tur
741 1524 1011 1596 quomodo
1056 1534 1112 1581 et
1154 1525 1425 1582 Christum
1467 1527 1711 1583 diabolus
1756 1543 1902 1600 saepe
1946 1531 2220 1597 mentitur,

630 1616 747 1689 ipso
779 1617 1003 1673 Domino
1055 1628 1423 1688 praemonente
1461 1628 1516 1675 et
1542 1620 1800 1677 dicente:
1835 1620 1989 1676 Multi
2031 1622 2223 1677 venient

627 1709 682 1764 in
712 1710 913 1764 nomine
950 1726 1062 1764 meo
1089 1710 1306 1765 dicentes
1335 1728 1354 1766 :
1401 1710 1510 1782 Ego
1540 1728 1651 1767 sum
1687 1711 1938 1781 Christus,
1967 1723 2015 1768 et
2038 1715 2225 1772 multos

627 1801 811 1873 fallent
853 1800 1045 1870 (Marc.
1063 1818 1171 1867 xm,
1191 1801 1270 1874 6).
1289 1802 1437 1859 Sicut
1450 1804 1535 1859 ille
1546 1804 1790 1861 Christus
1803 1821 1907 1880 nop
1921 1815 2023 1874 est,
2039 1823 2225 1878 quam-

2321 602 2605 673 prteceptis
2631 602 2842 659 duobus
2877 603 3112 659 inclusit.
3155 604 3326 673 Quam
3356 618 3489 660 vero
3517 605 3776 660 unitatem
3807 620 3922 662 ser—

2319 706 2424 761 vat,
2459 711 2618 768 quam
2661 695 3006 752 dilectionem
3044 696 3281 752 custodit
3307 703 3402 751 aut
3428 696 3643 768 cogitat,
3667 696 3781 769 qui,
3804 697 3919 754 dis-

2319 789 2517 845 cordiae
2547 789 2725 845 lurore
2755 804 3006 858 vesanus,
3033 788 3323 845 Ecclesium
3353 787 3571 856 scindit,
3616 789 3775 845 ﬁdem
3829 790 3923 848 de-

2319 880 2496 949 struit,
2527 896 2711 951 pacem
2755 881 2950 949 turbat,
2979 880 3296 938 cltatitatem
3321 880 3565 952 dissipat,
3615 896 3924 940 sacramen-

2324 980 2433 1025 tum
2464 970 2749 1041 profanat?

2394 1062 2535 1118 XVI.
2584 1063 2778 1119 Malum
2815 1064 2936 1132 hoc,
2986 1063 3286 1121 ﬁdelissimi
3338 1065 3553 1135 fratres,
3577 1066 3689 1137 jam
3716 1065 3921 1139 pridem

2321 1162 2594 1225 creperat;
2626 1154 2721 1211 sed
2748 1171 2889 1211 nunc
2917 1155 3088 1212 crevit
3121 1155 3365 1225 ejusdem
3395 1157 3523 1214 mali
3578 1157 3768 1215 infesta
3810 1160 3924 1216 cla-

2323 1247 2439 1315 des,
2485 1256 2540 1303 et
2580 1263 2870 1319 exsurgere
2914 1263 2977 1304 ac
3013 1248 3275 1318 pullulare
3319 1250 3440 1321 plus
3464 1250 3628 1320 coepit
3654 1251 3925 1309 haeretica:

2326 1339 2686 1410 perversitatis
2705 1350 2758 1395 et
2782 1341 3131 1396 schismatum
3161 1351 3422 1397 venenata
3463 1342 3752 1413 pernicies,
3800 1342 3925 1414 quia

2324 1443 2379 1489 et
2402 1434 2481 1489 sic
2501 1434 2569 1465 ²⁰⁰
2591 1434 2642 1489 in
2660 1449 2852 1489 occasu
2875 1435 3057 1490 mundi
3078 1434 3190 1491 ﬁcri
3208 1437 3507 1506 oportebat,
3532 1437 3926 1507 praenuntiante

2325 1542 2423 1599 per
2457 1526 2772 1597 Apostolum
2798 1526 2954 1582 nobis
2976 1536 3030 1583 ct
3062 1537 3429 1597 prmuonentc
3454 1528 3654 1598 Spitilu
3688 1537 3876 1584 sancto
3909 1547 3924 1585 :

2327 1617 2394 1673 In
2416 1619 2719 1686 novissimis,
2746 1619 2936 1689 inquit,
2968 1618 3142 1673 diebus
3170 1620 3387 1674 aderunt
3429 1629 3659 1691 tempora
3690 1620 3924 1685 molesta,

2328 1720 2373 1766 et
2393 1719 2542 1765 erunt
2568 1710 2797 1765 homines
2819 1710 2915 1765 sibi
2936 1712 3213 1780 placentes,
3245 1711 3469 1777 superbi,
3503 1711 3704 1778 tumidi,
3730 1711 3923 1780 cupidi,

2329 1804 2630 1876 blasphemi,
2661 1802 2953 1876 parentibus
2992 1804 3357 1870 inobedientes,
3377 1804 3592 1875 ingrati,
3621 1804 3786 1874 impii,
3821 1805 3930 1860 sine

630 1893 712 1948 vis
739 1891 885 1947 fallat
928 1893 980 1947 in
1013 1893 1253 1960 nomine,
1296 1895 1367 1949 ita
1398 1910 1497 1950 nec
1517 1895 1838 1953 christianus
1864 1898 2031 1955 videri
2056 1910 2228 1969 potest
2260 1901 2308 1961 Β
2334 1896 2539 1965 αΙῙεειιι,
2567 1897 2676 1952 sine
2702 1897 2949 1970 (reduco,
2972 1896 3243 1962 delatores,
3272 1897 3657 1965 incontinentes,
3691 1897 3926 1963 immites,

632 1986 721 2056 qui
743 2002 848 2041 non
873 1996 1157 2058 permanet
1187 1987 1240 2042 in
1267 1987 1539 2060 Evangelii
1570 1989 1686 2060 ejus
1704 2000 1756 2046 et
1786 1990 1910 2047 ﬁdei
1933 1993 2176 2048 veritate.

672 2134 677 2137 _
705 2077 823 2133 XV.
848 2077 981 2134 Nam
1013 2087 1066 2132 et
1089 2079 1412 2149 prophetare
1440 2090 1495 2136 et
1523 2080 1788 2137 datmonia
1817 2083 2103 2140 excludere
2124 2083 2151 2124 ι)
2173 2094 2228 2141 et

629 2167 857 2225 virtutes
901 2184 1122 2241 magnas
1152 2171 1221 2226 .in
1252 2175 1411 2228 terris
1441 2171 1615 2229 facere
1661 2173 1907 2230 sublimis
1954 2177 2136 2247 utique
2176 2185 2231 2233 et

632 2259 963 2316 admirabilis
986 2277 1073 2318 res
1091 2273 1197 2329 est,
1232 2272 1532 2320 nontamen
1562 2280 1783 2336 regnum
1810 2267 2029 2324 cmleste
2049 2284 2231 2326 conse-

634 2355 816 2427 quitur
835 2355 1077 2426 quisquis
1104 2357 1155 2411 in
1186 2354 1270 2411 his
1300 2356 1550 2412 omnibus
1568 2356 1855 2425 invenitur,
1885 2359 1987 2415 nisi
2014 2363 2146 2417 recti
2176 2371 2232 2419 et

631 2447 764 2519 justi
793 2446 1001 2504 itineris
1038 2447 1413 2504 observatione
1450 2449 1746 2520 gradiatur.
1786 2438 2082 2508 ‘Denuntiat
2122 2454 2230 2510 Do-

593 2522 619 2548 '
636 2540 814 2596 minus
843 2549 896 2596 et
922 2540 1088 2596 dicit:
1122 2540 1277 2595 Multi
1306 2541 1431 2595 mihi
1452 2541 1618 2596 dicent
1646 2544 1701 2597 in
1727 2543 1821 2598 illo
1849 2544 1932 2599 die
1953 2561 1971 2600 .-
1992 2544 2232 2611 Domine,

638 2630 878 2699 Domine,
911 2648 1079 2687 nonne
1109 2633 1163 2687 in
1191 2642 1276 2687 tuo
1306 2633 1508 2687 nomine
1534 2634 1961 2704 prophetauimus,
1990 2646 2037 2691 et
2061 2639 2114 2692 in
2149 2646 2234 2692 tuo

639 2725 844 2780 nomine
868 2724 1120 2780 dtemonia
1148 2725 1475 2791 exclusimus,
1508 2734 1556 2794 et
1597 2726 1650 2780 in
1680 2728 1883 2783 nomine
1910 2737 1995 2784 tuo
2030 2732 2237 2788 virtutes
2278 2721 2287 2729 ’

642 2830 856 2886 magnas
881 2816 1131 2887 fecimus?
1173 2814 1240 2871 Et
1279 2826 1397 2870 tunc
1420 2817 1590 2871 dicam
1626 2817 1732 2872 illis
1758 2834 1778 2872 :
1818 2817 2112 2891 Numquam
2150 2841 2238 2880 vos

636 2915 848 2984 cognovi
869 2931 888 2980 ;
918 2914 1135 2969 recedite
1176 2930 1209 2967 a
1263 2930 1364 2981 me,
1395 2914 1483 2985 qui
1541 2914 1826 2986 operamini
1860 2926 1881 2954 ο
1927 2916 2241 2988 iniquitatem

638 3008 854 3082 (Matth.
871 3025 963 3076 vn,
981 3009 1072 3076 22,
1096 3008 1435 3080 25).Justitia
1461 3022 1596 3079 opus
1620 3018 1704 3064 est
1722 3017 1779 3065 ut
1806 3014 2103 3080 promereri
2121 3012 2240 3084 quis

637 3101 809 3172 possit
832 3101 995 3157 Deum
1018 3100 1255 3172 judicem
1287 3120 1299 3156 :
1335 3100 1618 3173 prazceptis
1662 3101 1780 3171 ejus
1821 3112 1874 3157 et
1904 3104 2119 3160 monitis
2146 3106 2243 3161 ob-

638 3196 1047 3267 temperandum
1074 3206 1180 3265 est,
1217 3206 1274 3251 ut
1317 3196 1447 3265 accij
1471 3194 1582 3250 iant
1603 3194 1791 3251 merita
1821 3207 2003 3273 nostra
2041 3214 2243 3254 mercc-

2329 1990 2515 2045 bonum
2556 2006 2658 2044 non
2702 1999 2953 2055 amantes,
2993 1988 3296 2060 proditores,
3317 2005 3585 2060 procaces,
3613 1999 3820 2059 stupore
3845 1988 3930 2042 in-

2332 2084 2447 2154 ﬂati
2474 2081 2519 2149 ί,
2549 2082 2831 2152 voluptates
2861 2082 3022 2151 ntagis
3048 2097 3202 2151 quam
3231 2080 3393 2135 Deum
3433 2081 3719 2153 diligentes,
3741 2081 3934 2135 haben-

2331 2185 2403 2232 tes
2431 2176 2853 2248 deformationem
2882 2174 3167 2246 religionis,
3194 2176 3427 2229 uirtutent
3454 2183 3622 2228 autem
3646 2175 3757 2244 ejus
3778 2173 3932 2228 abne-

2332 2278 2528 2341 gantes.
2558 2267 2642 2322 Ea:
2664 2268 2729 2323 iis
2754 2276 2874 2322 sunt
2897 2268 2983 2339 qui
3013 2277 3198 2339 repunt
3228 2267 3281 2320 in
3315 2267 3518 2330 ‘domos,
3562 2275 3607 2321 et
3636 2265 3936 2337 prtedantur
3978 2298 3987 2305 -

2334 2360 2663 2417 mulierculas
2697 2370 2935 2416 oneratas
2964 2360 3205 2429 peccatis,
3248 2376 3361 2433 qua:
3384 2360 3641 2427 ducuntur
3665 2359 3818 2414 uariis
3847 2358 3936 2413 de-

2334 2454 2553 2520 sideriis,
2585 2470 2780 2523 semper
2825 2453 3073 2508 discentes
3098 2461 3148 2508 et
3178 2469 3454 2525 numquam
3482 2454 3550 2506 ad
3569 2453 3830 2507 scientiam
3855 2468 3940 2507 tte-

2342 2549 2510 2603 ritatis
2538 2548 2901 2617 pervenientes.
2945 2546 3012 2600 Et
3052 2546 3306 2617 quomodo
3335 2544 3554 2601 Jantnes
3594 2555 3641 2601 et
3680 2545 3939 2601 Mambres

2338 2642 2628 2699 restiterunt
2656 2641 2849 2712 Moysi,
2880 2641 2952 2695 sic
2991 2649 3037 2694 et
3080 2640 3132 2693 hi
3157 2641 3397 2695 resistunt
3434 2639 3666 2706 Veritati,
3704 2640 3795 2694 sed
3837 2655 3940 2695 non

2340 2736 2606 2805 proﬁcient
2625 2744 2650 2780 κ
2680 2735 2979 2806 plurimum.
3011 2731 3281 2805 [inperitia
3305 2733 3437 2789 enim
3461 2748 3639 2787 eorum
3670 2733 3942 2803 manifesta

2341 2830 2435 2884 erit
2460 2828 2714 2894 omnibus,
2755 2828 2883 2881 sicut
2927 2836 2972 2880 et
3011 2825 3219 2881 illorum
3262 2826 3357 2897 fuit
3400 2825 3465 2891 (Il
3494 2825 3631 2881 Tim.
3669 2841 3758 2893 ιιι,
3792 2825 3938 2889 1-9).

2341 2921 2726 2992 Adimplentur
2751 2935 3106 2991 qua'cumque
3126 2919 3379 2991 prtedicta
3410 2930 3555 2988 sunt,
3580 2930 3634 2975 et
3652 2919 3943 2991 approliin-

2343 3027 2547 3088 quante
2569 3014 2678 3085 jam
2711 3012 2894 3068 saeculi
2923 3012 3048 3077 ﬁne,
3085 3011 3361 3069 hominum
3395 3012 3596 3082 pariter
3637 3026 3700 3068 ac
3739 3020 3948 3082 tempo-

2345 3124 2462 3164 rum
2500 3104 2855 3176 probationeh
2884 3106 3189 3161 venerunt.‘
3204 3104 3368 3175 Magis
3395 3120 3458 3159 ac
3484 3104 3652 3175 magis
3690 3103 3945 3159 advers-:-

2346 3201 2428 3257 tio
2454 3201 2710 3255 saeviente
2735 3213 2889 3254 error
2919 3198 3075 3266 fallit,
3104 3197 3316 3254 extollit
3342 3206 3551 3268 stupor,
3595 3197 3731 3253 livor
3759 3197 3942 3252 incen-

638 3288 785 3345 dem.
818 3290 1074 3344 Dominus
1117 3289 1171 3344 in
1212 3289 1503 3360 Evangelio
1538 3303 1659 3357 suo,
1684 3305 1805 3344 cum
1846 3291 1962 3360 spei
2009 3301 2064 3347 et
2111 3293 2228 3349 ﬁdei
2258 3289 2303 3354 C
2335 3295 2432 3362 dit,
2478 3292 2739 3362 cupiditas
2777 3299 3035 3357 excaecat,
3085 3289 3343 3359 depravat
3388 3289 3655 3359 impietas,
3689 3287 3940 3358 superbia

642 3387 843 3434 nostra:
869 3381 1007 3434 viam
1037 3380 1357 3450 compendio
1379 3380 1653 3437 breviante
1677 3380 1932 3453 dirigeret
1960 3401 1973 3437 :
1998 3384 2242 3441 Dominus

642 3472 784 3529 Deus
804 3484 942 3540 tuus,
972 3472 1163 3546 inquit,
1198 3475 1331 3530 Deus
1355 3491 1486 3530 unus
1516 3484 1623 3539 est;
1642 3483 1730 3531 et:
1753 3474 1947 3549 Diliges
1972 3477 2244 3535 Dontinunt

645 3565 817 3623 Deum
846 3577 988 3622 tuum
1029 3567 1092 3622 de
1115 3577 1219 3623 toto
1245 3569 1397 3624 corde
1424 3578 1529 3635 tuo,
1571 3578 1621 3623 et
1645 3569 1708 3623 de
1734 3577 1838 3623 tota
1862 3573 2034 3625 anima
2059 3583 2164 3641 tua,
2198 3582 2243 3627 et

647 3662 712 3717 de
739 3670 842 3715 tota
873 3662 1052 3716 virtute
1076 3672 1183 3716 tua.
1218 3659 1333 3715 [Ioc
1362 3670 1431 3717 est
1463 3661 1681 3733 primum
1717 3663 2049 3728 mandatum;
2085 3668 2131 3720 e't
2166 3683 2245 3720 se-

645 3752 868 3809 cundum
891 3752 1063 3808 simile
1088 3753 1207 3807 huic
1236 3770 1255 3808 :
1288 3753 1480 3826 Diliges
1511 3760 1799 3823 proximum
1819 3765 1961 3810 tuum
1986 3767 2245 3830 tamquam

649 3859 697 3904 te
717 3845 766 3903 ιι.
800 3848 865 3902 In
890 3848 969 3903 his
999 3848 1193 3902 duobus
1224 3848 1487 3921 praeceptis
1516 3857 1620 3902 tota
1644 3844 1730 3903 lea:
1748 3849 1930 3920 pendet
1958 3861 2006 3904 et
2025 3853 2245 3922 prOphe-

648 3940 929 4013 ta:(tllurc.
955 3956 1049 4009 xu,
1089 3939 1308 4012 29-51).
1343 3939 1607 3997 Unitatem
1635 3939 1794 3996 simul
1821 3950 1876 3997 et
1897 3941 2242 4002 dilecﬁouem

2346 3381 2800 3449 inﬁat,discordia
2831 3390 3136 3451 exasperat,
3164 3381 3238 3435 ira
3267 3380 3587 3451 prmeipitat.

2420 3477 2583 3533 XVII.
2608 3475 2725 3531 Non
2756 3484 2933 3529 tamen
2955 3488 3053 3529 nos
3071 3481 3281 3527 moveat
3304 3480 3394 3526 aut
3413 3469 3625 3526 turbeti
3658 3470 3946 3526 multorum

2350 3572 2509 3628 nimia
2541 3578 2594 3642 et
2621 3568 2844 3638 abrupta
2882 3564 3129 3637 perﬁdia,
3152 3565 3245 3620 sed
3277 3564 3454 3635 potius
3481 3565 3638 3618 ﬁdem
3679 3572 3942 3631 nostram,

2350 3660 2743 3735 prmuunlianle
2770 3657 2846 3714 rei
2876 3656 3119 3724 veritate,
3138 3650 3478 3712 corroborati
3497 3696 3511 3711 .
3545 3656 3843 3728 thuidant
3872 3665 3952 3710 ta-

2349 3758 2428 3812 les
2456 3769 2577 3810 esse
2602 3758 2903 3821 coeperunt,
2937 3750 3058 3820 quia
3092 3749 3211 3804 haec
3236 3758 3361 3804 ante
3403 3748 3657 3820 pra-dicta
3699 3757 3846 3814 sunt,
3881 3748 3950 3801 ita

2350 3850 2529 3905 cteteri
2559 3847 2753 3900 fratres
2776 3841 2845 3896 ab
2871 3840 3134 3911 ejusmodi
3170 3850 3415 3907 caveant,
3461 3839 3583 3912 quia
3603 3849 3659 3896 et
3691 3839 3806 3894 lucc
3831 3849 3954 3894 ante

2350 3940 2604 4016 praedicta
2652 3941 2797 4001 sunt,
2850 3932 3147 3989 instruente
3194 3932 3420 3988 Domino
3468 3929 3806 3988 etdicentc:
3854 3929 3953 3986 Vos

1864 4055 2245 4116 LECTIONES
2289 4055 2699 4117 VARIANTES.

716 4151 742 4179 α
776 4151 832 4202 1η
857 4152 967 4202 Deo
989 4160 1171 4202 manet.
1196 4152 1313 4203 Cum
1338 4151 1463 4202 Deo.
1489 4153 1631 4202 Pent.
1671 4149 1775 4200 Litt.
1804 4160 1938 4203 Voss.
1962 4154 2007 4202 1.
2036 4156 2144 4207 NG.
2171 4157 2218 4205 2.

714 4210 742 4248 h
778 4215 1041 4275 Expellere
1071 4216 1202 4264 Lam.
1226 4213 1366 4264 Ebor.
1398 4213 1500 4265 Lin.
1530 4214 1653 4262 Bod.
1682 4214 1728 4262 2.

712 4278 738 4339 εἷ
774 4275 1116 4339 Operabamini
1140 4279 1229 4328 NG
1267 4277 1320 4339 Al,
1343 4277 1375 4324 2
1417 4279 1554 4327 Pent.
1587 4279 1724 4328 Voss.
1749 4275 1797 4325 2.
1830 4274 1953 4335 Thu.

714 4338 742 4377 d
775 4337 848 4389 Te
871 4340 1037 4403 ipsum:
1053 4342 1205 4403 Pem.
1221 4337 1326 4390 Litt.
1363 4342 1501 4403 Voss.
1524 4341 1573 4389 5.

720 4405 744 4433 θ
778 4402 899 4451 Sine
925 4402 1256 4453 misericordia
1289 4405 1427 4453 Voss.
1452 4402 1501 4450 5.

720 4463 741 4501 ί
779 4464 956 4527 Iullati,
982 4466 1185 4528 superbi
1210 4467 1301 4516 Ar.
1327 4465 1582 4514 Ambitiosi
1613 4468 1751 4537 Voss.
1779 4465 1823 4514 1.
1849 4465 1898 4515 5.

2420 4155 2446 4196 κ
2480 4150 2718 4207 Veritati,
2743 4149 2831 4213 sed
2855 4162 2951 4198 non
2974 4145 3227 4213 proﬁcient
3248 4146 3338 4195 Ar.
3365 4143 3499 4193 Laut.
3521 4140 3663 4192 Ebor.
3694 4138 3800 4190 Litt.
3830 4140 3953 4213 Tlttt.

2357 4218 2493 4266 Foss.
2523 4217 2642 4263 Ben.
2670 4214 2717 4263 Ν
2725 4213 2779 4262 C.
2808 4212 2854 4261 1.
2890 4208 3024 4262 Voss.
3053 4212 3098 4258 1.
3134 4208 3258 4257 Thtt.

2418 4278 2449 4316 ιι
2484 4277 2804 4328 l’robationes
2834 4278 2952 4324 Ver.
2989 4277 3125 4324 Voss.
3151 4272 3198 4319 5.

2424 4342 2438 4379 ί
2480 4340 2689 4389 Terreat
2753 4340 2889 4387 Voss.
2941 4337 2985 4386 1.
3035 4335 3083 4383 5.
3132 4331 3287 4381 Ruina
3332 4334 3385 4380 et
3421 4329 3627 4391 abrupta
3673 4328 3779 4379 NG.
3831 4328 3954 4390 1,5.

2425 4403 2439 4454 i
2482 4402 2653 4451 Fidem
2700 4407 2914 4461 nostram
2938 4396 3229 4461 prta-novitas
3270 4392 3571 4461 corroboret
3582 4392 3701 4442 Ben.
3726 4391 3963 4442 Pt'il‘utttt-

2354 4467 2488 4516 tiatte
2511 4467 2585 4514 rei
2610 4460 2777 4514 Paris.
2804 4462 2893 4511 llei
2919 4454 3145 4517 veritate,
3166 4468 3253 4506 res
3275 4455 3375 4518 ipsa
3407 4457 3518 4505 Vat.
3541 4454 3591 4504 5.
3624 4476 3647 4483 ο

1904 4528 2144 4606 STEPH.
2187 4548 2457 4609 BALUZII
2494 4548 2727 4605 Noras.

728 4663 1154 4721 XV.—Virtutes
1182 4680 1423 4735 magnas
1445 4668 1631 4734 facere.
1664 4662 1800 4735 Vide
1846 4672 2001 4718 notas
2046 4674 2260 4720 nostras
2285 4668 2340 4728 Ι)
2368 4663 2520 4735 Apud
2552 4660 3029 4735 Tertullianmn__i_n_
3049 4658 3189 4735 libro
3213 4656 3275 4710 de
3299 4654 3673 4735 lia-hortatione
3701 4650 3962 4735 castitatis

657 4736 724 4791 ad
754 4737 947 4791 librum
978 4736 1247 4805 Agobardi
1272 4734 1352 4789 de
1385 4734 1657 4804 Privilegio
1681 4743 1728 4788 et
1756 4734 1884 4788 Jure
1924 4736 2216 4789 sacerdotii.

731 4806 1289 4864 XVI.—-Fitlelissimi.
1324 4807 1397 4861 lta
1429 4822 1617 4862 omnes
1645 4814 1850 4860 veteres
1880 4805 2163 4865 editiones.
2182 4808 2265 4862 vi-

663 4880 794 4950 ginti
856 4880 973 4933 libri
1012 4880 1212 4943 nostri,
1266 4888 1345 4950 et,
1378 4887 1582 4950 septeni
1636 4875 1936 4950 Anglicani.
1990 4876 2264 4933 MurcLius

664 4947 843 5020 posuit
867 4950 1206 5004 dilectissimi.
1242 4947 1347 5004 Sed
1395 4949 1532 5020 hanc
1562 4948 1864 5020 lectionem,
1892 4962 2007 5018 ego
2034 4964 2137 5001 nun
2179 4951 2265 5020 in-

663 5019 785 5076 veni
820 5022 917 5076 nisi
948 5022 1000 5075 in
1046 5021 1215 5073 tribus
1243 5019 1478 5089 antiquis
1512 5019 1802 5074 codicibus.
1849 5019 1913 5073 Et
1959 5029 2135 5074 tamen
2164 5019 2265 5073 Pa-

665 5094 860 5148 melius
885 5107 1003 5146 eam
1030 5092 1268 5149 retinuit.
1317 5099 1425 5143 tum
1457 5092 1580 5159 quia
1610 5090 1754 5144 illam
1785 5090 1988 5144 invenit
2017 5090 2068 5143 in
2107 5106 2266 5145 mar—

665 5164 790 5235 gine
816 5162 1066 5219 editionis
1087 5178 1207 5230 qua:
1243 5161 1439 5235 dicitur
1467 5161 1662 5235 ‘Gravii
1694 5170 1749 5216 et
1794 5161 2075 5235 incudice
2106 5159 2265 5235 Cam-

671 5231 990 5297 berouensi,
1044 5242 1153 5287 tum
1184 5233 1344 5287 etiam
1391 5232 1513 5300 quia
1563 5246 1749 5286 vocem
1788 5231 2076 5300 ﬁdelissimi
2124 5233 2271 5286 inco—

706 5307 870 5360 nitam
922 5319 1044 5359 esse
1095 5304 1170 5358 ait
1217 5301 1504 5374 Cypriane.
1561 5301 1715 5368 Quod
1767 5318 1956 5374 verum
2007 5317 2112 5357 non
2164 5311 2268 5357 est.

706 5322 870 5360 “llalll
922 5322 1044 5359 esse
1095 5322 1170 5358 1111
1217 5322 1504 5374 uyprtano.
1561 5322 1715 5368 ψιοα
1772 5322 1956 5356 verum
2007 5322 2112 5357 11011
2164 5322 2268 5357 (351..

667 5322 877 5449 διιίρρθ
904 5379 972 5449 in
1018 5374 1264 5449 pluribus
1301 5374 1537 5449 antiquis
1570 5372 1970 5449 exemplaribus
2013 5374 2271 5449 scriptum

671 5443 724 5505 in
754 5443 999 5517 pluribus
1018 5443 1160 5501 locis
1180 5443 1539 5517 animadverti
1563 5443 1852 5514 ﬁdelissimi
1891 5459 1990 5513 pro
2019 5460 2087 5500 eo
2125 5443 2273 5515 quod

670 5522 725 5576 in
757 5516 875 5573 aliis
904 5519 1097 5585 legitur
1117 5516 1452 5571 dilectissimi.

744 5589 1052 5645 Parentibus
1092 5587 1453 5644 inobedientes.
1500 5586 1681 5642 Codex
1709 5586 1966 5642 Thuanus
2004 5604 2017 5641 :
2071 5586 2273 5641 Paren-

671 5661 806 5717 tibus
852 5664 905 5713 in
954 5662 1091 5715 dicto
1144 5661 1505 5716 inobedientes.
1559 5659 1635 5713 lta
1685 5662 1844 5714 etiam
1893 5658 2063 5714 codex
2103 5656 2275 5712 sancti

669 5730 933 5798 Arnulphi
957 5743 1014 5789 et
1040 5730 1409 5790 Carnotensis.
1442 5732 1511 5784 At
1552 5730 1838 5786 Bcccensis
1865 5729 2046 5792 habet,
2094 5745 2278 5799 paren-

669 5804 798 5855 tibus
844 5801 898 5852 ίη
944 5802 1083 5859 dicto
1126 5817 1230 5857 non
1271 5806 1565 5865 audientes.
1599 5803 1704 5857 Sex
1741 5801 1861 5857 libri
1893 5802 2059 5856 nostri
2090 5812 2145 5853 et
2170 5801 2279 5856 duo

646 5871 946 5936 ’Anglit'ttui
965 5872 1264 5943 pra-ferunt
1286 5870 1646 5939 inmtdicntes,
1661 5872 1899 5942 quidam,
1924 5871 2275 5927 obaudientes.

2369 4726 2489 4805 le'go
2515 4734 2913 4789 obaudieutiam.
2933 4730 3067 4805 Vide
3094 4728 3559 4805 Gronoviutu_,cap
3590 4741 3676 4805 sitv
3707 4726 3960 4780 observa-

2371 4797 2574 4860 tidnutn
2599 4821 2814 4860 suarum
2848 4807 2897 4858 in
2928 4800 3275 4873 Scriptoribus
3302 4797 3697 4873 Eccleﬁasticis.

2442 4876 2703 4932 Iiesistunt
2728 4876 2945 4930 veritati.
2982 4868 3173 4928 Postea
3210 4869 3426 4924 additur
3453 4870 3502 4922 in
3538 4868 3812 4922 additione
3841 4882 3961 4934 qua:

2369 4950 2565 5003 dicitur
2584 4947 2788 5010 Gravii,
2819 4948 3046 5000 homines
3068 4942 3138 4974 ⁸⁵⁵³
3165 4940 3392 5007 corrupti
3414 4954 3584 5004 sensu,
3607 4938 3806 5007 reprobi
3826 4939 3966 5010 circa

2370 5019 2545 5089 ﬁdem.
2580 5018 2684 5074 Sed
2707 5008 2808 5087 ego
2829 5018 2911 5071 illa
2939 5017 2993 5071 in
3023 5013 3173 5089 nullo
3197 5026 3385 5067 eorum
3412 5021 3651 5089 veterum
3681 5008 3960 5089 ιιξρειιιριει-

2368 5079 2508 5145 rium
2541 5090 2714 5159 reperi
2741 5079 2937 5159 quibus
2970 5100 3109 5159 utor.
3146 5086 3346 5159 Desunt
3367 5082 3534 5159 etiam
3569 5080 3620 5133 in
3644 5079 3961 5159 quilmsdant

2376 5147 2683 5229 Anglicanis
2720 5147 2773 5213 ei
2809 5160 2860 5213 in
2887 5158 3121 5231 antiquis
3159 5152 3521 5231 cditionibus;
3552 5147 3721 5231 eaque
3752 5147 3968 5230 deside-

2374 5222 2487 5287 rari
2536 5232 2585 5284 in
2644 5222 3059 5303 manuscriptis',
3108 5222 3724 5303 excepto-Coloniett-si,
3758 5290 3769 5303 _
3795 5230 3854 5303 et
3914 5222 3967 5274 in

2376 5303 2591 5357 excusis
2628 5302 2878 5356 omnibus
2917 5290 3149 5372 testatur
3187 5290 3491 5372 Pa_m_elius,
3559 5294 3650 5372 qui
3688 5290 3868 5372 addit.
3906 5306 3969 5372 ea

2377 5375 2553 5427 otttitti
2583 5374 2881 5443 potuissea
2923 5369 3246 5443 εγω-13ης)ζ
3241 5366 3367 5443 Scio
3384 5380 3519 5443 sane
3561 5361 3967 5443 illa_habcr_i_in

2377 5433 2616 5514 Epistula
2640 5442 2871 5498 secunda
2904 5433 3051 5497 Pa'u'lt
3103 5441 3170 5516 ad
3204 5437 3554 5516 Timotheum;
3709 5450 3814 5516 non
3852 5433 3972 5487 ideo

2385 5507 2606 5571 necesse
2633 5523 2717 5568 est
2746 5523 2804 5568 ut
2840 5523 3111 5585 ponantur
3141 5513 3192 5565 in
3220 5517 3474 5585 contestn
3515 5507 3798 5585 Cypriani,
3847 5518 3970 5557 cum

2380 5602 2490 5641 non
2516 5594 2729 5640 exstent
2756 5585 2806 5639 in
2832 5578 3067 5655 antiquis
3108 5580 3519 5655 exemplaribus
3545 5578 3972 5655 htcubratiootnn

2381 5658 2517 5727 ejus.
2550 5656 2733 5726 Neque
2781 5657 2922 5710 cnim
2963 5645 3053 5710 illc
3090 5645 3303 5727 semper
3329 5649 3816 5727 describit_integru
3858 5645 3974 5727 loca

2380 5716 2500 5799 q'ua:
2526 5716 2721 5796 accipit
2748 5743 2815 5783 ex
2844 5727 3097 5797 Epistolis
3126 5716 3307 5790 Pauli,
3339 5730 3393 5776 et
3432 5719 3698 5799 interdum
3729 5716 3972 5799 quaedam

2381 5790 2532 5921 a-d'dit
2551 5790 3023 5925 quaesggillis'uon
3045 5804 3262 5854 exstant
3282 5835 3298 5861 ,
3333 5804 3394 5849 ut
3421 5805 3582 5865 supra
3628 5790 3973 5848 observatqu

2383 5884 2442 5925 es
2469 5911 2483 5925 .
2516 5884 2635 5925 me.
2780 5911 2791 5924 .

2383 5878 2483 5936 est,
2516 5884 2635 5941 pag.
2665 5869 2791 5925 5‘26.
