4332 6292
605 307 713 375 513

1988 296 2125 368 om
2161 296 2484 368 creatast

3798 298 3922 371 816

605 432 692 505 goi
710 442 736 471 α
766 432 1025 506 promissa
1042 431 1351 503 percipere;
1385 431 1494 500 ille,
1527 432 1572 489 si
1588 439 1736 489 extra
1762 428 2056 489 Ecclesium
2082 431 2199 488 fue-
2227 432 2278 495 Α
2304 440 2424 487 actu
2451 445 2550 487 suo
2571 444 2691 487 cum
2720 427 2997 500 disciplina
3026 425 3337 494 modestus;
3367 427 3531 499 utqui
3554 426 3753 484 Christi
3768 441 3903 484 con.

608 527 680 581 rit
709 523 936 591 occisus,
984 523 1051 579 ad
1094 520 1353 581 Ecclesia)
1393 541 1499 583 non
1530 527 1966 599 potest,pra:mia
2013 540 2201 598 pet-vc-

606 630 743 671 1111⁵8.

679 703 799 760 XX.
840 703 952 761 Nec
1002 706 1283 778 quisquam
1330 708 1572 776 miretur,
1604 707 1937 764 dilectissimi
1982 708 2198 777 fratres,

606 798 767 854 etiam
801 797 867 855 de
895 798 1296 857 confcssoribus
1322 803 1576 874 quosdam
1605 803 1670 859 ad
1700 805 1795 859 ista
1826 803 2117 874 procedere
2144 801 2196 869 ι),

602 892 731 950 inde
761 909 973 965 quoque
1008 894 1215 965 aliquos
1244 904 1347 951 tam
1380 895 1601 951 nefanda
1646 912 1802 966 quam
1852 899 2031 967 gravia
2068 908 2198 967 pce-

602 1001 746 1040 care.
772 985 956 1058 Neque
983 987 1124 1044 enim
1157 987 1424 1045 confessio
1456 990 1744 1044 immunem
1794 990 1915 1043 facit
1957 989 2024 1043 ab
2070 989 2199 1043 insi-

603 1076 707 1133 diis
732 1076 954 1144 diaboli,
1011 1086 1103 1135 aut
1128 1088 1313 1137 contra
1340 1084 1661 1138 tentationes
1689 1090 1742 1138 et
1772 1083 2002 1153 pericula
2037 1091 2086 1137 ct
2117 1083 2200 1136 in-

600 1184 790 1225 cursus
840 1179 1000 1241 atque
1050 1173 1282 1243 impetus
1331 1175 1618 1231 smcttlares
1665 1175 1841 1231 adhuc
1893 1177 1944 1229 itt
1997 1164 2198 1230 smc'ulo

600 1263 829 1333 positum
857 1268 1113 1334 perpetua
1146 1265 1433 1321 securitate
1465 1265 1718 1321 defendit.
1741 1266 2009 1321 Cmterum
2042 1278 2197 1319 num-

601 1360 759 1424 quam
791 1354 842 1408 in
874 1354 1271 1411 confessoribus
1311 1355 1529 1413 fraudes
1555 1365 1610 1413 et
1639 1364 1820 1427 sluttra
1851 1366 1903 1413 et
1932 1357 2196 1412 adulteria

598 1443 941 1514 postmodum
963 1446 1287 1514 videremus,
1321 1460 1442 1518 qua).
1482 1462 1621 1502 nunc
1670 1446 1723 1502 in
1765 1447 2078 1519 quibusdam
2119 1448 2196 1503 vi-

597 1536 787 1594 dentes
834 1538 1235 1609 ingemiscimus
1275 1549 1330 1596 et
1370 1539 1637 1596 dolemus.
1668 1542 1923 1612 Quisquis
1951 1541 2039 1596 ille
2065 1557 2196 1596 con-

552 1678 555 1679 ,
600 1628 775 1685 fossor
797 1640 901 1698 est,
928 1630 1217 1688 Salomone
1234 1632 1405 1703 major
1426 1639 1517 1687 aut
1535 1633 1721 1687 tttelior
1741 1641 1829 1686 aut
1852 1630 1959 1687 Deo
1982 1630 2195 1687 cltarior

596 1736 702 1777 non
733 1731 818 1778 est
846 1740 857 1775 :
888 1722 979 1794 qui
1020 1734 1198 1781 tamen
1227 1722 1482 1796 quamdiu
1508 1726 1560 1779 in
1584 1725 1682 1780 viis
1710 1724 1922 1779 Domini
1952 1724 2193 1781 ambula-

2307 523 2481 580 fessor
2525 523 2742 587 dicitur,
2777 522 3051 578 Christum
3096 523 3254 594 quem
3303 522 3591 578 confitetur
3640 523 3902 579 imitetur.

2306 614 2460 684 Nam,
2477 632 2597 672 eum
2621 615 2760 671 dicat
2787 616 2905 671 ille:
2939 614 3040 681 Qui
3064 632 3118 670 se
3142 615 3336 670 extollit
3362 614 3730 678 Itumilialtitur,
3756 626 3802 668 et
3822 616 3908 686 qui

2306 711 2541 765 Ittont'liat
2580 727 2633 764 se
2658 708 2963 765 exaltabttur
2986 707 3134 781 (Luc.
3166 722 3314 775 xvnt,
3338 707 3452 780 ll),
3483 718 3533 763 et
3558 709 3673 778 ipse
3694 724 3723 762 a
3748 707 3908 764 Patre

2305 804 2568 859 exaltatus
2598 803 2685 871 sit,
2717 803 2838 873 quia
2862 817 2921 858 se
2944 803 2994 856 in
3026 803 3182 857 terris
3216 801 3407 858 Sermo
3437 809 3491 857 et
3518 801 3703 855 Virtus
3729 808 3783 856 et
3805 801 3909 856 Sa-

2306 894 2503 967 pientia
2550 894 2640 950 Dei
2670 895 2842 949 Patris
2875 893 3191 961 lunniliavit,
3217 892 3489 964 quomodo
3524 900 3704 963 potest
3731 893 3910 949 extol-

2301 980 2521 1043 leniiam
2563 988 2786 1058 diligere
2829 988 2917 1057 qui
2947 972 3199 1042 etnobis
3242 985 3596 1042 humilitatem
3648 1001 3741 1042 sua
3788 986 3907 1059 lege

2302 1081 2592 1144 mandavit,
2627 1090 2679 1137 et
2709 1083 2822 1151 ipse
2846 1096 2875 1135 a
2898 1081 3056 1137 Patre
3086 1081 3473 1151 amplissimum
3526 1094 3721 1136 nomen
3763 1096 3901 1151 prte-

2303 1175 2411 1230 mio
2439 1170 2754 1229 humilitatis
2782 1172 3023 1245 accepit?
3048 1172 3341 1229 Confessor
3370 1182 3453 1229 est
3476 1172 3695 1239 Christi,
3722 1173 3819 1230 sed
3857 1173 3904 1230 si

2303 1285 2405 1324 non
2430 1268 2499 1300 ’θ’
2525 1277 2709 1339 postea
2734 1252 3144 1336 ‘bIaSpltcmetur
3166 1282 3264 1337 per
3279 1267 3451 1337 ipsum
3475 1265 3726 1336 majestas
3747 1274 3804 1322 et
3821 1265 3903 1322 di-

2262 1424 2280 1435 ,
2299 1362 2475 1431 gnitas
2504 1358 2722 1417 Christi.
2755 1360 2957 1431 Lingua
2988 1358 3264 1415 Christum
3286 1359 3531 1413 confessa
3562 1375 3668 1415 non
3689 1359 3759 1414 sit
3788 1375 3903 1415 ma-

2302 1453 2489 1520 ledica,
2539 1470 2645 1507 non
2695 1453 2765 1508 sit
2794 1451 3121 1519 turbulenta,
3168 1465 3273 1506 non
3306 1450 3565 1507 conviciis
3615 1460 3669 1507 et
3721 1450 3902 1508 litibus

2301 1556 2642 1617 perstrepens
2686 1544 2953 1607 audiatur,
2987 1558 3093 1600 non
3140 1554 3327 1600 contra
3362 1542 3557 1598 fratres
3597 1550 3651 1597 et
3680 1541 3771 1597 Dei
3812 1556 3902 1597 sas-

2297 1637 2562 1704 cerdotes,
2584 1645 2705 1707 post
2729 1636 2889 1692 verba
2914 1636 3083 1690 laudis
3103 1643 3149 1703 ο,
3172 1635 3439 1705 serpentis
3472 1648 3675 1689 venena
3696 1633 3902 1703 jacule‘

2300 1737 2403 1785 tur.
2429 1725 2719 1794 Caeterum,
2757 1729 2802 1783 si
2823 1727 3102 1799 culpabilis
3131 1734 3186 1784 et
3211 1724 3542 1782 detestabilis
3562 1726 3898 1796 postmodum

593 1814 691 1883 vit,
720 1815 923 1871 tamdiu
954 1817 1176 1888 gratiam
1200 1833 1359 1890 quam
1390 1816 1460 1874 de
1483 1816 1713 1873 Domino
1738 1814 1913 1873 fuerat
1934 1832 2197 1874 consecu-
2225 1820 2274 1885 Β
2306 1818 2481 1885 fuerit,
2507 1820 2549 1875 si
2575 1818 2968 1875 confessionem
2997 1833 3147 1873 suam
3173 1817 3308 1873 mala
3335 1818 3757 1873 conversatione
3775 1831 3900 1887 pro—

595 1912 679 1961 tus
707 1906 971 1975 obtinuit;
1003 1918 1283 1981 postquam
1329 1906 1614 1979 dereliquit
1643 1908 1852 1964 Domini
1879 1909 2040 1976 viam,
2073 1925 2193 1978 per—

593 1996 723 2054 didit
749 2006 803 2055 et
820 2000 1044 2071 gratiam
1070 2000 1301 2057 Domini.
1335 2001 1402 2058 Et
1429 2001 1551 2059 ideo
1578 2002 1833 2073 scriptum
1864 2009 1985 2077 estc
2017 2018 2030 2058 :
2059 2000 2194 2058 Tene

590 2092 727 2165 quod
752 2078 926 2163 habes,
948 2111 1011 2151 ne
1038 2094 1172 2151 alius
1199 2096 1416 2165 accipiat
1448 2113 1685 2152 coronam
1718 2100 1857 2150 tuam
1904 2089 2085 2168 (Apoc.
2113 2111 2188 2164 ιιι,

593 2186 703 2260 ll).
724 2187 875 2258 Quod
895 2189 1076 2262 utique
1095 2182 1355 2247 Dominus
1382 2204 1485 2246 non
1505 2192 1801 2247 minaretur
1815 2189 2010 2246 auferri
2035 2204 2192 2260 posse

590 2292 843 2335 coronam
865 2279 1104 2351 justitim,
1135 2280 1238 2337 nisi
1255 2283 1401 2353 quia,
1430 2281 1717 2339 recedente
1733 2280 1957 2353 justitia,
1977 2280 2192 2336 recedat

592 2386 815 2428 necesse
841 2381 925 2428 est
952 2382 1006 2430 et
1035 2388 1257 2430 corona.

662 2460 803 2519 XXI.
831 2465 1113 2523 Confessio
1137 2467 1416 2524 exordium
1454 2462 1636 2540 gloria:
1673 2475 1776 2535 est,
1802 2482 1908 2522 non
1935 2467 2187 2525 meritum

584 2561 693 2633 jam
715 2574 964 2628 coronas;
993 2574 1094 2617 nec
1134 2561 1344 2633 perlicit
1376 2562 1608 2628 laudem,
1635 2561 1919 2619 sedinitiat
1957 2559 2187 2633 dignita-

590 2663 718 2711 tem.
762 2653 1000 2725 Cumque
1036 2654 1294 2727 scriptum
1325 2655 1413 2721 sit,
1452 2654 1554 2723 Qui
1600 2655 1988 2726 perseveraverit
2034 2670 2191 2725 usque

587 2739 641 2793 in
684 2740 857 2808 ﬁnent,
889 2738 972 2794 hic
998 2739 1166 2796 salvus
1190 2739 1283 2794 erit
1312 2737 1527 2811 (Matth.
1552 2756 1607 2807 χ,
1634 2738 1749 2812 2‘2),
1774 2737 2027 2810 quidquid
2063 2746 2189 2794 ante

589 2832 749 2886 liuent
780 2830 1152 2904 fuerltgradus
1166 2838 1247 2887 εει
1270 2847 1377 2903 quo
1399 2830 1464 2887 ad
1496 2829 1763 2902 fastigium
1786 2831 1973 2886 salutis
2001 2845 2189 2886 ascen-

586 2925 751 2991 ditur,
781 2940 887 2981 non
916 2925 1179 2982 terminus
1202 2938 1308 2996 quo
1336 2926 1448 2997 jam
1483 2922 1732 2981 culminis
1764 2929 1971 2978 summa
2004 2931 2189 2979 tenea-

588 3028 692 3074 tur.
723 3018 1015 3075 Confessor
1043 3028 1155 3086 est;
1195 3016 1288 3075 sed
1318 3028 1437 3089 post
1466 3016 1859 3073 confessionem
1890 3017 2186 3087 perieulum

586 3111 759 3183 majus
779 3120 881 3178 est,
911 3111 1034 3182 quia
1058 3110 1177 3182 plus
1201 3110 1539 3167 adversarius
1568 3117 1885 3180 provocatus
1910 3118 2023 3163 est:
2054 3123 2185 3163 con-

534 3201 549 3212 '
586 3203 758 3258 fessor
791 3210 899 3268 est;
931 3201 1033 3257 hoc
1060 3202 1227 3273 magis
1251 3211 1393 3257 stare
1420 3201 1581 3257 debet
1616 3217 1736 3257 cum
1768 3200 1977 3256 Domini
2006 3201 2183 3256 Evan—
2210 3216 2255 3279 ρ

586 3295 728 3366 gelio
758 3308 855 3365 per
898 3294 1245 3366 Evangelium
1271 3295 1495 3365 gloriam
1527 3304 1846 3351 consecutus
1877 3309 1905 3347 a
1935 3293 2182 3350 Domino.

589 3386 679 3440 Ait
700 3388 841 3441 enim
875 3385 1132 3441 Dominus
1162 3403 1176 3440 :
1210 3386 1303 3455 Cui
1333 3386 1548 3440 multum
1581 3386 1754 3454 datur,
1798 3388 2011 3441 multum
2047 3401 2188 3456 qua:-

584 3478 715 3531 ritur
741 3476 803 3530 ab
831 3492 919 3543 eo;
942 3486 987 3531 et
1031 3477 1117 3530 cui
1142 3477 1258 3547 plus
1296 3476 1563 3546 dignitatis
1605 3477 1933 3541 adscribitur,
1978 3478 2094 3548 plus
2123 3478 2187 3532 de

585 3567 675 3621 illo
697 3568 913 3639 exigitur
933 3564 1226 3623 servitutisd
1261 3567 1412 3629 (Luc.
1461 3583 1555 3635 xu,
1578 3566 1707 3641 48).
1730 3567 1905 3624 Nemo
1934 3585 2028 3640 per
2055 3584 2187 3625 con-

587 3658 806 3715 fessoris
859 3658 1164 3729 exemplum
1207 3669 1411 3730 pereat,
1444 3674 1604 3714 nemo
1647 3658 1980 3729 iniustitiam,
2025 3675 2183 3716 nemo

585 3751 945 3819 insolentiam,
994 3766 1153 3808 nemo
1184 3752 1459 3822 perfidiam
1487 3752 1554 3808 de
1584 3752 1914 3809 confessoris
1945 3754 2184 3809 moribus

550 3844 772 3901 .discat.
830 3841 1120 3902 Confessor
1161 3853 1262 3902 est.
1309 3845 1391 3901 Sit
1430 3843 1647 3901 humilis
1671 3852 1728 3902 et
1764 3844 2001 3916 quietus,
2037 3845 2107 3900 sit
2128 3845 2184 3901 in

2297 1910 2522 1983 degerit,
2556 1911 2600 1965 si
2628 1915 2787 1965 vitam
2812 1926 2963 1966 suam
2999 1910 3137 1981 turpi
3172 1909 3792 1975 fteditatemaeolaverit,
3821 1907 3894 1977 si,

2300 2002 2599 2059 Ecclesium
2633 2001 2883 2073 denique,
2919 2003 3009 2058 ttbi
3037 2001 3317 2058 confessor
3336 2001 3506 2058 factus
3531 2009 3632 2069 est,
3660 2002 3897 2057 derelin-

2297 2112 2466 2170 quens
2494 2106 2548 2152 ct
2570 2098 2787 2152 unitatis
2820 2097 3160 2151 concordiam
3188 2095 3460 2160 scindens,
3486 2093 3642 2151 fidem
3664 2095 3893 2166 primum

2296 2190 2516 2262 perﬁdia
2548 2190 2845 2261 posteriore
2871 2190 3186 2253 mutaverit,
3237 2188 3467 2244 blandiri
3495 2188 3599 2244 sibi
3627 2204 3721 2260 per
3761 2204 3894 2244 eon—

2294 2281 2586 2340 fessionem
2613 2298 2718 2337 non
2745 2290 2941 2353 potest,
2974 2283 3124 2353 quasi
3153 2282 3221 2336 sit
3243 2282 3445 2337 electus
3462 2281 3528 2337 ad
3549 2282 3733 2353 gloriati
3754 2292 3893 2351 pra:-

2294 2376 2480 2441 mium,
2524 2374 2737 2445 quando
2778 2390 2844 2430 ex
2885 2373 2986 2430 hoc
3012 2374 3131 2445 ipso
3173 2375 3341 2445 magis
3395 2373 3661 2430 creverint
3701 2374 3894 2431 merita

2292 2483 2593 2540 pmnarnm.

2363 2557 2529 2615 XXII.
2559 2558 2691 2627 Nam
2716 2569 2770 2614 et
2798 2558 2989 2615 Judant
3019 2559 3159 2614 inter
3188 2559 3474 2630 Apostolus
3500 2558 3753 2615 Dominus
3777 2562 3893 2617 ele-

2291 2643 2386 2713 git,
2423 2652 2477 2698 et
2505 2652 2682 2698 tamen
2717 2642 3003 2698 Dominum
3051 2642 3217 2699 ludas
3249 2647 3590 2714 postmodum
3636 2644 3889 2715 prodidit.

2290 2735 2406 2799 Non
2431 2745 2609 2792 tamen
2638 2735 2838 2791 idcirco
2864 2735 3243 2805 Apostolorum
3266 2736 3398 2792 lldes
3423 2745 3479 2791 et
3501 2737 3719 2791 firmitas
3747 2737 3890 2792 ccci-

2290 2828 2368 2883 dit
2417 2828 2541 2898 quia
2601 2827 2842 2897 proditor
2876 2826 3042 2881 Judas
3073 2828 3142 2882 ab
3166 2842 3353 2882 eorum
3384 2827 3642 2883 societate
3669 2826 3887 2884 defecit.

2290 2919 2380 2976 Sic
2404 2929 2452 2975 et
2488 2919 2575 2975 hic
2600 2935 2704 2974 non
2750 2920 2930 2975 statim
2953 2917 3326 2975 confessorum
3353 2921 3615 2976 sanctitas
3640 2930 3694 2977 et
3718 2921 3893 2992 digni-

2290 3022 2371 3070 tas
2392 3015 2719 3069 comminuta
2747 3022 2829 3069 est
2860 3015 2984 3084 quia
3030 3015 3384 3085 quorumdam
3413 3014 3547 3071 fides
3591 3014 3757 3071 fracta
3781 3006 3891 3073 est.

2290 3103 2488 3162 Beatus
2512 3105 2710 3160 Paulus
2748 3105 3024 3176 apostolus
3076 3107 3127 3160 ιιι
3163 3107 3400 3176 Epistula
3447 3121 3544 3162 sua
3597 3105 3886 3177 loquitur:

2292 3200 2429 3268 Quid
2456 3199 2590 3253 enim
2619 3199 2663 3253 si
2679 3198 2971 3253 exciderunt
2998 3215 3029 3253 a
3050 3196 3154 3265 ﬁde
3168 3199 3374 3268 quidam
3397 3198 3630 3253 illorum?
3645 3197 3890 3269 numquid

2289 3292 2565 3362 inﬁdelitas
2588 3292 2795 3346 illorum
2825 3291 2977 3361 ﬁdem
3005 3286 3102 3346 Dei
3126 3291 3383 3345 evacuauit
3400 3290 3426 3344 7
3449 3290 3607 3343 Absit.
3638 3288 3734 3345 Est
3753 3290 3892 3344 enim

2290 3385 2432 3441 Dens
2475 3400 2644 3451 verax,
2692 3386 2857 3440 omnis
2903 3388 3070 3453 autent
3106 3384 3257 3438 homo
3300 3383 3519 3437 utendas:
3561 3382 3756 3455 (Rom.
3803 3398 3885 3450 ιιι,

2290 3476 2345 3543 5,
2375 3474 2452 3548 4).
2485 3475 2602 3531 Stat
2626 3474 2996 3531 confessorem
3027 3488 3151 3544 pars
3180 3474 3352 3543 major
3379 3482 3434 3529 et
3469 3473 3657 3527 melior
3680 3471 3733 3526 in
3763 3472 3891 3529 lidei

2288 3564 2411 3623 suae
2433 3569 2628 3624 robore
2674 3566 2807 3623 etin
2839 3568 2972 3638 legis
3000 3582 3064 3622 ac
3102 3567 3398 3638 disciplina:
3423 3566 3712 3621 Dominiea:
3743 3566 3887 3621 veri-

2291 3673 2428 3725 tate;
2465 3676 2565 3717 ncc
2589 3661 2658 3717 ab
2681 3661 2937 3718 Ecclesia:
2956 3676 3083 3732 pace
3105 3659 3388 3717 discedunt
3415 3662 3503 3732 qui
3530 3675 3591 3716 se
3617 3660 3668 3714 in
3696 3659 3883 3715 Eccle-

2288 3755 2365 3810 sia
2394 3756 2619 3826 gratiam
2670 3761 2988 3811 consecutos
3013 3753 3079 3810 de
3124 3753 3217 3810 Dei
3264 3753 3575 3825 dignatione
3624 3752 3889 3807 memine-

2288 3857 2447 3912 runt;
2501 3854 2661 3917 atque
2690 3847 2791 3903 hoc
2832 3846 2951 3918 ipso
2974 3845 3289 3917 ampliorem
3314 3852 3717 3916 consequuntur
3759 3843 3883 3901 fidei

1819 3978 2198 4043 LECTIONES
2235 3962 2643 4040 VABIANTES.

645 4138 672 4201 9
704 4136 866 4201 Regni
889 4136 1123 4201 emtorem
1149 4138 1282 4189 Lam.
1305 4137 1449 4189 Elter.
1477 4137 1601 4189 Bod.
1627 4139 1678 4188 2.
1703 4138 1826 4201 Ben.

642 4195 675 4236 Β
706 4194 809 4251 Ad'
820 4198 957 4251 istam
996 4199 1354 4250 dissensionem
1393 4200 1668 4263 procedere
1709 4200 1836 4251 Bod.
1868 4201 1918 4251 3.
1947 4194 2183 4253 Prosilire

590 4266 767 4378 “inst
787 4323 900 4377 ideo
925 4325 1056 4376 Lam.
1082 4321 1226 4376 Ebur.
1252 4322 1362 4376 ac.
1386 4322 1432 4388 t,
1457 4323 1507 4374 2.
1551 4323 1675 4375 Bod.
1704 4323 1753 4387 ι,
1788 4324 1836 4387 2,
1863 4326 1914 4386 δ,
1938 4322 1985 4374 t.
2009 4323 2177 4377 Paris.

2295 4141 2432 4190 Voss.
2460 4139 2507 4200 1,
2536 4138 2588 4189 2.
2624 4137 2685 4190 Et
2722 4138 2838 4189 ideo
2878 4138 2927 4187 in
2963 4138 3254 4202 Apocalypsi
3286 4139 3606 4193 Dominusad
3641 4138 3887 4199 Joannem

2284 4202 2506 4264 graviter
2541 4202 2863 4253 comminatus
2891 4203 3010 4252 Ver.
3038 4204 3222 4255 Manut.

2345 4261 2375 4302 ά
2409 4263 2628 4314 Ofﬁcium
2652 4266 2901 4314 servitutis
2924 4262 3048 4314 Bod.
3073 4264 3123 4314 3.

2350 4263 2375 4302 τι
2409 4263 2628 4314 Ofﬁcium
2652 4266 2901 4315 servitutis
2924 4263 3048 4314 Bod.
3073 4264 3123 4315 3.

2350 4329 2374 4358 ε
2409 4326 2573 4377 Verba
2598 4326 2756 4378 laudis
2778 4334 2831 4377 et
2851 4328 3169 4382 confessionis
3198 4330 3314 4381 Ver.

1534 4544 1539 4548 δ
1819 4476 2074 4545 8ΤΕΡΙΙ.,
2106 4472 2384 4536 BALUZII
2419 4474 2645 4536 ΝΟΤᾸΕ.

579 4597 772 4653 mirum
793 4603 895 4663 est,
910 4595 1147 4666 inquam,
1168 4592 1319 4652 illum
1348 4608 1563 4665 pravam
1591 4592 1877 4667 lectionem
1904 4592 2189 4667 retinuisse
2211 4594 2266 4655 D
2293 4592 2602 4667 extendunt;
2626 4591 2729 4667 Pro
2748 4592 3117 4667 quolortassis
3133 4594 3438 4665 legendum,
3459 4604 3544 4657 est
3567 4598 3877 4667 escenditur,

580 4670 631 4723 itt
659 4677 933 4734 contextu,
959 4664 1150 4738 bonam
1182 4664 1426 4738 posuisse
1464 4664 2020 4738 inmarginezEditio
2049 4678 2170 4733 quas

578 4740 773 4794 dicitur
798 4732 978 4795 Gravii
1008 4732 1225 4808 praefert
1252 4752 1371 4793 eam
1387 4752 1505 4808 quae
1526 4732 1787 4791 bona'est.
1815 4735 1944 4791 lude
1967 4732 2171 4793 exortae

577 4820 703 4865 sunt
726 4811 846 4865 alite
882 4808 1167 4865 editiones.

653 4880 862 4935 XX.—
888 4878 1119 4935 Gratiam
1147 4877 1372 4934 Domini.
1396 4876 1522 4934 Post
1557 4877 1672 4932 hrcc
1695 4878 1856 4932 verba
1902 4874 2169 4931 Manutius

577 4950 827 5017 addidit,
886 4952 1014 5005 sicut
1062 4951 1304 5021 scriptum
1356 4959 1464 5004 est:
1523 4946 2170 5021 EteJ‘citavitDominus

580 5024 830 5080 Satanam
846 5022 945 5091 ipsi
973 5016 1277 5086 Salomoni;
1301 5028 1347 5073 et
1368 5020 1483 5074 ideo
1504 5021 1555 5074 itt
1583 5019 1893 5091 Apocalypsi
1916 5016 2169 5091 Dominus
2273 5033 2305 5087 p

575 5096 645 5149 ad
672 5090 928 5148 Joannem
978 5092 1572 5163 graviter-comminatur.
1616 5090 1748 5163 Qua:
1786 5090 2052 5163 Rigaltius
2091 5090 2168 5163 ait

575 5182 696 5242 esse
722 5160 1490 5242 in_veteriﬁbroyVeronensi.
1529 5160 1781 5242 Pantelio
1813 5175 1918 5242 non
1966 5160 2167 5242 placuit

578 5238 693 5292 haec
728 5233 930 5291 additio
959 5233 1207 5296 Manutii,
1264 5231 1511 5297 nimirum
1548 5232 1693 5302 quia,
1730 5241 1790 5286 ut
1819 5231 1907 5287 ille
1930 5231 2025 5297 ait,
2050 5232 2169 5302 Do:-

576 5308 755 5362 miuus
789 5307 842 5360 in
884 5306 975 5360 illo
1012 5307 1128 5359 loco
1159 5318 1263 5358 non
1301 5302 1536 5373 loquitur
1560 5298 1626 5357 ad
1654 5301 1938 5368 Joannem,
1969 5300 2064 5356 sed
2099 5298 2168 5373 ad

576 5378 838 5451 Angelum
869 5375 1272 5451 Philadelphia.
1297 5371 1477 5451 itaque
1505 5373 1770 5451 Pamelius
1802 5373 2021 5451 retinuit
2049 5371 2171 5441 qui-

576 5441 698 5505 dem
723 5463 842 5504 eam
872 5441 1222 5504 additionem.
1256 5444 1352 5501 sed
1382 5441 1581 5499 delevit
1619 5457 1680 5497 ea
1711 5457 1831 5514 quae
1858 5441 2166 5514 referuntur

574 5536 642 5575 ex
664 5518 989 5590 Apocalypsi.
1023 5518 1099 5590 lla
1143 5516 1306 5590 etiam
1350 5515 1646 5590 Rigaltitts_._
1672 5513 1784 5584 Ego
1816 5529 1947 5569 vero
1987 5513 2167 5569 omnia

574 5586 876 5662 supprime,
893 5590 1014 5659 quia
1042 5589 1130 5644 illa
1160 5604 1266 5662 non
1288 5586 1463 5662 inveni
1493 5588 1544 5641 in
1568 5586 1686 5662 ullo
1713 5594 1951 5662 veterum
1977 5600 2163 5662 exem-

571 5656 800 5732 plarium
820 5656 1147 5725 nostrorum,
1173 5660 1295 5784 (“tia
1335 5659 1528 5712 desunt
1566 5658 1618 5712 iu
1643 5656 1889 5713 undecim
1915 5658 2167 5728 Anglica-

573 5734 658 5784 nis
686 5744 739 5784 et
766 5735 817 5784 itt
839 5732 1163 5784 editionibus
1236 5731 1484 5783 anutiana
1522 5730 1927 5784 :mtiuuiot-ibus.

573 5730 658 5789 itis
686 5744 739 5787 et
766 5735 817 5786 itt
839 5732 1163 5787 editionibus
1185 5730 1484 5784 Manutiana
1522 5730 1927 5794 antiquioribus.

645 5801 1182 5864 XXl.—-Ascenditur.
1211 5800 1395 5856 Codex
1418 5798 1587 5855 sancti
1616 5799 1850 5874 Dionysii
1880 5797 2164 5875 Remensis

2293 4674 2349 4716 ιιι
2389 4663 2529 4741 apud
2558 4661 2819 4741 Tacitum,
2852 4663 3089 4741 lib:__xlll,
3133 4661 3716 4741 Atioalium‘escettdere
3751 4661 3880 4741 sug;

2273 4745 2483 4805 gestuin
2500 4735 2826 4802 imperatoris
2848 4742 2901 4789 et
2926 4735 3021 4790 lib.
3050 4753 3138 4804 xv,
3168 4745 3340 4804 postea
3358 4739 3640 4793 escendere.

2346 4802 2715 4883 “illonfessor
2730 4822 2821 4883 per
2850 4802 3200 4883 Epangeliuin.
3219 4809 3410 4878 Supra,
3431 4809 3593 4883 epist.
3610 4827 3734 4875 xxx,
3756 4827 3877 4883 pag.

2272 4876 2345 4932 40
2364 4894 2376 4929 :
2398 4876 2459 4930 Si
2487 4892 2586 4929 non
2610 4874 2752 4948 illaut
2780 4880 2842 4930 de
2870 4874 3137 4948 Evangelii
3162 4874 3536 4935 conservatione
3557 4874 3887 4937 invenio-uti}

2273 4948 2529 5023 consecuti
2550 4947 2682 5000 unde
2713 4956 2960 5018 martyres
2986 4947 3135 5017 ﬁunt.
3162 4948 3260 5005 Ubi
3293 4951 3415 5007 vide
3446 4961 3599 5007 notas
3640 4962 3875 5023 nostras,

2312 5033 2392 5072 :ta.
2424 5017 2551 5072 416.

2339 5033 2663 5157 ἳισέἆὲάειῆι.
2714 5088 2879 5144 liane'
2909 5088 3191 5145 lectionem
3242 5090 3441 5149 habent
3492 5093 3664 5150 codex
3704 5093 3874 5150 Vero.

2272 5161 2529 5233 nettsis_ct
2552 5157 2820 5233 sexdecim
2871 5160 2988 5233 libri
3019 5162 3206 5233 nostri.
3251 5163 3381 5217 Eam
3424 5166 3625 5233 primus
3670 5167 3875 5222 invexit

2272 5229 2555 5306 llametios,
2578 5229 2885 5306 editionem
2912 5232 3111 5306 Gravii,
3139 5243 3197 5306 ut
3228 5234 3342 5306 ipse
3368 5229 3458 5303 ait,
3487 5246 3728 5292 secutus.
3754 5235 3870 5306 Ego

2274 5304 2450 5355 tamen
2510 5302 2577 5373 in,
2616 5302 2702 5356 illa
2758 5302 2994 5373 editione
3046 5302 3152 5373 legi
3214 5302 3515 5372 prodiderit.
3568 5306 3698 5362 Η.ιό
3741 5302 3872 5364 ι’θῖδο

2274 5383 2539 5446 postrema
2571 5372 2726 5426 lectio
2769 5372 2995 5427 habetur
3029 5377 3081 5427 ιιι
3113 5372 3363 5431 euntibus
3387 5377 3716 5433 editiotiibus
3748 5392 3870 5446 qua}

2271 5442 2631 5497 Pameliauatn
2686 5452 3091 5498 antecesserunt
3138 5454 3193 5500 ct
3242 5449 3294 5501 itt
3347 5446 3536 5510 decem
3595 5442 3873 5506 eodicibtte
3926 5507 3930 5513 ,

2271 5515 2522 5587 antiquis.
2571 5514 2702 5567 Puto
2754 5523 2931 5569 autent
2982 5516 3124 5587 illam
3176 5532 3297 5572 esse
3340 5521 3642 5575 meliorem.
3671 5519 3868 5587 Supra,

2270 5585 2664 5658 epist.uLxx1v,
2713 5600 2831 5655 pag.
2887 5587 2946 5640 lit
2990 5602 3024 5658 ιθ
3058 5586 3355 5658 Proditores
3380 5591 3502 5658 ﬁdei
3541 5601 3586 5645 et
3630 5585 3872 5647 Ecclesiae

2269 5654 2545 5731 Catholicae
2574 5661 2969 5731 t‘mpttgnatores.
3008 5657 3220 5713 lictinui
3272 5654 3403 5731 etg-i
3436 5661 3720 5718 lectionem
3748 5658 3872 5731 qum

2270 5727 2498 5799 plttt‘itlttl
2528 5736 2765 5799 vetcrtt‘ut
2794 5728 3049 5784 librorum
3101 5727 3425 5788 auctetitﬁtc
3478 5732 3681 5789 nititur.
3735 5727 3871 5799 Nam

2222 5812 2225 5815 '
2269 5808 2321 5853 ct
2349 5796 2436 5852 illa
2467 5812 2677 5870 quoque
2706 5796 2841 5854 bona
2868 5810 2970 5857 est.
