4332 6292
401 282 516 363 811

1511 289 1716 349 LIBER
1757 284 1846 347 DE
1886 278 2189 348 υΝῘΤΑΤΕ
2229 276 2597 346 ΕϐϐιΕδῐιλΕ.

3608 282 3726 345 518

409 428 522 470 sua:
563 411 798 479 laudem,
830 408 996 482 quod,
1031 409 1101 467 ab
1142 421 1332 465 eorum
1363 406 1587 480 perﬁdia
1621 406 1882 478 segregati
1925 406 2012 475 qui
2043 406 2093 465 Α
2119 402 2279 459 debet
2307 412 2361 458 et
2396 403 2547 474 sequi
2579 401 2722 458 ﬁlius
2742 400 2909 473 pacis,
2934 412 2965 456 tt
2995 397 3348 458 dissensionis
3372 397 3515 455 malo
3545 400 3722 455 conti-

406 506 575 579 juneti
600 503 958 561 confessionis
987 501 1261 558 consortio
1288 501 1568 567 fuerunt“,
1593 516 1620 555 a
1640 501 1886 571 contagio
1907 500 2019 555 cri-

412 598 571 653 minis
597 605 957 659 recesserunt,
985 592 1154 649 verob
1184 592 1465 648 illuminati
1497 592 1772 663 Evangelii
1791 591 2011 656 lumine,

410 700 541 761 pura
564 697 616 743 et
638 685 864 742 candida
891 685 1101 740 Domini
1135 687 1251 740 luce
1277 684 1485 749 radiati,
1520 692 1625 738 tam
1653 692 1777 738 sunt
1803 681 1855 736 in
1882 696 2015 737 con-

409 778 670 856 servanda
688 778 888 853 Christi
915 793 1044 849 pace
1067 777 1378 844 laudabiles,
1397 792 1555 848 quant
1584 774 1797 832 fuerunt
1821 776 1873 830 in
1900 774 2015 829 dia-

415 872 527 930 boli
553 872 943 943 congressione
960 869 1208 926 victores.

489 962 679 1021 XXIII.
707 963 847 1033 Opto
870 962 1139 1034 equidem,
1169 962 1741 1037 dilectissimi’fratres,
1788 970 1842 1017 et
1882 976 2013 1017 con—

409 1058 532 1115 Sulo
563 1057 766 1129 pariter
789 1066 844 1112 et
872 1056 1076 1111 suadeo
1100 1064 1179 1122 ut,
1203 1055 1247 1109 si
1271 1056 1384 1110 ﬁeri
1408 1065 1603 1125 potest,
1636 1069 1794 1109 netno
1821 1055 1887 1109 de
1908 1057 2014 1108 ira-

412 1150 583 1205 tribus
628 1158 814 1220 pereat
856 1158 909 1203 et
942 1147 1332 1203 consentientis
1380 1147 1559 1217 populi
1611 1162 1808 1216 corpus
1848 1162 2011 1202 unum

411 1243 618 1314 gremio
638 1258 735 1297 suo
758 1241 995 1314 gaudens
1030 1250 1201 1295 mater
1226 1239 1522 1293 includntc.
1554 1238 1610 1294 Si
1645 1251 1820 1293 tamen
1850 1252 2013 1309 quos-

412 1336 535 1392 dam
583 1336 930 1391 schismatum
972 1333 1139 1387 duces
1180 1341 1234 1387 et
1274 1331 1629 1387 dissensionis
1659 1341 1927 1395 auctores,
1958 1332 2009 1384 in

411 1445 554 1487 caeca
580 1439 633 1485 et
650 1416 914 1485 obstinata
946 1426 1218 1482 dementia
1253 1433 1648 1494 permanentes,
1684 1437 1787 1478 non
1823 1431 2011 1492 potue-

414 1522 483 1577 rit
509 1519 575 1576 ad
605 1520 793 1574 salutis
815 1519 951 1572 viam
977 1515 1259 1572 consilium
1287 1514 1504 1570 salubre
1530 1530 1802 1577 revocare,
1828 1513 2009 1568 exteri

414 1624 591 1670 tamen
622 1612 704 1667 vel
736 1611 1091 1680 simplicitate
1114 1609 1276 1679 capti,
1320 1608 1401 1662 vel
1453 1622 1638 1662 errore
1672 1605 1893 1670 inducti,
1930 1605 2010 1662 vel

412 1706 592 1776 aliqua
623 1702 854 1758 fallentis
898 1702 1109 1756 astutia:
1136 1698 1426 1755 calliditate
1454 1697 1686 1767 decepti,
1717 1716 1744 1752 a
1786 1698 2009 1752 fallacie

2123 510 2250 551 nere
2280 496 2511 565 linguam
2530 495 2600 527 ²⁰³
2621 509 2770 550 suam
2801 494 2962 551 debet
2980 497 3069 565 qui
3092 494 3237 548 novit
3258 502 3313 547 et
3337 491 3509 563 diligit
3535 491 3723 547 vincu-

2121 589 2227 643 lum
2247 587 2540 642 ebaritatis.
2562 588 2813 644 lntersua
2834 576 3011 642 divina
3028 588 3276 641 mandata
3295 584 3313 624 ί
3336 595 3387 641 et
3416 582 3721 657 magisteria

2118 679 2391 747 salutaria,
2418 680 2651 750 passioni
2676 680 2787 749 jam
2817 680 3091 749 proximus
3126 679 3387 734 Dominus
3413 677 3616 734 addidit
3640 679 3722 734 di-

2117 787 2246 827 cens
2268 790 2281 829 :
2312 772 2497 827 Pacem
2519 773 2714 826 dimitto
2733 772 2888 837 vobis,
2905 789 3080 841 pacem
3099 789 3261 827 nteant
3281 772 3347 827 do
3362 774 3501 827 vobis
3537 771 3718 846 (Joan.

2118 879 2228 930 xrv,
2265 864 2383 934 27).
2409 863 2557 919 Hanc
2585 863 2737 920 nobis
2767 850 3135 919 haereditatem
3165 864 3345 928 dedit,
3374 863 3513 919 dona
3540 864 3725 923 omnia

2117 969 2230 1010 sum
2260 954 2659 1026 pollicitationis
2687 964 2743 1010 et
2787 955 3003 1025 praemia
3036 955 3091 1010 in
3132 956 3278 1025 pacis
3306 956 3723 1013 conservatione

2116 1047 2382 1117 promisit.
2410 1048 2464 1104 Si
2487 1046 2799 1107 cobmredes
2826 1046 3024 1103 Christi
3044 1062 3252 1116 sumus,
3286 1050 3339 1105 in
3359 1046 3559 1105 Christi
3590 1064 3724 1120 pace

2115 1154 2431 1197 maneamus
2452 1150 2503 1196 8.
2534 1140 2590 1197 Si
2617 1139 2709 1194 ﬁlii
2740 1139 3056 1205 Deisumus,
3082 1140 3287 1212 paciﬁci
3305 1157 3425 1198 esse
3438 1142 3720 1200 debemus.

2114 1230 2286 1299 Beati,
2321 1233 2515 1303 inquit,
2555 1228 2780 1303 paciﬁci,
2808 1234 3050 1303 quoniam
3069 1234 3169 1305 ipsi
3198 1235 3298 1304 ﬁlii
3334 1234 3436 1291 Dei
3467 1236 3721 1291 vocabun-

2115 1333 2199 1378 tur
2240 1323 2451 1396 (Matth.
2493 1340 2545 1392 v,
2590 1324 2667 1397 9).
2705 1324 2968 1381 Pacilicos
3017 1340 3139 1382 esse
3164 1335 3380 1397 oportet
3423 1328 3520 1384 Dei
3558 1328 3717 1399 ﬁlios,

2114 1418 2278 1473 corde
2325 1420 2502 1487 mites,
2536 1434 2787 1474 sermone
2829 1419 3124 1490 simplices,
3156 1421 3441 1478 affectione
3485 1437 3715 1478 concor-

2115 1511 2230 1577 des,
2259 1512 2488 1569 ﬁdeliter
2515 1513 2614 1569 sibi
2647 1512 3012 1568 unanimitatis
3035 1512 3261 1571 nexibus
3282 1514 3645 1573 cohaerentes.

2186 1604 2353 1661 XXV.
2389 1605 2514 1660 llazc
2561 1605 2885 1660 unanimitas
2941 1606 3042 1660 sub
3092 1606 3368 1676 Apostolis
3414 1606 3547 1664 olim
3597 1607 3719 1666 fuit.

2116 1696 2205 1752 Sic
2232 1713 2401 1753 novus
2422 1698 2754 1754 credentium
2785 1699 3013 1770 populus
3054 1700 3268 1756 Domini
3300 1701 3548 1757 mandata
3592 1717 3717 1759 cus-

413 1810 512 1850 vos
538 1794 743 1864 laqueis
771 1792 981 1855 solvite,
1017 1800 1269 1861 vagantes
1299 1804 1515 1862 gressus
1544 1790 1612 1845 ab
1643 1789 1919 1844 erroribus
1948 1788 2011 1841 Ii-
2037 1792 2085 1855 B
2119 1787 2350 1856 todiens,
2382 1790 2696 1844 ebaritatem
2742 1796 2893 1845 suam
2950 1791 3141 1846 tenuit.
3190 1793 3388 1848 Probat
3443 1792 3720 1865 Scriptura

418 1887 622 1949 berate,
673 1886 773 1940 iter
802 1893 1007 1938 rectum
1052 1882 1153 1936 via:
1182 1881 1416 1936 caelestis
1443 1879 1735 1951 agnoscite.
1789 1878 2012 1934 Coutes-

415 1980 575 2035 t-mtis
602 1977 843 2047 Apostoli
870 1992 970 2030 vox
1005 1984 1086 2031 est
1128 1992 1142 2029 :
1173 1974 1509 2046 Praeripimus
1538 1975 1694 2040 vobis,
1742 1974 1931 2044 inquit,
1962 1975 2013 2028 in

415 2072 615 2124 nomine
640 2069 845 2123 Domini
866 2069 1025 2123 nostri
1053 2066 1085 2121 ,Ι
1092 2084 1179 2122 esu
1211 2064 1400 2122 Christi
1424 2076 1475 2120 ut
1505 2067 1748 2121 recedatis
1769 2065 1831 2120 ab
1848 2068 2014 2121 omni-

417 2164 505 2217 bus
532 2163 774 2233 fratribus
803 2160 1178 2215 ambulantibus
1206 2161 1494 2215 inordinate
1519 2170 1565 2214 et
1600 2177 1700 2214 non
1735 2162 2015 2216 secundum

416 2256 734 2311 traditionem
769 2272 920 2325 quam
949 2264 1247 2324 acceperunt
1292 2272 1324 2307 ιι
1357 2253 1497 2308 nobis
1525 2254 1600 2322 (ll
1624 2253 1800 2308 Thess.
1828 2270 1903 2321 ut,
1934 2252 2012 2326 6).

415 2352 483 2423 Et
511 2352 702 2407 iterum
747 2350 874 2405 dicit
904 2368 916 2404 :
953 2349 1119 2405 Nemo
1166 2365 1253 2405 vos
1292 2351 1515 2420 decipiat
1559 2351 1797 2405 inanibus
1831 2353 2012 2407 verbis.

357 2488 361 2492 .
417 2442 696 2512 Pr0pterea
722 2443 854 2496 enim
887 2442 1018 2497 venit
1056 2443 1137 2495 ira
1164 2436 1257 2495 Dei
1284 2456 1435 2511 super
1449 2441 1584 2511 ﬁlios
1608 2444 1942 2497 contumacia:
1962 2439 2012 2499 ἀ.

418 2532 595 2588 Nolite
612 2550 731 2604 ergo
757 2549 864 2588 esse
890 2533 1161 2605 participes
1185 2548 1361 2586 eorum
1408 2531 1623 2602 (Ep/tes.
1652 2548 1706 2597 v,
1731 2532 1784 2597 6,
1809 2534 1886 2603 7-).
1910 2534 2015 2588 Re-

416 2626 710 2681 cedeudum
733 2635 816 2680 est
843 2640 873 2679 a
902 2624 1359 2693 delinquentibus,
1378 2623 1464 2678 vel
1492 2624 1656 2680 immo
1670 2623 2013 2695 fugiendum,

416 2733 506 2785 ne,
538 2717 663 2772 dum
689 2718 809 2785 quis
836 2714 976 2770 male
1004 2713 1399 2770 ambulautibtts
1424 2714 1762 2791 jungiturtet
1792 2732 1887 2785 per
1931 2717 2016 2771 iti-

415 2824 546 2865 nera
573 2808 774 2865 erroris
801 2816 856 2862 et
882 2807 1125 2862 criminis
1164 2805 1427 2877 graditur,
1470 2822 1502 2861 a
1543 2807 1626 2862 via
1655 2809 1768 2862 veri
1811 2807 2017 2864 itineris

417 2914 696 2965 exerrans,
749 2897 862 2969 pari
912 2897 1139 2954 crimine
1182 2905 1237 2951 et
1264 2895 1379 2966 ipse
1415 2905 1678 2952 teneatur.
1710 2897 1848 2953 Deus
1878 2912 2016 2954 unus

415 2999 519 3057 est,
550 3001 623 3063 et,
645 2989 892 3046 Christus
923 3005 1082 3057 unus,
1113 2998 1168 3045 et
1194 2990 1568 3055 unaEeclesia
1608 2993 1757 3061 ejus,
1789 3000 1844 3047 et
1882 2992 2015 3048 ﬁdes

322 3098 331 3107 "
417 3098 554 3150 una,
612 3092 664 3138 et
709 3080 862 3153 plebs
909 3096 1010 3136 una
1054 3081 1107 3135 in
1158 3081 1381 3137 solidam
1426 3083 1666 3152 corporis
1710 3084 2012 3138 unitateme

2122 1879 2303 1935 divina
2336 1898 2454 1952 qum
2477 1881 2605 1936 dicit
2641 1903 2653 1938 :
2682 1878 2858 1936 Turba
2882 1891 3056 1937 autem
3081 1898 3255 1938 eorum
3282 1884 3370 1954 qui
3399 1886 3720 1942 crediderant

2119 1975 2292 2028 anima
2315 1986 2361 2029 et
2388 1986 2552 2030 mente
2588 1992 2691 2030 una
2706 1975 2922 2046 agebant
2942 1973 2969 2011 h
2995 1976 3134 2046 (Aet.
3164 1993 3236 2042 tv,
3264 1977 3374 2049 52).
3396 1979 3464 2033 Ει
3485 1979 3674 2034 iterum
3701 1976 3716 2036 ἑ

2125 2066 2189 2120 Et
2206 2079 2345 2122 erant
2367 2077 2736 2138 perseverantes
2759 2084 2929 2123 omnes
2952 2069 3217 2124 unanimes
3244 2069 3261 2107 ί
3287 2070 3338 2125 in
3356 2072 3585 2126 oratione
3602 2088 3721 2129 cum

2121 2158 2411 2215 mulieribus
2442 2170 2485 2213 ct
2515 2159 2687 2214 Maria
2710 2176 2824 2231 qua:
2866 2161 3035 2230 fuerat
3060 2171 3222 2216 mater
3253 2161 3379 2217 Jestt
3406 2174 3467 2218 et-
3478 2164 3722 2236 fratribus

2121 2251 2229 2320 ejus
2259 2249 2392 2322 (Act.
2424 2267 2460 2317 1,
2495 2251 2629 2324 14.).
2666 2253 2738 2307 Et
2780 2252 2921 2319 ideo,
2952 2254 3075 2324 quia
3123 2254 3431 2310 efﬁcacibus
3473 2257 3721 2326 precibus

2122 2345 2368 2409 orabant,
2405 2344 2525 2399 ideo
2551 2345 2841 2414 impetrare
2867 2360 2988 2400 cum
3038 2344 3232 2403 ﬁducia
3271 2358 3517 2416 poterant
3544 2348 3719 2420 quod-

2130 2446 2363 2505 cumque
2390 2437 2456 2492 de
2485 2437 2695 2493 Domini
2724 2437 3091 2497 misericordia
3120 2441 3479 2510 postulabant.

2194 2528 2384 2584 XXVI.
2410 2529 2463 2583 In
2494 2529 2646 2584 nobis
2676 2546 2806 2585 vero
2830 2530 2908 2584 sic
2948 2533 3273 2589 unanimitas
3323 2534 3583 2589 diminuta
3611 2544 3714 2603 est,

2123 2630 2180 2676 nt
2207 2631 2261 2676 et
2284 2622 2500 2692 largitas
2527 2623 2855 2694 operationis
2882 2624 3103 2681 infracta
3142 2626 3299 2682 esti.
3346 2627 3543 2685 Demos
3592 2637 3720 2686 tunc

2124 2722 2175 2766 et
2208 2712 2397 2767 fundos
2419 2714 2838 2783 venumdabant,
2875 2726 2929 2771 et
2949 2718 3229 2773 thesauros
3251 2718 3351 2775 sibi
3379 2719 3432 2774 in
3453 2719 3591 2776 c0310
3622 2735 3713 2776 rc-

2125 2812 2409 2872 ponentes,
2459 2803 2843 2865 dis-tribuenda
2874 2812 2926 2862 in
2976 2823 3105 2863 usus
3147 2809 3499 2880 indigentium
3549 2810 3721 2882 pretia

2123 2896 2396 2965 Apostolis
2425 2896 2744 2953 oﬁcrebant.
2769 2901 2838 2954 At
2862 2915 3002 2955 nunc
3031 2901 3101 2956 de
3127 2886 3449 2971 patrimonio
3477 2920 3577 2961 nec
3619 2903 3719 2959 de-

2121 2988 2288 3043 cimas
2317 2988 2537 3053 damus;
2567 2996 2764 3044 etcum
2789 2990 3025 3047 vendere
3054 2992 3242 3063 jubeat
3282 2994 3559 3062 Dominus,
3585 2997 3722 3051 emi-

2124 3095 2243 3134 nms
2273 3079 2446 3149 potius
2471 3089 2526 3135 et
2552 3086 2833 3150 augemus.
2866 3081 2955 3138 Sic
2983 3083 3035 3138 in
3090 3083 3243 3141 nobis
3279 3086 3544 3141 emarcuit
3569 3087 3722 3157 vigor

419 3174 723 3231 concordia:
749 3174 954 3245 glutino
978 3173 1243 3244 copulata.
1276 3173 1455 3229 Scindi
1481 3175 1656 3230 unitas
1684 3192 1789 3230 non
1816 3186 2013 3246 potest,
2042 3186 2087 3250 ρ
2128 3172 2283 3237 ﬁdei,
2325 3173 2402 3228 sic
2429 3173 2762 3229 credentium
2789 3174 2954 3230 robur
2978 3176 3237 3247 elanguit.
3264 3179 3332 3235 Et
3375 3178 3574 3236 idcirco
3606 3182 3724 3237 Do—

416 3281 521 3324 nec
556 3281 751 3337 corpus
785 3280 948 3321 unum
993 3264 1219 3321 discidio
1245 3267 1577 3338 compaginis
1617 3268 1883 3338 separari,
1930 3268 2016 3323 di-

420 3362 584 3419 vulsis
606 3360 930 3416 laceratione
952 3360 1268 3428 visoeribus,
1294 3362 1347 3416 in
1381 3362 1544 3418 frusta
1571 3361 1825 3432 discerpi.
1851 3361 2017 3428 Quid-

414 3455 544 3527 quid
572 3470 604 3510 a
633 3456 855 3511 matrice
884 3454 1214 3523 discesserit,
1243 3470 1489 3512 seorsum
1518 3457 1703 3513 vivere
1727 3468 1782 3513 et
1807 3455 2017 3527 spirare

414 3562 527 3605 non
553 3545 765 3617 poterit,
794 3546 1149 3603 substantiam
1182 3548 1367 3604 salutis
1396 3549 1619 3604 amittit.

490 3636 682 3693 XXIV.
716 3637 894 3694 Monet
917 3652 1017 3694 nos
1058 3636 1290 3709 Spiritus
1331 3649 1549 3695 sanctus
1587 3650 1642 3695 et
1681 3640 1810 3697 dicit
1841 3660 1854 3698 :
1891 3643 2018 3711 Quis

410 3739 490 3791 est
517 3731 667 3785 homo
710 3730 798 3800 qui
821 3730 928 3785 vult
966 3731 1119 3784 vitam
1152 3738 1202 3785 et
1249 3741 1387 3785 attint
1415 3731 1582 3786 videre
1620 3731 1729 3786 dies
1764 3734 2020 3802 optimos?

419 3822 630 3880 Contine
653 3824 883 3895 tinguant
904 3832 1042 3880 tuam
1061 3840 1092 3876 a
1117 3823 1275 3890 malo,
1305 3832 1351 3877 et
1377 3823 1514 3878 labia
1545 3832 1631 3878 tua
1663 3840 1725 3879 ne
1748 3825 2020 3896 loquuntur

418 3918 678 3973 insidiose.
707 3916 923 3972 Declina
946 3934 979 3971 a
1003 3916 1141 3972 malo
1172 3926 1219 3972 et
1240 3921 1323 3989 fac
1343 3907 1549 3986 bonum,
1571 3934 1741 3989 qurere
1776 3935 1951 3989 pacem
1974 3929 2022 3975 et

416 4028 623 4083 sequere
664 4028 776 4069 eam
821 4012 994 4084 (Psal.
1043 4028 1237 4083 sunt,
1274 4013 1490 4086 15—15).
1539 4014 1734 4071 Pacem
1774 4028 2017 4085 quaerere

2122 3266 2314 3333 minus,
2341 3274 2581 3336 tempora
2624 3276 2807 3347 nostra
2837 3268 3152 3337 respiciens,
3199 3268 3254 3326 in
3292 3270 3580 3341 Evangelia
3621 3288 3722 3330 suo

2120 3360 2250 3417 dicit
2276 3378 2290 3416 :
2324 3358 2494 3414 Filius
2519 3360 2755 3415 hominus
2774 3376 2889 3415 cum
2917 3361 3126 3425 venerit,
3151 3372 3300 3431 putas
3324 3364 3537 3420 inveniet
3565 3366 3725 3435 ﬁdem

2120 3456 2175 3511 in
2206 3465 2342 3511 terra
2401 3453 2571 3527 (Luc.
2611 3452 2807 3524 svnt)?
2835 3453 3093 3523 Videmus
3122 3455 3236 3512 ﬁeri
3277 3456 3417 3527 quod
3445 3458 3534 3515 ille
3578 3474 3723 3529 prte-

2088 3545 2273 3602 .disit.
2301 3546 2358 3602 In
2391 3546 2484 3601 Dei
2505 3546 2720 3612 timore,
2753 3546 2805 3600 in
2838 3546 2956 3615 lege
2976 3545 3220 3618 justitiae,
3242 3546 3294 3602 in
3326 3548 3635 3617 dilectione,
3659 3549 3716 3607 in

2120 3654 2284 3709 epere
2310 3626 2443 3694 ﬁdes
2471 3637 2620 3694 nulla
2641 3646 2722 3694 est
2754 3657 2767 3692 :
2804 3653 2964 3693 nemo
2994 3639 3292 3694 futurorum
3326 3650 3530 3695 metum
3573 3641 3726 3712 cogi-

2124 3741 2236 3799 tat;
2260 3731 2288 3770 ¹ι
2317 3731 2460 3788 diem
2491 3732 2703 3788 Domini
2730 3740 2783 3788 et
2814 3733 2945 3787 iram
2975 3732 3068 3788 Dei
3097 3743 3151 3788 et
3181 3733 3470 3790 incredulis
3497 3747 3725 3795 ventura

2122 3823 2384 3894 supplicia
2409 3832 2465 3879 et
2493 3832 2693 3879 statuta
2725 3822 2948 3893 perlidis
3000 3833 3204 3879 aeterna
3253 3833 3520 3883 tormenta
3563 3843 3725 3885 nemo

2123 3914 2429 3971 considerat
2459 3931 2472 3968 :
2506 3912 2652 3984 quod
2701 3921 2965 3970 metueret
2993 3911 3013 3952 1
3045 3914 3375 3972 conscientia
3430 3926 3636 3986 nostra,
3678 3919 3726 3977 si

2121 4010 2407 4077 crederet;
2436 4008 2560 4080 quia
2607 4022 2715 4065 non
2762 4008 2933 4066 credit
2974 4010 3216 4080 omnino,
3264 4026 3364 4070 nec
3407 4015 3619 4073 metuit.
3666 4017 3729 4078 Si

1663 4123 2044 4184 LECTIONES
2080 4120 2493 4180 VARIANTES.

483 4242 509 4271 ι
542 4242 708 4303 Atque
759 4237 854 4287 hoc
882 4238 1016 4303 Alpso
1063 4236 1299 4303 majorem
1352 4242 1745 4303 consequuntur“
1764 4232 1882 4303 ﬁdei
1912 4246 2015 4303 sua;

417 4297 739 4370 laudem,’im_o
769 4297 1072 4370 ampliorem,
1098 4297 1335 4370 quint..."
1358 4297 1622 4370 segregati
1649 4297 2019 4370 quibus-juncti

416 4364 738 4417 confessionis
758 4360 1002 4416 consortio
1024 4360 1221 4414 fuerunt
1252 4366 1372 4415 Ver.
1394 4360 1561 4413 Paris.
1587 4360 1680 4421 Qui
1694 4360 1878 4423 junctis
1899 4368 2019 4412 cou-

416 4427 715 4478 t’essionibus
735 4426 902 4479 Paris.

478 4487 509 4527 b
543 4492 803 4542 Steterunt
823 4501 944 4540 vero
964 4487 1089 4538 Bod.
1113 4488 1163 4538 ὅ.
1186 4487 1251 4539 At
1274 4499 1393 4539 vero
1416 4485 1541 4538 Bod.
1570 4486 1615 4547 1,
1638 4483 1687 4535 Ξ.

479 4555 504 4584 ο
543 4553 699 4605 Mater
719 4550 938 4603 Ecclesia
968 4554 1105 4603 Voss.
1137 4553 1187 4602 5.

479 4612 508 4654 ᾶ
542 4610 838 4665 Ditﬁdentiaa
860 4617 951 4664 Ar.
976 4610 1112 4664 Lam.

482 4683 507 4709 υ
543 4678 740 4729 Unitate
766 4675 892 4727 Bod.
926 4679 965 4726 1.
992 4678 1041 4726 4.

480 4737 501 4778 ι
538 4739 673 4791 Inter
694 4753 781 4790 sua
800 4740 1021 4803 denique
1044 4737 1270 4788 mandata
1298 4741 1417 4789 Ver.

2044 4551 2100 4613 D
2189 4545 2218 4613 If
2251 4546 2437 4613 Metam

2184 4231 2212 4295 β
2246 4231 2303 4282 In
2325 4229 2501 4283 Christi
2525 4240 2696 4295 pacem
2721 4233 2955 4284 abeamus
2981 4232 3091 4285 Cor.
3120 4232 3402 4289 Maneamus
3423 4242 3514 4290 Ar.

2181 4292 2214 4333 ιι
2244 4295 2466 4346 Animam
2491 4292 2544 4345 ei
2561 4301 2780 4346 mentem
2803 4309 2948 4347 unam
2972 4297 3220 4350 habebant
3241 4299 3368 4352 Bod.
3393 4303 3444 4351 5.

2188 4356 2206 4395 i
2248 4357 2639 4409 Perseverantes
2661 4362 2917 4410 unanimes
2938 4360 3071 4408 Lam.
3100 4360 3243 4411 Ebo‘r.
3274 4361 3378 4413 Lin.

2153 4418 2538 4534 itivlggslaggitas
2559 4422 2858 4484 Operatiouis
2893 4422 3110 4472 tuil'acta.
3152 4418 3332 4473 Demos
3376 4426 3489 4475 Fer.
3518 4420 3731 4482 Iun-acta

2126 4491 2190 4533 Sil.
2221 4491 2356 4534 γοεδ.
2380 4491 2431 4533 5.

2552 4546 2657 4606 itat,
2681 4546 2812 4596 diem
2842 4544 2965 4595 Bod.
2994 4547 3038 4606 1,
3066 4545 3114 4610 4,.
3140 4547 3170 4596 Ι
3172 4559 3298 4610 ηιρν,

2193 4606 2213 4647 ι
2253 4608 2392 4671 Quod
2414 4606 2611 4671 quidem
2637 4615 2890 4659 metueret
2921 4611 3057 4660 Voss.
3084 4606 3131 4658 1.
3159 4606 3298 4669 Quod
3329 4614 3579 4663 metueret
3608 4616 3727 4669 Ver.

2129 4670 2376 4736 Quidquid
2398 4670 2651 4721 metueret
2676 4671 2797 4721 Ben.

1659 4795 1901 4853 STEPH.
1946 4792 2217 4852 BALUZII
2253 4791 2487 4851 NOTAE.

490 4916 1036 4976 XXIV.——lnsidiose.
1059 4915 1237 4972 Codex
1255 4906 1702 4985 Compendiensis
1739 4912 1897 4967 liabet
1929 4911 2020 4966 do-

418 4991 544 5056 lose,
601 5000 828 5061 quatuor
860 4989 972 5061 Aalii
1018 4988 1213 5055 dolum,
1266 4986 1632 5057 Burgundicus
1681 4985 2014 5056 iniquitatem,

421 5059 699 5117 Eliaianus
718 5059 1062 5114 mendacium.

545 5133 850 5188 tereditatem
879 5129 1040 5184 dedit.
1074 5128 1361 5196 Manutius,
1401 5127 1745 5183 [nereditatem
1785 5126 2017 5183 Christus

416 5203 577 5258 dedit.
599 5203 705 5259 Sed
725 5216 911 5258 vocem
942 5200 1195 5262 Christus.
1232 5215 1352 5271 qua)
1396 5214 1527 5256 sane
1565 5199 1867 5255 necessaria
1910 5212 2015 5271 non

416 5286 516 5341 est,
559 5289 663 5331 non
705 5281 1004 5344 agnoscunt
1031 5271 1154 5328 libri
1178 5268 1407 5339 veieres,
1435 5285 1608 5342 neque
1647 5278 1856 5326 veteres
1895 5268 2014 5324 edi-

418 5347 611 5401 tiones.

488 5414 809 5473 Cohwredes.
841 5412 1136 5470 Fatendum
1161 5423 1245 5469 est
1286 5412 1545 5481 majorem
1575 5421 1814 5468 veterum
1852 5410 2015 5465 libro—

416 5505 535 5544 runt
566 5496 771 5558 partem
810 5485 1010 5561 habere
1041 5486 1353 5561 simpliciter
1382 5484 1603 5539 han-edes
1639 5492 1693 5538 et
1736 5483 2018 5561 lectionem

416 5575 578 5629 quam
628 5575 739 5629 ego
772 5560 980 5613 retineo
1009 5570 1223 5613 enatare
1273 5558 1325 5610 in
1371 5566 1578 5626 septem
1621 5563 1834 5629 t_a_ntttt_t_t_
1871 5560 1925 5607 ct
1965 5558 2019 5605 in

424 5624 1029 5695 vetustis'editionibus,
1087 5630 1224 5682 inter
1267 5642 1398 5698 quas
1432 5624 1589 5698 fpono
1627 5624 2019 5698 Morellianatn.

417 5699 678 5767 Quamvis
726 5714 853 5754 vero
881 5701 1050 5769 major
1099 5694 1337 5769 \‘NCI‘IIllt
1389 5694 1641 5751 librorum
1666 5711 1793 5766 pars
1832 5694 2026 5769 habent

416 5764 668 5839 lucretius,
712 5784 810 5843 ego
852 5764 1009 5826 aliain
1057 5768 1335 5826 lectionem
1369 5769 1613 5839 praefero,
1661 5764 1784 5839 qum
1836 5764 1889 5821 in
1931 5779 2017 5820 ca~

506 5864 526 5890 ἢ

2128 4912 2238 4989 pile
2253 4927 2347 4989 vni
2369 4906 2628 4989 Epistolas
2660 4907 2904 4989 Paulinad
2938 4902 3317 4989 Ratitanos,_ex
3340 4931 3442 4988 qua
3474 4925 3721 4989 sumptus

2124 4992 2206 5038 est
2227 4983 2312 5039 hic
2333 4983 2504 5055 locus,
2525 4982 2751 5055 legitur;
2781 4981 2841 5035 Si
2856 4991 3023 5035 autem
3044 4984 3147 5055 ﬁlii
3163 4994 3208 5038 el
3228 4981 3472 5055 hazredes,
3494 4981 3720 5046 Itwredes

2121 5056 2326 5117 quidem
2358 5052 2473 5116 Dei,
2502 5051 2789 5105 cohaeredes
2837 5062 3006 5107 autem
3044 5053 3253 5112 Christi.
3302 5059 3394 5115 Sic
3436 5051 3593 5115 etiam
3636 5077 3722 5118 re-

2123 5126 2295 5197 fertur
2320 5123 2406 5197 ltic
2435 5124 2582 5197 locus
2604 5121 2935 5197 _Ep_ist._t.vt,_
2963 5139 3082 5197 pag.
3109 5124 3200 5193 90,
3245 5137 3300 5184 ct
3333 5130 3486 5197 epist.
3522 5147 3715 5197 LXXXI,

2121 5210 2241 5264 pag.
2274 5193 2401 5264 162i,
2433 5202 2485 5247 ct
2512 5195 2562 5247 in
2603 5191 2839 5264 Epistula
2871 5193 2937 5264 ad
2968 5191 3319 5252 Fortunatam
3354 5191 3417 5255 de
3454 5191 3719 5258 Exhorta;

2117 5259 2520 5345 lioée‘y'at'lyrii,
2540 5259 2662 5345 cap.
2683 5279 2741 5329 tt,
2758 5259 2828 5345 et
2846 5260 2936 5320 lib.
2954 5281 3008 5320 ιιι
3034 5264 3473 5345 ῇεδιὶηιρηίογαηι,
3492 5287 3609 5345 eap.
3630 5273 3721 5341 16,

2191 5332 2770 5459 XXV.—¥Qutv{ttet’at.
2792 5332 3054 5392 Revocavi
3071 5338 3207 5393 lianc
3233 5332 3577 5412 lectionemft
3602 5332 3725 5402 uani

2202 5420 2391 5459 omnes
2424 5407 2534 5459 fere
2596 5405 2697 5459 ibti
2740 5416 2948 5459 veteres
2999 5415 3053 5459 et
3099 5409 3362 5459 editiones
3413 5362 3713 5459 Pampiimm

2120 5414 2175 5461 et
2202 5420 2391 5461 omnes
2424 5407 2534 5461 fere
2576 5405 2697 5459 libri
2740 5416 2948 5461 veteres
2999 5415 3053 5462 et
3099 5409 3362 5467 editiones
3413 5405 3718 5472 Panieliana

2122 5478 2451 5548 antiquiores
2492 5476 2708 5548 habent.
2758 5475 3049 5548 l’ntnelius
3078 5481 3251 5547 posuit
3295 5484 3394 5548 fuit
3449 5500 3527 5541 ex.
3563 5484 3715 5542 codi-

2124 5563 2187 5604 ce
2215 5546 2314 5602 nis.
2344 5554 2399 5601 et
2432 5549 2552 5615 quia
2585 5548 2653 5600 ita
2684 5546 2887 5616 legebat
2920 5546 2970 5601 in
3000 5547 3138 5603 libro
3181 5551 3242 5604 de
3274 5546 3515 5610 Oratione
3542 5556 3724 5613 Domi‘

2128 5621 2259 5690 nica.
2294 5617 2365 5673 Λι
2391 5634 2487 5687 rgo
2512 5619 2792 5690 lectionem
2821 5618 2962 5690 illim
2993 5632 3095 5673 non
3123 5626 3293 5690 reperi
3324 5627 3424 5680 ttisi
3452 5625 3503 5682 in
3536 5629 3722 5684 codice

2116 5689 2380 5772 ⁴ρειηυρδί
2412 5688 2862 5772 gauctrnion‘ysii.
2886 5689 3074 5772 llo-310a
3097 5688 3412 5772 videbimus,
3440 5700 3722 5772 pag1556,

2132 5759 2422 5818 Patneliuut
2455 5760 2696 5833 posuisse
2717 5761 2811 5834 fuit
2833 5760 2885 5817 in
2916 5762 3048 5818 libro
3074 5762 3136 5818 de
3160 5759 3410 5826 Oratione
3430 5759 3723 5839 ὓνῖηὶηὶςαξ
