4302 6296
590 197 700 256 519

1992 196 2150 259 DIVI.
2173 195 2493 254 CYPBIANI

3793 198 3903 258 520
3916 236 3919 243 η

590 322 775 371 autem
805 312 1143 379 crederet,et
1165 315 1378 368 caveret
1405 330 1417 367 :
1445 311 1489 367 si
1513 319 1745 377 caveret,
1778 310 2048 368 evaderet.
2090 311 2199 366 Ex-
2226 315 2275 374 Α
2305 313 2590 384 implicitos
2644 309 3030 382 apprehendat.
3086 310 3291 367 Luceat
3334 310 3386 365 in
3436 310 3595 366 bonis
3644 313 3900 382 operibus

591 407 821 462 citemus
845 421 941 462 nos
966 413 1222 476 quantum
1249 419 1556 477 possumus,
1601 403 1931 459 dilectiSsimi
1957 404 2147 459 fratres
2172 447 2188 472 ,

594 507 679 563 et,
709 512 898 553 somno
923 497 1128 553 inertiae
1169 498 1368 552 veteris
1392 497 1641 566 abrupto,
1670 496 1736 551 ad
1767 495 2097 553 observanda
2138 504 2194 552 et

593 589 831 663 gerenda
855 589 1062 646 Domini
1085 600 1353 662 praecepta
1380 592 1684 663 vigilemus.
1708 591 1887 647 Simus
1911 591 2041 646 tales
2058 605 2192 662 qua-

590 684 671 742 les
696 686 816 740 esse
843 700 941 741 nos
977 685 1091 755 ipse
1138 685 1393 757 praecepit
1435 685 1654 741 dicens:
1681 684 1799 740 Sint
1855 684 2012 739 lumbi
2042 684 2192 739 vestri

494 827 501 832 .
587 778 799 834 accincti
827 788 875 833 et
896 778 1117 835 lucernte
1145 779 1379 834 ardentes
1399 780 1451 833 in
1490 778 1721 834 manibus
1748 778 1959 837 vestris;
2006 786 2052 831 et
2106 793 2192 831 vos

588 870 780 927 similes
807 870 1095 926 hominibus
1120 871 1499 942 expectantibus
1520 872 1783 925 dominum
1815 886 1962 923 suunt
1990 868 2193 939 quando

585 967 751 1019 veniat
775 981 807 1018 a
848 965 1062 1036 nuptiis,
1110 975 1165 1019 ut
1206 982 1318 1019 cum
1345 965 1537 1019 venerit
1567 973 1613 1018 et
1658 961 1931 1031 pulsaverit
1963 963 2196 1031 aperiant

587 1057 654 1116 ei.
679 1056 823 1112 Beati
852 1058 979 1112 servi
999 1074 1123 1128 quos
1144 1052 1415 1111 adveniens
1435 1055 1685 1110 Dominus
1705 1054 1951 1109 invenerit
1972 1051 2193 1123 vigilan-

585 1156 662 1205 tes
713 1146 863 1220 (Luc.
908 1164 1013 1216 xu,
1066 1147 1284 1219 55-57).
1318 1146 1600 1203 Accinctus
1649 1158 1748 1199 nos
1794 1158 1913 1199 esse
1958 1151 2189 1213 oportet,

585 1254 678 1310 ne,
705 1254 830 1296 cum
863 1236 1218 1311 expeditionis
1250 1238 1366 1295 dies
1397 1246 1423 1276 α
1451 1236 1679 1303 venerit,
1706 1234 1992 1306 impeditos
2020 1248 2118 1288 nos
2140 1241 2195 1289 et
2230 1258 2241 1265 -

2295 415 2539 459 nostrum
2570 404 2747 459 lumen
2795 413 2850 458 et
2895 402 3113 472 fulgeat,
3154 412 3213 458 ut
3260 402 3433 472 ipsum
3464 418 3563 457 nos
3610 404 3677 457 ad
3724 403 3897 459 lucem

2297 496 2557 552 claritatis
2586 506 2801 552 acterna:
2829 494 2896 550 de
2918 493 3017 563 hac
3044 494 3228 549 saeculi
3264 502 3418 549 nocte
3459 493 3741 564 perducat.
3792 489 3900 551 Ex-

2298 601 2573 661 pectemus
2599 588 2813 644 solliciti
2860 602 3074 658 semper
3100 598 3154 643 et
3179 587 3318 641 eauti
3350 585 3640 641 adventum
3689 587 3902 643 Domini

2295 681 2657 750 repentinum,
2691 687 2769 743 ut,
2801 677 3015 749 quando
3045 679 3132 733 ille
3161 677 3472 749 pulsaverit,
3503 676 3722 747 evigilat
3765 676 3899 734 fides

2298 782 2503 838 nostra,
2535 771 2823 842 vigilantia:
2873 771 3151 840 prmmium
3205 769 3274 825 de
3321 769 3549 823 Domino
3594 774 3896 839 receptura.

2299 866 2357 921 Si
2387 868 2499 921 haec
2532 865 2779 919 mandata
2828 874 3134 932 serventur,
3186 864 3229 919 si
3260 863 3376 918 hanc
3419 863 3622 917 monita
3670 872 3725 919 ct
3759 879 3899 933 prato

2298 970 2451 1029 cepta
2477 967 2782 1024 teneantur,
2811 957 3041 1028 opprimi
3062 956 3393 1012 dormientes
3420 956 3637 1011 diabolo
3680 955 3900 1015 fallente

2299 1042 2404 1107 non
2463 1066 2773 1123 possumus,
2804 1051 2945 1106 servi
2996 1049 3182 1121 vigiles
3212 1049 3429 1106 Christo
3467 1049 3781 1106 dominante
3806 1065 3894 1108 re-

2294 1145 2579 1216 gnabituus
2606 1142 2656 1197 ι’.

1818 1350 2200 1410 LECTIONES
2234 1347 2655 1407 VARIANTES.

650 1474 680 1506 ⁸
708 1471 1005 1526 Proditionis
1024 1474 1133 1524 dies
1153 1449 1293 1522 Pent.
1321 1470 1455 1536 Imp.

2350 1460 2380 1500 ιι
2413 1462 2765 1526 Regnabimus.
2791 1460 2948 1512 Amen
2978 1463 3117 1512 Voss.
3140 1461 3189 1511 3.

1821 1569 2041 1626 STEPH
2050 1609 2063 1624 .
2106 1567 2381 1625 BALUZII
2418 1566 2649 1623 NOTAE.

655 1690 1236 1759 XX\’l.-—Impeditos
1273 1700 1319 1745 et
1356 1689 1647 1760 implicitos.
1675 1688 1940 1745 Pamelius
1971 1687 2185 1759 scripsit
2212 1688 2260 1753 B
2289 1703 2396 1742 non
2438 1695 2734 1756 agnoscunt
2782 1684 2967 1760 reliqui
3016 1701 3188 1760 neque
3241 1695 3452 1760 veteres
3498 1686 3778 1744 editiones.
3824 1689 3890 1745 Et

586 1765 852 1836 impeditos
878 1779 971 1836 nos
1010 1772 1056 1817 et
1095 1762 1390 1836 implicitos.
1417 1762 2057 1836 Quam_sane_lectioncm
2093 1775 2178 1815 re-

586 1831 701 1909 peri
726 1835 780 1891 in
825 1834 993 1891 tribus
1031 1834 1264 1905 antiquis
1292 1831 1711 1903 exemplaribus.
1740 1831 1845 1888 Sed
1872 1846 2059 1888 vocem
2087 1846 2178 1886 nos

589 1996 741 2019 ’.ι-..-

2282 1760 2485 1885 sliloqui
2503 1772 2691 1814 sensus
2711 1765 2794 1814 est
2820 1758 3027 1828 integer
3051 1757 3253 1828 absque
3282 1757 3376 1815 illo
3398 1760 3678 1816 vocabulo.
3712 1760 3894 1833 Itaque

2320 1846 2348 1885 e
2376 1846 2479 1885 cvi.

2320 1846 2479 1887 CICVI.

3433 1991 3478 2003 ,δ
3514 1991 3870 2008 ου*

2067 2106 2403 2182 LIBER
2446 2110 2457 2121 ’

1041 2300 1288 2431 DE
1376 2293 2338 2435 ORATIONE
2445 2293 3432 2476 DOMINICA.

2154 2556 2629 2613 m____.

590 2748 987 2806 Anconem“.
1033 2770 1102 2783 ——
1145 2739 1269 2795 Tres
1323 2737 1674 2810 complectitur
1725 2738 1894 2805 partes
1946 2741 2189 2788 tractatus

649 2840 712 2896 S.
757 2837 1004 2910 Cypriani
1056 2837 1121 2890 de
1164 2833 1409 2889 Oratione
1452 2830 1739 2896 Dominica,
1769 2829 1822 2883 in
1866 2845 1964 2898 quo
2004 2828 2188 2882 librant
2231 2867 2237 2875 .

656 2929 963 2986 Tertulliani
997 2927 1061 2983 de
1090 2926 1334 2982 Oratione
1357 2925 1609 2979 imitatur.
1655 2922 1723 2977 In
1770 2922 1938 2993 priore
1972 2920 2189 2976 ostendit

2290 2734 2437 2827 aliud
2456 2746 2582 2793 sunt
2609 2755 2769 2811 quam
2801 2744 3106 2828 magisteria
3153 2747 3355 2820 divina,
3386 2751 3723 2813 fundamenta
3759 2762 3892 2817 mdi-

2292 2828 2518 2886 licandm
2547 2834 2660 2903 spei
2700 2845 2745 2901 ο,
2777 2835 3112 2896 ﬁrmamenta
3139 2843 3555 2903 corroborandae
3585 2850 3729 2917 lidci,
3786 2870 3888 2909 nu-

2294 2923 2541 2979 trimenta
2591 2925 2807 2985 fovendi
2854 2933 3055 2998 cordis,
3088 2934 3446 3005 gubernacula
3485 2940 3745 3013 dirigendi
3799 2948 3887 3002 iti-

659 3021 953 3077 Orationent
977 3018 1300 3074 Dominicam
1321 3032 1427 3071 esse
1441 3014 1668 3069 omnium
1680 3012 2173 3075 excellentissimam,
2202 3012 2247 3076 C
2282 3018 2443 3084 neris,
2471 3019 2718 3088 prmsidia
2747 3020 3050 3079 obtinendre
3075 3028 3299 3093 salutis;
3328 3045 3468 3100 qua),
3516 3012 3640 3090 dum
3680 3037 3886 3097 dociles

654 3131 849 3171 summe
863 3112 1180 3185 spiritualem
1197 3120 1243 3165 et
1270 3110 1339 3164 ad
1364 3107 1735 3179 impetrandum
1763 3105 2177 3177 efﬁcacissimam.

656 3208 723 3263 In
742 3209 905 3262 altera
932 3222 1047 3260 vero
1065 3216 1212 3276 parte
1233 3202 1515 3258 Dominicaz
1549 3200 1807 3255 Orationis
1832 3198 2182 3269 complectitur

657 3299 1066 3370 explicationem,
1119 3305 1409 3366 septemque
1465 3296 1576 3363 ejus
1639 3301 1810 3361 partes
1867 3290 2177 3362 prcecipuas,

657 3389 959 3448 Tertulliani
991 3387 1213 3460 vestigiis
1249 3386 1524 3451 inhaerens,
1563 3383 1806 3439 decurrit.
1855 3382 2075 3439 Demum
2125 3382 2180 3437 in

655 3484 803 3540 tertia
830 3491 973 3553 parte
997 3479 1260 3536 Orationis
1288 3477 1603 3534 conditiones
1624 3476 1867 3548 expendit
1892 3518 1907 3543 ,
1936 3480 2181 3546 docetque

657 3577 951 3633 Orationem
965 3589 1074 3630 esse
1094 3572 1294 3637 debere,
1318 3569 1373 3626 1°
1400 3579 1798 3641 perseverantem
1826 3578 1871 3624 et
1896 3570 2174 3636 assiduam,

651 3669 884 3740 exemplo
954 3664 1144 3722 Christi
1208 3662 1464 3726 Domini;
1516 3660 1576 3714 2°
1629 3661 1918 3732 vigilantem
1964 3676 2024 3736 ac
2074 3670 2178 3716 toto

650 3762 804 3818 corde
839 3757 1071 3826 eﬂ'usam,
1103 3756 1332 3826 exemplo
1378 3752 1653 3808 sacerdotis
1680 3753 1767 3824 qui
1802 3771 1821 3805 ι
1848 3761 1966 3806 ante
1988 3753 2178 3808 oratio—

575 3859 584 3889 ⁵
650 3871 764 3909 nem
793 3852 1091 3924 prwfatione
1136 3849 1401 3920 prtcmissa
1427 3856 1576 3919 parat
1617 3848 1835 3918 fratrum
1867 3855 2056 3902 mentes
2090 3846 2175 3906 di-

573 3966 583 3987 ·
650 3945 811 4001 cendo
842 3961 861 3999 :
901 3944 1124 4000 Sursum
1171 3941 1354 4006 corda,
1393 3949 1439 3993 et
1467 3939 1737 4010 respondet
1777 3937 1918 4009 plebs
1949 3954 1969 3993 :
2006 3937 2179 3994 Habe-

648 4054 768 4095 mus
791 4037 861 4093 ad
883 4037 1195 4101 Dominum;
1221 4053 1239 4085 ι
1272 4032 1330 4090 5⁰
1348 4032 1490 4087 bonis
1521 4031 1756 4102 operibus
1781 4044 1827 4086 et
1847 4032 2176 4104 eleemosynis

646 4130 1005 4194 consociatam,
1024 4125 1198 4181 Tobiae
1212 4126 1373 4180 instar
1398 4133 1445 4178 et
1465 4122 1687 4178 Cornelii
1704 4139 1724 4189 ;
1743 4122 1802 4176 4°
1822 4124 2053 4176 omnibus
2074 4122 2176 4177 diei

650 4224 789 4279 ltort's
817 4239 878 4279 ac
899 4217 1181 4292 prwsertim
1228 4214 1387 4271 tribus
1422 4214 1485 4268 ab
1524 4212 1755 4268 Ecclesia
1795 4211 2032 4268 Orationi
2055 4214 2172 4268 des-

649 4315 841 4379 tinatis,
866 4314 1013 4369 tertia
1038 4310 1298 4376 nimirum,
1326 4316 1470 4363 sexta
1497 4316 1544 4362 et
1582 4322 1739 4372 nona,
1765 4318 1914 4361 mane
1941 4321 2033 4362 nec
2070 4322 2173 4361 non

645 4419 692 4466 et
721 4423 924 4479 vespere
948 4420 1055 4461 esse
1079 4401 1349 4458 orandum.
1379 4400 1512 4457 Eoo.

570 4548 595 4583 ε
648 4501 693 4558 1.
722 4500 1065 4557 Ενωοειιολ
1084 4502 1368 4567 prmcepta,
1415 4491 1608 4548 fratres
1635 4489 1989 4559 dilectissimi,
2036 4491 2169 4547 nihil

2286 3110 2621 3166 credentium
2649 3125 2856 3170 mentes
2882 3118 2936 3171 in
2987 3120 3143 3175 terris
3191 3120 3481 3189 instruunt,
3529 3125 3594 3180 ad
3646 3129 3887 3187 cmlesﬁa
3988 3194 3995 3199 ,

2286 3215 2448 3271 regna
2478 3201 2797 3272 perducunt.
2826 3205 2990 3261 Multa
3017 3217 3071 3263 et
3094 3208 3189 3279 per
3213 3211 3510 3282 Prophetas
3542 3230 3728 3282 servos
3756 3234 3886 3277 suos

2284 3291 2389 3347 dici
2422 3293 2563 3348 Deus
2596 3294 2760 3349 voluit
2790 3306 2844 3373 et
2871 3298 3077 3363 audiri;
3111 3300 3205 3356 sed
3235 3280 3439 3373 quanto
3478 3280 3679 3377 majora
3710 3313 3739 3346 ά
3764 3328 3886 3382 qua:

2284 3382 2457 3438 Filius
2483 3383 2738 3456 loquitur,
2767 3404 2889 3459 qua:
2916 3390 3008 3446 Dei
3034 3405 3214 3449 sermo
3241 3395 3332 3464 qui
3362 3395 3416 3451 in
3465 3396 3746 3469 Prophetis
3787 3402 3889 3460 fuit

2285 3477 2499 3547 propria
2524 3493 2659 3535 voce
2698 3488 2944 3547 testatur,
2979 3499 3087 3539 non
3132 3485 3243 3556 jam
3272 3489 3533 3547 mandans
3560 3501 3620 3548 ut
3670 3506 3885 3565 paretur

2284 3569 2525 3625 venienti
2548 3571 2658 3639 via,
2675 3572 2770 3629 sed
2797 3573 2912 3644 ipse
2934 3575 3175 3644 veniens,
3205 3587 3260 3634 et
3283 3582 3428 3636 viam
3456 3584 3611 3640 nobis
3634 3587 3884 3656 aperiens

2282 3668 2337 3716 et
2364 3660 2692 3730 ostendens;
2721 3673 2778 3719 ut
2803 3665 2916 3735 qui,
2938 3666 2995 3721 in
3015 3667 3250 3725 tenebris
3282 3673 3473 3729 mortis
3492 3684 3755 3744 errantes,
3785 3679 3887 3733 im-

2282 3752 2492 3822 providi
2522 3763 2575 3810 et
2614 3755 2743 3811 caeci
2782 3757 2931 3827 prius
2978 3757 3197 3827 fuimus,
3247 3761 3368 3819 luce
3391 3765 3576 3835 gratiae
3611 3766 3880 3840 luminati,

2281 3843 2385 3900 iter
2405 3846 2529 3903 vitae
2556 3847 2694 3905 duce
2720 3857 2776 3905 et
2801 3859 3013 3906 rectore
3036 3860 3061 3888 ε
3084 3853 3313 3909 Domino
3337 3863 3663 3915 teneremus.

2353 3936 2416 3991 ll.
2443 3937 2543 4005 Qui
2573 3940 2714 3995 inter
2742 3951 2939 3997 cmtera
2967 3941 3221 3999 salutaria
3263 3959 3359 4001 sua
3403 3950 3601 4005 monita
3633 3959 3689 4007 et
3745 3968 3883 4024 pra:-

2280 4038 2433 4103 cepta
2459 4031 2641 4088 divina
2670 4034 2867 4105 quibus
2897 4024 3094 4107 populo
3120 4051 3219 4093 suo
3242 4040 3473 4097 consulit
3517 4043 3585 4099 ad
3625 4045 3891 4121 salutem,

2279 4125 2442 4179 etiam
2468 4125 2655 4181 orandi
2679 4127 2793 4198 ipse
2819 4125 3047 4183 formam
3074 4128 3241 4197 dedit,
3286 4130 3403 4202 ipse
3444 4135 3571 4206 quid
3621 4154 3875 4209 precare-

2278 4232 2399 4272 mur
2424 4217 2634 4273 monuit
2657 4229 2711 4274 et
2758 4219 3034 4277 instruxit.
3081 4221 3182 4290 Qui
3225 4221 3351 4279 fecit
3375 4224 3579 4295 vivere,
3603 4229 3786 4288 docuit
3823 4243 3881 4291 et

2276 4322 2455 4377 orare,
2487 4308 2813 4381 benignitate
2834 4326 2895 4366 ea
2929 4312 3137 4369 scilicet
3160 4329 3264 4385 qua
3313 4325 3369 4371 et
3410 4326 3609 4376 cmtera
3656 4322 3786 4381 dare
3822 4335 3879 4382 et
3972 4310 3981 4313 ’

2193 4410 2249 4470 D
2275 4401 2519 4457 conferre
2529 4401 2775 4472 dignatus
2789 4412 2905 4469 est;
2929 4413 3006 4473 ut,
3026 4406 3152 4462 dum
3174 4422 3330 4478 prece
3347 4413 3657 4471 ctoratione
3677 4414 3696 4454 τ
3718 4433 3876 4488 quam

2278 4493 2445 4550 Filius
2471 4493 2651 4552 docuit
2693 4497 2836 4568 apud
2866 4498 3083 4557 Patrem
3130 4500 3420 4574 loquimur,
3446 4507 3652 4567 facilius
3687 4513 3880 4570 audia-

1829 4606 2123 4663 LECTION
2130 4605 2213 4663 ES
2248 4606 2665 4666 VARIANTES.

638 4741 662 4771 ο
698 4734 1036 4789 Fundamenta
1072 4726 1443 4781 corroborandte
1464 4724 1648 4789 itidei',“
1681 4725 1985 4789 nutrimenta
2022 4722 2174 4773 cediti-

570 4787 738 4856 candae
760 4787 892 4857 spei,
920 4795 1278 4857 ﬁrmamentum
1302 4788 1499 4841 fovendi
1521 4787 1681 4839 cordis
1706 4789 1845 4839 Voss.
1868 4787 1918 4835 3.

641 4863 671 4904 (ι
703 4855 907 4913 Meliora
936 4855 1070 4908 Voss.
1102 4855 1154 4905 2.
1181 4856 1324 4905 Pent.

642 5095 713 5128 ιιι
758 5089 847 5149 ns
875 5083 1224 5145 omnem
1273 5077 1622 5137 nonnum.
1654 5108 1723 5119 -
1757 5076 1989 5149 Sanctus
2014 5075 2165 5149 Hila-

573 5166 686 5223 rius
708 5147 990 5235 episeOpus
1012 5152 1380 5235 P_ictavien_s_is,
1525 5148 1908 5235 Commentarii
1930 5148 1989 5231 in
2022 5147 2164 5235 Mat-

572 5219 781 5302 inani,
811 5219 1152 5302 sic'loquitur
1180 5224 1248 5281 de
1276 5222 1413 5283 libro
1442 5225 1545 5278 isto
1575 5238 1588 5275 :
1619 5219 1697 5302 De
1724 5220 1969 5302 orationis
1995 5229 2165 5302 mitem

568 5287 885 5366 sacramento
943 5287 1233 5357 necessitate
1285 5310 1380 5366 nos
1441 5290 1809 5366 commentandi
1874 5287 2165 5366 Cyprianus

567 5360 761 5436 sancite
772 5360 1043 5442 nitentorite
1063 5367 1313 5442 liberabit.
1332 5364 1560 5442 Sanctus
1575 5362 1903 5442 Augustinus
1929 5361 2000 5442 in.
2013 5360 2165 5442 Epis-

574 5432 681 5508 ibi;
702 5432 1148 5504 ad'Yaleriauum
1180 5457 1194 5499 :
1227 5437 1471 5508 Legimus
1498 5436 1568 5490 eis
1595 5432 1954 5508 etiam‘librum
1982 5432 2166 5486 beatis-

566 5503 687 5580 simi
707 5503 947 5591 martyris
976 5512 1224 5591 Cypriani
1253 5503 1323 5591 de
1342 5507 1588 5591 Oratione
1607 5503 1897 5591 Dominica,
1930 5512 1977 5591 et
1997 5513 2163 5591 esten-7

564 5575 740 5651 dimns
779 5575 1213 5662 quemadmodum
1251 5580 1479 5662 docuerit
1506 5576 1700 5660 omnia
1739 5590 1854 5662 ηας
1883 5575 1960 5662 ad
1991 5589 2165 5662 mores

558 5644 765 5733 nostros
786 5644 1066 5733 pertinent,
1106 5653 1284 5726 quibus
1311 5658 1445 5733 recte
1469 5648 1698 5733 vt'vimuf,
1731 5644 1763 5700 ἁ
1792 5644 1955 5733 Patre
1983 5654 2163 5733 nostra

548 5716 650 5815 iiii
674 5716 727 5788 in
750 5716 894 5787 co'elis
928 5737 1005 5787 est
1043 5716 1388 5799 exposcenda,
1422 5734 1483 5775 ne
1521 5718 1584 5775 de
1610 5716 1766 5775 libero
1809 5723 2173 5789 praesumentes

2346 4722 2623 4793 alteri/ite
2644 4723 2770 4793 duce
2790 4720 3034 4793 LittLNC.
3059 4725 3107 4776 2.
3133 4726 3260 4779 Bod.
3292 4728 3335 4793 l,
3359 4728 3407 4791 2,
3439 4732 3488 4782 4.

2348 4781 2369 4821 ἲ
2388 4784 2694 4837 Orationem
2725 4788 2863 4838 Voss.
2886 4788 2936 4836 5.

1815 4954 2057 5013 STEPH.
2097 4955 2374 5015 BALUZII
2410 4956 2663 5015 ΝΟΤιΕ..

2269 5078 2557 5160 arbitr-iano
2599 5077 2782 5160 divina
2815 5077 2984 5150 gratia
3031 5078 3371 5160 decidantus._
3400 5079 3657 5160 Ejusde_m
3708 5101 3871 5160 argu-

2269 5151 2437 5221 menti
2466 5149 2667 5221 librum
2696 5146 2959 5204 habémus
2983 5150 3123 5221 apud
3151 5146 3559 5210 Tertullianiun.
3594 5155 3652 5210 In
3684 5146 3872 5215 σοιῖοὶ-

2267 5219 2339 5275 lio
2366 5218 2701 5300 Gerundensi
2740 5218 3132 5300 statutumﬂ‘est
3158 5224 3500 5300 ttt.0mnil_)us
3530 5225 3721 5300 diebus
3751 5239 3873 5300 post

2270 5292 2557 5367 matutinas
2601 5298 2656 5346 et
2695 5291 3168 5367 vesperas__(_)ratio
3215 5293 3491 5367 Dominica
3537 5291 3867 5367 proferatur.

2268 5359 2338 5416 Et
2360 5371 2535 5417 tamen
2565 5370 2747 5430 postea
2772 5359 3011 5417 nonnulli
3041 5362 3371 5431 sacerdotes,
3396 5375 3455 5421 ut
3475 5359 3752 5426 incautum
3777 5372 3870 5427 de-

2269 5432 2920 5514 gimdconciliin'l‘olelani
2947 5433 3123 5504 quarti
3152 5434 3364 5514 legitur,
3395 5438 3593 5514 inventi
3618 5452 3744 5496 sunt
3774 5442 3867 5514 qui

2269 5502 3359 5576 DominicamVOrationemportuquotidie
3406 5509 3504 5564 sed
3535 5509 3623 5566 die
3655 5502 3860 5569 tantum

2268 5575 2535 5630 dominica
2582 5574 2841 5631 dicerent.
2890 5574 3024 5631 Vide
3048 5574 3250 5633 Wéseli
3296 5576 3588 5637 Ganslortii
3634 5582 3869 5640 Gronin-
3952 5581 3962 5592 ”

2266 5645 2449 5718 scrisis
2488 5645 2796 5703 Tractatum
2833 5646 2898 5702 de
2937 5645 3201 5703 Oratione.
