4302 6296
459 269 564 327 521

1564 265 1769 325 LIBER
1797 263 1888 323 DE
1927 261 2274 323 ORATlONE
2313 263 2655 323 DOMINICA.

3659 266 3768 325 5‘22

463 402 606 443 mur.
647 384 766 441 Jam
823 383 1147 461 praedixerat
1198 385 1388 465 horam
1434 386 1619 442 venire
1672 383 1886 457 quando
1937 382 2053 439 veri
2080 383 2134 444 A
2158 390 2206 437 et
2229 399 2332 438 non
2361 381 2500 438 Deus
2525 383 2588 437 de
2612 381 2912 453 longinquo.
2945 378 3008 436 Si
3035 379 3360 436 absconditus
3403 380 3557 452 fuerit
3609 382 3761 437 homo

462 479 779 535 adoratores
806 478 1093 535 adorarent
1130 478 1342 535 Patrem
1390 480 1442 534 in
1511 478 1703 549 spiritu
1741 487 1794 533 et
1835 475 2059 533 veritate

463 571 649 644 (Joan.
680 586 751 639 tv,
777 568 895 641 25),
922 579 979 626 et
1003 570 1246 641 implevit
1263 569 1404 642 quod
1423 578 1547 626 ante
1585 569 1863 640 promisit;
1887 578 1944 624 ut
1966 568 2060 639 qui

466 664 714 735 Spiritum
734 704 739 707 .
762 672 817 717 et
857 662 1137 717 veritatem
1166 662 1236 718 de
1277 663 1395 732 ejus
1417 661 1843 718 sanctiﬁcatione
1871 670 1897 698 τι
1927 675 2057 732 per-

461 755 725 826 cepimus,
751 753 817 809 de
856 751 1140 811 traditione
1169 769 1382 825 quoque
1408 754 1525 824 ejus
1545 768 1674 809 vere
1714 762 1771 809 et
1799 753 2056 823 spiritali-

462 856 544 903 ter
566 846 872 903 adoremus.
901 845 1034 914 Quae
1076 846 1218 901 enim
1245 855 1423 917 potest
1448 860 1571 902 esse
1603 844 1773 916 magis
1803 844 2058 915 spiritalis

460 939 635 997 oratio
662 954 820 1011 qnam
846 954 965 1009 quae
984 954 1016 994 a
1041 940 1255 996 Christo
1275 940 1432 997 nobis
1464 940 1584 996 data
1605 948 1704 1005 est,
1733 954 1883 1010 aquo
1906 939 2058 996 nobis

458 1042 515 1089 et
541 1032 772 1104 Spiritus
795 1040 1015 1086 sanctus
1043 1031 1238 1087 missus
1258 1033 1374 1088 est?
1397 1032 1527 1100 Quae
1559 1047 1688 1087 vera
1715 1032 1884 1102 magis
1914 1029 2057 1100 apud

461 1123 677 1180 Patrem
704 1125 942 1195 precatio
964 1137 1124 1194 quam
1153 1139 1274 1194 quae
1324 1139 1357 1179 a
1400 1124 1557 1189 Filio,
1585 1124 1674 1194 qui
1702 1132 1785 1179 est
1820 1123 2053 1190 Veritas,

457 1214 526 1271 de
554 1215 672 1287 ejus
687 1229 784 1270 ore
819 1213 1027 1285 prolata
1052 1216 1173 1270 est?
1204 1224 1262 1270 ut
1287 1214 1444 1271 aliter
1471 1229 1627 1270 orare
1671 1229 1832 1285 quam
1876 1215 2057 1271 docuit

454 1323 560 1365 non
613 1307 907 1380 ignorantia
960 1308 1076 1365 sola
1104 1307 1191 1375 sit,
1236 1308 1332 1364 sed
1373 1315 1429 1364 et
1474 1308 1652 1379 culpa,
1679 1307 1894 1379 quando
1940 1308 2057 1380 ipse

454 1400 698 1472 posuerit
725 1408 781 1456 et
813 1398 1010 1456 dixerit
1042 1417 1056 1454 :
1101 1399 1334 1471 Rejicitis
1366 1401 1664 1455 mandatum
1692 1398 1805 1466 Dei,
1840 1409 1897 1454 ut
1921 1408 2053 1454 tra-

455 1495 698 1550 ditionem
725 1503 943 1549 vestram
968 1494 1203 1548 statuatis
1230 1492 1250 1567 (
1274 1492 1441 1548 Marc.
1473 1509 1563 1561 vn,
1591 1492 1669 1564 8).

523 1587 612 1644 IlI.
635 1588 865 1643 Oremus
890 1587 1092 1658 itaque,
1122 1586 1320 1643 fratres
1354 1584 1712 1653 dilectissimi,
1768 1586 1910 1642 sicut
1939 1600 2053 1641 ma-

446 1681 615 1752 gister
640 1680 783 1736 Deus
810 1678 839 1717 1’
866 1678 1069 1735 docuit.
1109 1678 1297 1734 Amica
1323 1686 1379 1734 et
1418 1676 1700 1734 familiaris
1748 1677 1923 1734 oratio
1969 1684 2054 1733 est

2161 475 2215 527 in
2244 475 2576 539 absconditis,
2600 490 2691 545 ego
2715 489 2834 544 ergo
2862 488 2965 528 non
2989 471 3163 527 videbo
3187 478 3301 528 eum
3321 473 3347 526 ?
3368 469 3555 526 Nonne
3579 471 3764 526 calum

2161 575 2208 620 et
2234 574 2419 642 terram
2447 582 2537 637 ego
2564 565 2747 635 impleo
2774 560 2801 600 ἀ
2829 564 3079 636 (Hierem.
3105 579 3256 632 χχιιι,
3281 563 3374 631 25,
3397 562 3528 635 24)?
3565 563 3637 620 Et
3667 564 3765 619 itc-

2161 672 2319 711 rum:
2348 656 2417 710 In
2466 657 2604 710 omni
2655 657 2765 711 loco
2818 657 2954 710 oculi
2996 656 3089 711 Dei
3136 656 3464 727 speculantur
3505 655 3661 710 bonos
3716 664 3765 710 et

2162 745 2536 819 malos(Prov.
2574 762 2661 815 xv,
2712 745 2805 818 5).
2859 747 2926 801 Ει
2967 746 3182 817 quando
3213 746 3266 801 in
3295 760 3458 802 unum
3487 760 3608 801 cum
3658 745 3765 801 l‘ra-

2162 840 2329 896 tribus
2358 840 2741 907 convenimus,
2765 849 2820 897 et
2848 840 3117 897 sacriﬁcia,
3135 839 3315 896 divina
3357 855 3479 895 cum
3528 840 3623 895 Dei
3678 856 3766 895 sa-

2160 931 2381 986 cerdote
2409 931 2765 999 celebramus,
2817 930 3158 988 verecundia:
3207 939 3262 988 et
3305 931 3600 1002 disciplinae
3648 946 3763 987 me-

2160 1042 2342 1083 mores
2375 1043 2495 1083 esse
2523 1028 2803 1095 debemus,
2859 1045 2966 1083 non
3015 1028 3213 1099 passim
3272 1029 3531 1084 ventilare
3574 1044 3762 1098 preces

2161 1128 2374 1174 nostras
2403 1120 2689 1175 inconditis
2713 1120 2955 1187 vocibus,
2989 1135 3091 1176 nec
3140 1120 3450 1190 petitionem
3480 1135 3760 1177 commen-

2159 1208 2389 1289 dandam
2414 1210 2659 1267 modeste
2677 1211 2791 1266 Deo
2815 1211 3142 1275 tumultuosa
3171 1210 3495 1281 loquacitate
3534 1212 3760 1282 jactare,

2158 1304 2281 1372 quia
2306 1302 2455 1383 Deus
2486 1318 2594 1359 non
2619 1305 2769 1360 vocis
2798 1305 2893 1361 sed
2924 1304 3104 1361 cordis
3130 1305 3344 1361 auditor
3365 1314 3466 1362 est.
3499 1304 3611 1362 Nec
3662 1306 3760 1362 ad-

2159 1392 2463 1449 monendus
2488 1404 2572 1450 est
2609 1395 2936 1452 clamoribus
2965 1396 3056 1468 qui
3083 1396 3437 1468 cogitationes
3481 1397 3763 1454 hominum

2156 1485 2322 1554 videt,
2366 1488 2632 1558 probante
2680 1491 2909 1545 Domino
2959 1500 3014 1547 et
3059 1491 3315 1548 dicente:
3349 1492 3486 1560 Quid
3529 1492 3763 1563 cogitatis

2157 1592 2372 1649 nequam
2390 1580 2445 1634 in
2473 1581 2710 1636 cordibus
2735 1583 2911 1637 vestris
2939 1580 3095 1653 (Luc.
3123 1599 3176 1651 ν,
3202 1582 3294 1655 22)
3317 1584 3340 1638 ?
3365 1584 3432 1638 Et
3471 1584 3575 1640 alio
3602 1585 3758 1641 loco:

2157 1669 2227 1725 Et
2244 1673 2401 1725 scient
2441 1688 2613 1728 omnes
2646 1674 2868 1728 ecclesiae
2894 1675 3017 1745 quia
3041 1691 3132 1745 ego
3161 1691 3276 1729 sum
3330 1685 3584 1732 scrutator
3622 1677 3758 1732 renis

448 1774 618 1830 Deum
644 1772 712 1828 de
727 1785 825 1828 suo
849 1785 1064 1842 rogare,
1094 1769 1164 1825 ad
1193 1785 1354 1826 aures
1384 1769 1502 1840 ejus
1529 1769 1821 1826 ascendere
1850 1767 2040 1825 Christi

2118 1774 2125 1824 ι
2156 1771 2203 1817 et
2222 1764 2391 1818 cordis
2412 1763 2596 1835 (Apoc.
2623 1780 2679 1830 ιι,
2708 1754 2826 1835 25).

447 1864 707 1921 oratione.
743 1865 1013 1934 Agnoscat
1035 1861 1194 1917 Pater
1214 1860 1334 1917 Filii
1365 1859 1449 1917 sui
1476 1860 1786 1921 verbacum
1832 1874 2049 1930 precem

442 1951 686 2010 facimus.
711 1953 813 2021 Qui
844 1952 1049 2010 habitat
1074 1952 1218 2009 intus
1269 1953 1324 2007 in
1376 1960 1615 2023 pectore,
1660 1950 1777 2022 ipse
1805 1950 1877 2006 sit
1903 1959 1959 2008 et
1995 1951 2051 2007 in

448 2062 602 2104 voce.
634 2047 701 2102 Et
726 2061 851 2102 cum
877 2046 1053 2115 ipsum
1078 2046 1373 2103 habeamus
1403 2045 1544 2118 apud
1573 2046 1789 2101 Patrem
1815 2032 2051 2101 advoca-

418 2140 554 2194 ‘tum
568 2152 667 2210 pro
685 2137 923 2209 peccatis
947 2139 1149 2194 nostris
1175 2138 1217 2212 (ι
1238 2137 1394 2193 Joan.
1419 2153 1478 2205 ιι,
1508 2136 1831 2209 l),‘quando
1855 2151 2049 2208 pecca-

442 2239 588 2287 tores
633 2245 733 2301 pro
778 2229 991 2287 delictis
1039 2230 1239 2286 nostris
1281 2229 1533 2300 petimus,
1587 2229 1833 2285 advocati
1879 2227 2050 2284 nostri

441 2324 605 2380 verba
634 2337 964 2395 promamus.
994 2322 1152 2390 Nam,
1180 2338 1301 2378 cum
1339 2321 1484 2377 dicat
1514 2319 1635 2392 quia
1672 2321 2050 2392 quodcumque

441 2416 758 2489 petierimus
807 2430 839 2469 a
872 2415 1048 2480 Patre
1102 2414 1157 2469 in
1210 2413 1430 2469 nomine
1483 2413 1601 2489 ejus
1653 2412 1804 2468 dabit
1850 2410 2042 2478 nobis,

441 2488 633 2581 (Joan.
663 2488 772 2572 ivx,
801 2507 917 2579 23),
957 2515 1158 2577 quanto
1206 2505 1481 2562 efﬁcacius
1525 2488 1871 2575 impetramus
1905 2503 2049 2575 quod

444 2599 676 2670 petimus
695 2599 748 2654 in
771 2597 968 2654 Christi
989 2598 1224 2664 nomine,
1246 2599 1292 2653 si
1318 2607 1563 2668 petamus
1579 2596 1743 2669 ipsius
1759 2596 2001 2653 oratione
2024 2598 2049 2652 τ

514 2692 606 2748 IV.
658 2690 741 2748 Sit
788 2699 964 2747 autem
1008 2691 1286 2746 orantibus
1324 2705 1507 2747 sermo
1550 2698 1607 2745 et
1662 2690 1901 2760 precatio
1921 2704 2045 2748 cum

443 2785 748 2858 disciplina,
777 2787 1010 2857 quietem
1032 2786 1317 2841 continens
1337 2793 1391 2841 et
1420 2785 1706 2855 pudorem.
1733 2784 2047 2857 Cogitemus

444 2891 545 2932 nos
566 2876 667 2933 sub
694 2884 984 2945 conspectu
1035 2876 1131 2932 Dei
1167 2883 1329 2931 stare.
1354 2874 1680 2931 Placendum
1729 2883 1813 2932 est
1850 2876 2047 2934 divinis

442 2970 613 3027 oculis
640 2978 695 3026 et
719 2970 903 3025 habitu
931 2970 1171 3039 corporis
1217 2976 1273 3024 et
1312 2967 1475 3024 modo
1509 2980 1531 3007 ο
1561 2970 1731 3024 vocis.
1786 2967 1953 3036 Nam,
1986 2976 2047 3024 ut

444 3060 772 3132 impudentis
793 3068 877 3116 est
895 3060 1221 3116 clamoribus
1249 3067 1517 3129 strepere,
1560 3059 1632 3113 ita
1684 3066 1871 3115 contra
1910 3074 2045 3115 con—

2227 1858 2293 1915 V.
2334 1859 2484 1927 Quod
2509 1860 2684 1928 Anna,
2714 1860 2768 1914 in
2785 1860 2956 1930 primo
2975 1860 3285 1932 Regnorum
3306 1861 3465 1929 libro,
3489 1862 3753 1918 Ecclesiae

2156 1961 2339 2025 typum
2366 1961 2613 2024 portans,
2638 1952 2871 2009 custodit
2890 1962 2944 2009 et
2962 1963 3174 2021 servat;
3204 1970 3325 2025 quae
3348 1955 3631 2011 Dominum
3652 1971 3762 2013 non

2153 2047 2387 2102 clamosa
2417 2046 2728 2117 petitiones,
2756 2045 2852 2102 sed
2882 2046 3041 2102 tacite
3075 2056 3130 2103 et
3159 2047 3403 2104 modeste
3426 2048 3565 2103 intra
3611 2049 3757 2118 ipsas

2114 2148 2122 2154 ‘
2154 2138 2385 2209 pectoris
2414 2137 2649 2194 latebras
2679 2138 3019 2208 precabatur.
3076 2138 3421 2210 Loquebatur
3446 2154 3607 2210 prece
3658 2154 3756 2194 oc-

2151 2230 2316 2297 culta,
2347 2227 2443 2286 sed
2466 2222 2747 2285 manifesta
2773 2228 2878 2284 ﬁde
2905 2245 2920 2295 ;
2974 2229 3312 2299 loquebatur,
3351 2244 3457 2285 non
3484 2244 3635 2294 voce,
3658 2230 3757 2286 sed

2150 2320 2333 2387 corde,
2384 2322 2507 2392 quia
2537 2322 2615 2377 sic
2642 2321 2811 2376 Deum
2840 2320 3046 2377 sciebat
3070 2321 3257 2377 audire
3294 2339 3307 2375 :
3340 2331 3395 2377 et
3443 2322 3754 2392 impetravit

2152 2414 2447 2471 efﬁcaciter
2501 2414 2642 2486 quod
2674 2415 2844 2485 petiit,
2877 2415 3002 2485 quia
3055 2414 3282 2470 ﬁdeliter
3307 2417 3613 2485 postulavit.
3647 2417 3754 2472 De-

2152 2506 2322 2561 clarat
2346 2505 2626 2575 Scriptura
2647 2505 2828 2563 divina
2847 2521 2967 2576 quae
2984 2495 3114 2564 dicit
3138 2524 3153 2560 :
3182 2507 3505 2576 Loquebatur
3524 2509 3577 2562 in
3600 2508 3757 2563 corde

2150 2613 2263 2665 suo,
2299 2606 2345 2652 et
2373 2598 2511 2652 labia
2535 2599 2647 2663 eius
2665 2597 3018 2667 movebantur,
3052 2607 3098 2654 et
3127 2615 3223 2654 voa:
3251 2601 3361 2670 ejus
3382 2616 3485 2654 non
3513 2600 3758 2655 audieba-

2153 2697 2283 2755 tur;
2313 2698 2360 2744 et
2389 2690 2647 2745 exaudivit
2689 2707 2798 2746 eam
2829 2690 2969 2746 Deus
2998 2690 3017 2764 (
3042 2690 3065 2745 Ι
3091 2691 3219 2764 Reg.
3247 2708 3286 2760 ι,
3316 2693 3428 2763 15).
3460 2691 3588 2747 Item
3620 2692 3757 2762 legi-

2151 2794 2272 2835 mus
2298 2780 2351 2834 in
2376 2780 2642 2836 Psalmis:
2675 2779 2845 2835 Dicite
2868 2781 2922 2834 in
2943 2780 3180 2836 cordibus
3205 2783 3326 2836 etin
3351 2785 3524 2837 stratis
3551 2784 3751 2849 vestris,

2153 2881 2199 2927 et
2241 2858 2870 2945 transpungiminitPsal.
2902 2888 2991 2940 tv,
3025 2872 3104 2944 5).
3138 2874 3241 2929 Per
3267 2874 3590 2931 Hieremiam
3621 2892 3758 2946 quo-

2147 2980 2252 3036 que
2277 2964 2394 3021 haec
2414 2965 2601 3021 eadem
2624 2963 2854 3034 Spiritus
2876 2974 3094 3019 sanctus
3114 2963 3352 3034 suggerit
3390 2974 3445 3021 et
3483 2966 3642 3020 docet
3662 2967 3748 3021 di-

2147 3073 2313 3114 cens:
2345 3058 2413 3113 In
2435 3074 2586 3113 sensu
2604 3066 2772 3113 autem
2786 3057 2874 3112 tibi
2893 3055 3294 3112 debet‘adorari
3328 3057 3465 3113 Deus
3497 3056 3756 3130 (Barnch.

442 3153 585 3221 gruit
633 3150 940 3208 verecundo
985 3149 1245 3206 modestis
1286 3151 1532 3222 precibus
1574 3164 1752 3206 orare.
1804 3150 2041 3222 Denique
2067 3153 2112 3216 C
2147 3168 2221 3222 vr,
2247 3153 2332 3223 5).

441 3241 752 3312 magisterio
776 3256 875 3297 suo
902 3240 1163 3297 Dominus
1199 3247 1412 3297 secreto
1435 3254 1593 3296 orare
1618 3254 1717 3296 nos
1762 3241 2039 3311 praecepit,

438 3333 499 3391 in
521 3333 718 3391 abditis
769 3342 826 3389 et
868 3333 1093 3389 semotis
1121 3332 1274 3400 locis,
1304 3333 1360 3388 in
1403 3330 1664 3388 cubiculis
1701 3332 1857 3403 ipsis,
1898 3333 2043 3404 quod

441 3428 612 3497 magis
637 3428 889 3483 convenit
917 3425 1075 3494 ﬁdei;
1119 3433 1179 3481 ut
1207 3425 1445 3482 sciamus
1484 3425 1653 3482 Deum
1678 3424 1877 3497 ubique
1920 3439 2043 3483 esse

442 3526 784 3591 praesentem,
811 3517 999 3574 audire
1044 3531 1233 3573 omnes
1279 3526 1334 3573 et
1380 3516 1582 3584 videre,
1640 3525 1696 3573 et
1742 3516 2042 3588 majestatis

442 3625 558 3668 sua:
584 3610 915 3681 plenitudine
940 3610 995 3665 in
1019 3610 1090 3642 ¹⁰³
1116 3608 1295 3666 abdita
1321 3623 1533 3680 quoque
1552 3619 1606 3665 et
1626 3609 1835 3666 occulta
1876 3624 2044 3681 pene-

443 3712 611 3773 trare,
654 3703 794 3761 sicut
839 3702 1099 3774 scriptum
1137 3709 1267 3759 est:
1300 3700 1415 3773 Ego
1459 3700 1601 3759 Deus
1649 3704 2036 3775 approximans,

2216 3242 2305 3298 Vl.
2346 3242 2593 3301 Adorans
2617 3250 2819 3309 autem,
2869 3241 3061 3298 fratres
3106 3241 3464 3310 dilectissimi,
3492 3258 3593 3302 nec
3618 3244 3750 3303 illud

2146 3336 2358 3409 ignoret
2381 3336 2834 3408 quemadmodum
2863 3336 2916 3392 in
2956 3336 3158 3404 templo
3186 3352 3308 3393 cum
3331 3337 3744 3418 Pharismo'Pu-

2145 3429 2387 3486 blicanus
2411 3427 2667 3496 oraverit,
2690 3443 2799 3483 non
2822 3427 3075 3484 allevatis
3100 3428 3155 3484 in
3174 3429 3370 3486 etelum
3401 3430 3744 3502 impudenter

2143 3521 2334 3588 oculis,
2388 3535 2490 3577 nec
2536 3520 2784 3597 manibus
2827 3519 3123 3576 insolenter
3163 3522 3375 3586 erectis,
3409 3523 3505 3578 sed
3560 3532 3748 3594 pectus

2144 3629 2300 3670 suum
2327 3614 2579 3685 pulsans,
2613 3622 2668 3671 ct
2687 3622 2904 3682 peccata
2959 3613 3104 3668 intus
3133 3614 3338 3669 inclusa
3387 3624 3695 3671 contestans
3726 3658 3746 3684 ,

2143 3702 2768 3761 divinae'misericordite
2814 3702 3136 3773 implorabat
3186 3704 3460 3760 auxilium.
3496 3705 3567 3762 Et
3616 3722 3745 3764 cum

1677 3835 2059 3897 LECTIONES
2093 3835 2506 3913 VARIAN'I‘ES.

506 3977 533 4038 ξι
567 3973 907 4038 Satisfactione
930 3987 1021 4038 pro
1041 3975 1425 4027 sanctiﬁcatione
1448 3977 1604 4028 Oxon.

502 4033 531 4074 ιι
565 4038 801 4101 Magister
822 4033 1058 4101 Dominus
1078 4040 1171 4087 Ar.
1199 4038 1435 4100 Magister
1456 4040 1623 4090 docuit
1642 4038 1771 4091 Bod.
1798 4038 1847 4101 Ξ,
1872 4041 1921 4089 5.

503 4102 527 4130 ο
563 4098 759 4150 Modulo
785 4100 914 4148 vocis
947 4099 1132 4151 Victor.
1170 4098 1308 4151 Voss.
1336 4102 1385 4152 2.

503 4160 533 4201 τι
563 4160 771 4224 Impleo,
794 4160 916 4212 dicit
936 4161 1176 4213 Dominus
1200 4160 1385 4215 Victor.

2214 3982 2237 4039 ξε
2271 3975 2487 4039 Clamosa
2508 3987 2652 4036 voce,
2675 3987 2771 4039 nec
2791 3976 3034 4039 petitione
3067 3976 3212 4029 Ebor.

2106 4082 2111 4083 ,
2162 4101 2167 4102 ί
2211 4037 2232 4102 ἰ
2269 4038 2380 4102 Tibi
2401 4038 2643 4102 debemus
2659 4036 2865 4088 adorare
2889 4036 3055 4102 Paris.
3082 4040 3139 4102 In
3157 4053 3306 4093 sensu
3327 4049 3490 4094 autem
3515 4046 3602 4099 tibi
3627 4061 3742 4102 esse

2143 4101 2294 4152 debet
2319 4100 2534 4152 adoratio
2555 4100 2768 4152 Domini.
2804 4104 2922 4152 Ver.
2949 4100 3009 4154 In
3024 4101 3172 4154 corde
3188 4112 3354 4156 autem
3391 4104 3520 4160 Vict.

1674 4270 1917 4328 STEPH.
1961 4270 2234 4329 BALUZII
2268 4271 2497 4330 NOTAE.

511 4402 579 4461 II.
601 4433 676 4479 -τ-
696 4403 893 4479 _Magis_
930 4407 1194 4478 spiritalis.
1236 4406 1507 4479 Pamelius
1537 4408 1744 4479 monuit
1770 4412 2030 4479 scriptum

2137 4427 2253 4485 eam
2280 4411 2566 4485 lectionem
2588 4409 2863 4485 acciperet
2892 4409 3495 4485 quamumalletaltaque
3516 4415 3733 4485 quidam

436 4491 560 4574 (ἔξέέ
945 4474 2031 4574 qut-itur);antiquis‘godi'cibus.Eggqgo:
2056 4512 2111 4574 Β
2138 4482 2406 4574 habebant
2424 4484 2477 4535 in
2498 4480 2681 4574 abditis
2700 4474 2747 4535 et
2773 4474 2992 4574 secretis,
3013 4479 3101 4574 alii
3129 4481 3181 4574 in
3203 4480 3386 4574 abditis
3403 4474 3478 4538 uel
3503 4474 3731 4546 semotis.

437 4563 544 4672 q’ue
574 4548 647 4631 ita
677 4548 852 4617 reperi
875 4548 927 4603 in
951 4548 1064 4605 sex.
1090 4548 1223 4605 Vide
1257 4557 1411 4605 notas
1434 4548 1501 4605 ad
1527 4548 1720 4606 librum
1746 4548 2032 4606 de‘Ha'bitu

492 4634 734 4672 smmum.
768 4633 885 4672 032.
919 4618 1047 4672 525.

492 4619 885 4689 irginumtpag.
919 4618 1047 4675 525.

513 4637 539 4672 r
572 4637 734 4685 mum,
768 4637 885 4689 pag.
919 4637 1047 4675 διδ.

513 4637 643 4754 (igua:
668 4706 700 4742 a
726 4688 946 4744 Christo.
976 4690 1241 4745 Manutius
1269 4692 1448 4761 posuit
1475 4706 1591 4761 qua:
1613 4706 1723 4747 vere
1746 4707 1778 4745 a
1805 4689 2027 4749 Christo.

435 4757 660 4832 Sedego
682 4774 870 4815 vocem
886 4776 1024 4832 rvere,
1053 4777 1171 4831 qua:
1201 4757 1307 4832 non
1337 4757 1562 4817 habetur
1589 4763 1640 4817 in
1664 4762 1898 4832 antiquis
1916 4763 2033 4818 edi-

439 4830 676 4886 tionibus
691 4845 862 4900 neque
880 4831 933 4884 in
946 4833 1218 4886 veteribus
1236 4831 1330 4887 libr
1341 4833 1385 4887 is
1400 4833 1616 4897 nostris,
1636 4843 1687 4886 ct
1707 4830 1907 4888 inutilis
1924 4843 2027 4900 est,

437 4902 630 4973 abjeci.
645 4899 817 4956 Nemo
830 4902 1028 4971 quippe
1041 4901 1287 4973 dubitare
1304 4912 1477 4973 potest
1497 4904 1625 4973 quin
1650 4902 1836 4960 Oratio
1853 4899 2031 4960 Domi-

440 4972 561 5027 nica
588 4973 880 5053 composita
911 4973 981 5053 sit
1004 4987 1035 5026 a
1050 4971 1285 5029 Christo.
1313 4972 1488 5029 Editio
1506 4971 1718 5045 quoque
1733 4974 2029 5046 Anglicana

438 5056 559 5098 eam
588 5056 772 5112 vocem
804 5044 1009 5112 rejeeit.
1324 5078 1327 5081 ι

509 5112 674 5189 ιιι-ς
693 5111 856 5166 Deum
889 5115 952 5168 de
976 5130 1073 5189 suo
1093 5131 1293 5189 rogare.
1319 5115 1544 5181 Seneca,
1577 5115 1743 5185 Epist.
1779 5116 1850 5172 10
1878 5132 1893 5172 :
1926 5116 2033 5170 Au-

438 5181 800 5259 άαᾲᾳνρςωη
821 5199 967 5259 roga,
991 5185 1126 5259 nihil
1153 5181 1217 5259 de
1239 5187 1405 5259 alieno
1430 5181 1724 5259 rogaturus.

509 5251 700 5309 Christi
719 5251 967 5309 oratione.
986 5254 1167 5311 Secuti
1194 5258 1246 5312 in
1267 5258 1370 5315 hoc
1394 5251 1514 5313 loco
1539 5271 1723 5313 sumus
1739 5256 2030 5313 editionem

438 5324 691 5399 Rigaltii,
736 5339 898 5399 quam
936 5327 1053 5396 ipse
1096 5342 1275 5384 veram
1326 5343 1446 5385 esse
1492 5330 1678 5399 probat
1722 5328 1930 5399 ratione
1976 5335 2033 5381 et

439 5340 691 5395 mgann,
735 5340 898 5451 ﬁuam
936 5341 1053 5396 ipse
1096 5342 1275 5384 veram
1326 5343 1446 5385 esse
1492 5340 1678 5399 pronat
1722 5340 1930 5384 ratione
1976 5340 2025 5381 et

439 5394 757 5519 ξῧὲἰιὲεῖιέἶθ
786 5396 933 5452 ititur
956 5405 1215 5454 autemea
1246 5400 1476 5471 plurium
1498 5407 1743 5457 veterum
1771 5398 2025 5454 librorum

437 5480 783 5522 aucrorttate.

511 5535 909 5609 IV.-——Denique
932 5538 1248 5609 Magisterio.
1268 5541 1411 5597 Citat
1441 5543 1582 5598 hunc
1608 5542 1782 5597 locum
1814 5550 2030 5597 sanctus

440 5605 755 5683 Fulgentius
779 5609 873 5664 lib.
902 5625 941 5664 ιι
968 5605 1044 5683 ad
1064 5611 1480 5683 Trasimundum,
1512 5627 1632 5683 cap.
1668 5612 1756 5668 l6.

358 5682 368 5693 ‘
514 5677 712 5732 Abditis
736 5688 782 5733 et
805 5682 1032 5737 semotis.
1060 5682 1284 5739 Veteres
1303 5677 1565 5740 editiones
1580 5677 1646 5739 'et
1675 5694 1782 5738 tres
1802 5680 1922 5737 libri
1942 5694 2032 5736 ve-

441 5758 586 5808 teres
611 5749 901 5820 praeierunt
929 5753 1114 5808 abditis
1140 5764 1181 5808 et
1211 5754 1411 5808 secretis
1436 5756 1512 5809 vel
1534 5754 1756 5824 semotis,
1785 5763 1847 5810 ut
1866 5753 2033 5812 lector

687 5845 967 5910 Punoa.
1015 5847 1123 5911 IV.
1170 5847 1234 5910 S.
1284 5848 1589 5913 CYPRIAN.

2208 4573 2548 4657 Cogitationes
2573 4570 3001 4657 Itominttm.‘Yo.x
3034 4571 3297 4657 hominum
3325 4572 3477 4656 deest
3504 4576 3557 4631 in
3589 4582 3732 4657 aliti-

2134 4640 2655 4718 quissimaeditione
2682 4642 2838 4718 hujus
2866 4640 2988 4718 libri
3013 4657 3170 4718 quam
3202 4641 3394 4718 habeo.
3429 4646 3478 4700 in
3511 4650 3732 4718 quibus-

2134 4710 2257 4793 dam
2287 4714 2633 4793 editionibus,
2666 4722 2719 4768 et
2746 4712 2799 4766 in
2819 4710 3146 4792 quibusdam
3176 4714 3447 4772 codicibus
3472 4710 3723 4793 antiquis.
3758 4774 3763 4777 .

2132 4785 2294 4842 Certe
2324 4801 2429 4841 non
2453 4792 2536 4841 est
2565 4785 2887 4839 necessaria.

2204 4877 2509 4949 V.-—Labia
2534 4875 2644 4937 eius
2678 4872 3319 4949 movebantur._lioratins,
3342 4876 3436 4949 lib.
3475 4895 3491 4933 ι
3524 4880 3720 4949 Epist.,

2135 4948 2222 5005 l6:
2237 4948 2407 5005 Labra
2430 4962 2594 5002 moves
2614 4953 2836 4999 metuens
2865 4943 3056 4997 audiri.
3075 4944 3312 5009 Persius,
3334 4947 3446 5003 Sat.
3464 4951 3497 5006 5
3517 4968 3530 5003 :
3550 4943 3724 5007 Labra

2135 5036 2299 5097 moves
2329 5019 2532 5097 tacitus,
2563 5016 2620 5070 id
2652 5026 2755 5097 est,
2784 5015 2915 5097 clam
2950 5013 3371 5097 beneprecando,
3401 5028 3457 5074 ut
3484 5021 3560 5075 ait
3591 5022 3718 5097 Vol-

2132 5104 2256 5146 scus
2282 5089 2641 5158 interpretans
2665 5086 2807 5158 hunc
2832 5086 3031 5158 locum.
3053 5084 3142 5141 Sic
3159 5086 3343 5158 Judith
3358 5084 3718 5148 commenda-

2134 5169 2222 5237 tur
2249 5158 2391 5237 quod
2426 5156 2758 5237 praretcum
2780 5156 3041 5237 lacrxmis
3079 5165 3141 5237 et
3170 5157 3428 5237 labiorum
3463 5163 3719 5237 motuin

2131 5227 2365 5287 silentio.
2412 5229 2740 5299 Augustinus
2778 5227 2834 5300 i_n
2877 5227 3014 5300 libro
3052 5228 3432 5300 quinquaginta
3461 5230 3723 5289 Homilia-

2132 5317 2272 5367 rum,
2310 5296 2536 5355 Homilia
2568 5313 2700 5354 χχιιι
2736 5297 2957 5351 :Tacita
2995 5296 3313 5366 loquebatur;
3351 5316 3452 5355 non
3490 5319 3723 5358 sermone

2132 5373 2362 5445 ragabat,
2399 5371 2503 5445 sed.
2532 5369 2852 5445 devotionem
2887 5367 3203 5445 ostendebat.
3241 5368 3554 5445 Aliosensu
3579 5374 3723 5445 apud

2132 5437 2440 5499 Petronium
2469 5438 2726 5509 Quartilla
2759 5437 3094 5493 commovebat
3121 5440 3334 5510 valgiter
3360 5442 3524 5498 labra.

2204 5532 2370 5587 Dicite
2396 5532 2452 5586 in
2479 5529 2732 5585 cordibus.
2762 5529 3001 5599 Quatuor
3026 5527 3149 5583 libri
3193 5539 3419 5599 veteres,
3452 5540 3508 5587 et
3548 5535 3599 5587 in
3642 5534 3730 5591 his

2135 5604 2533 5669 Seguierianus,
2576 5600 2777 5656 habent
2810 5616 2824 5652 :
2854 5597 3022 5653 Dicite
3042 5599 3115 5669 Ain
3139 5600 3374 5657 cordibus
3403 5597 3575 5659 uestris
3602 5607 3731 5660 etin

2135 5667 2381 5730 cubitibus
2404 5667 2576 5728 uestris
2594 5669 3012 5744 compungimini.
3025 5667 3185 5737 Quod
3200 5674 3448 5744 congruit
3468 5688 3592 5730 cum
3613 5691 3741 5735 ver~

2137 5747 2289 5805 sione
2314 5744 2526 5820 vulgata
2554 5743 2746 5817 psalmi
2776 5756 2854 5800 tv.
