4332 6292
450 344 562 416 935
1562 342 1767 406 LIBER
1816 340 1907 406 DE
1945 340 2290 407 ORATIONE
2327 343 2673 408 DOMINICA.
3642 344 3761 413 326‘

518 466 607 521 [Xa
649 461 836 533 Qualia
852 465 1034 519 autem
1057 466 1205 530 sunt,
1228 459 1421 517 fratres
1463 459 1816 529 dilectissimi,
1841 461 2039 518 oratio-
2066 462 2114 522 A
2141 481 2252 520 cere
2277 465 2447 520 uultis.
2482 463 2583 521 Ille
2606 465 2737 520 enim
2760 463 3016 520 homicida
3054 463 3152 538 fuit
3168 465 3229 521 ab
3258 463 3423 533 initio,
3453 471 3502 521 et
3525 464 3578 521 in
3606 471 3740 521 reri-

445 560 529 616 nis
549 558 841 612 Dominiete
858 561 1213 621 sacramenta,
1235 567 1390 623 quam
1409 552 1593 620 multa,
1613 567 1773 622 quam
1794 561 2036 624 magnae,

444 654 680 709 breviter
708 652 762 706 in
805 663 1057 705 sermone
1097 648 1341 713 coi!ecta,
1371 646 1470 703 sed
1507 648 1558 701 in
1597 647 1795 703 virtute
1822 647 2038 718 spirita-

446 746 567 801 liter
587 745 826 815 copiosa,
859 730 928 795 ut
942 740 1072 796 nihil
1097 741 1316 794 omnino
1342 741 1759 810 praetermissum
1787 740 1857 794 sit
1899 738 2039 808 quod

445 837 635 892 nonin
690 834 939 904 precibus
989 841 1151 901 atque
1197 830 1528 884 orationibus
1578 831 1776 885 nostris
1806 830 2042 885 caelestis

446 927 704 982 doctrinm
721 923 1040 993 compendia
1057 921 1563 991 comprehendatur.
1602 922 1711 985 Sic,
1741 921 1837 985 ait,
1861 931 2001 974 orate
2025 939 2038 974 :

447 1019 629 1074 PATER
659 1030 864 1072 nosne
885 1030 973 1078 om
1000 1027 1061 1068 es
1089 1028 1141 1067 tu
1167 1027 1361 1068 emus.
1384 1013 1573 1077 llamo,
1598 1028 1783 1077 novus,
1802 1019 2042 1076 renattu,

448 1120 502 1165 et
533 1110 641 1165 Deo
665 1123 766 1163 suo
795 1122 891 1176 per
916 1105 1141 1176 gratiam
1194 1106 1310 1174 ejus
1362 1106 1661 1167 restitutus,
1686 1103 1844 1157 Pater
1869 1105 2046 1174 primo

446 1203 502 1258 in
530 1203 649 1257 loco
673 1199 821 1265 dicit,
838 1198 960 1267 quia
983 1197 1123 1253 ﬁlius
1143 1210 1265 1252 esse
1281 1196 1392 1266 jam
1415 1198 1594 1266 coepit.
1616 1195 1683 1250 In
1709 1212 1824 1261 sua,
1849 1196 2039 1264 inquit,

448 1295 656 1366 propria
681 1294 831 1356 venit,
862 1298 910 1345 et
935 1290 1015 1344 sui
1056 1306 1173 1344 eum
1194 1307 1293 1344 non
1322 1298 1633 1361 receperunt.
1667 1289 1923 1359 Quotquot
1949 1302 2046 1340 au-

448 1397 547 1443 tem
570 1402 684 1441 eam
734 1394 1048 1455 receperunt,
1105 1383 1242 1437 dedit
1268 1384 1370 1437 illis
1419 1393 1717 1450 potestatem
1744 1392 1799 1436 ut
1824 1382 1921 1450 filii
1949 1380 2047 1435 Dei

446 1480 647 1549 ﬁerent,
670 1478 749 1532 Itis
771 1476 856 1544 qui
877 1476 1086 1530 credunt
1110 1476 1164 1528 in
1191 1474 1393 1528 nomine
1418 1475 1527 1544 ejus
1546 1471 1724 1545 (Joan.
1747 1488 1784 1538 ι,
1812 1472 1871 1529 Η
1888 1516 1901 1535 ,
1926 1472 2044 1542 12).

447 1572 549 1641 Qui
575 1584 702 1640 ergo
726 1569 951 1626 credidit
983 1568 1035 1622 in
1063 1567 1278 1621 nomine
1306 1566 1438 1637 ejus,
1470 1575 1524 1621 et
1553 1568 1720 1620 lactus
1748 1579 1831 1620 est
1859 1565 1954 1620 Dei
1983 1564 2042 1618 li-

448 1665 573 1728 lius‘,
603 1664 727 1717 hinc
756 1661 913 1716 debet
938 1661 1174 1730 incipere
1196 1669 1253 1713 ut
1272 1666 1326 1714 et
1349 1658 1549 1729 gratias
1574 1670 1696 1728 agat
1716 1666 1770 1713 et
1791 1658 2045 1727 profitea-

451 1765 538 1813 tur
564 1766 623 1810 se
648 1753 744 1810 Dei
772 1753 959 1819 tilium,
987 1751 1113 1806 dum
1152 1752 1395 1806 nominat
1438 1759 1643 1821 patrem
1692 1750 1790 1805 sibi
1842 1763 1962 1805 esse
1993 1748 2045 1804 in

2142 565 2244 612 tate
2263 572 2362 612 non
2378 558 2527 623 stetit,-
2552 559 2671 625 quia
2690 559 2872 614 veritas
2892 574 2992 614 non
3013 568 3086 613 est
3106 558 3160 613 in
3182 558 3270 613 illo
3292 557 3471 631 (Joan.
3490 572 3608 626 vui,
3626 560 3738 630 44).

2141 650 2210 705 Ει
2237 665 2332 721 per
2354 650 2565 705 Esaiam
2587 652 2900 722 prophetam
2921 652 3059 708 Deus
3086 652 3278 707 clamat
3304 653 3589 724 indignans
3613 670 3626 707 :
3655 652 3747 707 Fi-

2143 744 2240 798 lios
2284 745 2515 815 generavi
2556 753 2606 798 et
2649 745 2886 809 exaltari,
2933 745 3034 815 ipsi
3077 756 3248 800 autem
3301 756 3379 799 me
3428 744 3741 814 spreverunt.

2142 836 2358 906 Agnovit
2384 836 2471 890 bos
2498 852 2830 904 possessorem
2848 854 3011 903 suum,
3037 846 3083 890 et
3112 840 3285 893 asinus
3307 842 3533 909 pr’azsepe
3552 837 3747 894 domini
3774 843 3789 855 “

2143 928 2225 980 sui
2245 942 2265 992 ξ
2296 925 2464 981 Israel
2493 937 2662 981 autem
2690 928 2758 960 "7
2784 944 2863 982 me
2887 945 2986 982 non
3009 931 3259 1000 cognovit,
3290 936 3339 984 et
3365 930 3581 999 prttltts
3608 946 3747 985 mens

2145 1033 2225 1071 me
2271 1034 2370 1072 non
2414 1019 2676 1073 intellexit.
2719 1018 2847 1075 Vat!
2875 1036 2994 1091 gens
3022 1022 3298 1090 peccatrix,
3323 1023 3543 1091 populus
3566 1021 3747 1092 plenus

2146 1110 2380 1179 peccatis,
2404 1125 2568 1164 semen
2601 1124 2834 1179 nequam,
2856 1112 2952 1180 ﬁlii
2975 1113 3183 1166 scelesti.
3207 1110 3550 1182 Dereliqm'stis
3572 1111 3748 1166 Domi-

2147 1214 2288 1269 num,
2321 1211 2368 1255 et
2406 1203 2460 1255 in
2494 1202 2892 1272 indignationem
2922 1204 3130 1258 misistis
3150 1203 3293 1257 illum
3314 1203 3558 1275 Stntctum
3582 1202 3751 1259 Israel

2150 1290 2283 1361 (lsa.
2310 1306 2359 1358 t,
2399 1291 2553 1362 2-4).
2589 1293 2646 1347 In
2691 1308 2916 1362 quorum
2962 1295 3428 1365 exprobrationem
3459 1292 3750 1350 Christiani

2149 1380 2360 1451 quando
2388 1394 2624 1447 oramus.
2658 1384 2841 1440 PATER
2888 1398 3090 1441 nosren
3118 1385 3365 1455 dicimus,
3401 1386 3525 1456 quia
3570 1396 3751 1443 noster

2149 1486 2271 1528 esse
2292 1475 2455 1545 erepit
2482 1483 2535 1530 et
2563 1474 2893 1541 Judtnorum,
2923 1478 3011 1548 qui
3038 1492 3159 1533 eum
3188 1477 3606 1547 relinqttcrunt,‘
3627 1493 3751 1535 esse

2150 1563 2325 1621 desiit.
2382 1566 2492 1622 Nec
2522 1576 2769 1637 peccator
2791 1571 3021 1639 populus
3067 1580 3242 1640 potest
3275 1584 3395 1626 esse
3444 1565 3602 1638 titius,
3655 1571 3752 1627 sed

2150 1658 2344 1729 quibus
2360 1660 2582 1715 remissa
2607 1670 2946 1730 peccatorum
2972 1661 3188 1727 daturb,
3210 1663 3289 1718 eis
3312 1662 3539 1718 ﬁliorum
3556 1676 3754 1721 nomen

2152 1750 2491 1815 adscribitur,
2521 1760 2574 1805 et
2601 1751 2680 1806 eis
2704 1752 2976 1807 aeternitas
2998 1755 3361 1824 repromittor,
3393 1757 3615 1813 Domino
3637 1759 3839 1833 ipso!”
3872 1800 3919 1811 ..ρ
3942 1764 4183 1799 μεθ’

452 1849 607 1907 oculis
637 1849 837 1911 Deum;
867 1854 1196 1901 contestetur
1226 1858 1441 1915 quoque
1489 1845 1630 1900 inter
1658 1845 1825 1913 prima
1866 1845 2047 1899 statim
2076 1846 2125 1908 B
2152 1842 2365 1899 dicente
2394 1860 2407 1896 :
2444 1841 2621 1917 Omnis
2637 1830 3747 1917 quifacit

3380 1834 3747 1888 mn".

455 1941 750 1999 nativitatis
777 1952 891 1994 sua:
914 1938 1076 1993 Verba
1106 1937 1446 1991 renuntiasse
1485 1951 1544 1991 se
1575 1947 1792 1992 terreno
1841 1946 1895 1993 et
1930 1907 2084 1986 πιανέ
2142 1947 2166 1971 1

2044 1907 2084 1965 έ
2142 1916 2535 1974 malum
2559 1907 2663 1965 noti
2687 1907 2863 1965 manci
2881 1907 2932 1963 in
2949 1910 3099 1965 domo
3117 1910 3169 1963 in
3203 1916 3468 1975 telernum,
3502 1907 3642 1977 [ilius
3661 1924 3755 1962 au-

452 2035 560 2091 nali
586 2032 740 2104 patri,
769 2041 819 2085 ct
837 2037 1041 2101 patrem
1064 2029 1236 2083 solum
1257 2042 1417 2081 nosse
1441 2042 1499 2078 se
1522 2037 1581 2076 ct
1602 2027 1799 2075 nabere
1823 2017 2057 2087 coepisse

453 2128 544 2197 qni
567 2127 634 2181 sit
660 2124 711 2185 in
743 2122 914 2187 ctelis,
941 2121 1079 2175 sicut
1104 2119 1363 2186 scriptum
1395 2123 1482 2169 est
1508 2131 1522 2168 :
1556 2112 1656 2180 Qui
1698 2111 1873 2164 dicunt
1920 2107 2055 2178 patri

453 2196 505 2273 et
532 2216 686 2270 matri
710 2228 728 2268 :
752 2211 874 2267 Non
903 2211 1021 2265 novi
1043 2216 1109 2276 te,
1138 2200 1344 2276 et‘ﬁlios
1368 2198 1486 2259 suos
1512 2219 1613 2257 non
1643 2206 1975 2273 agnoverunt,
2005 2196 2058 2252 hi

458 2307 805 2363 custodierunt
831 2311 1085 2374 praecepta
1112 2308 1200 2354 tua
1246 2309 1293 2353 et
1326 2304 1677 2351 testamentum
1708 2303 1849 2348 tuum
1892 2302 2062 2345 serva;-

462 2410 637 2455 uerunt
664 2397 839 2469 (Deut.
876 2410 1062 2462 χχχιιι,
1094 2392 1175 2465 9).
1214 2392 1344 2447 item
1394 2390 1651 2446 Dominus
1682 2390 1735 2441 in
1772 2386 2063 2456 Evangelia

461 2507 559 2549 suo
586 2491 834 2563 prmcepit
857 2505 923 2545 ne
968 2502 1221 2543 vocemus
1250 2484 1401 2540 nobis
1424 2492 1625 2553 patrem
1653 2481 1708 2541 in
1738 2489 1897 2539 terra,
1922 2477 2065 2548 quod

466 2586 529 2641 sit
560 2585 763 2639 scﬂi‘cet
789 2580 943 2637 nobis
974 2594 1110 2634 unus
1139 2587 1293 2648 pater
1322 2576 1409 2645 qui
1446 2585 1527 2630 cSt
1571 2575 1624 2628 iti
1667 2572 1821 2628 ctelis
1848 2569 2061 2642 (Matth.

468 2690 627 2742 χχιιι,
654 2674 735 2746 9).
766 2674 830 2728 Et
859 2672 1122 2741 discipulo
1150 2669 1238 2738 qtti
1269 2668 1595 2721 mentionem
1625 2663 1862 2719 defuncti
1899 2662 2071 2731 patris

468 2768 670 2825 fecerat
698 2763 972 2835 respondit
1002 2777 1019 2816 :
1048 2762 1172 2816 Sine
1199 2760 1383 2813 mortui
1417 2765 1641 2811 mortuos
1668 2771 1785 2811 suos
1828 2753 2072 2825 sepeliant

469 2848 688 2930 (Matth.
712 2859 828 2923 vnt',
848 2854 966 2925 ‘22).
985 2853 1201 2907 Dixerat
1220 2852 1587 2920 enimpatrem
1607 2856 1759 2902 suum
1779 2850 2070 2912 murteum,

473 2960 596 3005 cum
624 2949 691 3004 sit
718 2944 1054 3003 credentium
1082 2944 1240 2999 Pater
1261 2942 1431 2997 vivus.

548 3039 617 3096 Χ.
659 3040 771 3095 Nec
807 3038 908 3093 hoc
955 3037 1154 3099 solum,
1206 3030 1411 3089 fratres
1442 3032 1795 3099 dilectissimi,
1827 3029 2075 3085 animad-

476 3138 689 3191 rcrtrre
728 3141 779 3186 et
815 3129 1117 3200 intelligere
1143 3128 1420 3192 debemus,
1450 3124 1591 3195 ιιιιυιι
1622 3124 1952 3194 appellemus
1982 3123 2080 3176 Pa-

2159 2024 2257 2068 tent
2278 2019 2442 2065 manet
2463 2010 2516 2062 in
2544 2017 2786 2061 aeternum
2812 2004 2990 2076 (Joan.
3019 2017 3131 2070 vut,
3163 2003 3252 2069 54,
3282 2001 3397 2074 55).
3594 2059 3604 2067 ,

2228 2102 2322 2158 Xl.
2383 2101 2590 2169 Quanta
2645 2096 2822 2153 autem
2881 2096 3090 2151 Domini
3133 2093 3507 2165 indulgentia,
3556 2099 3759 2164 quanta

2161 2196 2301 2251 circa
2348 2209 2446 2248 nos
2481 2192 2802 2262 dignationis
2851 2189 2966 2259 ejus
2993 2196 3048 2242 et
3080 2186 3337 2242 bonitatis
3364 2186 3611 2247 ubertas,
3668 2182 3763 2254 qui

2163 2287 2241 2341 sic
2264 2300 2363 2340 nos
2388 2283 2615 2340 voluerit
2642 2282 2937 2337 orationem
2966 2274 3245 2335 celebrare
3270 2279 3324 2333 in
3346 2286 3635 2348 COHSpeClu
3666 2276 3766 2333 Dei

2166 2388 2226 2432 ut
2255 2376 2420 2430 Deum
2475 2382 2679 2444 patrem
2722 2386 2993 2437 vocemus,
3024 2378 3108 2437 et,
3140 2378 3199 2423 nt
3244 2378 3326 2424 est
3372 2360 3621 2424 Christus
3671 2366 3768 2422 Dei

2168 2468 2309 2523 ﬁlius
2337 2507 2353 2532 ,
2402 2466 2481 2521 sic
2509 2475 2564 2521 et
2610 2478 2709 2520 nos
2764 2463 2856 2518 Dei
2906 2462 3046 2517 tilias
3085 2472 3457 2531 nuncupemus
3490 2461 3555 2514 οε
3611 2458 3768 2527 Quod

2170 2574 2555 2615 nonten'enemo
2581 2567 2823 2613 nostrum
2851 2557 2905 2609 in
2935 2554 3179 2609 oratione
3206 2552 3431 2608 auderet
3459 2553 3720 2621 attingere
3747 2574 3765 2616 ,

2174 2654 2275 2709 nisi
2300 2655 2412 2723 ipse
2438 2653 2589 2709 nobis
2613 2651 2690 2705 sie
2705 2649 3035 2721 permisisset
3052 2654 3227 2702 crare.
3245 2646 3550 2702 Meminisse
3568 2646 3769 2715 itaque,

2175 2742 2367 2798 fratres
2415 2740 2759 2796 dilectissimi
2780 2781 2795 2805 ,
2830 2747 2885 2794 et
2926 2738 3063 2793 scire
3092 2738 3352 2792 debemus
3378 2738 3523 2808 quia,
3556 2734 3772 2807 quando

2178 2843 2387 2905 patrem
2417 2833 2581 2887 Deum
2612 2831 2874 2895 dicimus,
2895 2818 3049 2900 quasi
3069 2828 3165 2883 lilii
3194 2828 3285 2883 Dei
3310 2841 3467 2897 agere
3489 2826 3773 2892 debemus,

2179 2934 2257 2991 ut,
2289 2923 2559 2995 quomodo
2588 2936 2687 2976 nos
2722 2922 2874 2976 nobis
2905 2920 3179 2988 placemus
3207 2918 3275 2974 de
3322 2919 3431 2973 Deo
3459 2922 3611 2986 patre
3638 2958 3652 2981 ,
3706 2917 3778 2970 sit

2180 3016 2280 3071 sibi
2329 3015 2537 3086 placeat
2562 3023 2616 3067 et
2643 3013 2731 3067 ille
2756 3012 2826 3067 de
2857 3011 3029 3066 nobis;
3077 3008 3471 3063 Conversemur
3495 3007 3644 3076 quasi
3682 3006 3781 3061 Dei

2184 3108 2381 3178 templa
2409 3148 2423 3174 ,
2452 3116 2512 3161 ut
2539 3106 2705 3161 Betim
2739 3104 2791 3158 iu
2822 3102 2976 3157 nobis
3005 3108 3215 3156 constet
3256 3098 3534 3153 habitare:
3568 3104 3668 3152 nec
3710 3096 3784 3151 sit

484 3236 619 3285 trem
641 3227 728 3297 qui
754 3225 821 3293 sit
847 3225 898 3278 in
930 3188 1103 3289 etatis,
1128 3219 1221 3275 sed
1240 3188 1610 3288 conjungimns
1629 3188 1685 3271 et
1699 3188 1955 3279 dicimus,
1977 3212 2083 3268 Ριιέ
2111 3210 2157 3275 C
2188 3200 2423 3271 decem
2457 3207 2607 3252 30105
2635 3205 2818 3249 "05‘8"
2841 3208 2871 3247 ³
2911 3191 3099 3262 simil“
3127 3231 3143 3257 9
3196 3199 3254 3244 ιη
3298 3189 3389 3260 qui
3428 3188 3676 3244 εωιθθιθε
3725 3194 3786 3245 ει

483 3332 588 3374 'rett
621 3328 846 3378 nos'rsn,
881 3313 939 3368 id’
986 3317 1072 3368 est
1120 3318 1309 3365 eorum
1337 3308 1427 3377 qui
1458 3306 1705 3365 credunt.
1739 3318 1923 3359 eorum
1968 3298 2081 3373 qui,

483 3418 583 3485 per
607 3426 727 3467 eum
758 3405 1072 3463 satietilicati
1121 3410 1176 3458 et
1202 3400 1386 3472 gratia:
1409 3399 1669 3469 spiritalis
1695 3396 1974 3451 nativitate
2000 3407 2087 3449 re-

484 3505 677 3577 parati,
708 3503 801 3557 lilii
825 3500 919 3556 Dei
940 3508 1061 3555 esse
1080 3503 1381 3566 coeperunt.
1408 3492 1538 3560 Quae
1561 3506 1661 3574 rex
1691 3491 1851 3547 etiam
1872 3487 2089 3544 Judmos

487 3567 795 3668 perstringit
812 3601 867 3647 et
887 3589 1141 3661 percutit,
1167 3586 1256 3658 qui
1281 3584 1554 3641 Christum
1563 3567 1577 3648 ᾗ
1603 3583 1700 3637 sibi
1732 3583 1826 3652 per
1848 3578 2090 3650 Prophes

488 3699 568 3742 tas
618 3684 986 3740 annuntiatum
1018 3689 1070 3734 el
1100 3676 1167 3734 ad
1189 3692 1249 3733 se
1278 3678 1424 3748 prius
1449 3676 1693 3742 missum,
1744 3684 1851 3727 non
1881 3679 2088 3727 tantum

490 3776 777 3831 inﬁdeliter
801 3763 1136 3844 spreverunt,
1170 3769 1263 3824 sed
1290 3777 1345 3823 et
1391 3766 1680 3822 crudeliter
1715 3771 2044 3819 necaverunt
2072 3778 2089 3815 :

489 3870 576 3941 qui
596 3869 707 3940 jam
731 3882 836 3921 non
867 3875 1089 3936 possunt
1128 3869 1331 3933 patrem
1375 3858 1542 3915 Deum
1571 3870 1784 3923 vocare,
1816 3872 1937 3911 cum
1984 3855 2091 3909 Do;

493 3962 670 4016 minus
696 3975 790 4016 eos
811 3957 1102 4015 confundat
1119 3965 1174 4010 et
1194 3953 1483 4024 redatjguat
1510 3951 1731 4007 dicens:
1773 3948 1871 4004 Vos
1898 3949 1959 4002 de
1985 3947 2098 3999 dia-

493 4056 605 4109 bolo
635 4064 778 4128 patre
804 4052 911 4107 nati
938 4051 1078 4115 estis,
1113 4057 1159 4103 et
1193 4045 1627 4116 concupiscentias
1658 4041 1818 4112 patris
1843 4040 1991 4094 vestri
2018 4024 2099 4107 fa-

2184 3290 2453 3363 spiritales
2477 3303 2599 3345 esse
2623 3285 2918 3356 coepimus,
2942 3283 3168 3337 nonnisi
3190 3279 3444 3352 spiritalia
3466 3289 3518 3334 et
3543 3279 3787 3335 ctelestia

2186 3383 2484 3454 cogitemus
2509 3390 2564 3436 et
2592 3394 2811 3450 agamus
2840 3418 2855 3444 ,
2902 3374 3027 3446 quia
3079 3382 3135 3429 et
3188 3375 3305 3443 ipse
3333 3372 3591 3428 Dominus
3644 3373 3788 3428 Deus

2189 3475 2364 3531 dixit:
2415 3475 2520 3529 Eos
2554 3474 2641 3546 qui
2687 3471 2977 3539 etariﬁcant
3016 3482 3094 3521 me
3133 3465 3459 3535 clariﬁcab‘o,
3500 3473 3553 3519 et
3589 3466 3677 3534 qui
3706 3479 3789 3520 me

2189 3571 2380 3644 spernit
2420 3576 2688 3638 spernatur
2738 3562 2810 3635 (l
2856 3561 3058 3632 Reg."
3086 3600 3101 3627 ,
3144 3556 3279 3630 50).
3332 3558 3525 3613 Beatus
3574 3570 3791 3627 quoque

2193 3662 2480 3735 Apostolus
2511 3662 2563 3713 in
2614 3654 2851 3726 Epistula
2896 3666 2992 3707 sua
3038 3653 3259 3720 posuit:
3308 3648 3430 3702 Non
3470 3650 3588 3702 estis
3616 3649 3790 3703 vestri.

2195 3754 2371 3822 Empti
2384 3752 2519 3807 enim
2540 3750 2663 3804 estis
2695 3746 2854 3817 pretio
2884 3737 3131 3813 magno“.
3184 3739 3475 3807 Clariﬂcate
3503 3747 3549 3791 et
3595 3746 3794 3806 portate

2200 3848 2363 3902 Deum
2386 3846 2439 3896 in
2464 3854 2677 3909 corpore
2702 3845 2865 3891 uestro
2894 3833 2913 3905 (
2942 3832 2964 3886 Ι
2990 3832 3109 3887 Cor.
3141 3845 3217 3893 Vl,
3252 3829 3340 3895 19,
3368 3829 3441 3884 20
3468 3830 3509 3900 ).

2276 3935 2390 4003 XII.
2433 3935 2561 3989 Post
2589 3933 2691 3985 hoc
2715 3928 2943 3983 dicimus
2973 3944 2986 3979 :
3027 3927 3396 3979 SANCTICETUR
3422 3936 3598 3976 nouem
3623 3935 3791 3976 'ruuu.

2204 4026 2319 4088 Non
2354 4025 2497 4100 quod
2541 4036 2786 4096 optemus
2816 4022 2928 4076 Deo
2962 4027 3019 4075 ut
3047 4016 3407 4074 sanetiticetur
3455 4012 3796 4072 orationibus

1734 4148 2116 4207 LECTIONES
2152 4146 2240 4202 VA
2249 4139 2565 4200 IllANTES.

561 4258 590 4354 ἓ
624 4254 1174 4378 ἓὲῗιιᾞεεῗθξὲἆιῶἳᾞ
1191 4249 1522 4361 ξὲῗιῗιῖῗῶτί.
1539 4245 1666 4359 iiii:
1691 4245 1928 4357 ἓξέξέεο
1957 4303 2084 4355 m

2249 4239 2273 4268 ο
2311 4232 2464 4285 Filios
2487 4242 2825 4294 nuncupemus
2848 4228 2878 4279 Ι
2881 4228 3009 4294 utili}.
3034 4233 3145 4294 ante
3167 4226 3326 4294 01011.

2252 4298 2281 4337 «ι
2315 4298 2469 4360 Empti
2494 4296 2615 4345 estis
2634 4286 2812 4358 magno
2834 4294 2882 4345 Ν
2888 4286 2942 4342 C.
2968 4292 3014 4342 1.
3039 4292 3088 4341 4.
3115 4292 3247 4340 Lam.
3273 4286 3401 4338 Bod.
3422 4289 3472 4336 3.

1744 4407 1983 4465 STEPH.
2027 4403 2296 4462 BALUZII
2332 4398 2563 4457 NUT/E.

584 4533 653 4588 X-.
683 4562 756 4575 ——
783 4529 951 4585 Filios
976 4529 1225 4601 generavi.
1252 4527 1401 4601 Hane
1422 4525 1703 4601 lectionem
1732 4522 1909 4601 inveni
1932 4522 1983 4601 id
2006 4520 2103 4601 dtis
2128 4520 2185 4579 Ι)
2209 4522 2480 4601 verterunt
2514 4528 2683 4597 semen
2732 4512 3025 4585 pessimum.
3067 4509 3185 4575 Quo
3223 4506 3382 4561 etiam
3411 4504 3571 4561 modo
3602 4505 3803 4563 habent

515 4623 633 4660 rent
664 4603 811 4658 libris
839 4592 1111 4658 veteribus
1141 4612 1195 4655 et
1225 4601 1275 4652 in
1315 4598 1550 4653 editione
1586 4594 1906 4649 Manutiana.
1939 4593 2007 4646 At
2051 4592 2102 4644 itt

2168 4597 2174 4601 '
2212 4600 2319 4645 tres
2344 4588 2464 4643 libri
2494 4587 2659 4640 nostri
2684 4594 2911 4639 veteres.

511 4678 630 4730 aliis
655 4673 977 4730 editientbus
1002 4681 1057 4726 et
1082 4671 1135 4725 in
1163 4666 1548 4739 septemdecim
1578 4665 1799 4721 vetustis
1820 4660 2109 4731 exempla-

510 4748 661 4802 ribus
682 4746 873 4814 legitur
902 4744 1073 4815 genui.

594 4816 681 4870 Vw
718 4802 840 4886 iens
878 4802 1149 4886 piccatriaj.
1193 4810 1424 4886 Secutus
1458 4822 1578 4886 sum
1604 4804 1896 4886 editionem
1926 4802 2109 4886 Angli-

513 4877 1017 4954 c:tttattt,'qttia'eattt
1048 4883 1153 4936 vidi
1199 4880 1568 4954 coittlrmatam
1608 4877 1922 4954 suetoritate
1962 4883 2110 4929 vete-

516 4972 633 5011 rum
684 4947 976 5019 editionum
1019 4962 1074 5009 et
1114 4951 1790 5024 quatuordecimveterntn
1827 4947 2106 5024 libroruin.

515 5028 648 5083 Nam
691 5035 741 5080 et
783 5014 1147 5080 Tertullianué
1182 5025 1234 5077 in
1286 5024 1424 5077 libro
1475 5021 1715 5074 adversus
1756 5018 1968 5075 Judteos
2009 5014 2111 5069 hoc

519 5099 707 5153 eodem
734 5096 895 5151 modo
921 5094 1084 5150 refert
1113 5096 1254 5148 hunc
1286 5095 1484 5157 locum,
1513 5101 1565 5144 ttt
1597 5090 1800 5144 notavit
1820 5088 1980 5143 etiam
2010 5085 2112 5139 Pa-

522 5170 732 5223 ntelius.
775 5167 944 5221 Aliam
982 5166 1289 5231 lectionem,
1318 5177 1437 5233 quae
1468 5163 1627 5216 habet
1660 5178 1673 5213 :
1719 5160 1805 5214 Va:
1830 5159 1964 5233 genti
2000 5171 2116 5225 pec-

520 5240 717 5298 catrici,
751 5238 943 5306 populo
972 5237 1122 5305 pleno
1160 5229 1396 5303 peccatis,
1431 5232 1606 5288 inveni
1648 5232 1705 5306 in
1744 5229 2008 5306 tredecim
2025 5242 2118 5306 ve-

527 5312 680 5364 Iustis
706 5297 1121 5378 eiet'nplar'tbus.
1148 5297 1205 5359 in
1233 5322 1341 5360 tino
1371 5297 1512 5370 meo,
1547 5303 1736 5378 populo
1764 5297 2120 5378 gravi'iniqui-

523 5392 645 5434 tate.
677 5383 793 5448 Quo
823 5367 985 5435 etiam
1016 5378 1177 5431 modo
1216 5379 1474 5446 scriptum
1501 5367 1596 5429 est
1617 5367 1678 5448 in
1717 5367 1896 5448 capite
1921 5367 2122 5448 t_l_saiae

528 5454 579 5504 in
613 5438 845 5505 admone
872 5451 1102 5519 vulgata.
1134 5438 1400 5503 Obsertmt
1428 5454 1603 5519 autem
1634 5442 1924 5519 Arnobius,
1953 5438 2044 5519 lib.
2064 5453 2118 5516 ει,

528 5521 775 5576 ethnicos
803 5522 954 5577 nobis
966 5507 1333 5587 “exprobrasxc
1359 5518 1497 5586 quod
1526 5530 1614 5569 res
1638 5525 1839 5568 nostrai
1867 5507 2129 5587 barbaris-

532 5593 636 5646 tnis
664 5577 1059 5647 etsolmcismis'
1084 5591 1274 5643 obsita:
1296 5577 1478 5642 essent
1500 5597 1556 5640 et
1590 5588 1839 5638 vitiorum
1871 5577 2130 5634 determi—

535 5673 644 5715 tate
684 5663 918 5787 gingiua.
971 5661 1103 5717 Vide
1154 5661 1249 5714 lib.
1300 5673 1358 5712 ιιι
1409 5657 1854 5721 Testimoniorum,
1900 5662 2019 5718 cap.
2075 5647 2130 5712 ὅ,

539 5747 658 5787 nan.
744 5748 759 5784 ι
813 5775 827 5787 .

558 5747 658 5796 tag.
697 5747 827 5787 τευ.

558 5749 600 5783 ta
643 5769 658 5783 .
697 5749 759 5785 τι
813 5775 827 5787 .

537 5749 553 5804 Ι
606 5749 806 5861 gemet?
841 5818 1075 5875 nequam.
1128 5799 1493 5873 Septuaginta,
1540 5806 1597 5850 ιιι
1642 5795 1712 5850 ait
1744 5793 2135 5863 llierouytnus,

2282 4678 2371 4736 XI.
2396 4677 2794 4745 —-Clariﬁcate.
2825 4672 3010 4745 Codex
3036 4668 3487 4745 Mottastcriensis,
3520 4670 3805 4745 glori/ictae

2211 4751 2286 4806 vel
2330 4740 2641 4819 clari/ictum
2674 4747 2807 4800 llinc
2844 4743 3142 4819 factitant“
3179 4742 3393 4819 quidam
3438 4740 3555 4794 libri
3596 4752 3803 4819 veteres

2215 4809 2774 4890 lmbeant'gloriﬁcate,
2810 4814 2896 4890 alii
2940 4809 3243 4890 clari/istuc;
3264 4811 3422 4890 _Vidc
3455 4822 3608 4866 notas
3638 4809 3705 4866 ad
3737 4810 3805 4866 li-

2216 4895 2367 4949 brum
2394 4894 2456 4946 de
2477 4882 2679 4943 'Habitu
2712 4884 2997 4955 Virginum,
3029 4899 3147 4954 pag.
3179 4882 3302 4937 524.

2290 5003 2845 5069 Xll.-—Sanctiﬁcetur
2861 5012 3041 5053 nomen
3067 5006 3226 5054 tuum.
3253 4999 3438 5069 Refert
3467 4997 3607 5052 hunc
3635 4997 3813 5069 locum

2220 5090 2435 5135 sanctus
2456 5065 2786 5145 Augustinus
2795 5072 2896 5145 _l_i|t.
2929 5086 2985 5125 tv
3009 5081 3183 5145 contra
3224 5071 3351 5145 ditas
3382 5068 3635 5145 Epistolas
3661 5065 3815 5145 Pela-

2219 5154 2508 5224 gianorum,
2535 5137 2738 5224 cunni).
2772 5142 3126 5224 llieronymus
3162 5142 3213 5194 itt
3245 5137 3479 5209 EpiStola
3511 5138 3575 5191 ad
3597 5137 3818 5224 Sunium

2222 5210 2276 5277 ἒι
2305 5210 2565 5275 Frelelzttn
2600 5210 2614 5268 Ξ
2645 5210 3003 5281 Sanctiﬁcetui'
3038 5224 3216 5265 nomen
3239 5222 3401 5275 tnutn,
3434 5224 3537 5261 non
3558 5210 3691 5275 quod
3719 5223 3819 5281 na-_

2225 5275 2297 5346 bis
2326 5289 2585 5344 orantibus
2611 5275 2950 5348 sancti/licetur
2976 5283 3110 5353 quod
3137 5298 3223 5351 per
3257 5297 3309 5353 se
3341 5288 3573 5334 sanctum
3598 5288 3691 5342 est,
3729 5275 3824 5332 sed

2224 5379 2323 5430 quo
2354 5369 2580 5430 petamus
2604 5354 2811 5430 utquod
2837 5369 2928 5430 per
2958 5351 3190 5430 naturain
3210 5351 3290 5403 sui
3320 5359 3548 5430 sanctum
3573 5359 3645 5430 est
3657 5364 3821 5430 sanc-

2230 5419 2448 5501 ii/icétur
2471 5430 2523 5481 in
2553 5419 2713 5501 nobis.
2746 5419 2973 5501 littt'inus
2990 5425 3040 5475 itt
3072 5420 3211 5501 Psal.
3246 5435 3427 5501 Lxxv_:
3463 5419 3826 5500 Sanctiﬁcetur

2231 5490 2411 5557 nomen
2441 5510 2602 5552 tnnnt.
2630 5497 2778 5563 Quod
2808 5510 2906 5563 non
2930 5494 3002 5546 sic
3041 5493 3225 5563 petitur
3248 5491 3397 5563 quasi
3421 5507 3518 5543 non
3547 5490 3829 5563 sitgnontett

2233 5583 2467 5627 sanctum
2493 5567 2608 5631 Dei,
2635 5558 2723 5620 sed
2750 5574 2802 5617 ut
2821 5558 3053 5617 sanctum
3079 5558 3321 5614 habeatur
3345 5560 3407 5613 ab
3437 5560 3740 5623 hominibus,

2236 5626 2309 5698 est
2336 5643 2408 5693 ita
2441 5639 2544 5693 illis
2585 5626 2865 5690 innotescat
2894 5632 3031 5687 Deus
3075 5641 3262 5686 utnon
3304 5631 3591 5699 existiment,
3636 5626 3834 5699 aliquid

2238 5712 2461 5767 sanctius
2490 5708 2625 5778 quod
2653 5707 2813 5778 magis
2837 5702 3094 5778 ofendere
3123 5705 3347 5757 timeant.
3385 5701 3515 5757 Vide
3552 5698 3834 5761 Tertullia-

2197 5811 2213 5833 .
2241 5798 2367 5841 num
2398 5783 2449 5837 itt
2480 5776 2621 5836 libro
2643 5778 2706 5832 de
2733 5776 2993 5830 Oratione.

4196 1756 4239 1765 μμ.
