4302 6296
516 332 623 396 527

1893 309 2031 368 DIVI
2066 307 2153 367 CY
2164 306 2388 364 PDIANI

3697 292 3808 352 528

519 448 721 507 nostris
740 488 754 511 ,
783 443 876 500 sed
906 439 1045 512 quod
1076 445 1317 509 petamus
1336 434 1405 490 ab
1424 446 1489 490 eo
1515 440 1573 488 ut
1590 444 1786 487 nomen
1807 429 1923 500 ejus
1950 441 2109 481 sauc-
2136 423 2191 485 Λ
2215 433 2268 479 et
2319 424 2432 491 ipse
2475 420 2717 476 Christus
2771 428 2891 473 esse
2940 425 3161 484 regnum
3210 409 3303 467 Dei
3322 450 3348 512 n,
3407 417 3565 512 quem
3618 408 3810 464 venire

524 543 754 598 tilicetur
786 537 836 590 in
870 533 1043 588 nobis.
1069 531 1334 585 Cancrum
1365 541 1395 580 a
1423 540 1528 595 quo
1558 524 1699 579 Deus
1725 518 2106 582 sanctiﬁcatur,

523 633 614 703 qui
644 631 755 697 ipse
768 622 1097 681 sanctiﬁcat?
1124 618 1230 676 Sed
1259 618 1382 690 quia
1409 617 1524 688 ipse
1546 614 1717 671 dixit:
1747 610 2108 703 Sanctiestote,

523 701 764 795 quoniam
793 730 838 771 et
864 732 955 786 ego
983 722 1190 768 sanctus
1236 726 1351 765 sum
1383 707 1524 781 (Leu.
1558 722 1625 772 tt,
1657 703 1774 777 44),
1807 702 1857 758 id
1887 701 2114 772 petimus

526 825 579 871 et
602 827 875 883 rogamus,
910 818 985 875 ut,
1014 808 1101 878 qui
1132 805 1186 861 in
1217 804 1487 875 Baptismo
1532 798 1845 857 sanctiﬁcati
1890 810 2074 851 sumus
2098 833 2114 860 ,

527 913 580 965 in
630 922 697 964 eo
743 902 884 975 quod
936 915 1058 957 esse
1103 898 1364 968 ccepimus
1422 905 1846 967 perseveremus.
1900 888 1969 944 Et
2014 886 2118 942 hoc

527 998 767 1072 quotidie
836 984 1207 1063 deprecamur.
1258 989 1406 1062 Opus
1452 998 1535 1044 est
1582 987 1724 1043 enim
1779 981 1934 1040 nobis
1987 994 2120 1050 quo-

530 1095 726 1149 tidiana
755 1087 1175 1146 sanctiﬁcatione
1193 1125 1207 1150 ,
1229 1093 1306 1149 ut,
1334 1083 1421 1153 qui
1445 1079 1686 1152 quotidie
1713 1075 2072 1147 delinquimus
2100 1112 2116 1137 ,

528 1186 722 1243 delicta
759 1193 940 1238 nostra
982 1178 1403 1238 sanctiﬁcatione
1435 1184 1460 1212 ει
1492 1173 1709 1230 assidua
1747 1181 2116 1241 repurgetnus.

531 1284 661 1350 Qua:
690 1288 865 1332 autem
895 1277 963 1332 sit
987 1264 1343 1330 sanctiﬁcatio
1368 1285 1487 1339 quae
1518 1267 1671 1322 nobis
1700 1265 1767 1320 de
1810 1263 1901 1318 Dei
1930 1261 2121 1331 digna-

496 1374 676 1442 _tione
700 1368 972 1425 confertur
1012 1362 1301 1436 Apostolus
1340 1359 1594 1430 praedicat
1642 1357 1826 1411 dieens
1877 1372 1890 1408 :
1948 1351 2127 1421 Neque

532 1462 797 1535 fornicarii
827 1503 843 1525 ,
880 1475 1038 1530 neque
1085 1456 1238 1511 idolis
1285 1454 1552 1508 servientes
1576 1492 1592 1516 ,
1647 1463 1804 1518 neque
1860 1443 2079 1499 adulteri
2107 1483 2124 1509 ,

532 1571 692 1626 neque
736 1553 912 1608 molles
941 1592 956 1617 ,
991 1565 1149 1618 neque
1195 1544 1538 1600 masculorum
1564 1540 1869 1612 appetitores
1900 1576 1915 1602 ,
1970 1549 2130 1604 neque

533 1650 672 1719 fares
690 1663 875 1717 ,ueque
904 1640 1215 1713 {raudulenti
1231 1681 1246 1708 ,
1274 1654 1433 1707 neque
1452 1635 1631 1691 ebriosi
1648 1676 1661 1698 ,
1686 1648 1845 1703 neque
1870 1627 2127 1691 maledici,

534 1718 693 1811 neque
742 1748 973 1809 raptores
1011 1749 1224 1806 regnum
1267 1729 1364 1785 Dei
1408 1737 1773 1797 consequentur
1797 1721 1849 1776 ἲν.
1908 1718 1973 1773 Et
2020 1719 2129 1772 lucc

534 1832 736 1902 τ--ξιιιντιι
752 1830 959 1902 ruistis;
995 1825 1084 1902 sed
1106 1823 1266 1878 abluti
1292 1821 1408 1876 estis
1434 1862 1447 1902 ,
1470 1819 1558 1873 sed
1564 1814 1834 1888 justi/ictui
1855 1812 1974 1868 estis
1996 1854 2010 1877 ,
2038 1827 2090 1865 se

2215 516 2450 587 quotidie
2463 515 2739 584 cupimus,
2757 510 2911 576 cujus
2937 508 3199 562 adventus
3221 513 3272 560 ut
3289 504 3398 560 cito
3425 503 3579 560 nobis
3605 516 3810 572 repras-

2216 615 2460 664 sentetur
2484 613 2751 675 optamus.
2774 600 2927 666 Nam,
2955 612 3077 654 cum
3100 594 3424 653 resurrectio
3447 594 3563 664 ipse
3583 600 3764 648 nostra
3781 587 3811 630 ἀ

2218 701 2331 765 sit,
2364 699 2487 770 quia
2541 697 2594 752 in
2648 696 2765 766 ipso
2817 692 3187 763 resurgimus,
3229 688 3309 745 sic
3354 697 3408 745 et
3441 703 3666 759 regnum
3715 686 3812 742 Dei

2219 798 2396 862 potest
2433 790 2547 859 ipse
2598 786 2852 854 intelligi,
2894 784 3017 855 quia
3069 784 3123 839 in
3166 781 3262 862 illo.
3294 780 3567 852 regnaturi
3598 795 3804 839 sumus.

2221 855 2366 938 bene
2400 855 2578 935 autem
2630 891 2853 947 regnum
2903 872 2993 929 Dei
3042 855 3315 941 petimus,
3365 870 3417 926 id
3454 880 3538 926 est
3589 884 3815 941 regnum

2221 976 2443 1033 caeleste
2471 1015 2484 1039 ,
2521 971 2643 1044 quia
2675 978 2759 1028 est
2790 977 2846 1025 et
2866 972 3126 1022 terrestre
3172 978 3421 1033 regnum.
3473 961 3580 1019 Sed
3607 962 3698 1033 qui
3728 975 3818 1016 re-

2222 1067 2487 1123 nuntiavit
2518 1066 2629 1134 jam
2657 1061 2878 1129 steculo,
2899 1056 3070 1127 major
3093 1062 3178 1111 est
3210 1067 3264 1113 et
3293 1056 3591 1112 honoribus
3623 1054 3739 1124 ejus
3764 1061 3822 1109 et

2222 1175 2413 1231 regno.
2446 1159 2513 1214 Et
2539 1157 2678 1223 ideo,
2708 1157 2794 1226 qui
2821 1172 2879 1212 se
2907 1158 3019 1213 Deo
3041 1167 3094 1212 et
3115 1154 3332 1212 Christo
3358 1148 3570 1206 dedicat
3620 1156 3644 1183 ο
3665 1186 3680 1211 ,
3709 1160 3821 1200 non

2225 1261 2442 1308 terrena
2466 1249 2561 1305 sed
2589 1248 2828 1305 caelestia
2855 1263 3016 1319 regna
3034 1246 3325 1303 desiderat.
3348 1242 3610 1297 Continua
3640 1244 3821 1291 autem

2227 1344 2471 1399 oratione
2507 1350 2563 1398 et
2598 1356 2759 1411 prece
2813 1356 2948 1410 opus
2981 1350 3062 1395 est
3106 1353 3174 1394 ne
3219 1334 3530 1392 excidamus
3575 1345 3605 1383 a
3657 1340 3826 1397 regno

2229 1435 2432 1491 cmlcsti
2467 1476 2482 1499 ,
2512 1434 2651 1488 sicut
2685 1430 2854 1487 Judzei
2886 1473 2900 1497 ,
2927 1415 3121 1501 quibus
3162 1428 3266 1483 hoc
3311 1423 3459 1496 prius
3504 1418 3825 1490 promissum

2236 1527 2446 1589 fuerat,
2500 1522 2858 1587 exciderunt,
2914 1520 3139 1575 Domino
3180 1514 3553 1572 manifestante
3596 1517 3650 1564 et
3695 1518 3826 1579 pro-

2232 1620 2393 1675 bante
2419 1636 2431 1671 :
2459 1615 2633 1678 Multi,
2665 1614 2855 1684 inquit,
2885 1613 3083 1667 venient
3106 1610 3168 1664 ab
3196 1609 3403 1663 Oriente
3432 1614 3475 1659 et
3505 1601 3782 1658 Occidente
3807 1636 3825 1663 ,

2237 1723 2285 1769 et
2329 1707 2617 1765 rccumbent
2647 1722 2763 1760 cum
2791 1703 3051 1758 Abraham
3079 1711 3125 1756 et
3153 1699 3306 1755 Isaac
3331 1708 3376 1753 et
3405 1693 3566 1750 Jacob
3594 1693 3647 1747 in
3670 1704 3827 1761 regno

2091 1810 2126 1864 d
2156 1809 2206 1870 B
2234 1804 2510 1864 caelorum;
2565 1797 2660 1861 filii
2707 1805 2876 1850 autem
2925 1793 3067 1864 regni
3121 1789 3435 1860 cxpellcntur
3482 1785 3535 1839 in
3598 1779 3829 1836 tenebras

537 1871 1583 1959 έατιειὸίῖέᾶἶῖῒίῑῗδνενέηῂῖτδῆίιῆέῦἆνῶπῖ
1598 1871 1763 1941 τιθείη
1789 1904 1919 1959 Iop-
2234 1891 2524 1947 exteriores.
2581 1886 2700 1941 Illic
2757 1885 2850 1937 erit
2914 1879 3184 1950 plorant;t
3230 1888 3277 1931 et
3343 1875 3536 1930 stridor
3598 1871 3829 1927 dentium

535 1996 581 2039 et
611 1986 663 2038 in
702 1956 905 2050 Spiritu
946 1980 1041 2036 Dei
1073 1982 1232 2036 nostri
1282 1982 1341 2051 (Ι
1369 1980 1488 2035 Cor.
1522 1996 1596 2048 vt,
1629 1980 1710 2037 9—
1733 1981 1794 2038 ll
1830 1956 1875 2052 )‘.
1921 1980 2132 2036 Sancti-

538 2078 723 2131 ﬁcatos
748 2088 848 2131 nos
871 2074 1001 2129 dicit
1024 2075 1077 2128 in
1110 2073 1329 2129 nomine
1366 2073 1575 2127 Domini
1613 2071 1742 2128 Jcsu
1768 2072 1965 2127 Christi
1991 2082 2045 2128 et
2075 2073 2129 2127 in

535 2166 738 2234 Spiritu
779 2165 871 2220 Dei
918 2166 1107 2221 nostri.
1188 2164 1314 2221 Haec
1366 2154 1720 2219 sanctiﬁcatio
1765 2174 1822 2219 ut
1873 2165 1927 2219 in
1975 2165 2130 2220 nobis

535 2265 845 2330 permaneat
873 2271 1111 2313 oramus.
1142 2256 1213 2312 Et
1236 2255 1357 2326 quia
1388 2256 1649 2312 Dominus
1674 2265 1729 2312 et
1752 2255 1917 2327 judex
1946 2265 2129 2312 noster

534 2357 722 2405 sanato
745 2365 775 2404 a
809 2364 869 2406 se
898 2358 953 2406 et
976 2349 1245 2405 viviﬁcato
1270 2349 1630 2405 comminatur
1654 2349 1764 2419 jam
1809 2364 1917 2405 non
1955 2330 2129 2405 delin-

533 2456 700 2510 quere
725 2482 741 2508 ,
772 2456 839 2496 ne
876 2440 1002 2512 quid
1031 2440 1081 2498 ei
1108 2441 1347 2513 deterius
1379 2439 1472 2495 ﬁat
1498 2481 1514 2508 ,
1545 2442 1683 2496 hanc
1711 2440 1979 2496 continuis
2006 2456 2130 2495 ora-

533 2531 767 2588 tionibus
805 2548 1018 2603 precem
1063 2532 1288 2589 facimus
1317 2574 1333 2601 ,
1387 2534 1488 2588 hoc
1536 2533 1728 2589 diebus
1774 2548 1835 2588 ac
1881 2532 2128 2587 noctibus

534 2623 864 2694 postulamus
884 2664 898 2688 ,
932 2632 991 2678 ut
1017 2621 1371 2679 sanctiﬁcatio
1395 2632 1452 2679 et
1480 2622 1766 2679 viviﬁcatio
1790 2639 1910 2694 qua:
1939 2623 2007 2679 de
2032 2622 2127 2679 Dei

531 2715 700 2786 gratia
729 2713 958 2770 sumitur
982 2714 1149 2785 ipsius
1183 2715 1515 2785 protectione
1539 2724 1802 2771 servetur.

604 2807 744 2862 XIII.
772 2808 1027 2878 Sequitur
1045 2808 1099 2863 in
1121 2808 1395 2864 oratione:
1422 2808 1702 2865 onctm'r
1717 2822 1932 2866 necnon
1953 2824 2124 2864 τυιιιι.

530 2898 775 2968 Regnum
833 2898 994 2952 etiam
1045 2898 1139 2953 Dei
1203 2899 1581 2972 reprtesentari
1622 2898 1791 2954 'nobis
1846 2900 2079 2970 petimus
2106 2940 2123 2967 ,

529 2990 687 3046 sicuti
709 3000 763 3045 et
789 3005 983 3045 nomen
1014 2991 1163 3062 ejus,
1194 3001 1254 3046 ut
1279 2992 1332 3047 in
1362 2993 1516 3048 nobis
1541 2992 1907 3048 sanctiﬁcetur
1945 3002 2128 3062 postu-

531 3082 724 3136 lamus.
753 3080 889 3136 Nam
919 3082 1059 3138 Deus
1087 3082 1303 3152 quando
1334 3098 1440 3139 non
1471 3084 1690 3155 regnat?
1712 3085 1969 3155 autapud
1998 3100 2120 3141 cum

2213 1971 2463 2039 '(Matth.
2492 1986 2607 2037 vm,
2638 1978 2730 2037 tt,
2748 1973 2883 2040 42).
2913 1969 3159 2026 Ostendit
3202 1967 3325 2038 quia
3371 1976 3495 2019 ante
3542 1963 3636 2018 ﬁlii
3677 1959 3828 2033 regni

2234 2065 2404 2121 Judaei
2431 2071 2614 2129 erant,
2642 2061 2855 2132 quando
2898 2070 2955 2115 et
2979 2060 3074 2114 ﬁlii
3106 2058 3198 2114 Dei
3227 2072 3349 2114 esse
3377 2054 3817 2126 perseverabant.

2234 2148 2524 2229 Postquam
2575 2154 2805 2211 cessavit
2855 2153 2998 2208 circa
3056 2152 3176 2207 illos
3230 2164 3425 2205 nomen
3494 2154 3774 2219 paternum
3808 2186 3827 2211 ,

2219 2248 2465 2305 cessavit
2519 2255 2575 2303 et
2624 2260 2870 2316 regnum.
2947 2242 3015 2297 Et
3064 2241 3187 2297 ideo
3240 2238 3577 2303 Christiani,
3633 2236 3723 2307 qui
3774 2235 3827 2291 in

2232 2324 2474 2409 oratione
2501 2336 2773 2408 appellare
2806 2345 3013 2405 patrem
3042 2332 3210 2387 Deum
3247 2331 3509 2399 ctcpimus
3529 2370 3544 2396 ,
3576 2342 3674 2384 nos
3712 2335 3767 2384 et
3799 2336 3826 2374 ε

2231 2442 2290 2489 ιιι
2311 2445 2534 2502 regnum
2564 2428 2838 2507 Deionobis
2859 2426 3036 2484 veniat
3063 2440 3300 2481 oramus.
3498 2412 3505 2427 ’

2302 2525 2441 2581 XIV.
2485 2523 2745 2579 Addimus
2768 2536 2982 2593 quoque
3005 2529 3059 2576 et
3080 2519 3312 2575 dicimus
3341 2535 3354 2573 :
3388 2516 3521 2572 Furr
3547 2528 3826 2572 vownrss

2230 2635 2334 2676 rus
2359 2634 2509 2674 SICUT
2535 2634 2588 2673 ιω
2617 2632 2777 2673 οαςιο
2802 2613 2829 2652 ¹ι
2853 2631 2921 2671 ετ
2952 2630 3004 2670 IN
3041 2629 3218 2670 reuna
3239 2628 3254 2679 ;
3277 2625 3383 2667 non
3411 2622 3465 2666 ut
3494 2610 3635 2666 Deus
3670 2609 3830 2665 iaciat

2231 2710 2371 2782 quod
2415 2709 2527 2764 vult
2553 2749 2568 2775 ,
2616 2707 2712 2764 sed
2755 2715 2813 2761 ut
2849 2722 2950 2761 nos
2990 2704 3165 2761 facere
3209 2703 3475 2774 possimus
3503 2700 3645 2771 quod
3683 2700 3827 2755 Deus

2234 2803 2365 2857 vult.
2425 2800 2560 2857 Nam
2614 2800 2727 2856 Deo
2770 2799 2891 2871 quis
2934 2796 3148 2852 obsistit
3187 2794 3475 2865 quominus
3510 2791 3652 2864 quod
3686 2789 3828 2858 .velit

2229 2895 2432 2953 faciat?
2456 2892 2565 2950 Sed
2591 2893 2713 2964 quia
2742 2891 2898 2947 nobis
2922 2906 2950 2945 a
2979 2889 3197 2945 diabolo
3220 2886 3501 2943 obsistitur
3538 2884 3828 2957 quominus

2228 3003 2327 3061 per
2353 2987 2534 3044 omnia
2558 2993 2741 3040 noster
2763 2983 2976 3038 animus
2999 2991 3159 3052 atque
3181 2990 3335 3034 actus
3350 2979 3460 3035 Deo
3471 2977 3819 3047 obsequatur,

2230 3093 2450 3135 oramus
2475 3085 2532 3132 et
2568 3075 2806 3147 petimus
2826 3081 2886 3128 ut
2909 3074 3001 3127 ﬁat
3031 3072 3083 3127 in
3106 3070 3262 3126 nobis
3280 3070 3524 3125 voluntas
3541 3067 3676 3135 Dei,
3703 3080 3826 3138 qua:

528 3174 743 3244 quando
788 3174 976 3244 incipit
1036 3174 1178 3246 quod
1226 3187 1282 3232 et
1325 3191 1540 3248 semper
1587 3179 1690 3233 fuit
1740 3189 1796 3233 et
1844 3164 1967 3234 esse
2016 3194 2122 3233 non
2149 3172 2196 3237 C
2230 3181 2288 3228 ut
2330 3172 2444 3238 ﬁat,
2483 3172 2537 3225 in
2577 3167 2736 3225 nobis
2763 3181 2898 3238 opus
2923 3173 3007 3222 cst
3038 3165 3132 3220 Dei
3169 3163 3479 3228 voluntate,
3525 3161 3577 3217 id
3611 3170 3695 3218 est
3721 3175 3826 3233 ope

529 3267 776 3322 desinit?
813 3267 1065 3323 Nostrum
1104 3284 1326 3338 regnum
1372 3271 1604 3340 petimus
1640 3270 1894 3327 advenire
1932 3288 1961 3325 a
2013 3272 2124 3328 Deo

532 3357 685 3414 nobis
728 3348 1115 3427 repromissum
1145 3399 1161 3423 ,
1218 3359 1415 3416 Citriin
1462 3363 1720 3432 sanguine
1769 3372 1825 3418 et
1874 3365 2122 3434 passione

531 3447 853 3516 quaesitum;
886 3456 962 3514 ut,
991 3448 1080 3518 qui
1112 3449 1163 3502 in
1207 3451 1406 3505 sacculo
1432 3460 1558 3506 ante
1581 3452 1930 3520 servivimus,
1979 3466 2124 3525 post-

530 3539 747 3593 modum
766 3538 977 3595 Christo
1012 3540 1324 3597 dominante
1351 3557 1660 3615 regnetnus,
1686 3544 1824 3600 sicut
1852 3546 1967 3618 ipse
2000 3548 2120 3618 pol-

530 3632 723 3700 licetur
745 3642 797 3686 ct
827 3632 955 3688 dicit
984 3650 997 3686 :
1034 3632 1241 3698 Venite,
1265 3633 1512 3690 benedicti
1537 3634 1712 3693 Patris
1736 3639 1855 3705 mei,
1880 3641 2122 3710 percipite

530 3739 741 3794 regnum
779 3724 916 3795 quod
958 3725 1096 3779 vobis
1123 3735 1358 3795 paratum
1396 3736 1469 3782 est
1507 3727 1570 3782 ab
1608 3728 1679 3761 ’⁸⁸
1705 3730 1900 3802 origine
1947 3733 2124 3787 mundi

536 3817 769 3887 (Matth.
804 3833 930 3887 xxv,
961 3818 1029 3876 ’54
1049 3816 1093 3890 ).
1130 3818 1313 3876 Potest
1338 3834 1468 3876 vero
1489 3860 1505 3887 ,
1534 3819 1729 3878 fratres
1753 3822 2121 3894 dilectissimi,

2226 3265 2345 3337 ejus
2369 3273 2423 3319 et
2450 3262 2819 3333 protectione;
2848 3258 2974 3329 quia
2999 3271 3157 3313 nemo
3177 3259 3290 3312 suis
3315 3256 3518 3311 viribus
3530 3254 3682 3310 fortis
3702 3262 3818 3322 est,

2228 3356 2325 3414 sed
2360 3355 2453 3413 Dei
2493 3353 2821 3427 indulgentia
2867 3361 2925 3409 et
2973 3349 3339 3406 misericordia
3378 3355 3522 3404 tutus
3567 3357 3670 3405 est.
3716 3347 3819 3404 De-

2226 3450 2387 3520 nique
2424 3458 2477 3503 et
2522 3445 2801 3511 Dominus,
2833 3441 3196 3498 inﬁrmitatem
3239 3440 3474 3496 hominis
3501 3455 3659 3510 quem
3687 3453 3819 3509 por-

2226 3548 2372 3602 tabat
2391 3540 2701 3603 ostcndens,
2726 3536 2801 3591 ait
2830 3554 2845 3592 :
2874 3534 3054 3599 Pater,
3084 3533 3129 3588 si
3169 3533 3283 3602 ﬁeri
3321 3542 3514 3604 potest,
3539 3538 3762 3587 transeat
3787 3547 3822 3586 ts

2225 3653 2304 3692 me
2324 3634 2460 3691 calix
2495 3633 2588 3688 iste
2614 3630 2632 3701 (
2654 3627 2843 3683 Matth.
2894 3642 3041 3692 xxvr,
3071 3622 3198 3695 ‘59).
3221 3623 3291 3679 Et
3318 3623 3629 3695 exemplum
3656 3622 3824 3677 disci-

2228 3730 2369 3801 pulis
2394 3728 2504 3783 suis
2557 3724 2794 3785 tribuens
2827 3729 2885 3776 ut
2922 3735 3031 3776 non
3055 3720 3385 3775 voluntatem
3414 3734 3565 3774 suam
3596 3718 3688 3774 sed
3722 3716 3818 3773 Dei

2227 3824 2443 3889 faciant,
2460 3818 2664 3875 addidit
2680 3816 2895 3873 dicens:
2921 3814 3279 3871 Verumtamen
3302 3830 3403 3869 non
3419 3813 3557 3884 quod
3574 3828 3666 3884 ego
3677 3812 3817 3881 volo,

1756 3960 2138 4022 LECTIONES
2172 3957 2589 4022 VARIANTES.

597 4069 623 4097 ³
656 4065 991 4119 Satisfactione
1013 4071 1104 4119 Ar.

569 4128 627 4191 ξι»
660 4129 992 4181 I’ossidebunt
1011 4134 1153 4181 Pent.
1177 4130 1303 4182 Bod.
1327 4133 1376 4182 4.
1407 4135 1545 4184 Voss.
1572 4135 1618 4186 1.

532 4252 567 4301 5
601 4194 639 4300 ἒ
661 4191 992 4242 Sanctiﬁcatus
1021 4206 1110 4242 nos
1139 4192 1258 4243 dicit
1281 4196 1413 4245 Lam.
1437 4194 1580 4248 Ebor.
1613 4201 1748 4251 Voss.
1778 4202 1824 4251 1.
1848 4203 1974 4256 Bod.
2002 4206 2045 4267 1,
2070 4203 2120 4267 2,

558 4313 573 4384 ,⁷
598 4313 636 4384 ιι,
659 4315 831 4389 Nostra
856 4315 987 4389 deest
1008 4315 1059 4369 in
1075 4317 1107 4368 8
1128 4315 1273 4381 Angl.
1290 4325 1335 4370 et
1355 4318 1515 4372 audtis
1535 4320 1681 4386 impr.
1699 4322 1750 4375 in
1771 4323 1939 4389 quibus
1961 4338 2128 4379 recen-

532 4377 741 4453 tissintus
760 4377 842 4428 ed.
877 4377 1008 4444 Lips.

2300 4082 2324 4109 υ
2355 4075 2544 4125 Dicavit
2569 4071 2701 4122 Ltan.
2724 4069 2848 4119 Ben.
2868 4067 2994 4119 Bod.
3017 4064 3068 4128 2,
3093 4065 3143 4116 5.
3167 4063 3309 4116 Dicat
3324 4066 3453 4117 Bod.
3479 4066 3526 4127 1,
3553 4065 3601 4115 4.
3623 4063 3792 4118 Paris.

2294 4137 2315 4176 τ
2353 4137 2458 4189 Erit
2480 4135 2629 4184 ﬂetus
2652 4130 2780 4183 Bod.
2808 4131 2852 4187 1,
2874 4132 2924 4178 2.

2225 4202 2236 4214 ’
2294 4203 2320 4243 ις
2354 4186 2602 4262 Cmpimus
2640 4207 2783 4245 nosse
2818 4186 2949 4243 Lem.
2972 4191 3115 4241 Pent.
3145 4192 3284 4243 Voss.
3316 4189 3365 4251 2,
3400 4190 3450 4240 3.
3476 4191 3598 4242 Ben.
3622 4189 3752 4242 Bod.
3773 4186 3826 4239 2.

2228 4261 2457 4332 Cepimus
2483 4261 2577 4332 4r.
2633 4318 2670 4332 ,γ
2709 4314 2827 4332 ’.μ’

2292 4316 2323 4364 Β
2355 4323 2457 4374 Tua
2482 4323 2531 4371 in
2554 4318 2682 4370 coelo
2702 4316 2869 4369 Paris.
2890 4316 3094 4380 August.

537 4528 550 4557 ι
1765 4491 2009 4552 STEPII.
2050 4493 2316 4554 BALlLle
2352 4490 2583 4550 NOTAE.

610 4624 945 4697 Appetitores.
987 4592 1232 4697 Quinque
1266 4626 1385 4697 libri
1416 4637 1624 4683 veteres
1665 4627 1860 4684 habent
1892 4633 2125 4687 concubi—
2145 4634 2200 4694 D
2298 4633 2367 4665 ⁸⁸⁷
2387 4629 2526 4687 XIII.
2553 4656 2626 4672 -υ
2656 4623 2975 4697 Resurrectio
2998 4622 3107 4693 ipse
3127 4623 3211 4678 sit.
3233 4621 3432 4697 Omnes
3449 4621 3734 4691 editiones,
3769 4622 3823 4697 si

539 4704 687 4748 tores.
707 4696 800 4771 _S_ic
827 4697 984 4771 etiam
1014 4712 1071 4771 se
1098 4697 1148 4750 iu
1184 4696 1768 4771 antiquissimocodicc
1798 4702 1991 4771 legisse
2019 4711 2125 4759 tes-

540 4774 684 4819 tatur
706 4764 998 4843 hiorcllius,
1030 4765 1081 4820 in
1111 4783 1215 4843 uno
1236 4764 1419 4843 codice
1448 4764 1923 4843 Bodleianoedit'io
1947 4774 2125 4843 Angli-

538 4850 693 4959 {fuit}.
733 4835 822 4892 Sic
873 4836 1030 4891 etiam
1075 4836 1238 4893 editio
1283 4840 1489 4911 vulgata
1542 4839 1901 4909 Epistolarum
1954 4835 2125 4899 saticti

560 4921 646 4959 ‘au
675 4924 706 4959 ι.
894 4931 903 4941 ι

560 4921 706 4960 ένιιυιι.

536 4983 577 5055 ,‘_
610 4975 974 5055 Fraudulenti.
1012 4977 1194 5055 Codex
1236 4979 1498 5055 Fuxcnsis
1527 4982 1845 5055 fraudatam
1880 4984 1956 5038 vel
1983 4986 2126 5055 frau-

540 5047 756 5122 dulenti,
785 5060 839 5103 ut
859 5049 1136 5122 arbitrium
1159 5062 1303 5122 esset
1332 5047 1593 5122 integrum
1617 5053 1802 5108 lectori
1834 5047 2125 5109 retinenda:

535 5116 779 5174 lectionis
809 5136 929 5191 qua:
958 5117 1058 5173 sibi
1090 5121 1257 5191 magis
1287 5116 1568 5177 arridérct.
1603 5123 1714 5191 Ego
1746 5125 1970 5189 przcl'ero
1997 5125 2125 5180 ulti-

535 5203 697 5256 mam,
730 5189 855 5259 quia
885 5207 1005 5246 eam
1034 5193 1206 5262 reperi
1234 5189 1286 5244 iu
1314 5206 1421 5245 xxv
1455 5193 1603 5248 libris
1628 5189 1918 5249 veteribus.
1949 5196 2121 5251 Aliam

529 5272 655 5330 raro
685 5262 879 5330 reperi.

610 5326 895 5399 Viri/irato.
930 5331 1002 5385 Ita
1041 5345 1228 5386 omnes
1265 5331 1385 5386 libri
1428 5342 1636 5388 veteres
1671 5345 1724 5390 et
1762 5350 1949 5390 onmes
1974 5335 2113 5390 anti-

527 5415 650 5473 qua:
678 5402 963 5459 editiones.
994 5402 1293 5457 Mauutiaua
1334 5403 1491 5459 habet
1509 5407 1813 5473 justiﬁcato.
1844 5406 2113 5463 Morellius

526 5470 745 5547 retinuit
767 5482 1002 5547 veterem
1029 5472 1333 5547 lectionem.
1357 5470 1623 5547 Pantelins
1643 5470 1702 5531 et
1723 5477 1980 5547 Rigaltius
1995 5493 2110 5532 tua-

520 5540 737 5597 Iucruut
773 5544 1079 5617 justiﬁcato.
1127 5542 1217 5617 Sic
1250 5545 1414 5617 etiam
1446 5546 1623 5617 Angli,
1670 5540 1911 5617 quamvis
1947 5548 2112 5603 habe-

516 5622 640 5668 rent
692 5616 1064 5688 auctoritatem
1128 5614 1356 5688 plurium
1412 5614 1652 5688 veterum
1690 5614 2108 5688 exemplarium

512 5693 698 5763 contra
744 5685 1121 5763 sentientium:
1163 5684 1292 5763 Vide
1347 5684 2104 5763 conciliumCarthaginiense,

505 5753 760 5828 Cypriani
789 5768 909 5825 pag.
939 5755 1076 5822 352,
1106 5753 1165 5811 in
1186 5756 1517 5824 allocutione
1543 5756 1741 5823 Felicis
1764 5774 1796 5814 a
1828 5753 2008 5835 Bagai.

2226 4703 2387 4759 Morel
2398 4704 2588 4756 Iiauam
2604 4696 2859 4767 excipias,
2875 4694 3075 4767 habent
3094 4695 3398 4767 resurrectio
3412 4705 3586 4767 nostra
3604 4697 3713 4764 ipse
3735 4694 3821 4767 sit.

2228 4775 2295 4830 At
2324 4789 2427 4828 vox
2449 4780 2623 4826 nostra
2651 4764 2805 4822 deest
2832 4767 2882 4819 in
2912 4764 3161 4834 omnibus
3189 4765 3589 4834 exemplaribus
3625 4765 3821 4820 nostris

2227 4855 2283 4900 et
2300 4845 2348 4899 in
2371 4852 2491 4897 octo
2511 4838 2845 4909 Anglicanis.
2860 4834 3019 4892 Certe
3045 4833 3257 4909 videtur
3285 4833 3389 4909 non
3418 4850 3540 4909 esse
3567 4848 3817 4909 necessa-

2228 4915 2325 4969 ria.
2342 4905 2887 4970 Cattcrum'vocabulo
2902 4906 3280 4961 resurrectionis
3302 4907 3378 4960 uti
3402 4906 3585 4961 uolent
3600 4905 3820 4959 Cicero-

2228 4986 2375 5040 niani
2407 4993 2459 5040 et
2496 4983 2598 5053 qui
2618 4979 2763 5053 nihil
2787 4977 3027 5053 scribere
3054 4976 3241 5053 volunt
3268 4977 3409 5053 quod
3433 4993 3537 5053 non
3566 4976 3636 5029 sit
3665 4990 3812 5053 pura:

2229 5046 2529 5111 Iatinitatis:
2574 5051 2644 5107 At
2706 5049 3029 5114 Christiani,
3071 5046 3318 5102 homines
3356 5046 3624 5114 simplices
3650 5054 3704 5099 et
3722 5047 3822 5099 're-

2229 5142 2348 5182 rum
2377 5126 2547 5194 magis
2586 5137 2758 5194 quam
2778 5120 3063 5194 verborum
3088 5115 3689 5194 curiosi,_crcdiderunt_
3706 5115 3815 5194 sibi

2226 5195 2389 5252 licere
2438 5184 2512 5252 ιιἶί
2540 5184 2797 5249 vocabulo
2824 5204 2932 5257 quo
2966 5188 3123 5242 unico
3171 5186 3531 5257 signiﬁcarent
3577 5184 3815 5257 reditum

2226 5206 2389 5252 licere
2438 5206 2512 5252 uti
2540 5206 2797 5249 vocabulo
2824 5206 2932 5244 tuo
2966 5206 3123 5242 unico
3171 5206 3531 5257 Stguutcarent
3577 5206 3810 5239 rcuttum

2222 5265 2420 5322 Christi
2473 5266 2540 5320 ad
2592 5264 2777 5317 vitam.
2839 5206 3020 5327 itaque
3071 5258 3323 5313 dixerunt
3373 5256 3810 5327 resurrectionem.

2219 5335 2362 5391 Nihil
2406 5335 2668 5407 vulgatius
2717 5333 2768 5385 in
2812 5326 2963 5385 libris
2993 5337 3235 5384 veterum
3281 5329 3600 5399 scriptorum
3629 5326 3811 5382 eccle-

2213 5407 2569 5462 siasticorum.

2288 5476 2645 5547 Expellentur.
2702 5469 2881 5547 Codex
2954 5467 3477 5540 Gratianopolilauus
3504 5510 3520 5536 ,

2214 5556 2316 5607 tur.
2344 5542 2724 5609 Lamouiauus,
2755 5542 3033 5595 mittentur.

2284 5619 2501 5675 XIV.—-
2527 5615 2777 5671 Addinms
2800 5626 3015 5683 quoque.
3046 5609 3187 5667 Citat
3206 5611 3355 5683 hunc
3381 5611 3559 5683 locum
3578 5618 3813 5683 sanctus

2210 5690 2539 5759 Augustinus
2583 5687 2679 5743 lib.
2727 5698 2780 5740 tv
2811 5680 3002 5739 contra
3028 5683 3157 5739 duas
3193 5681 3457 5758 Epistolas
3486 5680 3810 5755 Pelagiano-

2212 5758 2347 5831 rum,
2371 5774 2491 5833 cap.
2515 5758 2571 5818 9.

3601 5468 3815 5539 ejicien-
