4332 6292
482 213 591 274 529

1574 212 1781 271 LIBER
1821 212 1909 271 DE
1944 213 2298 272 ORATIONE
2352 215 2693 274 DOMINICA.

3669 223 3775 280 530

485 331 576 389 sed
594 330 730 402 quod
750 338 844 386 tuat
866 330 1079 405 (Matth.
1109 347 1263 396 xxvr,
1291 330 1404 404 39).
1425 314 1490 387 Et
1510 331 1616 388 alio
1636 332 1899 389 locodicit
1918 351 1932 389 :
1954 332 2078 389 Non
2104 337 2155 397 A
2181 336 2427 391 volumus
2455 337 2567 406 ipsa
2611 336 2868 392 liteiamns
2888 378 2903 402 ,
2932 336 3058 393 dum
3086 339 3300 409 spiritus
3333 341 3572 398 celestia
3598 348 3652 396 et
3683 339 3769 395 di-

487 422 725 479 descendi
750 422 813 477 de
841 422 966 478 coelo
991 432 1044 476 ttt
1074 423 1262 493 faciant
1294 424 1600 478 voluntatem
1638 441 1832 492 meam,
1867 427 1957 481 sed
1981 441 2074 480 vo-

486 518 730 581 luntatem
769 516 879 586 ejus
912 517 997 587 qui
1034 516 1166 571 misit
1204 533 1282 570 me
1307 516 1503 589 (.loan.
1547 533 1620 579 vt.
1654 517 1722 573 '52
1746 517 1796 590 ).
1823 518 1975 586 Quod
2026 520 2072 577 si

487 609 629 665 ﬁlius
660 608 932 664 obaudivit
963 619 1019 664 ιιι
1048 609 1246 665 faceret
1273 610 1441 679 patris
1476 611 1801 667 voluntatem
1828 654 1843 678 ,
1871 622 2072 684 quanto

484 701 654 771 magis
681 715 873 758 servus
904 700 1158 757 obaudire
1193 699 1352 757 debet
1382 710 1439 755 ut
1465 700 1625 757 faciat
1653 702 1855 758 domini
1885 703 2075 758 volun-

489 794 689 851 tatem?
722 793 860 849 sicut
891 792 942 847 in
970 781 1204 863 Mistola
1249 806 1344 848 sua
1385 792 1623 850 Joannes
1658 809 1871 865 quoque
1906 793 1971 848 ad
2004 794 2079 849 la-

488 887 732 944 ciendam
777 887 870 942 Dei
901 886 1228 942 voluntatem
1254 885 1496 942 hortatur
1524 897 1573 941 et
1608 887 1821 943 instruit
1846 887 2033 943 dicens
2061 906 2075 941 :

491 979 671 1036 Nolite
696 978 906 1049 diligere
934 979 1177 1033 mandunt
1200 994 1360 1045 neque
1403 994 1464 1033 ea
1488 993 1602 1049 qua:
1626 979 1680 1033 in
1718 980 1906 1032 mundo
1937 989 2076 1033 sunt.

490 1073 555 1129 Si
578 1074 691 1143 quis
712 1071 946 1125 dilexerit
970 1070 1239 1136 mundum,
1264 1086 1365 1124 non
1402 1077 1473 1125 est
1514 1070 1735 1127 cItaritas
1759 1068 1788 1107 ι)
1814 1069 1989 1124 Patris
2025 1071 2080 1124 in

488 1164 582 1220 illo
609 1204 625 1229 ,
652 1163 773 1235 quia
823 1178 971 1217 ontne
1021 1162 1158 1233 quod
1184 1163 1237 1217 in
1270 1162 1460 1217 mundo
1509 1171 1617 1228 est,
1672 1165 2081 1233 concupiscentia

489 1257 660 1312 carnis
678 1265 785 1322 est,
823 1264 868 1310 et
909 1256 1316 1325 concupiscentia
1358 1256 1647 1323 oculorum,
1676 1265 1723 1311 et
1751 1255 1958 1310 ambitio
1984 1271 2083 1311 ste-

488 1350 595 1406 culi
631 1390 647 1417 ,
699 1363 812 1418 quia
860 1364 961 1402 non
998 1356 1070 1402 est
1103 1364 1134 1400 a
1173 1346 1333 1403 Patre
1356 1390 1372 1414 ,
1424 1349 1511 1402 sed
1562 1364 1625 1403 ea:
1677 1347 2082 1418 concupiscentia

490 1440 668 1496 mundi
699 1450 720 1479 ο
742 1455 760 1492 :
780 1448 828 1495 et
858 1439 1076 1494 mundus
1098 1440 1330 1493 transibit
1353 1448 1397 1493 et
1422 1441 1825 1508 concupiscentia
1837 1439 1947 1508 ejus
1964 1456 1982 1504 ;
1998 1438 2084 1508 qui

489 1542 659 1586 autent
688 1530 858 1603 fecerit
882 1529 1196 1585 uoluntatem
1234 1529 1329 1585 Dei
1356 1542 1524 1586 manet
1561 1533 1615 1585 in
1644 1541 1887 1586 ceternnm
1913 1571 1928 1593 ,
1954 1545 2083 1599 quo-

488 1624 641 1679 ntodo
667 1633 713 1678 et
748 1622 887 1677 Deus
912 1633 1079 1677 manet
1121 1624 1177 1677 in
1226 1633 1467 1679 teterntnn
1497 1623 1558 1697 (Ι
1590 1622 1748 1678 Joan.
1780 1639 1838 1690 ll,
1871 1620 2080 1693 15-17).

2180 426 2301 481 vina
2347 427 2558 496 quaerit,
2591 442 2719 483 caro
2764 437 2973 484 terrena
3004 438 3058 483 et
3104 432 3378 486 saecularia
3406 433 3759 503 concupiscit.

2179 517 2245 572 Et
2280 516 2401 573 ideo
2429 519 2657 588 petimus
2689 519 2929 589 impense
2959 522 2976 558 ί
3016 520 3153 574 inter
3185 520 3293 576 duo
3320 522 3418 577 ista
3458 538 3561 591 ope
3588 533 3646 578 et
3671 540 3766 578 au-

2178 609 2308 664 xilio
2339 609 2795 666 Deiconeordiam
2823 610 2934 668 licrl
2958 655 2973 681 ,
3009 622 3067 668 ut
3091 612 3217 668 dum
3254 622 3309 670 et
3337 615 3388 669 in
3416 615 3605 685 spiritu
3632 626 3687 671 ct
3713 618 3765 672 ia

2179 716 2342 757 carne
2365 703 2610 759 voluntas
2640 704 2735 760 Dei
2762 705 2989 775 geritur,
3029 722 3151 778 qua:
3192 721 3288 778 per
3312 721 3436 763 eum
3476 715 3660 763 renata
3687 717 3769 763 est

2181 798 2359 853 anima
2408 807 2675 855 servetur.
2706 799 2856 866 Quod
2882 811 3066 871 aperte
3090 811 3249 873 atque
3275 802 3556 859 manifeste
3582 813 3607 851 ε
3638 819 3772 873 apo-
3864 798 3875 802 ’

2182 892 2354 946 stolas
2380 892 2575 948 Paulus
2600 908 2695 948 sua
2724 907 2857 949 voce
2885 895 3159 951 declarat:
3191 893 3346 960 Caro,
3369 895 3557 965 inquit,
3590 911 3775 949 concu-

2183 983 2331 1052 piscit
2367 984 2607 1038 adversus
2638 984 2891 1061 spiritum,
2922 995 2969 1040 et
3012 986 3222 1057 spiritus
3250 985 3496 1040 adversus
3546 1002 3770 1040 carnem.

2186 1073 2313 1128 Hcce
2338 1075 2470 1129 enim
2498 1075 2712 1129 inuicem
2743 1075 3076 1132 adversantur
3095 1078 3211 1145 sibi,
3252 1087 3308 1132 ut
3336 1093 3437 1131 non
3476 1092 3592 1148 qua:
3627 1076 3776 1131 vultis

2182 1165 2296 1234 ipsa
2315 1165 2542 1236 faciatis.
2575 1164 2846 1236 Manifesta
2874 1176 3042 1222 autent
3071 1177 3187 1223 sunt
3207 1184 3363 1238 opera
3388 1166 3417 1204 ιλ
3448 1168 3639 1233 carnis,
3663 1183 3777 1234 qua:

2184 1264 2303 1308 sunt
2341 1254 2614 1322 adulteria,
2648 1256 3006 1326 fornicationes
3032 1298 3047 1322 ,
3092 1259 3448 1324 imntnnditite,
3496 1260 3773 1330 spurcitiae,

2184 1345 2764 1415 idololatria,veneﬁcia,
2784 1347 3075 1413 homicidia,
3094 1349 3391 1416 inimicitiw,
3410 1349 3773 1415 contentiones,

2186 1437 2555 1503 (cunctationes,
2596 1438 2961 1504 animositates,
3021 1441 3430 1508 provocationes,
3474 1440 3776 1502 simultates,

2189 1529 2545 1594 dissensiones,
2570 1528 2800 1594 licereses,
2823 1529 3047 1596 incidite,
3063 1529 3347 1598 ebrietates,
3367 1533 3776 1598 comessationes,
3810 1521 3824 1531 ’

2190 1630 2238 1676 et
2285 1621 2361 1674 Itis
2387 1621 2603 1681 similia.
2635 1636 2748 1690 qua:
2785 1621 3011 1689 pradico
3040 1620 3178 1676 vobis
3203 1623 3332 1677 sicut
3376 1623 3613 1693 praedixi,
3655 1639 3781 1691 quo-

492 1718 593 1787 Qui
623 1719 677 1774 in
708 1728 965 1775 aeternum
994 1734 1213 1775 manere
1240 1720 1485 1776 volumus
1511 1761 1527 1786 ,
1560 1720 1655 1775 Dei
1684 1761 1699 1786 ,
1732 1718 1821 1790 qtti
1849 1726 2083 1789 aeternus
2112 1719 2160 1778 B
2182 1713 2324 1770 niam
2341 1713 2429 1784 qui
2455 1712 2580 1766 talia
2598 1721 2754 1784 agunt
2773 1728 2983 1784 regnum
3008 1711 3101 1767 Dei
3121 1728 3221 1767 non
3243 1713 3591 1785 possidebunt.
3615 1711 3780 1767 Fruc-

491 1821 612 1879 est,
642 1812 968 1869 voluntatem
1000 1812 1482 1870 laceredebcmns.-

566 1904 683 1961 XV.
713 1906 977 1962 Voluntas
1006 1917 1182 1962 autem
1203 1908 1294 1963 Dei
1314 1916 1397 1962 est
1418 1921 1577 1977 quam
1591 1905 1834 1962 Christus
1858 1913 1913 1960 et
1961 1904 2084 1960 fecit

494 2007 549 2053 et
568 1997 768 2053 docuit.
789 1998 1069 2055 llumilitas
1085 2000 1137 2055 in
1155 2002 1585 2066 conversatione,
1602 1999 1831 2055 stabilita
1847 1999 1930 2054 sin
1953 1998 2079 2064 fide,

496 2089 819 2145 verecundia
847 2091 898 2145 in
929 2091 1107 2146 verbis
1133 2133 1147 2157 ,
1176 2091 1235 2153 in
1271 2092 1425 2147 lactis
1448 2092 1651 2162 justitia
1682 2134 1697 2159 ,
1732 2094 1783 2147 in
1825 2090 2082 2162 operibus

497 2181 862 2237 misericordia
888 2223 903 2249 ,
933 2183 986 2238 in
1016 2182 1255 2239 moribus
1275 2184 1555 2254 disciplina
1588 2229 1602 2251 ,
1635 2184 1883 2255 iniuriam
1908 2183 2085 2237 facere

496 2289 603 2328 non
635 2288 794 2329 nosse
825 2315 841 2341 ,
885 2284 941 2330 et
968 2274 1157 2331 l‘actam
1188 2292 1348 2348 posse
1376 2278 1612 2333 tolerare
1633 2318 1646 2343 ,
1680 2291 1800 2332 cum
1834 2275 2084 2331 fratribus

494 2379 679 2434 pacem
720 2373 941 2431 tenere;
993 2367 1157 2422 Deum
1189 2377 1300 2423 toto
1327 2369 1488 2424 corde
1514 2368 1766 2439 diligere,
1808 2381 1990 2422 amare
2030 2366 2086 2420 in

494 2454 587 2510 illo
617 2455 758 2526 quod
790 2464 939 2526 pater
965 2466 1078 2522 est,
1124 2458 1314 2514 timere
1348 2458 1490 2528 quod
1532 2460 1670 2515 Deus
1694 2467 1778 2515 est
1804 2475 1820 2523 ;
1871 2457 2086 2517 Christo

494 2546 624 2602 nihil
668 2549 890 2602 omnino
934 2564 1248 2619 praeponere
1271 2591 1287 2614 ,
1315 2552 1439 2621 quia
1482 2565 1580 2606 nec
1609 2550 1763 2606 nobis
1797 2554 2082 2624 quicquam

497 2638 585 2693 ille
605 2639 918 2708 praeposuit;
943 2639 1189 2695 charitati
1212 2642 1329 2711 ejus
1345 2643 1768 2711 inseparabiliter
1786 2644 2082 2715 adhaerere,

491 2731 642 2786 cruci
669 2731 784 2801 ejus
814 2730 1023 2787 fortiter
1057 2748 1120 2787 ac
1157 2734 1384 2790 tidenter
1407 2735 1661 2791 assistere
1687 2735 1751 2801 d;
1780 2739 1993 2808 quando
2019 2739 2087 2795 de

492 2823 612 2893 ejus
634 2824 848 2879 nomine
868 2834 922 2879 et
948 2825 1153 2880 honore
1178 2834 1451 2882 certamen
1475 2836 1577 2894 est,
1605 2829 1860 2885 exhibere
1887 2829 1940 2883 in
1968 2846 2086 2886 ser-

493 2928 655 2970 mone
699 2915 1056 2970 constantiam
1087 2958 1102 2982 ,
1150 2932 1251 2986 qua
1296 2917 1619 2973 conﬁtemur
1645 2959 1662 2984 ,
1706 2919 1757 2973 in
1790 2920 2087 2988 quaestione

493 3007 773 3074 ﬁduciam,
823 3023 926 3080 qua
957 3010 1365 3079 congredimur,
1414 3011 1466 3065 in
1523 3020 1696 3068 morte
1734 3014 2041 3084 patientiam
2066 3059 2083 3085 ,

2178 1814 2266 1860 tus
2281 1814 2451 1858 autent
2468 1803 2680 1873 spiritus
2701 1813 2775 1857 est
2797 1803 3021 1858 cltaritas
3051 1802 3096 1868 ί,
3119 1803 3382 1874 gaudium,
3407 1821 3528 1875 pax,
3560 1821 3780 1876 magna-

2186 1897 2412 1962 nimitas,
2444 1895 2660 1960 bonitas,
2696 1896 2841 1965 ﬁdes,
2874 1895 3229 1962 mansuetudo,
3256 1896 3586 1963 continentia,
3620 1898 3774 1950 casti—

2188 1998 2265 2043 tas
2282 1987 2432 2059 (Gal.
2456 2002 2508 2053 v,
2535 1985 2747 2057 17-21).
2775 1986 2845 2042 Et
2873 1984 3072 2042 idcirco
3100 1984 3444 2056 quotidianis,
3469 1987 3632 2041 immo
3653 2001 3783 2040 con-

2186 2081 2347 2138 tinnis
2399 2081 2731 2136 orationibus
2780 2080 2882 2135 hoc
2927 2095 3229 2151 precamur,
3260 2088 3315 2135 et
3358 2080 3408 2133 in
3455 2079 3594 2134 caelo
3631 2087 3686 2134 et
3726 2079 3779 2132 in

2194 2186 2340 2230 terra
2363 2174 2691 2230 voluntatem
2713 2173 2853 2229 circa
2877 2188 2975 2227 nos
3003 2172 3096 2228 Dei
3116 2172 3227 2227 ﬁeri
3245 2213 3261 2239 ,
3286 2171 3406 2240 quia
3435 2170 3550 2226 inec
3575 2181 3656 2225 est
3684 2186 3778 2222 vn-

2188 2268 2365 2323 luntas
2394 2267 2509 2335 Dei,
2535 2275 2593 2322 ut
2619 2275 2828 2323 terrena
2860 2265 3167 2322 coelestibus
3192 2264 3407 2332 cedant,
3449 2262 3705 2334 spiritalia
3729 2271 3785 2318 et

2188 2358 2365 2415 divina
2404 2358 2747 2428 praevaleant.

2258 2449 2424 2507 XVII.
2456 2441 2638 2505 Potest
2661 2449 2810 2505 etsic
2835 2448 3082 2520 intelligi,
3111 2447 3303 2503 fratres
3324 2446 3678 2512 dilectissimi,
3704 2454 3780 2511 ut,

2188 2542 2438 2614 Quoniam
2461 2540 2679 2597 mandat
2706 2551 2762 2596 et
2801 2549 2985 2595 monet
3028 2540 3283 2593 Dominus
3332 2538 3493 2592 etiam
3526 2536 3771 2592 ittitt'tiCtts

2188 2633 2412 2704 diligere
2431 2643 2484 2688 et
2505 2648 2600 2703 pro
2628 2633 2693 2687 iis
2718 2646 2928 2702 quoque
2947 2632 3036 2702 qui
3061 2646 3160 2687 nos
3188 2639 3579 2701 persequuntur
3599 2644 3777 2696 orare,

2188 2740 2433 2802 petamus
2462 2740 2514 2784 et
2536 2743 2632 2798 pro
2662 2728 2765 2783 illis
2784 2728 2872 2799 qui
2895 2727 3071 2783 adhuc
3103 2738 3243 2783 terra
3270 2735 3394 2782 sunt
3422 2728 3435 2778 i
3467 2736 3522 2782 ct
3551 2726 3779 2782 necdum

2188 2820 2438 2878 caelestes
2473 2833 2595 2875 esse
2620 2828 2919 2890 cmperunt,
2950 2828 3008 2874 ut
3027 2829 3081 2874 et
3101 2820 3241 2875 circa
3267 2819 3388 2872 illos
3416 2818 3663 2873 voluntas
3685 2818 3782 2873 Dei

2189 2913 2302 2979 liat,
2330 2926 2487 2983 quam
2507 2911 2751 2966 Christus
2779 2911 3050 2967 hominem
3082 2911 3451 2967 conservando
3476 2918 3528 2965 et
3551 2910 3779 2966 redinte.

2185 3006 2392 3079 grando
2432 3006 2669 3077 perfecit.
2701 3006 2855 3071 Nam,
2884 3022 3005 3062 cum
3049 3007 3294 3077 discipuli
3326 3007 3395 3062 ab
3418 3022 3484 3063 eo
3526 3022 3631 3062 non
3672 3008 3782 3076 jam

490 3117 592 3169 qua
610 3116 952 3158 coronamur.
971 3103 1083 3158 lloc
1102 3112 1185 3158 est
1204 3104 1538 3162 cohmredem
1560 3106 1762 3163 Christi
1788 3123 1908 3165 esse
1924 3110 2080 3179 velle,
2111 3097 2157 3161 C
2191 3113 2325 3158 terra
2351 3102 2706 3172 appellentur,
2759 3101 2853 3156 sed
2896 3101 2975 3156 sal
3017 3110 3166 3156 terrae
3210 3100 3426 3171 (Matth.
3454 3117 3520 3167 v,
3567 3100 3680 3171 15),
3729 3112 3784 3157 ct

491 3193 594 3250 hoc
624 3204 705 3250 est
734 3204 1062 3266 prteceptutn
1105 3196 1195 3252 Dei
1228 3196 1405 3253 facere
1432 3239 1448 3264 ,
1505 3197 1609 3255 hoc
1640 3210 1726 3255 est
1752 3200 2081 3259 voluntatem

490 3288 559 3323 “9
586 3288 759 3344 Patris
802 3288 1118 3360 adimplere.

561 3379 701 3436 XVI.
726 3380 867 3438 Fieri
883 3391 1058 3437 autem
1086 3383 1314 3452 petimus
1328 3384 1654 3441 voluntatem
1677 3386 1772 3442 Dei
1792 3376 1843 3441 in
1865 3388 2003 3443 cmlo
2029 3399 2084 3445 et

491 3472 550 3527 in
577 3481 749 3539 terra;
773 3473 916 3544 quod
943 3483 1227 3545 utrumque
1254 3475 1321 3531 ad
1342 3478 1856 3533 consummationem
1882 3489 2081 3536 nostras

487 3564 870 3622 incolumitatis
903 3577 927 3604 θ
952 3568 1179 3637 pertinet
1198 3576 1252 3623 et
1278 3570 1484 3625 salutis.
1507 3552 1663 3639 Nam,
1687 3586 1807 3627 cum
1831 3588 2026 3644 corpus
2049 3591 2081 3631 e

488 3665 628 3713 terra
660 3669 714 3714 et
758 3659 1005 3730 spiritum
1037 3661 1403 3731 passideamtts
1431 3673 1463 3719 e
1498 3664 1661 3731 ctelo,
1708 3665 1808 3736 ipsi
1856 3674 1999 3742 terra
2027 3677 2081 3723 et

484 3752 681 3807 omium
714 3767 940 3820 sumus;
972 3762 1028 3810 et
1066 3756 1118 3808 in
1151 3764 1395 3826 utroque,
1442 3756 1493 3811 id
1532 3766 1614 3813 est
1656 3765 1712 3813 et
1760 3772 1988 3829 corpore
2027 3768 2083 3814 et

491 3843 703 3913 spiritu,
736 3853 795 3899 ut
826 3844 919 3900 Dei
949 3845 1195 3901 voluntas
1237 3846 1327 3901 liat
1366 3862 1600 3903 oramus.
1635 3849 1730 3905 Est
1766 3850 1907 3905 enim
1942 3850 2082 3905 inter

491 3949 709 3992 carnem
750 3943 807 3992 et
830 3937 1075 4007 spiritum
1100 3938 1424 4007 colluctatio,
1454 3950 1501 3995 et
1532 3941 1966 3999 discordantibus
1985 3942 2081 3998 ad-

484 4039 685 4082 versus
711 4040 771 4082 se
799 4026 1028 4083 invicem
1055 4027 1365 4098 quotidiana
1385 4031 1717 4101 congressio,
1747 4040 1807 4085 ut
1826 4047 1928 4086 non
1957 4047 2079 4102 qua:

2192 3195 2483 3267 Apostolus
2508 3195 2737 3265 primum
2763 3195 3033 3251 hominem
3061 3204 3211 3250 vocet
3240 3194 3309 3250 de
3339 3204 3495 3251 terra:
3519 3195 3667 3261 limo,
3698 3210 3783 3251 sc-

2189 3290 2422 3348 cundum
2455 3303 2584 3344 vero
2612 3288 2681 3345 de
2718 3287 2879 3353 cwlo,
2912 3289 3102 3343 merito
3130 3298 3182 3342 et
3208 3303 3325 3351 nos,
3354 3288 3442 3359 qui
3470 3304 3590 3346 esse
3613 3289 3776 3344 debe‘

2189 3400 2312 3442 mus
2342 3383 2479 3454 patri
2512 3383 2621 3438 Deo
2651 3381 2876 3444 similes,
2904 3382 2993 3452 qui
3022 3381 3178 3435 solent
3207 3397 3358 3435 suum
3385 3382 3507 3436 oriri
3544 3382 3668 3453 facit
3693 3398 3783 3435 stt-

2191 3496 2279 3550 per
2328 3480 2485 3534 bonos
2528 3486 2575 3531 et
2625 3475 2787 3531 malos
2829 3484 2877 3529 et
2904 3475 3032 3545 ptuit
3061 3489 3214 3541 super
3258 3474 3420 3536 iustos
3449 3483 3495 3529 et
3537 3475 3777 3545 injustas.

2190 3573 2403 3645 (Matth.
2454 3587 2507 3636 v,
2558 3569 2676 3643 45),
2726 3571 2832 3635 sic,
2882 3567 3098 3624 Christo
3145 3575 3415 3628 monente,
3459 3582 3674 3623 oramus
3727 3576 3783 3622 et

2188 3666 2419 3736 petimus
2472 3670 2531 3717 ut
2581 3674 2796 3732 precem
2849 3674 2946 3730 pro
2991 3658 3231 3714 omnium
3275 3656 3446 3711 salute
3487 3657 3778 3721 faciamus;

2190 3765 2289 3821 ut,
2317 3751 2586 3825 quomodo
2636 3753 2688 3806 in
2737 3750 2876 3805 coelo
2908 3748 2959 3803 id
3006 3757 3107 3814 est,
3152 3749 3204 3802 in
3266 3747 3439 3814 nobis,
3480 3762 3576 3818 per
3625 3748 3779 3803 tidem

2187 3852 2425 3900 nostram
2455 3842 2702 3898 voluntas
2752 3840 2845 3895 Dei
2886 3839 3022 3895 laeta
3068 3847 3153 3895 est
3192 3849 3249 3892 ut
3282 3851 3528 3894 essemus
3554 3853 3586 3893 e
3625 3839 3779 3902 caelo,

2186 3936 2255 3991 ita
2283 3944 2337 3990 et
2379 3935 2431 3990 in
2472 3943 2633 3999 terra,
2668 3933 2769 3988 hoc
2798 3940 2881 3987 cst
2909 3932 2961 3985 in
2987 3930 3091 3985 illis
3117 3945 3224 3985 non
3246 3928 3587 3984 credentibus
3613 3927 3660 3995 ιε,
3692 3930 3783 3982 ιὶςιι

2184 4031 2434 4086 voluntas
2461 4030 2578 4096 Dei,
2614 4038 2669 4084 ιιι
2696 4028 2790 4101 qui
2810 4028 2985 4083 adhuc
3012 4035 3136 4083 sunt
3162 4025 3328 4097 prima
3360 4024 3636 4081 nativitate
3674 4034 3781 4080 ter-

1712 4141 2005 4199 LECTION
2012 4142 2092 4201 ES
2131 4142 2538 4201 VARIANTES.

550 4250 576 4278 ⁸
611 4247 687 4298 Τιι
710 4249 783 4299 vis
812 4259 940 4302 Voss.
964 4254 1013 4302 5.

547 4308 577 4347 ιι
610 4309 818 4362 Dilectio
836 4310 976 4363 Ebor.
1008 4313 1133 4364 Tltu.
1157 4315 1296 4367 Foss.
1324 4311 1427 4365 Lin.

483 4373 1011 4487 Pfoncupiscentia
1052 4376 1218 4427 saeculi
1242 4387 1296 4429 et
1317 4375 1529 4427 mundus
1576 4374 1701 4429 Tltu.
1727 4378 1867 4431 Foss.
1888 4379 2085 4433 Transit

510 4475 574 4572 OT}
591 4475 822 4572 'Fortiter
846 4511 901 4550 ac
924 4499 1138 4551 ﬁdeliter
1158 4501 1283 4567 Bod.
1307 4503 1356 4563 5,
1382 4500 1430 4553 4.
1455 4500 1672 4554 Fortiter
1697 4516 1753 4554 ac
1774 4502 1990 4555 libenter
2014 4505 2087 4553 in-

478 4564 663 4610 sistere
697 4564 812 4613 Ver.
1158 4564 1163 4567 ’

550 4626 573 4653 θ
608 4623 880 4675 Voluntatis
900 4626 1041 4676 Pem.
1066 4629 1202 4676 Matt.

551 4682 572 4722 ῖ
608 4683 836 4750 Impense
859 4685 1021 4751 rejicit
1045 4686 1175 4751 Lips.

2242 4246 2276 4326 Ἐκ
2313 4257 2511 4326 everte
2525 4255 2706 4326 Patrias
2727 4253 2895 4326 ξανὲεο
2919 4255 3194 4326 Ball-.1132
3219 4246 3275 4326 5;
3293 4253 3343 4326 ιι
3368 4256 3555 4326 item“:

2248 4316 2279 4355 ιι
2313 4314 2459 4369 Facta
2482 4316 2590 4369 Litt.
2615 4319 2719 4369 NG.
2744 4318 2793 4368 2.
2817 4315 2985 4370 Paris.
3021 4314 3147 4368 Bod.
3174 4318 3221 4375 1,
3244 4316 3295 4374 3,
3316 4314 3365 4364 4.
3391 4317 3578 4367 Manut.

2252 4381 2268 4419 1
2309 4379 2563 4444 Agapes...
2608 4383 2837 4441 suavitas,
2859 4380 3439 4444 benignitas_vj'er._lllmt.

2255 4444 2281 4492 l~
2306 4435 2518 4553 'tl‘téfrfeéni
2557 4450 2673 4494 sunt
2708 4435 2833 4493 Διί
2857 4439 2941 4491 od.
2968 4435 3089 4501 {,2.
3129 4440 3254 4490 Thu.
3279 4439 3417 4490 Foss.
3441 4435 3664 4489 Terrena
3702 4451 3782 4489 sa-

2259 4518 2308 4552 m
2400 4517 2484 4553 ιε.

2187 4506 2331 4567 piunt
2355 4501 2484 4567 Vict.

2248 4565 2275 4603 ιι
2310 4565 2367 4615 Ῑῐι
2387 4566 2482 4617 illis
2503 4564 2820 4619 credentibus
2850 4564 2977 4616 Bod.
3010 4563 3059 4626 1,
3082 4563 3133 4626 2,
3163 4563 3212 4625 5,
3236 4562 3288 4615 At.
3329 4560 3452 4613 Tltu.
3484 4562 3623 4615 Foss.
3652 4562 3781 4615 Vict.-

2104 4604 2160 4664 D
2188 4604 2324 4679 Man:

1717 4780 1959 4840 STEPH.
2003 4758 2270 4841 BALUle
2306 4782 2536 4840 nom.

483 4895 758 5037 pugil/ib;—
776 4896 844 4952 ιη
870 4898 1163 4969 qtttcstt'one.
1198 4898 1332 4956 Vide
1371 4906 1527 4956 notas
1552 4900 1619 4957 ad
1643 4902 1938 4973 Epistolam
1963 4917 2075 4970 XXI,

556 5037 697 5093 XVI.
726 5070 797 5081 —-
825 5037 967 5095 Fieri
984 5050 1153 5095 autent
1172 5041 1408 5110 petimus.
1428 5041 1567 5097 Citat
1590 5042 1730 5097 hunc
1747 5041 1924 5098 locum
1951 5056 2079 5098 san-

2255 4901 2364 4975 Pro
2385 4901 2558 4975 iisgtti
2600 4916 2716 4955 nos.
2756 4898 2924 4975 [dest
2948 4914 3043 4975 pro
3086 4895 3518 4975 inimicisnostris
3541 4893 3779 4975 quincu-

2184 4976 2307 5028 dunt
2333 4974 2389 5026 in
2414 4959 2666 5027 Clit-istum
2714 4959 3057 5034 crediderunt,
3090 4977 3149 5023 ut
3172 4959 3403 5036 explicat
3452 4959 3777 5035 Augustinus

2182 5045 2236 5100 in
2262 5042 2453 5098 eodem
2480 5041 2617 5097 libro
2644 5057 2697 5097 tv
2721 5050 2899 5096 contra
2927 5040 3056 5094 duas
3078 5035 3336 5111 Epistolas
3354 5035 3771 5107 Pelagianorum,

485 5117 604 5180 etus
631 5109 961 5180 Augustinus
987 5112 1039 5166 iu
1082 5109 1218 5166 libro
1247 5128 1371 5166 mox
1405 5113 1619 5168 laudato
1640 5122 1696 5170 et
1722 5113 1815 5167 lib.
1846 5129 1878 5169 tt
1905 5124 2082 5168 contra
2182 5129 2300 5180 cap.
2329 5113 2444 5169 10.-

484 5179 754 5252 Juliauunt
782 5180 1142 5252 Pelagianam,
1172 5198 1289 5252 cap.
1313 5184 1369 5238 5.

560 5249 824 5320 Impense.
850 5249 1171 5307 Adverhiutn
1201 5249 1300 5318 hoc
1329 5254 1479 5309 deest
1499 5254 1551 5309 in
1580 5253 1763 5320 viginti
1782 5262 1839 5310 et
1863 5268 1969 5309 uno
1988 5269 2081 5310 co-

386 5316 399 5323 “
487 5316 698 5394 dicibns
717 5322 952 5394 antiquis
973 5333 1027 5378 et
1056 5324 1109 5380 in
1135 5316 1406 5394 excerptis
1436 5323 1604 5379 Flori.
1629 5316 1686 5379 lu
1709 5324 1942 5379 editione
1963 5341 2081 5394 qua:

490 5391 687 5463 dicitur
723 5393 905 5448 Gravii
950 5395 1207 5463 scriptmn
1252 5391 1333 5449 est
1364 5395 1636 5450 minutiori
1665 5391 1996 5453 charactere:
2027 5404 2084 5449 ιιι

492 5461 711 5536 daretur
737 5463 957 5533 intelligi
987 5461 1437 5536 dubiumessean
1469 5467 1684 5521 retineri
1707 5465 1945 5521 deberet.
1968 5464 2083 5536 Ego

494 5531 840 5603 retinuiquia
871 5531 1020 5588 estut
1048 5536 1097 5587 in
1129 5534 1314 5588 codice
1339 5534 1705 5603 Seguieriano.

567 5601 1042 5659 XVllé—Potestet
1061 5605 1401 5676 δὶεἱιιιινιιὶςιὶζ
1413 5601 1479 5676 Et
1500 5606 1640 5662 hunc
1666 5620 1879 5676 quoque
1907 5607 2080 5661 locum

569 5622 982 5659 sum—rate."
996 5622 1042 5657 et
1061 5622 1379 5675 stcmtrmgt.
1414 5622 1479 5660 tat
1501 5622 1640 5662 nunc
1705 5622 1879 5676 noque
1907 5622 2071 5660 locum

499 5671 630 5727 citat
658 5683 876 5731 sanctus
923 5676 1248 5743 Augustinus
1281 5677 1329 5728 in
1363 5674 1599 5745 Epistola
1629 5622 1699 5731 at?
1732 5676 2071 5735 Valentinum.

2257 5173 2323 5238 ln
2351 5184 2456 5256 illis
2504 5199 2604 5237 non
2629 5182 2962 5256 credentibus.
2993 5178 3214 5256 Negatio
3252 5176 3406 5232 deest
3528 5173 3779 5256 omnibus

2189 5254 2303 5311 lere
2330 5255 2480 5325 libris
2507 5252 2706 5325 nostris
2732 5253 2867 5325 etin
2918 5245 3250 5325 Anglicanis,
3276 5256 3384 5302 tum
3416 5245 3575 5300 etiam
3598 5245 3650 5325 in
3672 5261 3773 5325 an-
3817 5300 3825 5305 _

2193 5326 2362 5396 liquis,
2390 5323 2975 5396 editioni_bus._l£xstaL
2994 5314 3272 5396 aute_nr_in_
3303 5330 3366 5370 ea
3420 5330 3540 5396 quas
3581 5314 3776 5367 dicitur

2190 5384 2367 5451 Gravii
2396 5404 2449 5449 et
2492 5394 2543 5448 in
2572 5393 2904 5466 M0relliana.
2934 5388 3066 5446 Eam
3096 5388 3369 5466 habuisse
3396 5384 3634 5466 cudicem
3666 5399 3774 5466 quo

2186 5475 2403 5520 sanctus
2434 5465 2758 5532 Augustinus
2779 5463 3029 5532 utebatur
3063 5460 3210 5532 clare
3248 5456 3426 5523 colligi
3453 5468 3608 5524 posse
3630 5455 3777 5532 vide—

2186 5546 2274 5590 tur
2294 5552 2359 5591 ex
2388 5526 2671 5604 librorejus
2693 5533 2756 5586 de
2788 5530 3237 5604 Prtedestinatione
3266 5536 3553 5604 sanctorum
3574 5526 3777 5604 εςιιιεβ.

2188 5604 2386 5678 (Vulgo
2422 5623 2441 5656 ι
2475 5605 2528 5659 in
2561 5594 2677 5678 illis
2717 5619 2821 5659 non
2845 5600 3192 5678 credentibus
3219 5617 3271 5678 ρ’,
3298 5596 3387 5651 sed
3414 5594 3781 5678 refragantibus

2186 5661 2496 5747 edd."pr0pe
2520 5674 2749 5731 omnibus
2785 5681 2833 5728 ct
2870 5682 2995 5728 vett.
3018 5670 3170 5726 codd.
3208 5661 3386 5738 Neque
3418 5661 3609 5736 aperiet
3657 5661 3785 5720 illud
