  <div class='ocr_page' id='page_1' title='image "/cluster/home/n/w/nwhite01/storage/ocr_20150623/4/hvd.32044048207708/273.png"; bbox 0 0 4302 6296; ppageno 0'>
   <div class='ocr_carea' id='block_1_1' title="bbox 548 335 657 394">
    <p class='ocr_par' dir='ltr' id='par_1_1' title="bbox 548 335 657 394">
     <span class='ocr_line' id='line_1_1' title="bbox 548 335 657 394; baseline -0.028 0"><span class='ocrx_word' id='word_1_1' title='bbox 548 335 657 394; x_wconf 79' lang='lat'><strong>555</strong></span> 
     </span>
    </p>
   </div>
   <div class='ocr_carea' id='block_1_2' title="bbox 1934 317 2427 379">
    <p class='ocr_par' dir='ltr' id='par_1_2' title="bbox 1934 317 2427 379">
     <span class='ocr_line' id='line_1_2' title="bbox 1934 317 2427 379; baseline -0.004 -1"><span class='ocrx_word' id='word_1_2' title='bbox 1934 321 2071 379; x_wconf 83' lang='lat' dir='ltr'><strong>DIVI</strong></span> <span class='ocrx_word' id='word_1_3' title='bbox 2108 317 2427 377; x_wconf 73' lang='lat' dir='ltr'><strong>CYPBIANI</strong></span> 
     </span>
    </p>
   </div>
   <div class='ocr_carea' id='block_1_3' title="bbox 549 429 3846 518">
    <p class='ocr_par' dir='ltr' id='par_1_3' title="bbox 549 429 3846 518">
     <span class='ocr_line' id='line_1_3' title="bbox 549 429 3846 518; baseline -0.005 -14"><span class='ocrx_word' id='word_1_4' title='bbox 549 457 747 516; x_wconf 88' lang='lat' dir='ltr'><strong>nostra,</strong></span> <span class='ocrx_word' id='word_1_5' title='bbox 776 446 944 518; x_wconf 73' lang='lat' dir='ltr'><strong>ﬁdelis</strong></span> <span class='ocrx_word' id='word_1_6' title='bbox 980 453 1027 500; x_wconf 90' lang='lat' dir='ltr'><strong>et</strong></span> <span class='ocrx_word' id='word_1_7' title='bbox 1042 446 1217 515; x_wconf 87' lang='lat' dir='ltr'><strong>justus</strong></span> <span class='ocrx_word' id='word_1_8' title='bbox 1242 450 1315 498; x_wconf 88' lang='lat' dir='ltr'><strong>est</strong></span> <span class='ocrx_word' id='word_1_9' title='bbox 1354 440 1604 497; x_wconf 87' lang='lat' dir='ltr'><strong>Dominus</strong></span> <span class='ocrx_word' id='word_1_10' title='bbox 1641 437 1727 510; x_wconf 81' lang='lat' dir='ltr'><strong>qui</strong></span> <span class='ocrx_word' id='word_1_11' title='bbox 1758 436 1901 493; x_wconf 91' lang='lat' dir='ltr'><strong>nobis</strong></span> <span class='ocrx_word' id='word_1_12' title='bbox 1938 442 2144 507; x_wconf 88' lang='lat' dir='ltr'><strong>peccata</strong></span> <span class='ocrx_word' id='word_1_13' title='bbox 2168 434 2221 495; x_wconf 75' lang='grc' dir='ltr'><strong>Α</strong></span> <span class='ocrx_word' id='word_1_14' title='bbox 2245 431 2396 489; x_wconf 77' lang='lat' dir='ltr'><strong>fratri</strong></span> <span class='ocrx_word' id='word_1_15' title='bbox 2443 432 2773 490; x_wconf 88' lang='lat' dir='ltr'><strong>reconciliari</strong></span> <span class='ocrx_word' id='word_1_16' title='bbox 2814 430 2967 504; x_wconf 89' lang='lat' dir='ltr'><strong>jubet</strong></span> <span class='ocrx_word' id='word_1_17' title='bbox 3009 429 3230 503; x_wconf 76' lang='lat' dir='ltr'><strong>(Matth.</strong></span> <span class='ocrx_word' id='word_1_18' title='bbox 3256 445 3311 497; x_wconf 91' lang='lat' dir='ltr'><strong>v,</strong></span> <span class='ocrx_word' id='word_1_19' title='bbox 3340 430 3433 501; x_wconf 72' lang='grc'><strong>24)</strong></span> <span class='ocrx_word' id='word_1_20' title='bbox 3454 471 3470 499; x_wconf 88' lang='grc'><strong>,</strong></span> <span class='ocrx_word' id='word_1_21' title='bbox 3510 437 3569 486; x_wconf 91' lang='grc' dir='ltr'><strong>ιιι</strong></span> <span class='ocrx_word' id='word_1_22' title='bbox 3607 431 3846 502; x_wconf 92' lang='lat' dir='ltr'><strong>paciﬁcis</strong></span> 
     </span>
    </p>
   </div>
   <div class='ocr_carea' id='block_1_4' title="bbox 550 534 2144 609">
    <p class='ocr_par' dir='ltr' id='par_1_4' title="bbox 550 534 2144 609">
     <span class='ocr_line' id='line_1_4' title="bbox 550 534 2144 609; baseline -0.008 -13"><span class='ocrx_word' id='word_1_23' title='bbox 550 542 772 595; x_wconf 74' lang='lat' dir='ltr'><strong>dimittat</strong></span> <span class='ocrx_word' id='word_1_24' title='bbox 800 539 845 609; x_wconf 83' lang='lat' dir='ltr'><strong>(I</strong></span> <span class='ocrx_word' id='word_1_25' title='bbox 864 539 1021 593; x_wconf 81' lang='lat' dir='ltr'><strong>Joan.</strong></span> <span class='ocrx_word' id='word_1_26' title='bbox 1054 552 1092 601; x_wconf 91' lang='grc' dir='ltr'><strong>ι,</strong></span> <span class='ocrx_word' id='word_1_27' title='bbox 1118 534 1195 608; x_wconf 87' lang='lat'><strong>8).</strong></span> <span class='ocrx_word' id='word_1_28' title='bbox 1230 535 1288 590; x_wconf 82' lang='lat' dir='ltr'><strong>In</strong></span> <span class='ocrx_word' id='word_1_29' title='bbox 1305 534 1545 606; x_wconf 81' lang='lat' dir='ltr'><strong>Epistula</strong></span> <span class='ocrx_word' id='word_1_30' title='bbox 1562 547 1657 588; x_wconf 91' lang='lat' dir='ltr'><strong>sua</strong></span> <span class='ocrx_word' id='word_1_31' title='bbox 1680 540 1965 602; x_wconf 87' lang='lat' dir='ltr'><strong>utrumque</strong></span> <span class='ocrx_word' id='word_1_32' title='bbox 1991 543 2144 586; x_wconf 85' lang='lat' dir='ltr'><strong>com-</strong></span> 
     </span>
    </p>
   </div>
   <div class='ocr_carea' id='block_1_5' title="bbox 545 616 2137 702">
    <p class='ocr_par' dir='ltr' id='par_1_5' title="bbox 545 616 2137 702">
     <span class='ocr_line' id='line_1_5' title="bbox 545 616 2137 702; baseline -0.006 -16"><span class='ocrx_word' id='word_1_33' title='bbox 545 632 739 702; x_wconf 82' lang='lat' dir='ltr'><strong>plexos</strong></span> <span class='ocrx_word' id='word_1_34' title='bbox 764 638 867 696; x_wconf 93' lang='lat' dir='ltr'><strong>est,</strong></span> <span class='ocrx_word' id='word_1_35' title='bbox 894 629 1035 699; x_wconf 87' lang='lat' dir='ltr'><strong>quod</strong></span> <span class='ocrx_word' id='word_1_36' title='bbox 1081 637 1136 683; x_wconf 90' lang='lat' dir='ltr'><strong>et</strong></span> <span class='ocrx_word' id='word_1_37' title='bbox 1176 642 1367 698; x_wconf 90' lang='lat' dir='ltr'><strong>rogare</strong></span> <span class='ocrx_word' id='word_1_38' title='bbox 1401 616 1510 698; x_wconf 82' lang='lat' dir='ltr'><strong>pro</strong></span> <span class='ocrx_word' id='word_1_39' title='bbox 1550 625 1783 697; x_wconf 77' lang='lat' dir='ltr'><strong>peccatis</strong></span> <span class='ocrx_word' id='word_1_40' title='bbox 1829 622 2137 687; x_wconf 80' lang='lat' dir='ltr'><strong>debeamus,</strong></span> 
     </span>
    </p>
   </div>
   <div class='ocr_carea' id='block_1_6' title="bbox 547 712 2143 792">
    <p class='ocr_par' dir='ltr' id='par_1_6' title="bbox 547 712 2143 792">
     <span class='ocr_line' id='line_1_6' title="bbox 547 712 2143 792; baseline -0.008 -13"><span class='ocrx_word' id='word_1_41' title='bbox 547 732 608 779; x_wconf 89' lang='lat' dir='ltr'><strong>et</strong></span> <span class='ocrx_word' id='word_1_42' title='bbox 633 724 978 792; x_wconf 90' lang='lat' dir='ltr'><strong>impetremus</strong></span> <span class='ocrx_word' id='word_1_43' title='bbox 1023 719 1410 790; x_wconf 74' lang='lat' dir='ltr'><strong>indulgentiam</strong></span> <span class='ocrx_word' id='word_1_44' title='bbox 1441 730 1562 773; x_wconf 91' lang='lat' dir='ltr'><strong>cum</strong></span> <span class='ocrx_word' id='word_1_45' title='bbox 1606 728 1879 787; x_wconf 75' lang='lat' dir='ltr'><strong>rogamus.</strong></span> <span class='ocrx_word' id='word_1_46' title='bbox 1919 712 2044 768; x_wconf 90' lang='lat' dir='ltr'><strong>Ideo</strong></span> <span class='ocrx_word' id='word_1_47' title='bbox 2087 720 2143 767; x_wconf 88' lang='lat' dir='ltr'><strong>et</strong></span> 
     </span>
    </p>
   </div>
   <div class='ocr_carea' id='block_1_7' title="bbox 546 802 2141 877">
    <p class='ocr_par' dir='ltr' id='par_1_7' title="bbox 546 802 2141 877">
     <span class='ocr_line' id='line_1_7' title="bbox 546 802 2141 877; baseline -0.008 -7"><span class='ocrx_word' id='word_1_48' title='bbox 546 814 763 870; x_wconf 84' lang='lat' dir='ltr'><strong>ﬁdelem</strong></span> <span class='ocrx_word' id='word_1_49' title='bbox 784 811 919 868; x_wconf 81' lang='lat' dir='ltr'><strong>dixit</strong></span> <span class='ocrx_word' id='word_1_50' title='bbox 948 812 1234 866; x_wconf 90' lang='lat' dir='ltr'><strong>Dominum</strong></span> <span class='ocrx_word' id='word_1_51' title='bbox 1262 811 1330 866; x_wconf 89' lang='lat' dir='ltr'><strong>ad</strong></span> <span class='ocrx_word' id='word_1_52' title='bbox 1359 807 1676 865; x_wconf 84' lang='lat' dir='ltr'><strong>dimittenda</strong></span> <span class='ocrx_word' id='word_1_53' title='bbox 1705 815 1943 877; x_wconf 87' lang='lat' dir='ltr'><strong>peccata,</strong></span> <span class='ocrx_word' id='word_1_54' title='bbox 1982 802 2141 876; x_wconf 76' lang='lat' dir='ltr'><strong>ﬁdem</strong></span> 
     </span>
    </p>
   </div>
   <div class='ocr_carea' id='block_1_8' title="bbox 543 899 2142 979">
    <p class='ocr_par' dir='ltr' id='par_1_8' title="bbox 543 899 2142 979">
     <span class='ocr_line' id='line_1_8' title="bbox 543 899 2142 979; baseline -0.009 -15"><span class='ocrx_word' id='word_1_55' title='bbox 543 904 951 979; x_wconf 87' lang='lat' dir='ltr'><strong>pollicitationis</strong></span> <span class='ocrx_word' id='word_1_56' title='bbox 981 921 1093 961; x_wconf 78' lang='lat' dir='ltr'><strong>sua:</strong></span> <span class='ocrx_word' id='word_1_57' title='bbox 1126 913 1527 969; x_wconf 84' lang='lat' dir='ltr'><strong>reservantem;</strong></span> <span class='ocrx_word' id='word_1_58' title='bbox 1571 901 1696 974; x_wconf 83' lang='lat' dir='ltr'><strong>quia</strong></span> <span class='ocrx_word' id='word_1_59' title='bbox 1725 899 1815 971; x_wconf 89' lang='lat' dir='ltr'><strong>qui</strong></span> <span class='ocrx_word' id='word_1_60' title='bbox 1844 912 1999 954; x_wconf 87' lang='lat' dir='ltr'><strong>orare</strong></span> <span class='ocrx_word' id='word_1_61' title='bbox 2042 911 2142 951; x_wconf 92' lang='lat' dir='ltr'><strong>nos</strong></span> 
     </span>
    </p>
   </div>
   <div class='ocr_carea' id='block_1_9' title="bbox 545 988 2141 1071">
    <p class='ocr_par' dir='ltr' id='par_1_9' title="bbox 545 988 2141 1071">
     <span class='ocr_line' id='line_1_9' title="bbox 545 988 2141 1071; baseline -0.007 -16"><span class='ocrx_word' id='word_1_62' title='bbox 545 1015 649 1071; x_wconf 90' lang='lat' dir='ltr'><strong>pro</strong></span> <span class='ocrx_word' id='word_1_63' title='bbox 684 998 879 1055; x_wconf 86' lang='lat' dir='ltr'><strong>debitis</strong></span> <span class='ocrx_word' id='word_1_64' title='bbox 910 1007 966 1055; x_wconf 87' lang='lat' dir='ltr'><strong>et</strong></span> <span class='ocrx_word' id='word_1_65' title='bbox 995 998 1231 1069; x_wconf 84' lang='lat' dir='ltr'><strong>peccatis</strong></span> <span class='ocrx_word' id='word_1_66' title='bbox 1258 997 1472 1065; x_wconf 87' lang='lat' dir='ltr'><strong>docuit,</strong></span> <span class='ocrx_word' id='word_1_67' title='bbox 1526 1004 1806 1066; x_wconf 88' lang='lat' dir='ltr'><strong>paternam</strong></span> <span class='ocrx_word' id='word_1_68' title='bbox 1834 988 2141 1047; x_wconf 89' lang='lat' dir='ltr'><strong>misericor-</strong></span> 
     </span>
    </p>
   </div>
   <div class='ocr_carea' id='block_1_10' title="bbox 549 1091 1639 1161">
    <p class='ocr_par' dir='ltr' id='par_1_10' title="bbox 549 1091 1639 1161">
     <span class='ocr_line' id='line_1_10' title="bbox 549 1091 1639 1161; baseline -0.005 -14"><span class='ocrx_word' id='word_1_69' title='bbox 549 1091 693 1147; x_wconf 84' lang='lat' dir='ltr'><strong>diam</strong></span> <span class='ocrx_word' id='word_1_70' title='bbox 718 1091 961 1161; x_wconf 87' lang='lat' dir='ltr'><strong>promisit</strong></span> <span class='ocrx_word' id='word_1_71' title='bbox 987 1100 1042 1146; x_wconf 94' lang='lat' dir='ltr'><strong>ct</strong></span> <span class='ocrx_word' id='word_1_72' title='bbox 1068 1092 1279 1148; x_wconf 92' lang='lat' dir='ltr'><strong>veniam</strong></span> <span class='ocrx_word' id='word_1_73' title='bbox 1310 1097 1639 1146; x_wconf 87' lang='lat' dir='ltr'><strong>secuturam.</strong></span> 
     </span>
    </p>
   </div>
   <div class='ocr_carea' id='block_1_11' title="bbox 615 1179 2139 1255">
    <p class='ocr_par' dir='ltr' id='par_1_11' title="bbox 615 1179 2139 1255">
     <span class='ocr_line' id='line_1_11' title="bbox 615 1179 2139 1255; baseline -0.007 -17"><span class='ocrx_word' id='word_1_74' title='bbox 615 1182 801 1238; x_wconf 79' lang='lat' dir='ltr'><strong>XXIII.</strong></span> <span class='ocrx_word' id='word_1_75' title='bbox 848 1183 1106 1255; x_wconf 82' lang='lat' dir='ltr'><strong>Adjunxit</strong></span> <span class='ocrx_word' id='word_1_76' title='bbox 1132 1184 1289 1253; x_wconf 91' lang='lat' dir='ltr'><strong>plane</strong></span> <span class='ocrx_word' id='word_1_77' title='bbox 1317 1190 1371 1237; x_wconf 92' lang='lat' dir='ltr'><strong>et</strong></span> <span class='ocrx_word' id='word_1_78' title='bbox 1406 1179 1611 1236; x_wconf 84' lang='lat' dir='ltr'><strong>addidit</strong></span> <span class='ocrx_word' id='word_1_79' title='bbox 1645 1179 1837 1249; x_wconf 84' lang='lat' dir='ltr'><strong>legem,</strong></span> <span class='ocrx_word' id='word_1_80' title='bbox 1862 1185 2006 1231; x_wconf 89' lang='lat' dir='ltr'><strong>certa</strong></span> <span class='ocrx_word' id='word_1_81' title='bbox 2038 1187 2139 1229; x_wconf 93' lang='lat' dir='ltr'><strong>nos</strong></span> 
     </span>
    </p>
   </div>
   <div class='ocr_carea' id='block_1_12' title="bbox 545 1264 2141 1343">
    <p class='ocr_par' dir='ltr' id='par_1_12' title="bbox 545 1264 2141 1343">
     <span class='ocr_line' id='line_1_12' title="bbox 545 1264 2141 1343; baseline -0.008 -11"><span class='ocrx_word' id='word_1_82' title='bbox 545 1274 854 1332; x_wconf 87' lang='lat' dir='ltr'><strong>conditione</strong></span> <span class='ocrx_word' id='word_1_83' title='bbox 880 1284 933 1330; x_wconf 88' lang='lat' dir='ltr'><strong>et</strong></span> <span class='ocrx_word' id='word_1_84' title='bbox 959 1275 1250 1343; x_wconf 80' lang='lat' dir='ltr'><strong>sponsione</strong></span> <span class='ocrx_word' id='word_1_85' title='bbox 1265 1273 1662 1343; x_wconf 77' lang='lat' dir='ltr'><strong>constringens,</strong></span> <span class='ocrx_word' id='word_1_86' title='bbox 1682 1278 1742 1324; x_wconf 95' lang='lat' dir='ltr'><strong>ut</strong></span> <span class='ocrx_word' id='word_1_87' title='bbox 1767 1269 1846 1324; x_wconf 92' lang='lat' dir='ltr'><strong>sic</strong></span> <span class='ocrx_word' id='word_1_88' title='bbox 1876 1266 2031 1322; x_wconf 91' lang='lat' dir='ltr'><strong>nobis</strong></span> <span class='ocrx_word' id='word_1_89' title='bbox 2060 1264 2141 1320; x_wconf 91' lang='lat' dir='ltr'><strong>di-</strong></span> 
     </span>
    </p>
   </div>
   <div class='ocr_carea' id='block_1_13' title="bbox 542 1356 2138 1436">
    <p class='ocr_par' dir='ltr' id='par_1_13' title="bbox 542 1356 2138 1436">
     <span class='ocr_line' id='line_1_13' title="bbox 542 1356 2138 1436; baseline -0.009 -12"><span class='ocrx_word' id='word_1_90' title='bbox 542 1366 686 1424; x_wconf 89' lang='lat' dir='ltr'><strong>mitti</strong></span> <span class='ocrx_word' id='word_1_91' title='bbox 706 1366 885 1423; x_wconf 87' lang='lat' dir='ltr'><strong>debita</strong></span> <span class='ocrx_word' id='word_1_92' title='bbox 914 1366 1247 1436; x_wconf 88' lang='lat' dir='ltr'><strong>postulemus</strong></span> <span class='ocrx_word' id='word_1_93' title='bbox 1276 1362 1574 1420; x_wconf 89' lang='lat' dir='ltr'><strong>secundum</strong></span> <span class='ocrx_word' id='word_1_94' title='bbox 1600 1360 1743 1431; x_wconf 93' lang='lat' dir='ltr'><strong>quod</strong></span> <span class='ocrx_word' id='word_1_95' title='bbox 1770 1368 1825 1415; x_wconf 88' lang='lat' dir='ltr'><strong>et</strong></span> <span class='ocrx_word' id='word_1_96' title='bbox 1859 1358 1959 1428; x_wconf 88' lang='lat' dir='ltr'><strong>ipsi</strong></span> <span class='ocrx_word' id='word_1_97' title='bbox 1985 1356 2138 1411; x_wconf 87' lang='lat' dir='ltr'><strong>debi-</strong></span> 
     </span>
    </p>
   </div>
   <div class='ocr_carea' id='block_1_14' title="bbox 539 1447 2140 1521">
    <p class='ocr_par' dir='ltr' id='par_1_14' title="bbox 539 1447 2140 1521">
     <span class='ocr_line' id='line_1_14' title="bbox 539 1447 2140 1521; baseline -0.009 -7"><span class='ocrx_word' id='word_1_98' title='bbox 539 1460 751 1514; x_wconf 86' lang='lat' dir='ltr'><strong>toribus</strong></span> <span class='ocrx_word' id='word_1_99' title='bbox 795 1459 995 1513; x_wconf 87' lang='lat' dir='ltr'><strong>nostris</strong></span> <span class='ocrx_word' id='word_1_100' title='bbox 1030 1457 1383 1521; x_wconf 88' lang='lat' dir='ltr'><strong>dimittimus,</strong></span> <span class='ocrx_word' id='word_1_101' title='bbox 1429 1453 1662 1509; x_wconf 89' lang='lat' dir='ltr'><strong>scientcs</strong></span> <span class='ocrx_word' id='word_1_102' title='bbox 1714 1447 1987 1520; x_wconf 87' lang='lat' dir='ltr'><strong>impetrari</strong></span> <span class='ocrx_word' id='word_1_103' title='bbox 2032 1460 2140 1501; x_wconf 91' lang='lat' dir='ltr'><strong>non</strong></span> 
     </span>
    </p>
   </div>
   <div class='ocr_carea' id='block_1_15' title="bbox 540 1538 2140 1623">
    <p class='ocr_par' dir='ltr' id='par_1_15' title="bbox 540 1538 2140 1623">
     <span class='ocr_line' id='line_1_15' title="bbox 540 1538 2140 1623; baseline -0.011 -15"><span class='ocrx_word' id='word_1_104' title='bbox 540 1563 705 1623; x_wconf 87' lang='lat' dir='ltr'><strong>posse</strong></span> <span class='ocrx_word' id='word_1_105' title='bbox 732 1549 874 1621; x_wconf 90' lang='lat' dir='ltr'><strong>quod</strong></span> <span class='ocrx_word' id='word_1_106' title='bbox 928 1565 1024 1619; x_wconf 91' lang='lat' dir='ltr'><strong>pro</strong></span> <span class='ocrx_word' id='word_1_107' title='bbox 1062 1548 1299 1620; x_wconf 88' lang='lat' dir='ltr'><strong>peccatis</strong></span> <span class='ocrx_word' id='word_1_108' title='bbox 1336 1545 1588 1615; x_wconf 90' lang='lat' dir='ltr'><strong>petimus,</strong></span> <span class='ocrx_word' id='word_1_109' title='bbox 1625 1542 1728 1597; x_wconf 89' lang='lat' dir='ltr'><strong>nisi</strong></span> <span class='ocrx_word' id='word_1_110' title='bbox 1758 1550 1813 1595; x_wconf 90' lang='lat' dir='ltr'><strong>et</strong></span> <span class='ocrx_word' id='word_1_111' title='bbox 1859 1538 1959 1608; x_wconf 90' lang='lat' dir='ltr'><strong>ipsi</strong></span> <span class='ocrx_word' id='word_1_112' title='bbox 1994 1539 2140 1592; x_wconf 89' lang='lat' dir='ltr'><strong>circa</strong></span> 
     </span>
    </p>
   </div>
   <div class='ocr_carea' id='block_1_16' title="bbox 537 1630 2138 1711">
    <p class='ocr_par' dir='ltr' id='par_1_16' title="bbox 537 1630 2138 1711">
     <span class='ocr_line' id='line_1_16' title="bbox 537 1630 2138 1711; baseline -0.009 -13"><span class='ocrx_word' id='word_1_113' title='bbox 537 1642 812 1699; x_wconf 85' lang='lat' dir='ltr'><strong>debitores</strong></span> <span class='ocrx_word' id='word_1_114' title='bbox 855 1646 1068 1696; x_wconf 89' lang='lat' dir='ltr'><strong>nostros</strong></span> <span class='ocrx_word' id='word_1_115' title='bbox 1100 1640 1252 1711; x_wconf 87' lang='lat' dir='ltr'><strong>paria</strong></span> <span class='ocrx_word' id='word_1_116' title='bbox 1297 1637 1601 1693; x_wconf 83' lang='lat' dir='ltr'><strong>fecerimus.</strong></span> <span class='ocrx_word' id='word_1_117' title='bbox 1627 1633 1832 1689; x_wconf 88' lang='lat' dir='ltr'><strong>Idcirco</strong></span> <span class='ocrx_word' id='word_1_118' title='bbox 1854 1639 1910 1687; x_wconf 90' lang='lat' dir='ltr'><strong>et</strong></span> <span class='ocrx_word' id='word_1_119' title='bbox 1945 1630 2050 1684; x_wconf 89' lang='lat' dir='ltr'><strong>alio</strong></span> <span class='ocrx_word' id='word_1_120' title='bbox 2082 1630 2138 1684; x_wconf 94' lang='lat' dir='ltr'><strong>in</strong></span> 
     </span>
    </p>
   </div>
   <div class='ocr_carea' id='block_1_17' title="bbox 536 1722 2138 1803">
    <p class='ocr_par' dir='ltr' id='par_1_17' title="bbox 536 1722 2138 1803">
     <span class='ocr_line' id='line_1_17' title="bbox 536 1722 2138 1803; baseline -0.007 -13"><span class='ocrx_word' id='word_1_121' title='bbox 536 1734 664 1791; x_wconf 90' lang='lat' dir='ltr'><strong>loco</strong></span> <span class='ocrx_word' id='word_1_122' title='bbox 691 1734 822 1790; x_wconf 90' lang='lat' dir='ltr'><strong>dicit</strong></span> <span class='ocrx_word' id='word_1_123' title='bbox 851 1750 867 1788; x_wconf 92' lang='lat'><strong>:</strong></span> <span class='ocrx_word' id='word_1_124' title='bbox 897 1732 965 1787; x_wconf 86' lang='lat' dir='ltr'><strong>In</strong></span> <span class='ocrx_word' id='word_1_125' title='bbox 985 1749 1084 1803; x_wconf 87' lang='lat' dir='ltr'><strong>qua</strong></span> <span class='ocrx_word' id='word_1_126' title='bbox 1106 1748 1341 1787; x_wconf 86' lang='lat' dir='ltr'><strong>mensura</strong></span> <span class='ocrx_word' id='word_1_127' title='bbox 1369 1722 1528 1785; x_wconf 80' lang='lat' dir='ltr'><strong>mensi</strong></span> <span class='ocrx_word' id='word_1_128' title='bbox 1562 1728 1783 1798; x_wconf 86' lang='lat' dir='ltr'><strong>fueritis,</strong></span> <span class='ocrx_word' id='word_1_129' title='bbox 1814 1728 1868 1780; x_wconf 89' lang='lat' dir='ltr'><strong>in</strong></span> <span class='ocrx_word' id='word_1_130' title='bbox 1898 1742 1956 1781; x_wconf 91' lang='lat' dir='ltr'><strong>ea</strong></span> <span class='ocrx_word' id='word_1_131' title='bbox 1976 1740 2138 1779; x_wconf 88' lang='lat' dir='ltr'><strong>reme-</strong></span> 
     </span>
    </p>
   </div>
   <div class='ocr_carea' id='block_1_18' title="bbox 2248 520 3846 597">
    <p class='ocr_par' dir='ltr' id='par_1_18' title="bbox 2248 520 3846 597">
     <span class='ocr_line' id='line_1_18' title="bbox 2248 520 3846 597; baseline -0.001 -16"><span class='ocrx_word' id='word_1_132' title='bbox 2248 526 2496 597; x_wconf 89' lang='lat' dir='ltr'><strong>precibus</strong></span> <span class='ocrx_word' id='word_1_133' title='bbox 2534 534 2589 582; x_wconf 92' lang='lat' dir='ltr'><strong>et</strong></span> <span class='ocrx_word' id='word_1_134' title='bbox 2632 526 2773 582; x_wconf 89' lang='lat' dir='ltr'><strong>Deus</strong></span> <span class='ocrx_word' id='word_1_135' title='bbox 2808 524 2996 596; x_wconf 81' lang='lat' dir='ltr'><strong>ipossit</strong></span> <span class='ocrx_word' id='word_1_136' title='bbox 3042 538 3165 579; x_wconf 91' lang='lat' dir='ltr'><strong>esse</strong></span> <span class='ocrx_word' id='word_1_137' title='bbox 3209 531 3452 594; x_wconf 88' lang='lat' dir='ltr'><strong>pacatus.</strong></span> <span class='ocrx_word' id='word_1_138' title='bbox 3509 520 3846 579; x_wconf 87' lang='lat' dir='ltr'><strong>Sacriﬁcium</strong></span> 
     </span>
    </p>
   </div>
   <div class='ocr_carea' id='block_1_19' title="bbox 2247 610 3885 689">
    <p class='ocr_par' dir='ltr' id='par_1_19' title="bbox 2247 610 3885 689">
     <span class='ocr_line' id='line_1_19' title="bbox 2247 610 3885 689; baseline -0.001 -16"><span class='ocrx_word' id='word_1_139' title='bbox 2247 618 2359 675; x_wconf 88' lang='lat' dir='ltr'><strong>Deo</strong></span> <span class='ocrx_word' id='word_1_140' title='bbox 2391 618 2561 689; x_wconf 85' lang='lat' dir='ltr'><strong>majus</strong></span> <span class='ocrx_word' id='word_1_141' title='bbox 2581 627 2665 675; x_wconf 91' lang='lat' dir='ltr'><strong>est</strong></span> <span class='ocrx_word' id='word_1_142' title='bbox 2690 633 2791 689; x_wconf 89' lang='lat' dir='ltr'><strong>pax</strong></span> <span class='ocrx_word' id='word_1_143' title='bbox 2817 624 2998 673; x_wconf 90' lang='lat' dir='ltr'><strong>nostra</strong></span> <span class='ocrx_word' id='word_1_144' title='bbox 3020 624 3076 671; x_wconf 91' lang='lat' dir='ltr'><strong>et</strong></span> <span class='ocrx_word' id='word_1_145' title='bbox 3097 614 3331 671; x_wconf 89' lang='lat' dir='ltr'><strong>fraterna</strong></span> <span class='ocrx_word' id='word_1_146' title='bbox 3350 614 3665 682; x_wconf 87' lang='lat' dir='ltr'><strong>concordia,</strong></span> <span class='ocrx_word' id='word_1_147' title='bbox 3696 625 3751 670; x_wconf 91' lang='lat' dir='ltr'><strong>et</strong></span> <span class='ocrx_word' id='word_1_148' title='bbox 3777 614 3846 672; x_wconf 90' lang='lat' dir='ltr'><strong>de</strong></span> <span class='ocrx_word' id='word_1_149' title='bbox 3878 610 3885 617; x_wconf 62' lang='grc'><strong>“</strong></span> 
     </span>
    </p>
   </div>
   <div class='ocr_carea' id='block_1_20' title="bbox 2248 707 3843 780">
    <p class='ocr_par' dir='ltr' id='par_1_20' title="bbox 2248 707 3843 780">
     <span class='ocr_line' id='line_1_20' title="bbox 2248 707 3843 780; baseline -0.003 -12"><span class='ocrx_word' id='word_1_150' title='bbox 2248 713 2452 768; x_wconf 88' lang='lat' dir='ltr'><strong>unitate</strong></span> <span class='ocrx_word' id='word_1_151' title='bbox 2474 712 2647 767; x_wconf 86' lang='lat' dir='ltr'><strong>Patris</strong></span> <span class='ocrx_word' id='word_1_152' title='bbox 2665 722 2719 767; x_wconf 91' lang='lat' dir='ltr'><strong>et</strong></span> <span class='ocrx_word' id='word_1_153' title='bbox 2738 710 2857 766; x_wconf 85' lang='lat' dir='ltr'><strong>Filii</strong></span> <span class='ocrx_word' id='word_1_154' title='bbox 2883 720 2937 766; x_wconf 90' lang='lat' dir='ltr'><strong>et</strong></span> <span class='ocrx_word' id='word_1_155' title='bbox 2960 709 3189 780; x_wconf 90' lang='lat' dir='ltr'><strong>Spiritus</strong></span> <span class='ocrx_word' id='word_1_156' title='bbox 3212 708 3384 764; x_wconf 89' lang='lat' dir='ltr'><strong>sancti</strong></span> <span class='ocrx_word' id='word_1_157' title='bbox 3410 708 3561 779; x_wconf 82' lang='lat' dir='ltr'><strong>plebs</strong></span> <span class='ocrx_word' id='word_1_158' title='bbox 3588 707 3843 763; x_wconf 86' lang='lat' dir='ltr'><strong>adunata.</strong></span> 
     </span>
    </p>
   </div>
   <div class='ocr_carea' id='block_1_21' title="bbox 2320 798 3845 873">
    <p class='ocr_par' dir='ltr' id='par_1_21' title="bbox 2320 798 3845 873">
     <span class='ocr_line' id='line_1_21' title="bbox 2320 798 3845 873; baseline -0.002 -15"><span class='ocrx_word' id='word_1_159' title='bbox 2320 802 2509 858; x_wconf 83' lang='lat' dir='ltr'><strong>XXIV.</strong></span> <span class='ocrx_word' id='word_1_160' title='bbox 2537 803 2721 873; x_wconf 85' lang='lat' dir='ltr'><strong>Neque</strong></span> <span class='ocrx_word' id='word_1_161' title='bbox 2749 803 2891 859; x_wconf 91' lang='lat' dir='ltr'><strong>enim</strong></span> <span class='ocrx_word' id='word_1_162' title='bbox 2917 801 2971 856; x_wconf 94' lang='lat' dir='ltr'><strong>in</strong></span> <span class='ocrx_word' id='word_1_163' title='bbox 2997 799 3280 856; x_wconf 90' lang='lat' dir='ltr'><strong>sacriﬁciis</strong></span> <span class='ocrx_word' id='word_1_164' title='bbox 3303 814 3426 869; x_wconf 75' lang='lat' dir='ltr'><strong>qua:</strong></span> <span class='ocrx_word' id='word_1_165' title='bbox 3454 799 3590 855; x_wconf 83' lang='lat' dir='ltr'><strong>Abel</strong></span> <span class='ocrx_word' id='word_1_166' title='bbox 3621 809 3676 854; x_wconf 89' lang='lat' dir='ltr'><strong>et</strong></span> <span class='ocrx_word' id='word_1_167' title='bbox 3712 798 3845 855; x_wconf 86' lang='lat' dir='ltr'><strong>Cain</strong></span> 
     </span>
    </p>
   </div>
   <div class='ocr_carea' id='block_1_22' title="bbox 2248 888 3844 970">
    <p class='ocr_par' dir='ltr' id='par_1_22' title="bbox 2248 888 3844 970">
     <span class='ocr_line' id='line_1_22' title="bbox 2248 888 3844 970; baseline -0.003 -21"><span class='ocrx_word' id='word_1_168' title='bbox 2248 894 2401 965; x_wconf 91' lang='lat' dir='ltr'><strong>primi</strong></span> <span class='ocrx_word' id='word_1_169' title='bbox 2424 894 2735 970; x_wconf 71' lang='lat' dir='ltr'><strong>obtulerunt</strong></span> <span class='ocrx_word' id='word_1_170' title='bbox 2769 907 2992 949; x_wconf 91' lang='lat' dir='ltr'><strong>munera</strong></span> <span class='ocrx_word' id='word_1_171' title='bbox 3024 906 3210 949; x_wconf 87' lang='lat' dir='ltr'><strong>eorum</strong></span> <span class='ocrx_word' id='word_1_172' title='bbox 3249 890 3392 946; x_wconf 87' lang='lat' dir='ltr'><strong>Deus</strong></span> <span class='ocrx_word' id='word_1_173' title='bbox 3437 888 3532 945; x_wconf 91' lang='lat' dir='ltr'><strong>sed</strong></span> <span class='ocrx_word' id='word_1_174' title='bbox 3558 889 3722 945; x_wconf 90' lang='lat' dir='ltr'><strong>corda</strong></span> <span class='ocrx_word' id='word_1_175' title='bbox 3757 890 3844 945; x_wconf 89' lang='lat' dir='ltr'><strong>in-</strong></span> 
     </span>
    </p>
   </div>
   <div class='ocr_carea' id='block_1_23' title="bbox 2247 983 3843 1056">
    <p class='ocr_par' dir='ltr' id='par_1_23' title="bbox 2247 983 3843 1056">
     <span class='ocr_line' id='line_1_23' title="bbox 2247 983 3843 1056; baseline -0.001 -15"><span class='ocrx_word' id='word_1_176' title='bbox 2247 987 2517 1054; x_wconf 90' lang='lat' dir='ltr'><strong>tuebatur,</strong></span> <span class='ocrx_word' id='word_1_177' title='bbox 2547 995 2606 1042; x_wconf 95' lang='lat' dir='ltr'><strong>ut</strong></span> <span class='ocrx_word' id='word_1_178' title='bbox 2633 986 2720 1040; x_wconf 91' lang='lat' dir='ltr'><strong>ille</strong></span> <span class='ocrx_word' id='word_1_179' title='bbox 2764 986 3000 1056; x_wconf 89' lang='lat' dir='ltr'><strong>placeret</strong></span> <span class='ocrx_word' id='word_1_180' title='bbox 3040 984 3093 1039; x_wconf 93' lang='lat' dir='ltr'><strong>in</strong></span> <span class='ocrx_word' id='word_1_181' title='bbox 3134 998 3359 1039; x_wconf 89' lang='lat' dir='ltr'><strong>munere</strong></span> <span class='ocrx_word' id='word_1_182' title='bbox 3387 983 3477 1054; x_wconf 91' lang='lat' dir='ltr'><strong>qui</strong></span> <span class='ocrx_word' id='word_1_183' title='bbox 3517 983 3763 1054; x_wconf 91' lang='lat' dir='ltr'><strong>placebat</strong></span> <span class='ocrx_word' id='word_1_184' title='bbox 3789 983 3843 1040; x_wconf 91' lang='lat' dir='ltr'><strong>in</strong></span> 
     </span>
    </p>
   </div>
   <div class='ocr_carea' id='block_1_24' title="bbox 2246 1075 3843 1150">
    <p class='ocr_par' dir='ltr' id='par_1_24' title="bbox 2246 1075 3843 1150">
     <span class='ocr_line' id='line_1_24' title="bbox 2246 1075 3843 1150; baseline -0.001 -16"><span class='ocrx_word' id='word_1_185' title='bbox 2246 1078 2408 1134; x_wconf 91' lang='lat' dir='ltr'><strong>corde</strong></span> <span class='ocrx_word' id='word_1_186' title='bbox 2455 1078 2608 1150; x_wconf 82' lang='lat' dir='ltr'><strong>(Cen.</strong></span> <span class='ocrx_word' id='word_1_187' title='bbox 2649 1094 2725 1145; x_wconf 84' lang='lat' dir='ltr'><strong>ix,</strong></span> <span class='ocrx_word' id='word_1_188' title='bbox 2756 1076 2836 1149; x_wconf 94' lang='lat'><strong>5).</strong></span> <span class='ocrx_word' id='word_1_189' title='bbox 2893 1077 3028 1133; x_wconf 85' lang='lat' dir='ltr'><strong>Abel</strong></span> <span class='ocrx_word' id='word_1_190' title='bbox 3075 1075 3331 1147; x_wconf 85' lang='lat' dir='ltr'><strong>paciﬁcus</strong></span> <span class='ocrx_word' id='word_1_191' title='bbox 3372 1086 3427 1131; x_wconf 91' lang='lat' dir='ltr'><strong>et</strong></span> <span class='ocrx_word' id='word_1_192' title='bbox 3473 1076 3670 1147; x_wconf 91' lang='lat' dir='ltr'><strong>justus,</strong></span> <span class='ocrx_word' id='word_1_193' title='bbox 3715 1075 3843 1132; x_wconf 90' lang='lat' dir='ltr'><strong>dum</strong></span> 
     </span>
    </p>
   </div>
   <div class='ocr_carea' id='block_1_25' title="bbox 2247 1168 3845 1239">
    <p class='ocr_par' dir='ltr' id='par_1_25' title="bbox 2247 1168 3845 1239">
     <span class='ocr_line' id='line_1_25' title="bbox 2247 1168 3845 1239; baseline -0.001 -14"><span class='ocrx_word' id='word_1_194' title='bbox 2247 1170 2360 1227; x_wconf 92' lang='lat' dir='ltr'><strong>Deo</strong></span> <span class='ocrx_word' id='word_1_195' title='bbox 2380 1171 2646 1226; x_wconf 87' lang='lat' dir='ltr'><strong>sacriﬁcat</strong></span> <span class='ocrx_word' id='word_1_196' title='bbox 2691 1170 3027 1237; x_wconf 85' lang='lat' dir='ltr'><strong>innocenter,</strong></span> <span class='ocrx_word' id='word_1_197' title='bbox 3054 1168 3238 1225; x_wconf 83' lang='lat' dir='ltr'><strong>docuit</strong></span> <span class='ocrx_word' id='word_1_198' title='bbox 3269 1177 3324 1225; x_wconf 92' lang='lat' dir='ltr'><strong>et</strong></span> <span class='ocrx_word' id='word_1_199' title='bbox 3344 1177 3592 1236; x_wconf 59' lang='lat' dir='ltr'><strong>ceteros,</strong></span> <span class='ocrx_word' id='word_1_200' title='bbox 3628 1168 3845 1239; x_wconf 86' lang='lat' dir='ltr'><strong>quando</strong></span> 
     </span>
    </p>
   </div>
   <div class='ocr_carea' id='block_1_26' title="bbox 2244 1248 3838 1329">
    <p class='ocr_par' dir='ltr' id='par_1_26' title="bbox 2244 1248 3838 1329">
     <span class='ocr_line' id='line_1_26' title="bbox 2244 1248 3838 1329; baseline 0.001 -11"><span class='ocrx_word' id='word_1_201' title='bbox 2244 1262 2311 1318; x_wconf 92' lang='lat' dir='ltr'><strong>ad</strong></span> <span class='ocrx_word' id='word_1_202' title='bbox 2332 1264 2500 1318; x_wconf 90' lang='lat' dir='ltr'><strong>altare</strong></span> <span class='ocrx_word' id='word_1_203' title='bbox 2524 1276 2719 1318; x_wconf 92' lang='lat' dir='ltr'><strong>munus</strong></span> <span class='ocrx_word' id='word_1_204' title='bbox 2744 1262 3000 1328; x_wconf 75' lang='lat' dir='ltr'><strong>offerunt,</strong></span> <span class='ocrx_word' id='word_1_205' title='bbox 3025 1262 3103 1317; x_wconf 93' lang='lat' dir='ltr'><strong>sic</strong></span> <span class='ocrx_word' id='word_1_206' title='bbox 3129 1261 3315 1317; x_wconf 87' lang='lat' dir='ltr'><strong>venire</strong></span> <span class='ocrx_word' id='word_1_207' title='bbox 3342 1276 3462 1317; x_wconf 92' lang='lat' dir='ltr'><strong>cum</strong></span> <span class='ocrx_word' id='word_1_208' title='bbox 3502 1248 3593 1316; x_wconf 89' lang='lat' dir='ltr'><strong>Dei</strong></span> <span class='ocrx_word' id='word_1_209' title='bbox 3626 1262 3838 1329; x_wconf 90' lang='lat' dir='ltr'><strong>timore,</strong></span> 
     </span>
    </p>
   </div>
   <div class='ocr_carea' id='block_1_27' title="bbox 2243 1351 3844 1424">
    <p class='ocr_par' dir='ltr' id='par_1_27' title="bbox 2243 1351 3844 1424">
     <span class='ocr_line' id='line_1_27' title="bbox 2243 1351 3844 1424; baseline -0.001 -14"><span class='ocrx_word' id='word_1_210' title='bbox 2243 1368 2363 1413; x_wconf 85' lang='lat' dir='ltr'><strong>cum</strong></span> <span class='ocrx_word' id='word_1_211' title='bbox 2390 1353 2621 1424; x_wconf 91' lang='lat' dir='ltr'><strong>simplici</strong></span> <span class='ocrx_word' id='word_1_212' title='bbox 2664 1353 2859 1421; x_wconf 87' lang='lat' dir='ltr'><strong>corde,</strong></span> <span class='ocrx_word' id='word_1_213' title='bbox 2891 1368 3014 1408; x_wconf 91' lang='lat' dir='ltr'><strong>cum</strong></span> <span class='ocrx_word' id='word_1_214' title='bbox 3044 1353 3163 1423; x_wconf 89' lang='lat' dir='ltr'><strong>lege</strong></span> <span class='ocrx_word' id='word_1_215' title='bbox 3187 1351 3432 1422; x_wconf 62' lang='lat' dir='ltr'><strong>justitia&#39;,</strong></span> <span class='ocrx_word' id='word_1_216' title='bbox 3465 1366 3587 1407; x_wconf 92' lang='lat' dir='ltr'><strong>cum</strong></span> <span class='ocrx_word' id='word_1_217' title='bbox 3617 1367 3844 1409; x_wconf 86' lang='lat' dir='ltr'><strong>concor-</strong></span> 
     </span>
    </p>
   </div>
   <div class='ocr_carea' id='block_1_28' title="bbox 2244 1443 3839 1516">
    <p class='ocr_par' dir='ltr' id='par_1_28' title="bbox 2244 1443 3839 1516">
     <span class='ocr_line' id='line_1_28' title="bbox 2244 1443 3839 1516; baseline -0.001 -15"><span class='ocrx_word' id='word_1_218' title='bbox 2244 1444 2347 1501; x_wconf 85' lang='lat' dir='ltr'><strong>diae</strong></span> <span class='ocrx_word' id='word_1_219' title='bbox 2372 1460 2521 1516; x_wconf 90' lang='lat' dir='ltr'><strong>pace.</strong></span> <span class='ocrx_word' id='word_1_220' title='bbox 2551 1443 2740 1500; x_wconf 82' lang='lat' dir='ltr'><strong>Merito</strong></span> <span class='ocrx_word' id='word_1_221' title='bbox 2770 1444 2861 1500; x_wconf 91' lang='lat' dir='ltr'><strong>ille</strong></span> <span class='ocrx_word' id='word_1_222' title='bbox 2900 1444 3031 1499; x_wconf 92' lang='lat' dir='ltr'><strong>dum</strong></span> <span class='ocrx_word' id='word_1_223' title='bbox 3059 1445 3115 1500; x_wconf 94' lang='lat' dir='ltr'><strong>in</strong></span> <span class='ocrx_word' id='word_1_224' title='bbox 3150 1443 3419 1500; x_wconf 88' lang='lat' dir='ltr'><strong>sacriﬁcio</strong></span> <span class='ocrx_word' id='word_1_225' title='bbox 3467 1444 3562 1500; x_wconf 91' lang='lat' dir='ltr'><strong>Dei</strong></span> <span class='ocrx_word' id='word_1_226' title='bbox 3591 1445 3714 1499; x_wconf 90' lang='lat' dir='ltr'><strong>talis</strong></span> <span class='ocrx_word' id='word_1_227' title='bbox 3737 1453 3839 1512; x_wconf 89' lang='lat' dir='ltr'><strong>est,</strong></span> 
     </span>
    </p>
   </div>
   <div class='ocr_carea' id='block_1_29' title="bbox 2243 1536 3844 1608">
    <p class='ocr_par' dir='ltr' id='par_1_29' title="bbox 2243 1536 3844 1608">
     <span class='ocr_line' id='line_1_29' title="bbox 2243 1536 3844 1608; baseline -0.001 -15"><span class='ocrx_word' id='word_1_228' title='bbox 2243 1538 2357 1608; x_wconf 88' lang='lat' dir='ltr'><strong>ipse</strong></span> <span class='ocrx_word' id='word_1_229' title='bbox 2380 1536 2720 1607; x_wconf 90' lang='lat' dir='ltr'><strong>postmodum</strong></span> <span class='ocrx_word' id='word_1_230' title='bbox 2755 1536 3079 1592; x_wconf 88' lang='lat' dir='ltr'><strong>sacriﬁcium</strong></span> <span class='ocrx_word' id='word_1_231' title='bbox 3099 1536 3208 1592; x_wconf 92' lang='lat' dir='ltr'><strong>Deo</strong></span> <span class='ocrx_word' id='word_1_232' title='bbox 3230 1536 3401 1591; x_wconf 82' lang='lat' dir='ltr'><strong>factus</strong></span> <span class='ocrx_word' id='word_1_233' title='bbox 3425 1544 3529 1604; x_wconf 91' lang='lat' dir='ltr'><strong>est,</strong></span> <span class='ocrx_word' id='word_1_234' title='bbox 3558 1544 3617 1592; x_wconf 90' lang='lat' dir='ltr'><strong>ut</strong></span> <span class='ocrx_word' id='word_1_235' title='bbox 3640 1544 3844 1608; x_wconf 81' lang='lat' dir='ltr'><strong>marty-</strong></span> 
     </span>
    </p>
   </div>
   <div class='ocr_carea' id='block_1_30' title="bbox 2242 1626 3841 1699">
    <p class='ocr_par' dir='ltr' id='par_1_30' title="bbox 2242 1626 3841 1699">
     <span class='ocr_line' id='line_1_30' title="bbox 2242 1626 3841 1699; baseline -0.001 -14"><span class='ocrx_word' id='word_1_236' title='bbox 2242 1628 2379 1685; x_wconf 86' lang='lat' dir='ltr'><strong>rium</strong></span> <span class='ocrx_word' id='word_1_237' title='bbox 2402 1628 2603 1699; x_wconf 90' lang='lat' dir='ltr'><strong>primus</strong></span> <span class='ocrx_word' id='word_1_238' title='bbox 2623 1626 2913 1684; x_wconf 91' lang='lat' dir='ltr'><strong>ostendens</strong></span> <span class='ocrx_word' id='word_1_239' title='bbox 2934 1628 3245 1684; x_wconf 79' lang='lat' dir='ltr'><strong>initiaretm</strong></span> <span class='ocrx_word' id='word_1_240' title='bbox 3268 1628 3544 1698; x_wconf 88' lang='lat' dir='ltr'><strong>sanguinis</strong></span> <span class='ocrx_word' id='word_1_241' title='bbox 3562 1628 3642 1683; x_wconf 88' lang='lat' dir='ltr'><strong>sui</strong></span> <span class='ocrx_word' id='word_1_242' title='bbox 3670 1628 3841 1698; x_wconf 86' lang='lat' dir='ltr'><strong>gloria</strong></span> 
     </span>
    </p>
   </div>
   <div class='ocr_carea' id='block_1_31' title="bbox 2190 1718 3842 1791">
    <p class='ocr_par' dir='ltr' id='par_1_31' title="bbox 2190 1718 3842 1791">
     <span class='ocr_line' id='line_1_31' title="bbox 2190 1718 3842 1791; baseline 0.001 -17"><span class='ocrx_word' id='word_1_243' title='bbox 2190 1764 2195 1767; x_wconf 91' lang='lat'><strong>.</strong></span> <span class='ocrx_word' id='word_1_244' title='bbox 2244 1718 2574 1777; x_wconf 84' lang='lat' dir='ltr'><strong>Dominicam</strong></span> <span class='ocrx_word' id='word_1_245' title='bbox 2598 1721 2903 1791; x_wconf 87' lang='lat' dir='ltr'><strong>passionem</strong></span> <span class='ocrx_word' id='word_1_246' title='bbox 2927 1719 3016 1789; x_wconf 90' lang='lat' dir='ltr'><strong>qui</strong></span> <span class='ocrx_word' id='word_1_247' title='bbox 3046 1728 3100 1774; x_wconf 90' lang='lat' dir='ltr'><strong>et</strong></span> <span class='ocrx_word' id='word_1_248' title='bbox 3118 1718 3379 1789; x_wconf 86' lang='lat' dir='ltr'><strong>justitiam</strong></span> <span class='ocrx_word' id='word_1_249' title='bbox 3400 1718 3611 1775; x_wconf 89' lang='lat' dir='ltr'><strong>Domini</strong></span> <span class='ocrx_word' id='word_1_250' title='bbox 3639 1719 3842 1775; x_wconf 87' lang='lat' dir='ltr'><strong>habue-</strong></span> 
     </span>
    </p>
   </div>
   <div class='ocr_carea' id='block_1_32' title="bbox 538 1808 3836 1900">
    <p class='ocr_par' dir='ltr' id='par_1_32' title="bbox 538 1808 3836 1900">
     <span class='ocr_line' id='line_1_32' title="bbox 538 1808 3836 1900; baseline -0.005 -18"><span class='ocrx_word' id='word_1_251' title='bbox 538 1830 691 1882; x_wconf 81' lang='lat' dir='ltr'><strong>tietur</strong></span> <span class='ocrx_word' id='word_1_252' title='bbox 717 1828 855 1882; x_wconf 91' lang='lat' dir='ltr'><strong>vobis</strong></span> <span class='ocrx_word' id='word_1_253' title='bbox 885 1826 1100 1900; x_wconf 79' lang='lat' dir='ltr'><strong>(Matth.</strong></span> <span class='ocrx_word' id='word_1_254' title='bbox 1132 1842 1226 1891; x_wconf 91' lang='lat' dir='ltr'><strong>vn,</strong></span> <span class='ocrx_word' id='word_1_255' title='bbox 1248 1825 1325 1895; x_wconf 73' lang='lat'><strong>2).</strong></span> <span class='ocrx_word' id='word_1_256' title='bbox 1363 1826 1427 1879; x_wconf 84' lang='lat' dir='ltr'><strong>Et</strong></span> <span class='ocrx_word' id='word_1_257' title='bbox 1456 1825 1547 1894; x_wconf 91' lang='lat' dir='ltr'><strong>qui</strong></span> <span class='ocrx_word' id='word_1_258' title='bbox 1591 1836 1780 1879; x_wconf 91' lang='lat' dir='ltr'><strong>servus</strong></span> <span class='ocrx_word' id='word_1_259' title='bbox 1802 1828 1925 1891; x_wconf 90' lang='lat' dir='ltr'><strong>post</strong></span> <span class='ocrx_word' id='word_1_260' title='bbox 1951 1819 2136 1875; x_wconf 84' lang='lat' dir='ltr'><strong>dimis-</strong></span> <span class='ocrx_word' id='word_1_261' title='bbox 2167 1824 2215 1884; x_wconf 82' lang='grc' dir='ltr'><strong>Β</strong></span> <span class='ocrx_word' id='word_1_262' title='bbox 2243 1818 2327 1865; x_wconf 81' lang='lat' dir='ltr'><strong>rat</strong></span> <span class='ocrx_word' id='word_1_263' title='bbox 2349 1820 2403 1866; x_wconf 87' lang='lat' dir='ltr'><strong>et</strong></span> <span class='ocrx_word' id='word_1_264' title='bbox 2428 1826 2633 1881; x_wconf 86' lang='lat' dir='ltr'><strong>pacem.</strong></span> <span class='ocrx_word' id='word_1_265' title='bbox 2674 1810 2831 1866; x_wconf 90' lang='lat' dir='ltr'><strong>Tales</strong></span> <span class='ocrx_word' id='word_1_266' title='bbox 2879 1809 3113 1880; x_wconf 87' lang='lat' dir='ltr'><strong>denique</strong></span> <span class='ocrx_word' id='word_1_267' title='bbox 3140 1824 3171 1864; x_wconf 89' lang='lat' dir='ltr'><strong>a</strong></span> <span class='ocrx_word' id='word_1_268' title='bbox 3201 1808 3428 1864; x_wconf 91' lang='lat' dir='ltr'><strong>Domino</strong></span> <span class='ocrx_word' id='word_1_269' title='bbox 3467 1819 3796 1865; x_wconf 88' lang='lat' dir='ltr'><strong>coronantur</strong></span> <span class='ocrx_word' id='word_1_270' title='bbox 3818 1850 3836 1877; x_wconf 94' lang='lat'><strong>,</strong></span> 
     </span>
    </p>
   </div>
   <div class='ocr_carea' id='block_1_33' title="bbox 534 1918 2137 1977">
    <p class='ocr_par' dir='ltr' id='par_1_33' title="bbox 534 1918 2137 1977">
     <span class='ocr_line' id='line_1_33' title="bbox 534 1918 2137 1977; baseline -0.006 0"><span class='ocrx_word' id='word_1_271' title='bbox 534 1936 659 1977; x_wconf 89' lang='lat' dir='ltr'><strong>sum</strong></span> <span class='ocrx_word' id='word_1_272' title='bbox 688 1922 789 1976; x_wconf 91' lang='lat' dir='ltr'><strong>sibi</strong></span> <span class='ocrx_word' id='word_1_273' title='bbox 836 1937 866 1977; x_wconf 90' lang='lat' dir='ltr'><strong>a</strong></span> <span class='ocrx_word' id='word_1_274' title='bbox 895 1920 1115 1976; x_wconf 91' lang='lat' dir='ltr'><strong>domino</strong></span> <span class='ocrx_word' id='word_1_275' title='bbox 1142 1934 1303 1975; x_wconf 90' lang='lat' dir='ltr'><strong>omne</strong></span> <span class='ocrx_word' id='word_1_276' title='bbox 1330 1918 1567 1974; x_wconf 89' lang='lat' dir='ltr'><strong>debitum</strong></span> <span class='ocrx_word' id='word_1_277' title='bbox 1614 1929 1880 1972; x_wconf 88' lang='lat' dir='ltr'><strong>conservo</strong></span> <span class='ocrx_word' id='word_1_278' title='bbox 1907 1929 2006 1969; x_wconf 91' lang='lat' dir='ltr'><strong>suo</strong></span> <span class='ocrx_word' id='word_1_279' title='bbox 2039 1928 2137 1967; x_wconf 91' lang='lat' dir='ltr'><strong>no-</strong></span> 
     </span>
    </p>
   </div>
   <div class='ocr_carea' id='block_1_34' title="bbox 534 2007 2136 2085">
    <p class='ocr_par' dir='ltr' id='par_1_34' title="bbox 534 2007 2136 2085">
     <span class='ocr_line' id='line_1_34' title="bbox 534 2007 2136 2085; baseline -0.006 -15"><span class='ocrx_word' id='word_1_280' title='bbox 534 2013 640 2070; x_wconf 85' lang='lat' dir='ltr'><strong>luit</strong></span> <span class='ocrx_word' id='word_1_281' title='bbox 692 2014 807 2085; x_wconf 86' lang='lat' dir='ltr'><strong>ipse</strong></span> <span class='ocrx_word' id='word_1_282' title='bbox 853 2012 1124 2067; x_wconf 87' lang='lat' dir='ltr'><strong>dimittere</strong></span> <span class='ocrx_word' id='word_1_283' title='bbox 1162 2010 1373 2081; x_wconf 80' lang='lat' dir='ltr'><strong>(Matth.</strong></span> <span class='ocrx_word' id='word_1_284' title='bbox 1413 2025 1575 2076; x_wconf 81' lang='lat' dir='ltr'><strong>xvnt,</strong></span> <span class='ocrx_word' id='word_1_285' title='bbox 1608 2007 1721 2078; x_wconf 69' lang='lat'><strong>34),</strong></span> <span class='ocrx_word' id='word_1_286' title='bbox 1756 2010 1808 2062; x_wconf 90' lang='lat' dir='ltr'><strong>in</strong></span> <span class='ocrx_word' id='word_1_287' title='bbox 1864 2019 2136 2062; x_wconf 87' lang='lat' dir='ltr'><strong>carcerem</strong></span> 
     </span>
    </p>
   </div>
   <div class='ocr_carea' id='block_1_35' title="bbox 533 2098 2135 2175">
    <p class='ocr_par' dir='ltr' id='par_1_35' title="bbox 533 2098 2135 2175">
     <span class='ocr_line' id='line_1_35' title="bbox 533 2098 2135 2175; baseline -0.004 -15"><span class='ocrx_word' id='word_1_288' title='bbox 533 2105 793 2175; x_wconf 81' lang='lat' dir='ltr'><strong>religatur</strong></span> <span class='ocrx_word' id='word_1_289' title='bbox 822 2122 835 2159; x_wconf 87' lang='lat'><strong>:</strong></span> <span class='ocrx_word' id='word_1_290' title='bbox 866 2104 989 2174; x_wconf 90' lang='lat' dir='ltr'><strong>quia</strong></span> <span class='ocrx_word' id='word_1_291' title='bbox 1018 2102 1294 2174; x_wconf 91' lang='lat' dir='ltr'><strong>indulgere</strong></span> <span class='ocrx_word' id='word_1_292' title='bbox 1318 2115 1586 2158; x_wconf 89' lang='lat' dir='ltr'><strong>conservo</strong></span> <span class='ocrx_word' id='word_1_293' title='bbox 1618 2114 1717 2156; x_wconf 91' lang='lat' dir='ltr'><strong>suo</strong></span> <span class='ocrx_word' id='word_1_294' title='bbox 1758 2098 1927 2153; x_wconf 89' lang='lat' dir='ltr'><strong>noluit</strong></span> <span class='ocrx_word' id='word_1_295' title='bbox 1947 2138 1962 2164; x_wconf 96' lang='lat'><strong>,</strong></span> <span class='ocrx_word' id='word_1_296' title='bbox 1992 2098 2135 2168; x_wconf 91' lang='lat' dir='ltr'><strong>quod</strong></span> 
     </span>
    </p>
   </div>
   <div class='ocr_carea' id='block_1_36' title="bbox 536 2191 2137 2260">
    <p class='ocr_par' dir='ltr' id='par_1_36' title="bbox 536 2191 2137 2260">
     <span class='ocr_line' id='line_1_36' title="bbox 536 2191 2137 2260; baseline -0.004 -8"><span class='ocrx_word' id='word_1_297' title='bbox 536 2196 643 2252; x_wconf 87' lang='lat' dir='ltr'><strong>sibi</strong></span> <span class='ocrx_word' id='word_1_298' title='bbox 698 2211 728 2250; x_wconf 92' lang='lat' dir='ltr'><strong>a</strong></span> <span class='ocrx_word' id='word_1_299' title='bbox 767 2195 995 2250; x_wconf 91' lang='lat' dir='ltr'><strong>Domino</strong></span> <span class='ocrx_word' id='word_1_300' title='bbox 1029 2194 1294 2248; x_wconf 90' lang='lat' dir='ltr'><strong>indultum</strong></span> <span class='ocrx_word' id='word_1_301' title='bbox 1341 2192 1517 2249; x_wconf 83' lang='lat' dir='ltr'><strong>fuerat</strong></span> <span class='ocrx_word' id='word_1_302' title='bbox 1557 2191 1755 2247; x_wconf 80' lang='lat' dir='ltr'><strong>amisit.</strong></span> <span class='ocrx_word' id='word_1_303' title='bbox 1793 2191 1925 2260; x_wconf 75' lang='lat' dir='ltr'><strong>Quze</strong></span> <span class='ocrx_word' id='word_1_304' title='bbox 1962 2191 2137 2246; x_wconf 89' lang='lat' dir='ltr'><strong>adlmc</strong></span> 
     </span>
    </p>
   </div>
   <div class='ocr_carea' id='block_1_37' title="bbox 538 2283 2136 2356">
    <p class='ocr_par' dir='ltr' id='par_1_37' title="bbox 538 2283 2136 2356">
     <span class='ocr_line' id='line_1_37' title="bbox 538 2283 2136 2356; baseline -0.004 -13"><span class='ocrx_word' id='word_1_305' title='bbox 538 2287 733 2344; x_wconf 86' lang='lat' dir='ltr'><strong>fortius</strong></span> <span class='ocrx_word' id='word_1_306' title='bbox 772 2286 1018 2342; x_wconf 90' lang='lat' dir='ltr'><strong>Christus</strong></span> <span class='ocrx_word' id='word_1_307' title='bbox 1070 2287 1123 2340; x_wconf 93' lang='lat' dir='ltr'><strong>in</strong></span> <span class='ocrx_word' id='word_1_308' title='bbox 1172 2286 1455 2356; x_wconf 60' lang='lat' dir='ltr'><strong>praeceptis</strong></span> <span class='ocrx_word' id='word_1_309' title='bbox 1497 2283 1610 2339; x_wconf 89' lang='lat' dir='ltr'><strong>suis</strong></span> <span class='ocrx_word' id='word_1_310' title='bbox 1651 2284 1855 2354; x_wconf 88' lang='lat' dir='ltr'><strong>majore</strong></span> <span class='ocrx_word' id='word_1_311' title='bbox 1894 2298 2136 2339; x_wconf 64' lang='lat' dir='ltr'><strong>censurae</strong></span> 
     </span>
    </p>
   </div>
   <div class='ocr_carea' id='block_1_38' title="bbox 535 2375 2138 2451">
    <p class='ocr_par' dir='ltr' id='par_1_38' title="bbox 535 2375 2138 2451">
     <span class='ocr_line' id='line_1_38' title="bbox 535 2375 2138 2451; baseline -0.004 -14"><span class='ocrx_word' id='word_1_312' title='bbox 535 2395 653 2437; x_wconf 69' lang='lat' dir='ltr'><strong>suae</strong></span> <span class='ocrx_word' id='word_1_313' title='bbox 682 2381 863 2451; x_wconf 85' lang='lat' dir='ltr'><strong>vigore</strong></span> <span class='ocrx_word' id='word_1_314' title='bbox 891 2378 1176 2449; x_wconf 90' lang='lat' dir='ltr'><strong>proponit:</strong></span> <span class='ocrx_word' id='word_1_315' title='bbox 1202 2376 1329 2431; x_wconf 84' lang='lat' dir='ltr'><strong>Cum</strong></span> <span class='ocrx_word' id='word_1_316' title='bbox 1357 2376 1611 2442; x_wconf 85' lang='lat' dir='ltr'><strong>steteritis,</strong></span> <span class='ocrx_word' id='word_1_317' title='bbox 1640 2375 1831 2446; x_wconf 89' lang='lat' dir='ltr'><strong>inquit,</strong></span> <span class='ocrx_word' id='word_1_318' title='bbox 1859 2376 1925 2428; x_wconf 90' lang='lat' dir='ltr'><strong>ad</strong></span> <span class='ocrx_word' id='word_1_319' title='bbox 1946 2376 2138 2430; x_wconf 86' lang='lat' dir='ltr'><strong>oratio-</strong></span> 
     </span>
    </p>
   </div>
   <div class='ocr_carea' id='block_1_39' title="bbox 536 2469 2135 2541">
    <p class='ocr_par' dir='ltr' id='par_1_39' title="bbox 536 2469 2135 2541">
     <span class='ocr_line' id='line_1_39' title="bbox 536 2469 2135 2541; baseline -0.005 -12"><span class='ocrx_word' id='word_1_320' title='bbox 536 2491 676 2541; x_wconf 87' lang='lat' dir='ltr'><strong>nem,</strong></span> <span class='ocrx_word' id='word_1_321' title='bbox 699 2474 934 2528; x_wconf 85' lang='lat' dir='ltr'><strong>retnittite</strong></span> <span class='ocrx_word' id='word_1_322' title='bbox 961 2473 1006 2526; x_wconf 88' lang='lat' dir='ltr'><strong>si</strong></span> <span class='ocrx_word' id='word_1_323' title='bbox 1047 2472 1171 2541; x_wconf 89' lang='lat' dir='ltr'><strong>quid</strong></span> <span class='ocrx_word' id='word_1_324' title='bbox 1200 2470 1398 2525; x_wconf 78' lang='lat' dir='ltr'><strong>habetis</strong></span> <span class='ocrx_word' id='word_1_325' title='bbox 1430 2470 1671 2525; x_wconf 85' lang='lat' dir='ltr'><strong>adversus</strong></span> <span class='ocrx_word' id='word_1_326' title='bbox 1716 2469 1957 2539; x_wconf 85' lang='lat' dir='ltr'><strong>aliquem,</strong></span> <span class='ocrx_word' id='word_1_327' title='bbox 1993 2477 2047 2522; x_wconf 88' lang='lat' dir='ltr'><strong>ut</strong></span> <span class='ocrx_word' id='word_1_328' title='bbox 2088 2476 2135 2523; x_wconf 89' lang='lat' dir='ltr'><strong>et</strong></span> 
     </span>
    </p>
   </div>
   <div class='ocr_carea' id='block_1_40' title="bbox 537 2560 2132 2634">
    <p class='ocr_par' dir='ltr' id='par_1_40' title="bbox 537 2560 2132 2634">
     <span class='ocr_line' id='line_1_40' title="bbox 537 2560 2132 2634; baseline -0.004 -13"><span class='ocrx_word' id='word_1_329' title='bbox 537 2566 699 2622; x_wconf 85' lang='lat' dir='ltr'><strong>Pater</strong></span> <span class='ocrx_word' id='word_1_330' title='bbox 717 2575 873 2621; x_wconf 84' lang='lat' dir='ltr'><strong>vester</strong></span> <span class='ocrx_word' id='word_1_331' title='bbox 897 2565 985 2634; x_wconf 86' lang='lat' dir='ltr'><strong>qui</strong></span> <span class='ocrx_word' id='word_1_332' title='bbox 1008 2566 1062 2619; x_wconf 90' lang='lat' dir='ltr'><strong>in</strong></span> <span class='ocrx_word' id='word_1_333' title='bbox 1081 2564 1219 2619; x_wconf 84' lang='lat' dir='ltr'><strong>caelis</strong></span> <span class='ocrx_word' id='word_1_334' title='bbox 1239 2572 1312 2617; x_wconf 88' lang='lat' dir='ltr'><strong>est</strong></span> <span class='ocrx_word' id='word_1_335' title='bbox 1328 2564 1546 2617; x_wconf 85' lang='lat' dir='ltr'><strong>remittat</strong></span> <span class='ocrx_word' id='word_1_336' title='bbox 1569 2570 1777 2632; x_wconf 86' lang='lat' dir='ltr'><strong>peccata</strong></span> <span class='ocrx_word' id='word_1_337' title='bbox 1794 2570 1958 2615; x_wconf 88' lang='lat' dir='ltr'><strong>vestra</strong></span> <span class='ocrx_word' id='word_1_338' title='bbox 1972 2560 2132 2614; x_wconf 84' lang='lat' dir='ltr'><strong>vobis.</strong></span> 
     </span>
    </p>
   </div>
   <div class='ocr_carea' id='block_1_41' title="bbox 536 2652 2133 2724">
    <p class='ocr_par' dir='ltr' id='par_1_41' title="bbox 536 2652 2133 2724">
     <span class='ocr_line' id='line_1_41' title="bbox 536 2652 2133 2724; baseline -0.006 -11"><span class='ocrx_word' id='word_1_339' title='bbox 536 2657 603 2713; x_wconf 84' lang='lat' dir='ltr'><strong>Si</strong></span> <span class='ocrx_word' id='word_1_340' title='bbox 630 2667 795 2712; x_wconf 88' lang='lat' dir='ltr'><strong>autem</strong></span> <span class='ocrx_word' id='word_1_341' title='bbox 821 2673 906 2711; x_wconf 89' lang='lat' dir='ltr'><strong>vos</strong></span> <span class='ocrx_word' id='word_1_342' title='bbox 931 2672 1034 2711; x_wconf 90' lang='lat' dir='ltr'><strong>non</strong></span> <span class='ocrx_word' id='word_1_343' title='bbox 1061 2656 1383 2720; x_wconf 85' lang='lat' dir='ltr'><strong>remiseritis,</strong></span> <span class='ocrx_word' id='word_1_344' title='bbox 1412 2670 1570 2724; x_wconf 82' lang='lat' dir='ltr'><strong>neque</strong></span> <span class='ocrx_word' id='word_1_345' title='bbox 1602 2652 1755 2706; x_wconf 85' lang='lat' dir='ltr'><strong>Pater</strong></span> <span class='ocrx_word' id='word_1_346' title='bbox 1785 2661 1946 2707; x_wconf 83' lang='lat' dir='ltr'><strong>vester</strong></span> <span class='ocrx_word' id='word_1_347' title='bbox 1972 2652 2056 2722; x_wconf 87' lang='lat' dir='ltr'><strong>qui</strong></span> <span class='ocrx_word' id='word_1_348' title='bbox 2080 2652 2133 2705; x_wconf 91' lang='lat' dir='ltr'><strong>in</strong></span> 
     </span>
    </p>
   </div>
   <div class='ocr_carea' id='block_1_42' title="bbox 537 2742 2129 2816">
    <p class='ocr_par' dir='ltr' id='par_1_42' title="bbox 537 2742 2129 2816">
     <span class='ocr_line' id='line_1_42' title="bbox 537 2742 2129 2816; baseline -0.004 -13"><span class='ocrx_word' id='word_1_349' title='bbox 537 2749 677 2803; x_wconf 77' lang='lat' dir='ltr'><strong>caelis</strong></span> <span class='ocrx_word' id='word_1_350' title='bbox 714 2757 787 2802; x_wconf 87' lang='lat' dir='ltr'><strong>est</strong></span> <span class='ocrx_word' id='word_1_351' title='bbox 818 2748 1030 2802; x_wconf 84' lang='lat' dir='ltr'><strong>remittet</strong></span> <span class='ocrx_word' id='word_1_352' title='bbox 1084 2745 1223 2801; x_wconf 83' lang='lat' dir='ltr'><strong>vobis</strong></span> <span class='ocrx_word' id='word_1_353' title='bbox 1254 2754 1459 2815; x_wconf 88' lang='lat' dir='ltr'><strong>peccata</strong></span> <span class='ocrx_word' id='word_1_354' title='bbox 1487 2753 1651 2800; x_wconf 85' lang='lat' dir='ltr'><strong>vestra</strong></span> <span class='ocrx_word' id='word_1_355' title='bbox 1683 2742 1875 2816; x_wconf 81' lang='lat' dir='ltr'><strong>(Marc.</strong></span> <span class='ocrx_word' id='word_1_356' title='bbox 1907 2759 1983 2811; x_wconf 71' lang='grc' dir='ltr'>χι,</span> <span class='ocrx_word' id='word_1_357' title='bbox 2014 2742 2129 2814; x_wconf 74' lang='lat'><strong>25).</strong></span> 
     </span>
    </p>
   </div>
   <div class='ocr_carea' id='block_1_43' title="bbox 532 2835 2134 2908">
    <p class='ocr_par' dir='ltr' id='par_1_43' title="bbox 532 2835 2134 2908">
     <span class='ocr_line' id='line_1_43' title="bbox 532 2835 2134 2908; baseline -0.004 -12"><span class='ocrx_word' id='word_1_358' title='bbox 532 2839 823 2897; x_wconf 84' lang='lat' dir='ltr'><strong>Excusatio</strong></span> <span class='ocrx_word' id='word_1_359' title='bbox 851 2838 944 2892; x_wconf 86' lang='lat' dir='ltr'><strong>tibi</strong></span> <span class='ocrx_word' id='word_1_360' title='bbox 993 2838 1137 2893; x_wconf 90' lang='lat' dir='ltr'><strong>nulla</strong></span> <span class='ocrx_word' id='word_1_361' title='bbox 1166 2840 1221 2893; x_wconf 91' lang='lat' dir='ltr'><strong>in</strong></span> <span class='ocrx_word' id='word_1_362' title='bbox 1246 2836 1335 2893; x_wconf 91' lang='lat' dir='ltr'><strong>die</strong></span> <span class='ocrx_word' id='word_1_363' title='bbox 1360 2835 1547 2908; x_wconf 91' lang='lat' dir='ltr'><strong>judicii</strong></span> <span class='ocrx_word' id='word_1_364' title='bbox 1576 2845 1845 2906; x_wconf 88' lang='lat' dir='ltr'><strong>superest,</strong></span> <span class='ocrx_word' id='word_1_365' title='bbox 1887 2850 2009 2890; x_wconf 92' lang='lat' dir='ltr'><strong>cum</strong></span> <span class='ocrx_word' id='word_1_366' title='bbox 2048 2848 2134 2890; x_wconf 89' lang='lat' dir='ltr'><strong>se-</strong></span> 
     </span>
    </p>
   </div>
   <div class='ocr_carea' id='block_1_44' title="bbox 534 2923 2133 2997">
    <p class='ocr_par' dir='ltr' id='par_1_44' title="bbox 534 2923 2133 2997">
     <span class='ocr_line' id='line_1_44' title="bbox 534 2923 2133 2997; baseline -0.002 -13"><span class='ocrx_word' id='word_1_367' title='bbox 534 2928 769 2985; x_wconf 92' lang='lat' dir='ltr'><strong>cundum</strong></span> <span class='ocrx_word' id='word_1_368' title='bbox 818 2938 960 2982; x_wconf 90' lang='lat' dir='ltr'><strong>tuam</strong></span> <span class='ocrx_word' id='word_1_369' title='bbox 1010 2927 1334 2983; x_wconf 89' lang='lat' dir='ltr'><strong>sententiam</strong></span> <span class='ocrx_word' id='word_1_370' title='bbox 1376 2926 1655 2997; x_wconf 89' lang='lat' dir='ltr'><strong>judiceris,</strong></span> <span class='ocrx_word' id='word_1_371' title='bbox 1685 2923 1905 2997; x_wconf 87' lang='lat' dir='ltr'><strong>etquod</strong></span> <span class='ocrx_word' id='word_1_372' title='bbox 1940 2925 2133 2981; x_wconf 86' lang='lat' dir='ltr'><strong>feceris</strong></span> 
     </span>
    </p>
   </div>
   <div class='ocr_carea' id='block_1_45' title="bbox 531 3018 2132 3092">
    <p class='ocr_par' dir='ltr' id='par_1_45' title="bbox 531 3018 2132 3092">
     <span class='ocr_line' id='line_1_45' title="bbox 531 3018 2132 3092; baseline -0.002 -14"><span class='ocrx_word' id='word_1_373' title='bbox 531 3023 639 3078; x_wconf 86' lang='lat' dir='ltr'><strong>hoc</strong></span> <span class='ocrx_word' id='word_1_374' title='bbox 688 3033 742 3077; x_wconf 89' lang='lat' dir='ltr'><strong>et</strong></span> <span class='ocrx_word' id='word_1_375' title='bbox 794 3023 910 3092; x_wconf 91' lang='lat' dir='ltr'><strong>ipse</strong></span> <span class='ocrx_word' id='word_1_376' title='bbox 956 3021 1199 3091; x_wconf 88' lang='lat' dir='ltr'><strong>patiaris.</strong></span> <span class='ocrx_word' id='word_1_377' title='bbox 1232 3020 1492 3075; x_wconf 83' lang='lat' dir='ltr'><strong>Paciﬁcas</strong></span> <span class='ocrx_word' id='word_1_378' title='bbox 1538 3020 1681 3074; x_wconf 90' lang='lat' dir='ltr'><strong>enim</strong></span> <span class='ocrx_word' id='word_1_379' title='bbox 1734 3027 1790 3074; x_wconf 89' lang='lat' dir='ltr'><strong>et</strong></span> <span class='ocrx_word' id='word_1_380' title='bbox 1834 3018 2132 3074; x_wconf 90' lang='lat' dir='ltr'><strong>concordes</strong></span> 
     </span>
    </p>
   </div>
   <div class='ocr_carea' id='block_1_46' title="bbox 532 3110 2135 3185">
    <p class='ocr_par' dir='ltr' id='par_1_46' title="bbox 532 3110 2135 3185">
     <span class='ocr_line' id='line_1_46' title="bbox 532 3110 2135 3185; baseline -0.002 -16"><span class='ocrx_word' id='word_1_381' title='bbox 532 3123 694 3185; x_wconf 89' lang='lat' dir='ltr'><strong>atque</strong></span> <span class='ocrx_word' id='word_1_382' title='bbox 720 3114 1000 3169; x_wconf 87' lang='lat' dir='ltr'><strong>unanimes</strong></span> <span class='ocrx_word' id='word_1_383' title='bbox 1023 3127 1144 3168; x_wconf 88' lang='lat' dir='ltr'><strong>esse</strong></span> <span class='ocrx_word' id='word_1_384' title='bbox 1191 3112 1245 3166; x_wconf 93' lang='lat' dir='ltr'><strong>in</strong></span> <span class='ocrx_word' id='word_1_385' title='bbox 1274 3112 1436 3168; x_wconf 93' lang='lat' dir='ltr'><strong>domo</strong></span> <span class='ocrx_word' id='word_1_386' title='bbox 1461 3127 1558 3167; x_wconf 89' lang='lat' dir='ltr'><strong>sua</strong></span> <span class='ocrx_word' id='word_1_387' title='bbox 1595 3111 1735 3166; x_wconf 87' lang='lat' dir='ltr'><strong>Deus</strong></span> <span class='ocrx_word' id='word_1_388' title='bbox 1760 3110 2044 3180; x_wconf 62' lang='lat' dir='ltr'><strong>praecipit,</strong></span> <span class='ocrx_word' id='word_1_389' title='bbox 2075 3118 2135 3166; x_wconf 91' lang='lat' dir='ltr'><strong>et</strong></span> 
     </span>
    </p>
   </div>
   <div class='ocr_carea' id='block_1_47' title="bbox 2245 1900 3836 1972">
    <p class='ocr_par' dir='ltr' id='par_1_47' title="bbox 2245 1900 3836 1972">
     <span class='ocr_line' id='line_1_47' title="bbox 2245 1900 3836 1972; baseline 0.001 -16"><span class='ocrx_word' id='word_1_390' title='bbox 2245 1902 2376 1957; x_wconf 89' lang='lat' dir='ltr'><strong>tales</strong></span> <span class='ocrx_word' id='word_1_391' title='bbox 2406 1902 2459 1956; x_wconf 91' lang='lat' dir='ltr'><strong>in</strong></span> <span class='ocrx_word' id='word_1_392' title='bbox 2500 1901 2588 1957; x_wconf 91' lang='lat' dir='ltr'><strong>die</strong></span> <span class='ocrx_word' id='word_1_393' title='bbox 2615 1900 2800 1972; x_wconf 88' lang='lat' dir='ltr'><strong>judicii</strong></span> <span class='ocrx_word' id='word_1_394' title='bbox 2831 1915 2954 1956; x_wconf 90' lang='lat' dir='ltr'><strong>cum</strong></span> <span class='ocrx_word' id='word_1_395' title='bbox 2990 1900 3217 1956; x_wconf 89' lang='lat' dir='ltr'><strong>Domino</strong></span> <span class='ocrx_word' id='word_1_396' title='bbox 3239 1900 3554 1971; x_wconf 78' lang='lat' dir='ltr'><strong>judicabant</strong></span> <span class='ocrx_word' id='word_1_397' title='bbox 3583 1910 3626 1957; x_wconf 72' lang='grc'><strong>⁸.</strong></span> <span class='ocrx_word' id='word_1_398' title='bbox 3663 1902 3836 1959; x_wconf 63' lang='grc' dir='ltr'><strong>(ἐπειοο</strong></span> 
     </span>
    </p>
   </div>
   <div class='ocr_carea' id='block_1_48' title="bbox 2241 1992 3837 2064">
    <p class='ocr_par' dir='ltr' id='par_1_48' title="bbox 2241 1992 3837 2064">
     <span class='ocr_line' id='line_1_48' title="bbox 2241 1992 3837 2064; baseline 0 -14"><span class='ocrx_word' id='word_1_399' title='bbox 2241 2009 2361 2050; x_wconf 91' lang='lat' dir='ltr'><strong>rum</strong></span> <span class='ocrx_word' id='word_1_400' title='bbox 2388 1993 2706 2049; x_wconf 89' lang='lat' dir='ltr'><strong>discordans</strong></span> <span class='ocrx_word' id='word_1_401' title='bbox 2736 2001 2791 2049; x_wconf 87' lang='lat' dir='ltr'><strong>et</strong></span> <span class='ocrx_word' id='word_1_402' title='bbox 2822 1992 3094 2048; x_wconf 88' lang='lat' dir='ltr'><strong>dissidens</strong></span> <span class='ocrx_word' id='word_1_403' title='bbox 3126 2001 3183 2048; x_wconf 89' lang='lat' dir='ltr'><strong>et</strong></span> <span class='ocrx_word' id='word_1_404' title='bbox 3220 2008 3403 2064; x_wconf 91' lang='lat' dir='ltr'><strong>pacem</strong></span> <span class='ocrx_word' id='word_1_405' title='bbox 3431 2008 3552 2049; x_wconf 91' lang='lat' dir='ltr'><strong>cum</strong></span> <span class='ocrx_word' id='word_1_406' title='bbox 3583 1994 3837 2050; x_wconf 84' lang='lat' dir='ltr'><strong>fratribus</strong></span> 
     </span>
    </p>
   </div>
   <div class='ocr_carea' id='block_1_49' title="bbox 2240 2082 3836 2155">
    <p class='ocr_par' dir='ltr' id='par_1_49' title="bbox 2240 2082 3836 2155">
     <span class='ocr_line' id='line_1_49' title="bbox 2240 2082 3836 2155; baseline 0 -14"><span class='ocrx_word' id='word_1_407' title='bbox 2240 2101 2349 2141; x_wconf 90' lang='lat' dir='ltr'><strong>non</strong></span> <span class='ocrx_word' id='word_1_408' title='bbox 2399 2085 2620 2151; x_wconf 88' lang='lat' dir='ltr'><strong>habens,</strong></span> <span class='ocrx_word' id='word_1_409' title='bbox 2668 2084 2961 2140; x_wconf 90' lang='lat' dir='ltr'><strong>secundum</strong></span> <span class='ocrx_word' id='word_1_410' title='bbox 3009 2082 3152 2154; x_wconf 87' lang='lat' dir='ltr'><strong>quod</strong></span> <span class='ocrx_word' id='word_1_411' title='bbox 3202 2083 3390 2139; x_wconf 89' lang='lat' dir='ltr'><strong>beatus</strong></span> <span class='ocrx_word' id='word_1_412' title='bbox 3437 2085 3728 2155; x_wconf 86' lang='lat' dir='ltr'><strong>Apostolus</strong></span> <span class='ocrx_word' id='word_1_413' title='bbox 3781 2094 3836 2141; x_wconf 91' lang='lat' dir='ltr'><strong>ct</strong></span> 
     </span>
    </p>
   </div>
   <div class='ocr_carea' id='block_1_50' title="bbox 2242 2175 3838 2247">
    <p class='ocr_par' dir='ltr' id='par_1_50' title="bbox 2242 2175 3838 2247">
     <span class='ocr_line' id='line_1_50' title="bbox 2242 2175 3838 2247; baseline -0.001 -15"><span class='ocrx_word' id='word_1_414' title='bbox 2242 2177 2516 2247; x_wconf 87' lang='lat' dir='ltr'><strong>Scriptura</strong></span> <span class='ocrx_word' id='word_1_415' title='bbox 2544 2184 2732 2231; x_wconf 90' lang='lat' dir='ltr'><strong>sancta</strong></span> <span class='ocrx_word' id='word_1_416' title='bbox 2762 2184 3007 2243; x_wconf 90' lang='lat' dir='ltr'><strong>testatur,</strong></span> <span class='ocrx_word' id='word_1_417' title='bbox 3035 2189 3136 2230; x_wconf 92' lang='lat' dir='ltr'><strong>nec</strong></span> <span class='ocrx_word' id='word_1_418' title='bbox 3161 2175 3205 2229; x_wconf 91' lang='lat' dir='ltr'><strong>si</strong></span> <span class='ocrx_word' id='word_1_419' title='bbox 3238 2190 3335 2245; x_wconf 92' lang='lat' dir='ltr'><strong>pro</strong></span> <span class='ocrx_word' id='word_1_420' title='bbox 3375 2176 3594 2231; x_wconf 91' lang='lat' dir='ltr'><strong>nomine</strong></span> <span class='ocrx_word' id='word_1_421' title='bbox 3634 2175 3838 2231; x_wconf 89' lang='lat' dir='ltr'><strong>Christi</strong></span> 
     </span>
    </p>
   </div>
   <div class='ocr_carea' id='block_1_51' title="bbox 2240 2264 3840 2336">
    <p class='ocr_par' dir='ltr' id='par_1_51' title="bbox 2240 2264 3840 2336">
     <span class='ocr_line' id='line_1_51' title="bbox 2240 2264 3840 2336; baseline -0.003 -10"><span class='ocrx_word' id='word_1_422' title='bbox 2240 2269 2454 2326; x_wconf 90' lang='lat' dir='ltr'><strong>occisus</strong></span> <span class='ocrx_word' id='word_1_423' title='bbox 2491 2266 2681 2334; x_wconf 91' lang='lat' dir='ltr'><strong>fuerit,</strong></span> <span class='ocrx_word' id='word_1_424' title='bbox 2724 2266 2929 2321; x_wconf 92' lang='lat' dir='ltr'><strong>crimen</strong></span> <span class='ocrx_word' id='word_1_425' title='bbox 2957 2264 3312 2321; x_wconf 89' lang='lat' dir='ltr'><strong>dissensionis</strong></span> <span class='ocrx_word' id='word_1_426' title='bbox 3351 2264 3607 2321; x_wconf 78' lang='lat' dir='ltr'><strong>fraterna:</strong></span> <span class='ocrx_word' id='word_1_427' title='bbox 3644 2266 3840 2336; x_wconf 90' lang='lat' dir='ltr'><strong>poterit</strong></span> 
     </span>
    </p>
   </div>
   <div class='ocr_carea' id='block_1_52' title="bbox 2184 2356 3837 2430">
    <p class='ocr_par' dir='ltr' id='par_1_52' title="bbox 2184 2356 3837 2430">
     <span class='ocr_line' id='line_1_52' title="bbox 2184 2356 3837 2430; baseline -0.003 -13"><span class='ocrx_word' id='word_1_428' title='bbox 2184 2374 2189 2383; x_wconf 80' lang='lat'><strong>‘</strong></span> <span class='ocrx_word' id='word_1_429' title='bbox 2238 2360 2494 2424; x_wconf 86' lang='lat' dir='ltr'><strong>evadere,</strong></span> <span class='ocrx_word' id='word_1_430' title='bbox 2538 2358 2681 2430; x_wconf 90' lang='lat' dir='ltr'><strong>quia,</strong></span> <span class='ocrx_word' id='word_1_431' title='bbox 2710 2357 2848 2413; x_wconf 90' lang='lat' dir='ltr'><strong>sicut</strong></span> <span class='ocrx_word' id='word_1_432' title='bbox 2880 2357 3140 2427; x_wconf 92' lang='lat' dir='ltr'><strong>scriptum</strong></span> <span class='ocrx_word' id='word_1_433' title='bbox 3186 2365 3289 2421; x_wconf 88' lang='lat' dir='ltr'><strong>est,</strong></span> <span class='ocrx_word' id='word_1_434' title='bbox 3323 2356 3424 2422; x_wconf 86' lang='lat' dir='ltr'><strong>Qui</strong></span> <span class='ocrx_word' id='word_1_435' title='bbox 3451 2358 3663 2427; x_wconf 80' lang='lat' dir='ltr'><strong>fratrem</strong></span> <span class='ocrx_word' id='word_1_436' title='bbox 3690 2374 3837 2412; x_wconf 87' lang='lat' dir='ltr'><strong>suum</strong></span> 
     </span>
    </p>
   </div>
   <div class='ocr_carea' id='block_1_53' title="bbox 2240 2449 3836 2520">
    <p class='ocr_par' dir='ltr' id='par_1_53' title="bbox 2240 2449 3836 2520">
     <span class='ocr_line' id='line_1_53' title="bbox 2240 2449 3836 2520; baseline -0.003 -13"><span class='ocrx_word' id='word_1_437' title='bbox 2240 2452 2365 2518; x_wconf 87' lang='lat' dir='ltr'><strong>odit,</strong></span> <span class='ocrx_word' id='word_1_438' title='bbox 2415 2449 2671 2505; x_wconf 83' lang='lat' dir='ltr'><strong>homicida</strong></span> <span class='ocrx_word' id='word_1_439' title='bbox 2696 2459 2806 2517; x_wconf 88' lang='lat' dir='ltr'><strong>est,</strong></span> <span class='ocrx_word' id='word_1_440' title='bbox 2852 2464 2943 2503; x_wconf 88' lang='lat' dir='ltr'><strong>nec</strong></span> <span class='ocrx_word' id='word_1_441' title='bbox 2988 2450 3057 2502; x_wconf 90' lang='lat' dir='ltr'><strong>ad</strong></span> <span class='ocrx_word' id='word_1_442' title='bbox 3090 2464 3302 2519; x_wconf 84' lang='lat' dir='ltr'><strong>regnum</strong></span> <span class='ocrx_word' id='word_1_443' title='bbox 3334 2449 3576 2503; x_wconf 66' lang='lat' dir='ltr'><strong>«telorum</strong></span> <span class='ocrx_word' id='word_1_444' title='bbox 3614 2450 3836 2520; x_wconf 84' lang='lat' dir='ltr'><strong>pervenit</strong></span> 
     </span>
    </p>
   </div>
   <div class='ocr_carea' id='block_1_54' title="bbox 2239 2538 3837 2611">
    <p class='ocr_par' dir='ltr' id='par_1_54' title="bbox 2239 2538 3837 2611">
     <span class='ocr_line' id='line_1_54' title="bbox 2239 2538 3837 2611; baseline -0.003 -12"><span class='ocrx_word' id='word_1_445' title='bbox 2239 2554 2328 2599; x_wconf 89' lang='lat' dir='ltr'><strong>aut</strong></span> <span class='ocrx_word' id='word_1_446' title='bbox 2353 2559 2469 2598; x_wconf 89' lang='lat' dir='ltr'><strong>cum</strong></span> <span class='ocrx_word' id='word_1_447' title='bbox 2489 2541 2598 2596; x_wconf 89' lang='lat' dir='ltr'><strong>Deo</strong></span> <span class='ocrx_word' id='word_1_448' title='bbox 2618 2541 2734 2596; x_wconf 84' lang='lat' dir='ltr'><strong>vivit</strong></span> <span class='ocrx_word' id='word_1_449' title='bbox 2749 2540 3005 2594; x_wconf 89' lang='lat' dir='ltr'><strong>homicida</strong></span> <span class='ocrx_word' id='word_1_450' title='bbox 3024 2539 3067 2611; x_wconf 88' lang='grc' dir='ltr'><strong>(Ι</strong></span> <span class='ocrx_word' id='word_1_451' title='bbox 3092 2538 3253 2595; x_wconf 84' lang='lat' dir='ltr'><strong>Joan.</strong></span> <span class='ocrx_word' id='word_1_452' title='bbox 3285 2556 3365 2607; x_wconf 88' lang='grc' dir='ltr'>ιιι,</span> <span class='ocrx_word' id='word_1_453' title='bbox 3393 2540 3509 2611; x_wconf 80' lang='lat' dir='ltr'><strong>I5),</strong></span> <span class='ocrx_word' id='word_1_454' title='bbox 3529 2556 3632 2596; x_wconf 89' lang='lat' dir='ltr'><strong>non</strong></span> <span class='ocrx_word' id='word_1_455' title='bbox 3660 2550 3837 2611; x_wconf 88' lang='lat' dir='ltr'><strong>potest</strong></span> 
     </span>
    </p>
   </div>
   <div class='ocr_carea' id='block_1_55' title="bbox 2239 2630 3832 2703">
    <p class='ocr_par' dir='ltr' id='par_1_55' title="bbox 2239 2630 3832 2703">
     <span class='ocr_line' id='line_1_55' title="bbox 2239 2630 3832 2703; baseline -0.003 -12"><span class='ocrx_word' id='word_1_456' title='bbox 2239 2649 2360 2691; x_wconf 91' lang='lat' dir='ltr'><strong>esse</strong></span> <span class='ocrx_word' id='word_1_457' title='bbox 2382 2648 2502 2689; x_wconf 91' lang='lat' dir='ltr'><strong>cum</strong></span> <span class='ocrx_word' id='word_1_458' title='bbox 2533 2632 2749 2687; x_wconf 83' lang='lat' dir='ltr'><strong>Christo</strong></span> <span class='ocrx_word' id='word_1_459' title='bbox 2770 2633 2860 2702; x_wconf 91' lang='lat' dir='ltr'><strong>qui</strong></span> <span class='ocrx_word' id='word_1_460' title='bbox 2886 2631 3120 2686; x_wconf 84' lang='lat' dir='ltr'><strong>imitator</strong></span> <span class='ocrx_word' id='word_1_461' title='bbox 3139 2631 3166 2686; x_wconf 75' lang='grc' dir='ltr'>,Ι</span> <span class='ocrx_word' id='word_1_462' title='bbox 3175 2630 3293 2685; x_wconf 85' lang='lat' dir='ltr'><strong>udae</strong></span> <span class='ocrx_word' id='word_1_463' title='bbox 3318 2632 3506 2686; x_wconf 89' lang='lat' dir='ltr'><strong>maluit</strong></span> <span class='ocrx_word' id='word_1_464' title='bbox 3532 2647 3651 2687; x_wconf 91' lang='lat' dir='ltr'><strong>esse</strong></span> <span class='ocrx_word' id='word_1_465' title='bbox 3672 2647 3832 2703; x_wconf 89' lang='lat' dir='ltr'><strong>quam</strong></span> 
     </span>
    </p>
   </div>
   <div class='ocr_carea' id='block_1_56' title="bbox 2237 2722 3831 2793">
    <p class='ocr_par' dir='ltr' id='par_1_56' title="bbox 2237 2722 3831 2793">
     <span class='ocr_line' id='line_1_56' title="bbox 2237 2722 3831 2793; baseline -0.003 -10"><span class='ocrx_word' id='word_1_466' title='bbox 2237 2726 2455 2783; x_wconf 83' lang='lat' dir='ltr'><strong>Christi.</strong></span> <span class='ocrx_word' id='word_1_467' title='bbox 2485 2724 2652 2793; x_wconf 85' lang='lat' dir='ltr'><strong>Quale</strong></span> <span class='ocrx_word' id='word_1_468' title='bbox 2698 2723 2949 2779; x_wconf 90' lang='lat' dir='ltr'><strong>delictum</strong></span> <span class='ocrx_word' id='word_1_469' title='bbox 2996 2732 3080 2777; x_wconf 91' lang='lat' dir='ltr'><strong>est</strong></span> <span class='ocrx_word' id='word_1_470' title='bbox 3108 2722 3248 2793; x_wconf 89' lang='lat' dir='ltr'><strong>quod</strong></span> <span class='ocrx_word' id='word_1_471' title='bbox 3286 2737 3388 2779; x_wconf 92' lang='lat' dir='ltr'><strong>nec</strong></span> <span class='ocrx_word' id='word_1_472' title='bbox 3413 2722 3683 2793; x_wconf 85' lang='lat' dir='ltr'><strong>Baptismo</strong></span> <span class='ocrx_word' id='word_1_473' title='bbox 3706 2738 3831 2779; x_wconf 89' lang='lat' dir='ltr'><strong>san-</strong></span> 
     </span>
    </p>
   </div>
   <div class='ocr_carea' id='block_1_57' title="bbox 2236 2813 3833 2891">
    <p class='ocr_par' dir='ltr' id='par_1_57' title="bbox 2236 2813 3833 2891">
     <span class='ocr_line' id='line_1_57' title="bbox 2236 2813 3833 2891; baseline -0.001 -18"><span class='ocrx_word' id='word_1_474' title='bbox 2236 2820 2412 2891; x_wconf 85' lang='lat' dir='ltr'><strong>guinis</strong></span> <span class='ocrx_word' id='word_1_475' title='bbox 2448 2825 2625 2889; x_wconf 90' lang='lat' dir='ltr'><strong>potest</strong></span> <span class='ocrx_word' id='word_1_476' title='bbox 2647 2816 2830 2872; x_wconf 87' lang='lat' dir='ltr'><strong>ablui?</strong></span> <span class='ocrx_word' id='word_1_477' title='bbox 2857 2813 3017 2886; x_wconf 86' lang='lat' dir='ltr'><strong>quale</strong></span> <span class='ocrx_word' id='word_1_478' title='bbox 3045 2814 3251 2871; x_wconf 91' lang='lat' dir='ltr'><strong>crimen</strong></span> <span class='ocrx_word' id='word_1_479' title='bbox 3280 2823 3365 2870; x_wconf 91' lang='lat' dir='ltr'><strong>est</strong></span> <span class='ocrx_word' id='word_1_480' title='bbox 3403 2813 3546 2885; x_wconf 89' lang='lat' dir='ltr'><strong>quod</strong></span> <span class='ocrx_word' id='word_1_481' title='bbox 3575 2816 3833 2887; x_wconf 83' lang='lat' dir='ltr'><strong>martyrio</strong></span> 
     </span>
    </p>
   </div>
   <div class='ocr_carea' id='block_1_58' title="bbox 2237 2909 2817 2985">
    <p class='ocr_par' dir='ltr' id='par_1_58' title="bbox 2237 2909 2817 2985">
     <span class='ocr_line' id='line_1_58' title="bbox 2237 2909 2817 2985; baseline -0.01 -16"><span class='ocrx_word' id='word_1_482' title='bbox 2237 2930 2344 2969; x_wconf 91' lang='lat' dir='ltr'><strong>non</strong></span> <span class='ocrx_word' id='word_1_483' title='bbox 2368 2922 2551 2985; x_wconf 88' lang='lat' dir='ltr'><strong>potest</strong></span> <span class='ocrx_word' id='word_1_484' title='bbox 2574 2909 2817 2982; x_wconf 76' lang='lat' dir='ltr'><strong>expiari?</strong></span> 
     </span>
    </p>
   </div>
   <div class='ocr_carea' id='block_1_59' title="bbox 2311 3001 3835 3076">
    <p class='ocr_par' dir='ltr' id='par_1_59' title="bbox 2311 3001 3835 3076">
     <span class='ocr_line' id='line_1_59' title="bbox 2311 3001 3835 3076; baseline -0.001 -13"><span class='ocrx_word' id='word_1_485' title='bbox 2311 3007 2477 3063; x_wconf 80' lang='lat' dir='ltr'><strong>XXV.</strong></span> <span class='ocrx_word' id='word_1_486' title='bbox 2528 3005 2662 3061; x_wconf 91' lang='lat' dir='ltr'><strong>Illud</strong></span> <span class='ocrx_word' id='word_1_487' title='bbox 2688 3019 2903 3076; x_wconf 89' lang='lat' dir='ltr'><strong>quoque</strong></span> <span class='ocrx_word' id='word_1_488' title='bbox 2950 3004 3256 3060; x_wconf 87' lang='lat' dir='ltr'><strong>necessarie</strong></span> <span class='ocrx_word' id='word_1_489' title='bbox 3292 3001 3546 3058; x_wconf 88' lang='lat' dir='ltr'><strong>admonet</strong></span> <span class='ocrx_word' id='word_1_490' title='bbox 3574 3002 3835 3061; x_wconf 88' lang='lat' dir='ltr'><strong>Dominus</strong></span> 
     </span>
    </p>
   </div>
   <div class='ocr_carea' id='block_1_60' title="bbox 2236 3095 3829 3155">
    <p class='ocr_par' dir='ltr' id='par_1_60' title="bbox 2236 3095 3829 3155">
     <span class='ocr_line' id='line_1_60' title="bbox 2236 3095 3829 3155; baseline -0.003 0"><span class='ocrx_word' id='word_1_491' title='bbox 2236 3106 2297 3155; x_wconf 90' lang='lat' dir='ltr'><strong>ut</strong></span> <span class='ocrx_word' id='word_1_492' title='bbox 2324 3100 2375 3153; x_wconf 90' lang='lat' dir='ltr'><strong>in</strong></span> <span class='ocrx_word' id='word_1_493' title='bbox 2407 3097 2652 3154; x_wconf 90' lang='lat' dir='ltr'><strong>oratione</strong></span> <span class='ocrx_word' id='word_1_494' title='bbox 2678 3095 2920 3151; x_wconf 89' lang='lat' dir='ltr'><strong>dicamus</strong></span> <span class='ocrx_word' id='word_1_495' title='bbox 2946 3112 2958 3148; x_wconf 89' lang='lat'><strong>:</strong></span> <span class='ocrx_word' id='word_1_496' title='bbox 2988 3095 3066 3150; x_wconf 80' lang='lat' dir='ltr'><strong>E&#39;r</strong></span> <span class='ocrx_word' id='word_1_497' title='bbox 3090 3110 3159 3150; x_wconf 77' lang='lat' dir='ltr'><strong>NE.</strong></span> <span class='ocrx_word' id='word_1_498' title='bbox 3184 3108 3283 3150; x_wconf 72' lang='lat' dir='ltr'><strong>nos</strong></span> <span class='ocrx_word' id='word_1_499' title='bbox 3308 3108 3555 3150; x_wconf 63' lang='lat' dir='ltr'><strong>annuus</strong></span> <span class='ocrx_word' id='word_1_500' title='bbox 3577 3110 3753 3152; x_wconf 76' lang='lat' dir='ltr'><strong>INDUCI</strong></span> <span class='ocrx_word' id='word_1_501' title='bbox 3780 3112 3829 3150; x_wconf 75' lang='lat' dir='ltr'><strong>IN</strong></span> 
     </span>
    </p>
   </div>
   <div class='ocr_carea' id='block_1_61' title="bbox 531 3188 2230 3277">
    <p class='ocr_par' dir='ltr' id='par_1_61' title="bbox 531 3203 2199 3277">
     <span class='ocr_line' id='line_1_61' title="bbox 531 3203 2199 3277; baseline -0.002 -17"><span class='ocrx_word' id='word_1_502' title='bbox 531 3206 721 3277; x_wconf 87' lang='lat' dir='ltr'><strong>quales</strong></span> <span class='ocrx_word' id='word_1_503' title='bbox 750 3221 847 3260; x_wconf 90' lang='lat' dir='ltr'><strong>nos</strong></span> <span class='ocrx_word' id='word_1_504' title='bbox 872 3204 999 3260; x_wconf 89' lang='lat' dir='ltr'><strong>fecit</strong></span> <span class='ocrx_word' id='word_1_505' title='bbox 1018 3203 1251 3259; x_wconf 88' lang='lat' dir='ltr'><strong>secunda</strong></span> <span class='ocrx_word' id='word_1_506' title='bbox 1286 3205 1585 3269; x_wconf 88' lang='lat' dir='ltr'><strong>nativitate,</strong></span> <span class='ocrx_word' id='word_1_507' title='bbox 1611 3203 1743 3263; x_wconf 83' lang='lat' dir='ltr'><strong>tales</strong></span> <span class='ocrx_word' id='word_1_508' title='bbox 1768 3203 1883 3258; x_wconf 82' lang='lat' dir='ltr'><strong>vult</strong></span> <span class='ocrx_word' id='word_1_509' title='bbox 1909 3212 2125 3258; x_wconf 91' lang='lat' dir='ltr'><strong>renatos</strong></span> <span class='ocrx_word' id='word_1_510' title='bbox 2155 3207 2199 3270; x_wconf 86' lang='lat' dir='ltr'><strong>C</strong></span> 
     </span>
    </p>
   </div>
   <div class='ocr_carea' id='block_1_62' title="bbox 2131 3188 3830 3277">
    <p class='ocr_par' dir='ltr' id='par_1_62' title="bbox 2155 3188 3830 3270">
     <span class='ocr_line' id='line_1_62' title="bbox 2155 3188 3830 3270; baseline -0.004 -21"><span class='ocrx_word' id='word_1_511' title='bbox 2155 3207 2199 3270; x_wconf 71' lang='grc' dir='ltr'><strong>ρ</strong></span> <span class='ocrx_word' id='word_1_512' title='bbox 2237 3206 2638 3249; x_wconf 61' lang='grc' dir='ltr'>τειιτλτιοιιι-ιιι.</span> <span class='ocrx_word' id='word_1_513' title='bbox 2682 3188 2796 3258; x_wconf 89' lang='lat' dir='ltr'><strong>Qua</strong></span> <span class='ocrx_word' id='word_1_514' title='bbox 2837 3189 2891 3242; x_wconf 93' lang='lat' dir='ltr'><strong>in</strong></span> <span class='ocrx_word' id='word_1_515' title='bbox 2935 3196 3090 3259; x_wconf 89' lang='lat' dir='ltr'><strong>parte</strong></span> <span class='ocrx_word' id='word_1_516' title='bbox 3126 3188 3429 3243; x_wconf 89' lang='lat' dir='ltr'><strong>ostenditur</strong></span> <span class='ocrx_word' id='word_1_517' title='bbox 3476 3188 3607 3242; x_wconf 87' lang='lat' dir='ltr'><strong>nihil</strong></span> <span class='ocrx_word' id='word_1_518' title='bbox 3646 3199 3830 3243; x_wconf 84' lang='lat' dir='ltr'><strong>contra</strong></span> 
     </span>
    </p>
   </div>
   <div class='ocr_carea' id='block_1_63' title="bbox 530 3294 2124 3368">
    <p class='ocr_par' dir='ltr' id='par_1_63' title="bbox 530 3294 2124 3368">
     <span class='ocr_line' id='line_1_63' title="bbox 530 3294 2124 3368; baseline -0.002 -16"><span class='ocrx_word' id='word_1_519' title='bbox 530 3311 913 3368; x_wconf 88' lang='lat' dir='ltr'><strong>perseverare;</strong></span> <span class='ocrx_word' id='word_1_520' title='bbox 942 3306 1000 3350; x_wconf 90' lang='lat' dir='ltr'><strong>ut</strong></span> <span class='ocrx_word' id='word_1_521' title='bbox 1030 3296 1118 3364; x_wconf 89' lang='lat' dir='ltr'><strong>qui</strong></span> <span class='ocrx_word' id='word_1_522' title='bbox 1155 3294 1248 3348; x_wconf 88' lang='lat' dir='ltr'><strong>ﬁlii</strong></span> <span class='ocrx_word' id='word_1_523' title='bbox 1293 3296 1386 3351; x_wconf 89' lang='lat' dir='ltr'><strong>Dei</strong></span> <span class='ocrx_word' id='word_1_524' title='bbox 1438 3310 1559 3351; x_wconf 88' lang='lat' dir='ltr'><strong>esse</strong></span> <span class='ocrx_word' id='word_1_525' title='bbox 1605 3297 1888 3365; x_wconf 61' lang='lat' dir='ltr'><strong>capimus,</strong></span> <span class='ocrx_word' id='word_1_526' title='bbox 1932 3297 1983 3350; x_wconf 92' lang='lat' dir='ltr'><strong>in</strong></span> <span class='ocrx_word' id='word_1_527' title='bbox 2032 3295 2124 3350; x_wconf 92' lang='lat' dir='ltr'><strong>Dei</strong></span> 
     </span>
    </p>
   </div>
   <div class='ocr_carea' id='block_1_64' title="bbox 528 3384 2127 3457">
    <p class='ocr_par' dir='ltr' id='par_1_64' title="bbox 528 3384 2127 3457">
     <span class='ocr_line' id='line_1_64' title="bbox 528 3384 2127 3457; baseline -0.001 -15"><span class='ocrx_word' id='word_1_528' title='bbox 528 3400 1025 3457; x_wconf 54' lang='lat' dir='ltr'><strong>pace‘maneainus,</strong></span> <span class='ocrx_word' id='word_1_529' title='bbox 1065 3393 1121 3440; x_wconf 87' lang='lat' dir='ltr'><strong>et</strong></span> <span class='ocrx_word' id='word_1_530' title='bbox 1162 3384 1359 3453; x_wconf 90' lang='lat' dir='ltr'><strong>quibus</strong></span> <span class='ocrx_word' id='word_1_531' title='bbox 1383 3386 1608 3456; x_wconf 80' lang='lat' dir='ltr'><strong>spiritus</strong></span> <span class='ocrx_word' id='word_1_532' title='bbox 1643 3401 1780 3441; x_wconf 89' lang='lat' dir='ltr'><strong>unus</strong></span> <span class='ocrx_word' id='word_1_533' title='bbox 1822 3396 1935 3457; x_wconf 84' lang='lat' dir='ltr'><strong>est,</strong></span> <span class='ocrx_word' id='word_1_534' title='bbox 1990 3401 2127 3442; x_wconf 92' lang='lat' dir='ltr'><strong>unus</strong></span> 
     </span>
    </p>
   </div>
   <div class='ocr_carea' id='block_1_65' title="bbox 530 3477 2129 3538">
    <p class='ocr_par' dir='ltr' id='par_1_65' title="bbox 530 3477 2129 3538">
     <span class='ocr_line' id='line_1_65' title="bbox 530 3477 2129 3538; baseline 0.003 -4"><span class='ocrx_word' id='word_1_535' title='bbox 530 3479 608 3535; x_wconf 87' lang='lat' dir='ltr'><strong>sit</strong></span> <span class='ocrx_word' id='word_1_536' title='bbox 639 3487 692 3532; x_wconf 90' lang='lat' dir='ltr'><strong>et</strong></span> <span class='ocrx_word' id='word_1_537' title='bbox 716 3477 925 3532; x_wconf 87' lang='lat' dir='ltr'><strong>animus</strong></span> <span class='ocrx_word' id='word_1_538' title='bbox 954 3485 1009 3531; x_wconf 90' lang='lat' dir='ltr'><strong>et</strong></span> <span class='ocrx_word' id='word_1_539' title='bbox 1056 3490 1269 3531; x_wconf 89' lang='lat' dir='ltr'><strong>sensus.</strong></span> <span class='ocrx_word' id='word_1_540' title='bbox 1319 3477 1411 3532; x_wconf 89' lang='lat' dir='ltr'><strong>Sic</strong></span> <span class='ocrx_word' id='word_1_541' title='bbox 1456 3491 1557 3532; x_wconf 92' lang='lat' dir='ltr'><strong>nec</strong></span> <span class='ocrx_word' id='word_1_542' title='bbox 1611 3477 1932 3533; x_wconf 88' lang='lat' dir='ltr'><strong>sacriﬁcium</strong></span> <span class='ocrx_word' id='word_1_543' title='bbox 1987 3481 2129 3538; x_wconf 90' lang='lat' dir='ltr'><strong>Deus</strong></span> 
     </span>
    </p>
   </div>
   <div class='ocr_carea' id='block_1_66' title="bbox 532 3567 2132 3642">
    <p class='ocr_par' dir='ltr' id='par_1_66' title="bbox 532 3567 2132 3642">
     <span class='ocr_line' id='line_1_66' title="bbox 532 3567 2132 3642; baseline 0 -14"><span class='ocrx_word' id='word_1_544' title='bbox 532 3570 725 3641; x_wconf 89' lang='lat' dir='ltr'><strong>recipit</strong></span> <span class='ocrx_word' id='word_1_545' title='bbox 774 3567 1113 3636; x_wconf 88' lang='lat' dir='ltr'><strong>dissidentis,</strong></span> <span class='ocrx_word' id='word_1_546' title='bbox 1158 3576 1214 3623; x_wconf 89' lang='lat' dir='ltr'><strong>et</strong></span> <span class='ocrx_word' id='word_1_547' title='bbox 1265 3567 1333 3623; x_wconf 91' lang='lat' dir='ltr'><strong>ab</strong></span> <span class='ocrx_word' id='word_1_548' title='bbox 1381 3567 1538 3623; x_wconf 89' lang='lat' dir='ltr'><strong>altari</strong></span> <span class='ocrx_word' id='word_1_549' title='bbox 1585 3577 1944 3625; x_wconf 85' lang='lat' dir='ltr'><strong>revertentem</strong></span> <span class='ocrx_word' id='word_1_550' title='bbox 1981 3573 2132 3642; x_wconf 90' lang='lat' dir='ltr'><strong>prius</strong></span> 
     </span>
    </p>
   </div>
   <div class='ocr_carea' id='block_1_67' title="bbox 2196 3281 3831 3353">
    <p class='ocr_par' dir='ltr' id='par_1_67' title="bbox 2196 3281 3831 3353">
     <span class='ocr_line' id='line_1_67' title="bbox 2196 3281 3831 3353; baseline -0.004 -10"><span class='ocrx_word' id='word_1_551' title='bbox 2196 3346 2203 3351; x_wconf 68' lang='grc'><strong>,</strong></span> <span class='ocrx_word' id='word_1_552' title='bbox 2235 3301 2335 3344; x_wconf 91' lang='lat' dir='ltr'><strong>nos</strong></span> <span class='ocrx_word' id='word_1_553' title='bbox 2354 3285 2723 3342; x_wconf 88' lang='lat' dir='ltr'><strong>adversarium</strong></span> <span class='ocrx_word' id='word_1_554' title='bbox 2753 3297 2933 3353; x_wconf 89' lang='lat' dir='ltr'><strong>posse,</strong></span> <span class='ocrx_word' id='word_1_555' title='bbox 2966 3283 3068 3337; x_wconf 90' lang='lat' dir='ltr'><strong>nisi</strong></span> <span class='ocrx_word' id='word_1_556' title='bbox 3098 3282 3237 3338; x_wconf 91' lang='lat' dir='ltr'><strong>Deus</strong></span> <span class='ocrx_word' id='word_1_557' title='bbox 3262 3291 3387 3338; x_wconf 88' lang='lat' dir='ltr'><strong>ante</strong></span> <span class='ocrx_word' id='word_1_558' title='bbox 3408 3281 3741 3353; x_wconf 90' lang='lat' dir='ltr'><strong>permiserit;</strong></span> <span class='ocrx_word' id='word_1_559' title='bbox 3776 3293 3831 3338; x_wconf 92' lang='lat' dir='ltr'><strong>ut</strong></span> 
     </span>
    </p>
   </div>
   <div class='ocr_carea' id='block_1_68' title="bbox 2236 3376 3828 3447">
    <p class='ocr_par' dir='ltr' id='par_1_68' title="bbox 2236 3376 3828 3447">
     <span class='ocr_line' id='line_1_68' title="bbox 2236 3376 3828 3447; baseline -0.004 -9"><span class='ocrx_word' id='word_1_560' title='bbox 2236 3382 2411 3438; x_wconf 91' lang='lat' dir='ltr'><strong>omnis</strong></span> <span class='ocrx_word' id='word_1_561' title='bbox 2440 3382 2599 3436; x_wconf 91' lang='lat' dir='ltr'><strong>timor</strong></span> <span class='ocrx_word' id='word_1_562' title='bbox 2628 3388 2830 3444; x_wconf 85' lang='lat' dir='ltr'><strong>noster,</strong></span> <span class='ocrx_word' id='word_1_563' title='bbox 2857 3385 2913 3432; x_wconf 89' lang='lat' dir='ltr'><strong>et</strong></span> <span class='ocrx_word' id='word_1_564' title='bbox 2936 3376 3151 3432; x_wconf 91' lang='lat' dir='ltr'><strong>devotio</strong></span> <span class='ocrx_word' id='word_1_565' title='bbox 3198 3384 3358 3447; x_wconf 88' lang='lat' dir='ltr'><strong>atque</strong></span> <span class='ocrx_word' id='word_1_566' title='bbox 3412 3377 3715 3432; x_wconf 86' lang='lat' dir='ltr'><strong>observatio</strong></span> <span class='ocrx_word' id='word_1_567' title='bbox 3760 3376 3828 3431; x_wconf 91' lang='lat' dir='ltr'><strong>ad</strong></span> 
     </span>
    </p>
   </div>
   <div class='ocr_carea' id='block_1_69' title="bbox 2237 3469 3828 3541">
    <p class='ocr_par' dir='ltr' id='par_1_69' title="bbox 2237 3469 3828 3541">
     <span class='ocr_line' id='line_1_69' title="bbox 2237 3469 3828 3541; baseline -0.006 -7"><span class='ocrx_word' id='word_1_568' title='bbox 2237 3476 2406 3534; x_wconf 87' lang='lat' dir='ltr'><strong>Deum</strong></span> <span class='ocrx_word' id='word_1_569' title='bbox 2452 3481 2816 3537; x_wconf 87' lang='lat' dir='ltr'><strong>convertatur,</strong></span> <span class='ocrx_word' id='word_1_570' title='bbox 2851 3469 3065 3541; x_wconf 88' lang='lat' dir='ltr'><strong>quando</strong></span> <span class='ocrx_word' id='word_1_571' title='bbox 3108 3470 3160 3525; x_wconf 92' lang='lat' dir='ltr'><strong>in</strong></span> <span class='ocrx_word' id='word_1_572' title='bbox 3205 3469 3586 3526; x_wconf 89' lang='lat' dir='ltr'><strong>tentationibus</strong></span> <span class='ocrx_word' id='word_1_573' title='bbox 3629 3470 3828 3525; x_wconf 82' lang='lat' dir='ltr'><strong>nostris</strong></span> 
     </span>
    </p>
   </div>
   <div class='ocr_carea' id='block_1_70' title="bbox 2236 3562 3831 3634">
    <p class='ocr_par' dir='ltr' id='par_1_70' title="bbox 2236 3562 3831 3634">
     <span class='ocr_line' id='line_1_70' title="bbox 2236 3562 3831 3634; baseline -0.006 -8"><span class='ocrx_word' id='word_1_574' title='bbox 2236 3568 2369 3626; x_wconf 90' lang='lat' dir='ltr'><strong>nihil</strong></span> <span class='ocrx_word' id='word_1_575' title='bbox 2394 3568 2537 3624; x_wconf 92' lang='lat' dir='ltr'><strong>malo</strong></span> <span class='ocrx_word' id='word_1_576' title='bbox 2558 3567 2743 3633; x_wconf 86' lang='lat' dir='ltr'><strong>liceat,</strong></span> <span class='ocrx_word' id='word_1_577' title='bbox 2766 3563 2869 3619; x_wconf 91' lang='lat' dir='ltr'><strong>nisi</strong></span> <span class='ocrx_word' id='word_1_578' title='bbox 2898 3571 3135 3634; x_wconf 89' lang='lat' dir='ltr'><strong>potestas</strong></span> <span class='ocrx_word' id='word_1_579' title='bbox 3166 3562 3287 3618; x_wconf 88' lang='lat' dir='ltr'><strong>inde</strong></span> <span class='ocrx_word' id='word_1_580' title='bbox 3317 3563 3597 3620; x_wconf 81' lang='lat' dir='ltr'><strong>tribuatur.</strong></span> <span class='ocrx_word' id='word_1_581' title='bbox 3628 3562 3831 3619; x_wconf 89' lang='lat' dir='ltr'><strong>Probat</strong></span> 
     </span>
    </p>
   </div>
   <div class='ocr_carea' id='block_1_71' title="bbox 1778 3682 2616 3743">
    <p class='ocr_par' dir='ltr' id='par_1_71' title="bbox 1778 3682 2616 3743">
     <span class='ocr_line' id='line_1_71' title="bbox 1778 3682 2616 3743; baseline 0 -5"><span class='ocrx_word' id='word_1_582' title='bbox 1778 3682 2163 3743; x_wconf 84' lang='lat' dir='ltr'><strong>LECTIONES</strong></span> <span class='ocrx_word' id='word_1_583' title='bbox 2197 3683 2616 3743; x_wconf 76' lang='lat' dir='ltr'><strong>VARIANTES.</strong></span> 
     </span>
    </p>
   </div>
   <div class='ocr_carea' id='block_1_72' title="bbox 594 3800 2479 3867">
    <p class='ocr_par' dir='ltr' id='par_1_72' title="bbox 594 3800 2479 3867">
     <span class='ocr_line' id='line_1_72' title="bbox 594 3800 2479 3867; baseline -0.002 -11"><span class='ocrx_word' id='word_1_584' title='bbox 594 3806 619 3835; x_wconf 78' lang='grc'><strong><em>⁸³</em></strong></span> <span class='ocrx_word' id='word_1_585' title='bbox 646 3804 1031 3856; x_wconf 80' lang='lat' dir='ltr'><strong>Viudicabuntur</strong></span> <span class='ocrx_word' id='word_1_586' title='bbox 1055 3805 1214 3855; x_wconf 75' lang='lat' dir='ltr'><strong>Oxon.</strong></span> <span class='ocrx_word' id='word_1_587' title='bbox 1250 3801 1380 3867; x_wconf 87' lang='lat' dir='ltr'><strong>Lips.</strong></span> <span class='ocrx_word' id='word_1_588' title='bbox 1414 3801 1574 3867; x_wconf 83' lang='lat' dir='ltr'><strong>Impr.</strong></span> <span class='ocrx_word' id='word_1_589' title='bbox 1600 3813 1762 3855; x_wconf 83' lang='lat' dir='ltr'><strong>omnes</strong></span> <span class='ocrx_word' id='word_1_590' title='bbox 1784 3809 1965 3867; x_wconf 64' lang='lat' dir='ltr'><strong>praeter</strong></span> <span class='ocrx_word' id='word_1_591' title='bbox 2012 3803 2208 3857; x_wconf 85' lang='lat' dir='ltr'><strong>Morell.</strong></span> <span class='ocrx_word' id='word_1_592' title='bbox 2230 3810 2277 3856; x_wconf 84' lang='lat' dir='ltr'><strong>et</strong></span> <span class='ocrx_word' id='word_1_593' title='bbox 2304 3800 2479 3856; x_wconf 78' lang='lat' dir='ltr'><strong>Baluz.</strong></span> 
     </span>
    </p>
   </div>
   <div class='ocr_carea' id='block_1_73' title="bbox 1774 3905 2596 3967">
    <p class='ocr_par' dir='ltr' id='par_1_73' title="bbox 1774 3905 2596 3967">
     <span class='ocr_line' id='line_1_73' title="bbox 1774 3905 2596 3967; baseline -0.004 -2"><span class='ocrx_word' id='word_1_594' title='bbox 1774 3908 2014 3965; x_wconf 84' lang='lat' dir='ltr'><strong>STEPII.</strong></span> <span class='ocrx_word' id='word_1_595' title='bbox 2058 3909 2327 3967; x_wconf 82' lang='lat' dir='ltr'><strong>BALUZII</strong></span> <span class='ocrx_word' id='word_1_596' title='bbox 2364 3905 2571 3965; x_wconf 72' lang='grc' dir='ltr'><strong>ΝΟΤΑΞ</strong></span> <span class='ocrx_word' id='word_1_597' title='bbox 2583 3948 2596 3962; x_wconf 93' lang='grc'><strong>.</strong></span> 
     </span>
    </p>
   </div>
   <div class='ocr_carea' id='block_1_74' title="bbox 601 4022 2130 4081">
    <p class='ocr_par' dir='ltr' id='par_1_74' title="bbox 601 4022 2130 4081">
     <span class='ocr_line' id='line_1_74' title="bbox 601 4022 2130 4081; baseline 0.001 -1"><span class='ocrx_word' id='word_1_598' title='bbox 601 4024 864 4080; x_wconf 80' lang='grc' dir='ltr'><strong>ΧΧ111.-</strong></span> <span class='ocrx_word' id='word_1_599' title='bbox 889 4024 1037 4078; x_wconf 85' lang='lat' dir='ltr'><strong>Circa</strong></span> <span class='ocrx_word' id='word_1_600' title='bbox 1062 4024 1329 4080; x_wconf 85' lang='lat' dir='ltr'><strong>debitores.</strong></span> <span class='ocrx_word' id='word_1_601' title='bbox 1352 4024 1483 4081; x_wconf 85' lang='lat' dir='ltr'><strong>Tres</strong></span> <span class='ocrx_word' id='word_1_602' title='bbox 1516 4022 1637 4077; x_wconf 92' lang='lat' dir='ltr'><strong>libri</strong></span> <span class='ocrx_word' id='word_1_603' title='bbox 1666 4030 1879 4079; x_wconf 87' lang='lat' dir='ltr'><strong>veteres</strong></span> <span class='ocrx_word' id='word_1_604' title='bbox 1929 4023 2130 4081; x_wconf 91' lang='lat' dir='ltr'><strong>habent</strong></span> 
     </span>
    </p>
   </div>
   <div class='ocr_carea' id='block_1_75' title="bbox 568 4107 1799 4151">
    <p class='ocr_par' dir='ltr' id='par_1_75' title="bbox 568 4107 1799 4151">
     <span class='ocr_line' id='line_1_75' title="bbox 568 4107 1799 4151; baseline -0.003 0"><span class='ocrx_word' id='word_1_605' title='bbox 568 4107 702 4151; x_wconf 80' lang='lat' dir='ltr'><strong>ecca!</strong></span> <span class='ocrx_word' id='word_1_606' title='bbox 706 4112 835 4149; x_wconf 66' lang='grc'><strong>01⁸88.</strong></span> <span class='ocrx_word' id='word_1_607' title='bbox 1786 4112 1799 4120; x_wconf 77' lang='lat'><strong><em>’</em></strong></span> 
     </span>
    </p>
   </div>
   <div class='ocr_carea' id='block_1_76' title="bbox 530 4114 2125 4236">
    <p class='ocr_par' dir='ltr' id='par_1_76' title="bbox 530 4114 2125 4236">
     <span class='ocr_line' id='line_1_76' title="bbox 530 4114 2125 4236; baseline -0.001 -15"><span class='ocrx_word' id='word_1_608' title='bbox 530 4114 895 4236; x_wconf 38' lang='lat' dir='ltr'><strong>reﬁgi-’93:”.</strong></span> <span class='ocrx_word' id='word_1_609' title='bbox 933 4163 1005 4236; x_wconf 86' lang='lat' dir='ltr'><strong>Ita</strong></span> <span class='ocrx_word' id='word_1_610' title='bbox 1037 4164 1364 4236; x_wconf 8' lang='lat' dir='ltr'><strong>omgnes‘t&#39;ere</strong></span> <span class='ocrx_word' id='word_1_611' title='bbox 1404 4162 1531 4217; x_wconf 90' lang='lat' dir='ltr'><strong>libri</strong></span> <span class='ocrx_word' id='word_1_612' title='bbox 1544 4171 1787 4236; x_wconf 69' lang='lat' dir='ltr'><strong>veteres.</strong></span> <span class='ocrx_word' id='word_1_613' title='bbox 1823 4162 1954 4236; x_wconf 75' lang='lat' dir='ltr'><strong>Nam</strong></span> <span class='ocrx_word' id='word_1_614' title='bbox 1981 4165 2125 4234; x_wconf 90' lang='lat' dir='ltr'><strong>quod</strong></span> 
     </span>
    </p>
   </div>
   <div class='ocr_carea' id='block_1_77' title="bbox 531 4234 2126 4306">
    <p class='ocr_par' dir='ltr' id='par_1_77' title="bbox 531 4234 2126 4306">
     <span class='ocr_line' id='line_1_77' title="bbox 531 4234 2126 4306; baseline -0.001 -15"><span class='ocrx_word' id='word_1_615' title='bbox 531 4236 587 4292; x_wconf 88' lang='lat' dir='ltr'><strong>in</strong></span> <span class='ocrx_word' id='word_1_616' title='bbox 628 4234 1007 4306; x_wconf 63' lang='lat' dir='ltr'><strong>Movssiaccnsi</strong></span> <span class='ocrx_word' id='word_1_617' title='bbox 1039 4242 1093 4288; x_wconf 89' lang='lat' dir='ltr'><strong>et</strong></span> <span class='ocrx_word' id='word_1_618' title='bbox 1120 4234 1172 4306; x_wconf 93' lang='lat' dir='ltr'><strong>_in</strong></span> <span class='ocrx_word' id='word_1_619' title='bbox 1212 4234 1708 4301; x_wconf 86' lang='lat' dir='ltr'><strong>Gratianopolitano</strong></span> <span class='ocrx_word' id='word_1_620' title='bbox 1753 4234 2011 4306; x_wconf 87' lang='lat' dir='ltr'><strong>scriptum</strong></span> <span class='ocrx_word' id='word_1_621' title='bbox 2042 4246 2126 4290; x_wconf 91' lang='lat' dir='ltr'><strong>est</strong></span> 
     </span>
    </p>
   </div>
   <div class='ocr_carea' id='block_1_78' title="bbox 531 4304 2126 4376">
    <p class='ocr_par' dir='ltr' id='par_1_78' title="bbox 531 4304 2126 4376">
     <span class='ocr_line' id='line_1_78' title="bbox 531 4304 2126 4376; baseline 0 -15"><span class='ocrx_word' id='word_1_622' title='bbox 531 4304 807 4376; x_wconf 82' lang='lat' dir='ltr'><strong>relegatur,</strong></span> <span class='ocrx_word' id='word_1_623' title='bbox 838 4305 975 4359; x_wconf 77' lang='lat' dir='ltr'><strong>istud</strong></span> <span class='ocrx_word' id='word_1_624' title='bbox 1010 4304 1305 4374; x_wconf 79' lang='lat' dir='ltr'><strong>profectum</strong></span> <span class='ocrx_word' id='word_1_625' title='bbox 1337 4312 1422 4376; x_wconf 87' lang='lat' dir='ltr'><strong>est</strong></span> <span class='ocrx_word' id='word_1_626' title='bbox 1452 4319 1518 4357; x_wconf 82' lang='lat' dir='ltr'><strong>ex</strong></span> <span class='ocrx_word' id='word_1_627' title='bbox 1560 4305 1952 4376; x_wconf 82' lang='lat' dir='ltr'><strong>permutatione</strong></span> <span class='ocrx_word' id='word_1_628' title='bbox 1983 4305 2126 4361; x_wconf 87' lang='lat' dir='ltr'><strong>litte-</strong></span> 
     </span>
    </p>
   </div>
   <div class='ocr_carea' id='block_1_79' title="bbox 530 4374 2112 4444">
    <p class='ocr_par' dir='ltr' id='par_1_79' title="bbox 530 4374 2112 4444">
     <span class='ocr_line' id='line_1_79' title="bbox 530 4374 2112 4444; baseline -0.003 -12"><span class='ocrx_word' id='word_1_629' title='bbox 530 4374 734 4432; x_wconf 81' lang='lat' dir='ltr'><strong>rarum.</strong></span> <span class='ocrx_word' id='word_1_630' title='bbox 766 4378 864 4442; x_wconf 87' lang='lat' dir='ltr'><strong>Qui</strong></span> <span class='ocrx_word' id='word_1_631' title='bbox 900 4391 1026 4429; x_wconf 78' lang='lat' dir='ltr'><strong>vero</strong></span> <span class='ocrx_word' id='word_1_632' title='bbox 1056 4385 1237 4444; x_wconf 90' lang='lat' dir='ltr'><strong>postea</strong></span> <span class='ocrx_word' id='word_1_633' title='bbox 1279 4374 1613 4429; x_wconf 86' lang='lat' dir='ltr'><strong>retinuerunt</strong></span> <span class='ocrx_word' id='word_1_634' title='bbox 1636 4376 1771 4428; x_wconf 88' lang='lat' dir='ltr'><strong>hanc</strong></span> <span class='ocrx_word' id='word_1_635' title='bbox 1802 4374 2112 4443; x_wconf 84' lang='lat' dir='ltr'><strong>lectionem,</strong></span> 
     </span>
    </p>
   </div>
   <div class='ocr_carea' id='block_1_80' title="bbox 531 4446 2121 4515">
    <p class='ocr_par' dir='ltr' id='par_1_80' title="bbox 531 4446 2121 4515">
     <span class='ocr_line' id='line_1_80' title="bbox 531 4446 2121 4515; baseline -0.002 -13"><span class='ocrx_word' id='word_1_636' title='bbox 531 4448 586 4502; x_wconf 91' lang='lat' dir='ltr'><strong>id</strong></span> <span class='ocrx_word' id='word_1_637' title='bbox 627 4457 709 4501; x_wconf 88' lang='lat' dir='ltr'><strong>est</strong></span> <span class='ocrx_word' id='word_1_638' title='bbox 732 4446 998 4501; x_wconf 83' lang='lat' dir='ltr'><strong>Manutius</strong></span> <span class='ocrx_word' id='word_1_639' title='bbox 1046 4456 1101 4499; x_wconf 91' lang='lat' dir='ltr'><strong>et</strong></span> <span class='ocrx_word' id='word_1_640' title='bbox 1151 4446 1281 4511; x_wconf 89' lang='lat' dir='ltr'><strong>alii,</strong></span> <span class='ocrx_word' id='word_1_641' title='bbox 1328 4454 1581 4513; x_wconf 85' lang='lat' dir='ltr'><strong>putarunt</strong></span> <span class='ocrx_word' id='word_1_642' title='bbox 1629 4458 1817 4498; x_wconf 83' lang='lat' dir='ltr'><strong>vocem</strong></span> <span class='ocrx_word' id='word_1_643' title='bbox 1870 4446 2121 4515; x_wconf 88' lang='lat' dir='ltr'><strong>relegatur</strong></span> 
     </span>
    </p>
   </div>
   <div class='ocr_carea' id='block_1_81' title="bbox 530 4516 2118 4586">
    <p class='ocr_par' dir='ltr' id='par_1_81' title="bbox 530 4516 2118 4586">
     <span class='ocr_line' id='line_1_81' title="bbox 530 4516 2118 4586; baseline -0.001 -14"><span class='ocrx_word' id='word_1_644' title='bbox 530 4518 724 4572; x_wconf 88' lang='lat' dir='ltr'><strong>melius</strong></span> <span class='ocrx_word' id='word_1_645' title='bbox 749 4517 999 4585; x_wconf 76' lang='lat' dir='ltr'><strong>conjungi</strong></span> <span class='ocrx_word' id='word_1_646' title='bbox 1027 4532 1146 4570; x_wconf 86' lang='lat' dir='ltr'><strong>cum</strong></span> <span class='ocrx_word' id='word_1_647' title='bbox 1175 4516 1478 4570; x_wconf 85' lang='lat' dir='ltr'><strong>accusativo</strong></span> <span class='ocrx_word' id='word_1_648' title='bbox 1506 4530 1665 4586; x_wconf 69' lang='lat' dir='ltr'><strong>quam</strong></span> <span class='ocrx_word' id='word_1_649' title='bbox 1718 4516 1982 4586; x_wconf 80' lang='lat' dir='ltr'><strong>religatur,</strong></span> <span class='ocrx_word' id='word_1_650' title='bbox 2012 4532 2118 4571; x_wconf 93' lang='lat' dir='ltr'><strong>non</strong></span> 
     </span>
    </p>
   </div>
   <div class='ocr_carea' id='block_1_82' title="bbox 530 4583 2117 4655">
    <p class='ocr_par' dir='ltr' id='par_1_82' title="bbox 530 4583 2117 4655">
     <span class='ocr_line' id='line_1_82' title="bbox 530 4583 2117 4655; baseline 0.001 -14"><span class='ocrx_word' id='word_1_651' title='bbox 530 4583 1021 4642; x_wconf 80' lang='lat' dir='ltr'><strong>anitnadvcricntes</strong></span> <span class='ocrx_word' id='word_1_652' title='bbox 1071 4586 1455 4641; x_wconf 88' lang='lat' dir='ltr'><strong>Tertullianum</strong></span> <span class='ocrx_word' id='word_1_653' title='bbox 1495 4583 1549 4641; x_wconf 82' lang='lat' dir='ltr'><strong>et</strong></span> <span class='ocrx_word' id='word_1_654' title='bbox 1594 4583 1918 4655; x_wconf 79' lang='lat' dir='ltr'><strong>Cyprianum</strong></span> <span class='ocrx_word' id='word_1_655' title='bbox 1972 4600 2117 4654; x_wconf 72' lang='lat' dir='ltr'><strong>sche</strong></span> 
     </span>
    </p>
   </div>
   <div class='ocr_carea' id='block_1_83' title="bbox 530 4728 1100 4794">
    <p class='ocr_par' dir='ltr' id='par_1_83' title="bbox 530 4728 1100 4794">
     <span class='ocr_line' id='line_1_83' title="bbox 530 4728 1100 4794; baseline -0.004 -11"><span class='ocrx_word' id='word_1_656' title='bbox 530 4728 653 4791; x_wconf 82' lang='lat' dir='ltr'><strong>bus,</strong></span> <span class='ocrx_word' id='word_1_657' title='bbox 685 4744 781 4794; x_wconf 83' lang='lat' dir='ltr'><strong>pro</strong></span> <span class='ocrx_word' id='word_1_658' title='bbox 806 4729 857 4782; x_wconf 91' lang='lat' dir='ltr'><strong>in</strong></span> <span class='ocrx_word' id='word_1_659' title='bbox 884 4744 1100 4782; x_wconf 79' lang='lat' dir='ltr'><strong>carcere.</strong></span> 
     </span>
    </p>
   </div>
   <div class='ocr_carea' id='block_1_84' title="bbox 604 4796 2119 4865">
    <p class='ocr_par' dir='ltr' id='par_1_84' title="bbox 604 4796 2119 4865">
     <span class='ocr_line' id='line_1_84' title="bbox 604 4796 2119 4865; baseline 0.002 -14"><span class='ocrx_word' id='word_1_660' title='bbox 604 4797 1192 4853; x_wconf 77' lang='lat' dir='ltr'><strong>XXIV.—Innocenter.</strong></span> <span class='ocrx_word' id='word_1_661' title='bbox 1226 4797 1406 4853; x_wconf 81' lang='lat' dir='ltr'><strong>Codex</strong></span> <span class='ocrx_word' id='word_1_662' title='bbox 1435 4797 1698 4852; x_wconf 71' lang='lat' dir='ltr'><strong>Fuxcnsis</strong></span> <span class='ocrx_word' id='word_1_663' title='bbox 1719 4796 1879 4852; x_wconf 88' lang='lat' dir='ltr'><strong>habet</strong></span> <span class='ocrx_word' id='word_1_664' title='bbox 1901 4811 1994 4865; x_wconf 91' lang='lat' dir='ltr'><strong>pro</strong></span> <span class='ocrx_word' id='word_1_665' title='bbox 2020 4797 2119 4854; x_wconf 86' lang='lat' dir='ltr'><strong>hac</strong></span> 
     </span>
    </p>
   </div>
   <div class='ocr_carea' id='block_1_85' title="bbox 530 4868 2116 4936">
    <p class='ocr_par' dir='ltr' id='par_1_85' title="bbox 530 4868 2116 4936">
     <span class='ocr_line' id='line_1_85' title="bbox 530 4868 2116 4936; baseline 0.001 -13"><span class='ocrx_word' id='word_1_666' title='bbox 530 4883 665 4924; x_wconf 84' lang='lat' dir='ltr'><strong>voce</strong></span> <span class='ocrx_word' id='word_1_667' title='bbox 694 4880 944 4935; x_wconf 84' lang='lat' dir='ltr'><strong>nmtoncs,</strong></span> <span class='ocrx_word' id='word_1_668' title='bbox 994 4869 1045 4923; x_wconf 92' lang='lat' dir='ltr'><strong>id</strong></span> <span class='ocrx_word' id='word_1_669' title='bbox 1093 4881 1177 4923; x_wconf 91' lang='lat' dir='ltr'><strong>est</strong></span> <span class='ocrx_word' id='word_1_670' title='bbox 1202 4883 1475 4924; x_wconf 87' lang='lat' dir='ltr'><strong>verveces.</strong></span> <span class='ocrx_word' id='word_1_671' title='bbox 1508 4868 1661 4936; x_wconf 84' lang='lat' dir='ltr'><strong>Quod</strong></span> <span class='ocrx_word' id='word_1_672' title='bbox 1687 4868 1897 4922; x_wconf 89' lang='lat' dir='ltr'><strong>videtur</strong></span> <span class='ocrx_word' id='word_1_673' title='bbox 1923 4868 2116 4925; x_wconf 90' lang='lat' dir='ltr'><strong>melius</strong></span> 
     </span>
    </p>
   </div>
   <div class='ocr_carea' id='block_1_86' title="bbox 531 4938 1309 4994">
    <p class='ocr_par' dir='ltr' id='par_1_86' title="bbox 531 4938 1309 4994">
     <span class='ocr_line' id='line_1_86' title="bbox 531 4938 1309 4994; baseline -0.005 0"><span class='ocrx_word' id='word_1_674' title='bbox 531 4941 823 4994; x_wconf 86' lang='lat' dir='ltr'><strong>convenire</strong></span> <span class='ocrx_word' id='word_1_675' title='bbox 838 4955 956 4994; x_wconf 89' lang='lat' dir='ltr'><strong>cum</strong></span> <span class='ocrx_word' id='word_1_676' title='bbox 980 4938 1224 4994; x_wconf 89' lang='lat' dir='ltr'><strong>historia.</strong></span> <span class='ocrx_word' id='word_1_677' title='bbox 1302 4983 1309 4990; x_wconf 88' lang='lat'><strong>.</strong></span> 
     </span>
    </p>
   </div>
   <div class='ocr_carea' id='block_1_87' title="bbox 602 5008 2111 5079">
    <p class='ocr_par' dir='ltr' id='par_1_87' title="bbox 602 5008 2111 5079">
     <span class='ocr_line' id='line_1_87' title="bbox 602 5008 2111 5079; baseline 0.001 -17"><span class='ocrx_word' id='word_1_678' title='bbox 602 5010 933 5063; x_wconf 84' lang='lat' dir='ltr'><strong>Judicabunt.</strong></span> <span class='ocrx_word' id='word_1_679' title='bbox 956 5008 1211 5074; x_wconf 89' lang='lat' dir='ltr'><strong>Quamvis</strong></span> <span class='ocrx_word' id='word_1_680' title='bbox 1230 5010 1394 5064; x_wconf 88' lang='lat' dir='ltr'><strong>sciam</strong></span> <span class='ocrx_word' id='word_1_681' title='bbox 1425 5025 1614 5065; x_wconf 92' lang='lat' dir='ltr'><strong>omnes</strong></span> <span class='ocrx_word' id='word_1_682' title='bbox 1649 5009 1932 5076; x_wconf 82' lang='lat' dir='ltr'><strong>editiones,</strong></span> <span class='ocrx_word' id='word_1_683' title='bbox 1977 5024 2111 5079; x_wconf 77' lang='lat' dir='ltr'><strong>pra:-</strong></span> 
     </span>
    </p>
   </div>
   <div class='ocr_carea' id='block_1_88' title="bbox 531 5080 2114 5151">
    <p class='ocr_par' dir='ltr' id='par_1_88' title="bbox 531 5080 2114 5151">
     <span class='ocr_line' id='line_1_88' title="bbox 531 5080 2114 5151; baseline 0 -18"><span class='ocrx_word' id='word_1_684' title='bbox 531 5088 614 5134; x_wconf 90' lang='lat' dir='ltr'><strong>ter</strong></span> <span class='ocrx_word' id='word_1_685' title='bbox 637 5080 1027 5151; x_wconf 76' lang='lat' dir='ltr'><strong>Morellianam,</strong></span> <span class='ocrx_word' id='word_1_686' title='bbox 1058 5088 1113 5151; x_wconf 84' lang='lat' dir='ltr'><strong>et</strong></span> <span class='ocrx_word' id='word_1_687' title='bbox 1138 5080 1536 5148; x_wconf 88' lang='lat' dir='ltr'><strong>quatuordecim</strong></span> <span class='ocrx_word' id='word_1_688' title='bbox 1578 5082 1795 5151; x_wconf 89' lang='lat' dir='ltr'><strong>antiqua</strong></span> <span class='ocrx_word' id='word_1_689' title='bbox 1844 5081 2114 5150; x_wconf 81' lang='lat' dir='ltr'><strong>exempla-</strong></span> 
     </span>
    </p>
   </div>
   <div class='ocr_carea' id='block_1_89' title="bbox 528 5149 2112 5221">
    <p class='ocr_par' dir='ltr' id='par_1_89' title="bbox 528 5149 2112 5221">
     <span class='ocr_line' id='line_1_89' title="bbox 528 5149 2112 5221; baseline 0 -18"><span class='ocrx_word' id='word_1_690' title='bbox 528 5151 606 5203; x_wconf 88' lang='lat' dir='ltr'><strong>ria</strong></span> <span class='ocrx_word' id='word_1_691' title='bbox 635 5150 833 5221; x_wconf 81' lang='lat' dir='ltr'><strong>ltabere</strong></span> <span class='ocrx_word' id='word_1_692' title='bbox 860 5149 1267 5217; x_wconf 84' lang='lat' dir='ltr'><strong>vindicabuntur,</strong></span> <span class='ocrx_word' id='word_1_693' title='bbox 1295 5165 1393 5219; x_wconf 82' lang='lat' dir='ltr'><strong>ego</strong></span> <span class='ocrx_word' id='word_1_694' title='bbox 1432 5150 1661 5221; x_wconf 67' lang='lat' dir='ltr'><strong>praafero</strong></span> <span class='ocrx_word' id='word_1_695' title='bbox 1687 5149 1967 5205; x_wconf 83' lang='lat' dir='ltr'><strong>lectionem</strong></span> <span class='ocrx_word' id='word_1_696' title='bbox 1998 5149 2112 5205; x_wconf 86' lang='lat' dir='ltr'><strong>edi-</strong></span> 
     </span>
    </p>
   </div>
   <div class='ocr_carea' id='block_1_90' title="bbox 531 5220 2109 5290">
    <p class='ocr_par' dir='ltr' id='par_1_90' title="bbox 531 5220 2109 5290">
     <span class='ocr_line' id='line_1_90' title="bbox 531 5220 2109 5290; baseline 0.002 -18"><span class='ocrx_word' id='word_1_697' title='bbox 531 5221 694 5274; x_wconf 90' lang='lat' dir='ltr'><strong>tionis</strong></span> <span class='ocrx_word' id='word_1_698' title='bbox 721 5220 1045 5274; x_wconf 69' lang='lat' dir='ltr'><strong>Morcllianae</strong></span> <span class='ocrx_word' id='word_1_699' title='bbox 1077 5260 1091 5283; x_wconf 96' lang='lat'><strong>,</strong></span> <span class='ocrx_word' id='word_1_700' title='bbox 1143 5235 1301 5290; x_wconf 89' lang='lat' dir='ltr'><strong>quam</strong></span> <span class='ocrx_word' id='word_1_701' title='bbox 1351 5220 1633 5274; x_wconf 81' lang='lat' dir='ltr'><strong>adstruunt</strong></span> <span class='ocrx_word' id='word_1_702' title='bbox 1683 5233 1887 5290; x_wconf 88' lang='lat' dir='ltr'><strong>septem</strong></span> <span class='ocrx_word' id='word_1_703' title='bbox 1930 5231 2109 5276; x_wconf 86' lang='lat' dir='ltr'><strong>vetera</strong></span> 
     </span>
    </p>
   </div>
   <div class='ocr_carea' id='block_1_91' title="bbox 528 5290 2108 5359">
    <p class='ocr_par' dir='ltr' id='par_1_91' title="bbox 528 5290 2108 5359">
     <span class='ocr_line' id='line_1_91' title="bbox 528 5290 2108 5359; baseline 0 -14"><span class='ocrx_word' id='word_1_704' title='bbox 528 5292 873 5359; x_wconf 77' lang='lat' dir='ltr'><strong>exemplaria,</strong></span> <span class='ocrx_word' id='word_1_705' title='bbox 902 5291 1024 5359; x_wconf 89' lang='lat' dir='ltr'><strong>quia</strong></span> <span class='ocrx_word' id='word_1_706' title='bbox 1057 5293 1107 5344; x_wconf 92' lang='lat' dir='ltr'><strong>in</strong></span> <span class='ocrx_word' id='word_1_707' title='bbox 1155 5291 1440 5359; x_wconf 74' lang='lat' dir='ltr'><strong>Evangelio</strong></span> <span class='ocrx_word' id='word_1_708' title='bbox 1487 5290 1780 5345; x_wconf 88' lang='lat' dir='ltr'><strong>secundum</strong></span> <span class='ocrx_word' id='word_1_709' title='bbox 1805 5290 2108 5346; x_wconf 73' lang='lat' dir='ltr'><strong>Matthrcutn</strong></span> 
     </span>
    </p>
   </div>
   <div class='ocr_carea' id='block_1_92' title="bbox 525 5361 2107 5431">
    <p class='ocr_par' dir='ltr' id='par_1_92' title="bbox 525 5361 2107 5431">
     <span class='ocr_line' id='line_1_92' title="bbox 525 5361 2107 5431; baseline 0.001 -20"><span class='ocrx_word' id='word_1_710' title='bbox 525 5376 644 5431; x_wconf 80' lang='lat' dir='ltr'><strong>cap.</strong></span> <span class='ocrx_word' id='word_1_711' title='bbox 678 5378 794 5425; x_wconf 69' lang='grc' dir='ltr'>χιχ,</span> <span class='ocrx_word' id='word_1_712' title='bbox 823 5370 875 5416; x_wconf 90' lang='lat' dir='ltr'><strong>ct</strong></span> <span class='ocrx_word' id='word_1_713' title='bbox 915 5361 1209 5415; x_wconf 88' lang='lat' dir='ltr'><strong>secundum</strong></span> <span class='ocrx_word' id='word_1_714' title='bbox 1232 5362 1428 5418; x_wconf 86' lang='lat' dir='ltr'><strong>Lucam</strong></span> <span class='ocrx_word' id='word_1_715' title='bbox 1458 5376 1575 5431; x_wconf 88' lang='lat' dir='ltr'><strong>cap.</strong></span> <span class='ocrx_word' id='word_1_716' title='bbox 1602 5377 1731 5426; x_wconf 68' lang='grc' dir='ltr'>χχιι,</span> <span class='ocrx_word' id='word_1_717' title='bbox 1758 5362 2002 5415; x_wconf 87' lang='lat' dir='ltr'><strong>Christus</strong></span> <span class='ocrx_word' id='word_1_718' title='bbox 2032 5362 2107 5415; x_wconf 89' lang='lat' dir='ltr'><strong>ait</strong></span> 
     </span>
    </p>
   </div>
   <div class='ocr_carea' id='block_1_93' title="bbox 524 5430 2106 5501">
    <p class='ocr_par' dir='ltr' id='par_1_93' title="bbox 524 5430 2106 5501">
     <span class='ocr_line' id='line_1_93' title="bbox 524 5430 2106 5501; baseline 0.002 -18"><span class='ocrx_word' id='word_1_719' title='bbox 524 5430 812 5501; x_wconf 77' lang='lat' dir='ltr'><strong>discipulos</strong></span> <span class='ocrx_word' id='word_1_720' title='bbox 841 5446 977 5501; x_wconf 70' lang='lat' dir='ltr'><strong>suos</strong></span> <span class='ocrx_word' id='word_1_721' title='bbox 1012 5432 1064 5485; x_wconf 91' lang='lat' dir='ltr'><strong>in</strong></span> <span class='ocrx_word' id='word_1_722' title='bbox 1110 5430 1547 5501; x_wconf 85' lang='lat' dir='ltr'><strong>regeneratione,</strong></span> <span class='ocrx_word' id='word_1_723' title='bbox 1584 5448 1703 5487; x_wconf 87' lang='lat' dir='ltr'><strong>curn</strong></span> <span class='ocrx_word' id='word_1_724' title='bbox 1730 5432 1935 5486; x_wconf 86' lang='lat' dir='ltr'><strong>venerit</strong></span> <span class='ocrx_word' id='word_1_725' title='bbox 1965 5432 2106 5487; x_wconf 83' lang='lat' dir='ltr'><strong>ﬁlius</strong></span> 
     </span>
    </p>
   </div>
   <div class='ocr_carea' id='block_1_94' title="bbox 524 5499 2107 5570">
    <p class='ocr_par' dir='ltr' id='par_1_94' title="bbox 524 5499 2107 5570">
     <span class='ocr_line' id='line_1_94' title="bbox 524 5499 2107 5570; baseline 0.001 -16"><span class='ocrx_word' id='word_1_726' title='bbox 524 5499 760 5557; x_wconf 82' lang='lat' dir='ltr'><strong>Itontinis</strong></span> <span class='ocrx_word' id='word_1_727' title='bbox 810 5503 862 5555; x_wconf 95' lang='lat' dir='ltr'><strong>in</strong></span> <span class='ocrx_word' id='word_1_728' title='bbox 889 5499 1017 5556; x_wconf 90' lang='lat' dir='ltr'><strong>sede</strong></span> <span class='ocrx_word' id='word_1_729' title='bbox 1048 5499 1341 5569; x_wconf 77' lang='lat' dir='ltr'><strong>majcstatis</strong></span> <span class='ocrx_word' id='word_1_730' title='bbox 1385 5518 1516 5568; x_wconf 57' lang='lat' dir='ltr'><strong>suat,</strong></span> <span class='ocrx_word' id='word_1_731' title='bbox 1548 5517 1668 5557; x_wconf 87' lang='lat' dir='ltr'><strong>cum</strong></span> <span class='ocrx_word' id='word_1_732' title='bbox 1698 5504 1813 5570; x_wconf 80' lang='lat' dir='ltr'><strong>ipso</strong></span> <span class='ocrx_word' id='word_1_733' title='bbox 1841 5503 2107 5570; x_wconf 81' lang='lat' dir='ltr'><strong>judicatu-</strong></span> 
     </span>
    </p>
   </div>
   <div class='ocr_carea' id='block_1_95' title="bbox 521 5572 2103 5644">
    <p class='ocr_par' dir='ltr' id='par_1_95' title="bbox 521 5572 2103 5644">
     <span class='ocr_line' id='line_1_95' title="bbox 521 5572 2103 5644; baseline 0 -19"><span class='ocrx_word' id='word_1_734' title='bbox 521 5586 615 5644; x_wconf 74' lang='lat' dir='ltr'><strong>ros</strong></span> <span class='ocrx_word' id='word_1_735' title='bbox 632 5572 911 5644; x_wconf 86' lang='lat' dir='ltr'><strong>duodecim</strong></span> <span class='ocrx_word' id='word_1_736' title='bbox 958 5574 1129 5626; x_wconf 90' lang='lat' dir='ltr'><strong>tribus</strong></span> <span class='ocrx_word' id='word_1_737' title='bbox 1155 5572 1337 5628; x_wconf 70' lang='lat' dir='ltr'><strong>Israel.</strong></span> <span class='ocrx_word' id='word_1_738' title='bbox 1374 5572 1440 5627; x_wconf 86' lang='lat' dir='ltr'><strong>In</strong></span> <span class='ocrx_word' id='word_1_739' title='bbox 1486 5590 1585 5644; x_wconf 90' lang='lat' dir='ltr'><strong>quo</strong></span> <span class='ocrx_word' id='word_1_740' title='bbox 1614 5589 1821 5627; x_wconf 85' lang='lat' dir='ltr'><strong>numero</strong></span> <span class='ocrx_word' id='word_1_741' title='bbox 1855 5573 2103 5643; x_wconf 87' lang='lat' dir='ltr'><strong>judican-</strong></span> 
     </span>
    </p>
   </div>
   <div class='ocr_carea' id='block_1_96' title="bbox 518 5641 2105 5712">
    <p class='ocr_par' dir='ltr' id='par_1_96' title="bbox 518 5641 2105 5712">
     <span class='ocr_line' id='line_1_96' title="bbox 518 5641 2105 5712; baseline 0.003 -19"><span class='ocrx_word' id='word_1_742' title='bbox 518 5641 666 5712; x_wconf 71' lang='lat' dir='ltr'><strong>tium,</strong></span> <span class='ocrx_word' id='word_1_743' title='bbox 700 5643 869 5711; x_wconf 88' lang='lat' dir='ltr'><strong>inquit</strong></span> <span class='ocrx_word' id='word_1_744' title='bbox 910 5652 1124 5697; x_wconf 86' lang='lat' dir='ltr'><strong>sanctus</strong></span> <span class='ocrx_word' id='word_1_745' title='bbox 1164 5641 1571 5712; x_wconf 39' lang='lat' dir='ltr'><strong>Augustinus—in</strong></span> <span class='ocrx_word' id='word_1_746' title='bbox 1599 5641 1867 5699; x_wconf 80' lang='lat' dir='ltr'><strong>Sermone</strong></span> <span class='ocrx_word' id='word_1_747' title='bbox 1884 5645 2009 5709; x_wconf 77' lang='grc'><strong>551,</strong></span> <span class='ocrx_word' id='word_1_748' title='bbox 2039 5644 2105 5698; x_wconf 89' lang='lat' dir='ltr'><strong>de</strong></span> 
     </span>
    </p>
   </div>
   <div class='ocr_carea' id='block_1_97' title="bbox 516 5708 2105 5785">
    <p class='ocr_par' dir='ltr' id='par_1_97' title="bbox 516 5708 2105 5785">
     <span class='ocr_line' id='line_1_97' title="bbox 516 5708 2105 5785; baseline -0.001 -18"><span class='ocrx_word' id='word_1_749' title='bbox 516 5708 835 5785; x_wconf 56' lang='lat' dir='ltr'><strong>Paenitentia</strong></span> <span class='ocrx_word' id='word_1_750' title='bbox 863 5730 876 5765; x_wconf 91' lang='lat'><strong>:</strong></span> <span class='ocrx_word' id='word_1_751' title='bbox 907 5728 1081 5785; x_wconf 76' lang='lat' dir='ltr'><strong>omnes</strong></span> <span class='ocrx_word' id='word_1_752' title='bbox 1108 5708 1459 5783; x_wconf 80' lang='lat' dir='ltr'><strong>intelliguntur</strong></span> <span class='ocrx_word' id='word_1_753' title='bbox 1485 5716 1573 5784; x_wconf 88' lang='lat' dir='ltr'><strong>qui</strong></span> <span class='ocrx_word' id='word_1_754' title='bbox 1615 5724 1829 5785; x_wconf 73' lang='lat' dir='ltr'><strong>prapter</strong></span> <span class='ocrx_word' id='word_1_755' title='bbox 1868 5708 2105 5785; x_wconf 83' lang='lat' dir='ltr'><strong>Evange-</strong></span> 
     </span>
    </p>
   </div>
   <div class='ocr_carea' id='block_1_98' title="bbox 510 5779 2100 5846">
    <p class='ocr_par' dir='ltr' id='par_1_98' title="bbox 510 5779 2100 5846">
     <span class='ocr_line' id='line_1_98' title="bbox 510 5779 2100 5846; baseline 0.003 -14"><span class='ocrx_word' id='word_1_756' title='bbox 510 5779 636 5836; x_wconf 86' lang='lat' dir='ltr'><strong>lium</strong></span> <span class='ocrx_word' id='word_1_757' title='bbox 680 5782 849 5836; x_wconf 85' lang='lat' dir='ltr'><strong>omnia</strong></span> <span class='ocrx_word' id='word_1_758' title='bbox 882 5797 974 5839; x_wconf 84' lang='lat' dir='ltr'><strong>sua</strong></span> <span class='ocrx_word' id='word_1_759' title='bbox 1023 5779 1325 5842; x_wconf 77' lang='lat' dir='ltr'><strong>dimiserunt</strong></span> <span class='ocrx_word' id='word_1_760' title='bbox 1376 5796 1432 5846; x_wconf 82' lang='lat' dir='ltr'><strong>et</strong></span> <span class='ocrx_word' id='word_1_761' title='bbox 1468 5779 1626 5841; x_wconf 75' lang='lat' dir='ltr'><strong>secuti</strong></span> <span class='ocrx_word' id='word_1_762' title='bbox 1659 5779 1776 5841; x_wconf 77' lang='lat' dir='ltr'><strong>sunt</strong></span> <span class='ocrx_word' id='word_1_763' title='bbox 1803 5779 2100 5843; x_wconf 71' lang='lat' dir='ltr'><strong>Dominum.</strong></span> 
     </span>
    </p>
   </div>
   <div class='ocr_carea' id='block_1_99' title="bbox 2232 4016 3822 4093">
    <p class='ocr_par' dir='ltr' id='par_1_99' title="bbox 2232 4016 3822 4093">
     <span class='ocr_line' id='line_1_99' title="bbox 2232 4016 3822 4093; baseline -0.001 -16"><span class='ocrx_word' id='word_1_764' title='bbox 2232 4022 2367 4078; x_wconf 79' lang='lat' dir='ltr'><strong>Vide</strong></span> <span class='ocrx_word' id='word_1_765' title='bbox 2412 4020 2749 4087; x_wconf 90' lang='lat' dir='ltr'><strong>Cresollium,</strong></span> <span class='ocrx_word' id='word_1_766' title='bbox 2802 4020 3018 4077; x_wconf 89' lang='lat' dir='ltr'><strong>Decade</strong></span> <span class='ocrx_word' id='word_1_767' title='bbox 3061 4022 3233 4093; x_wconf 91' lang='lat' dir='ltr'><strong>prima</strong></span> <span class='ocrx_word' id='word_1_768' title='bbox 3274 4016 3596 4093; x_wconf 61' lang='grc' dir='ltr'><strong>Αηιὶσοέοθὶῳ</strong></span> <span class='ocrx_word' id='word_1_769' title='bbox 3640 4031 3822 4084; x_wconf 68' lang='lat' dir='ltr'><strong>sacrm,</strong></span> 
     </span>
    </p>
   </div>
   <div class='ocr_carea' id='block_1_100' title="bbox 2230 4086 3820 4164">
    <p class='ocr_par' dir='ltr' id='par_1_100' title="bbox 2230 4086 3820 4164">
     <span class='ocr_line' id='line_1_100' title="bbox 2230 4086 3820 4164; baseline -0.005 -16"><span class='ocrx_word' id='word_1_770' title='bbox 2230 4110 2347 4164; x_wconf 90' lang='lat' dir='ltr'><strong>cap.</strong></span> <span class='ocrx_word' id='word_1_771' title='bbox 2383 4094 2435 4160; x_wconf 84' lang='lat' dir='ltr'><strong>I,</strong></span> <span class='ocrx_word' id='word_1_772' title='bbox 2476 4102 2608 4148; x_wconf 89' lang='lat' dir='ltr'><strong>sect.</strong></span> <span class='ocrx_word' id='word_1_773' title='bbox 2630 4093 2697 4164; x_wconf 20' lang='lat'><strong>79.</strong></span> <span class='ocrx_word' id='word_1_774' title='bbox 2724 4086 2915 4163; x_wconf 90' lang='lat' dir='ltr'><strong>Itaque</strong></span> <span class='ocrx_word' id='word_1_775' title='bbox 2944 4086 3242 4164; x_wconf 75' lang='lat' dir='ltr'><strong>Cyprianus</strong></span> <span class='ocrx_word' id='word_1_776' title='bbox 3287 4095 3339 4148; x_wconf 93' lang='lat' dir='ltr'><strong>in</strong></span> <span class='ocrx_word' id='word_1_777' title='bbox 3371 4086 3606 4164; x_wconf 47' lang='lat' dir='ltr'><strong>Epistula</strong></span> <span class='ocrx_word' id='word_1_778' title='bbox 3639 4103 3820 4164; x_wconf 73' lang='lat' dir='ltr'><strong>L_XXII,</strong></span> 
     </span>
    </p>
   </div>
   <div class='ocr_carea' id='block_1_101' title="bbox 2229 4157 3823 4235">
    <p class='ocr_par' dir='ltr' id='par_1_101' title="bbox 2229 4157 3823 4235">
     <span class='ocr_line' id='line_1_101' title="bbox 2229 4157 3823 4235; baseline -0.001 -16"><span class='ocrx_word' id='word_1_779' title='bbox 2229 4157 2352 4235; x_wconf 56' lang='lat' dir='ltr'><strong>pa&#39;g.</strong></span> <span class='ocrx_word' id='word_1_780' title='bbox 2372 4157 2497 4229; x_wconf 70' lang='grc'><strong>164,</strong></span> <span class='ocrx_word' id='word_1_781' title='bbox 2517 4165 2585 4217; x_wconf 86' lang='lat' dir='ltr'><strong>ad</strong></span> <span class='ocrx_word' id='word_1_782' title='bbox 2612 4157 2939 4235; x_wconf 62' lang='lat' dir='ltr'><strong>Confessores</strong></span> <span class='ocrx_word' id='word_1_783' title='bbox 2970 4157 3042 4218; x_wconf 72' lang='lat' dir='ltr'><strong>ait</strong></span> <span class='ocrx_word' id='word_1_784' title='bbox 3072 4164 3191 4235; x_wconf 74' lang='lat' dir='ltr'><strong>illos</strong></span> <span class='ocrx_word' id='word_1_785' title='bbox 3216 4157 3823 4235; x_wconf 41' lang='lat' dir='ltr'><strong>judicaturds‘ﬂﬁiglcs</strong></span> 
     </span>
    </p>
   </div>
   <div class='ocr_carea' id='block_1_102' title="bbox 2227 4226 3820 4306">
    <p class='ocr_par' dir='ltr' id='par_1_102' title="bbox 2227 4226 3820 4306">
     <span class='ocr_line' id='line_1_102' title="bbox 2227 4226 3820 4306; baseline -0.001 -17"><span class='ocrx_word' id='word_1_786' title='bbox 2227 4226 2284 4290; x_wconf 78' lang='lat' dir='ltr'><strong>et</strong></span> <span class='ocrx_word' id='word_1_787' title='bbox 2302 4226 2622 4306; x_wconf 24' lang='lat' dir='ltr'><strong>rogitat‘uros</strong></span> <span class='ocrx_word' id='word_1_788' title='bbox 2651 4226 2793 4306; x_wconf 1' lang='lat' dir='ltr'><strong>cuin)</strong></span> <span class='ocrx_word' id='word_1_789' title='bbox 2821 4233 3059 4306; x_wconf 74' lang='lat' dir='ltr'><strong>Christo.</strong></span> <span class='ocrx_word' id='word_1_790' title='bbox 3088 4226 3420 4301; x_wconf 70' lang='lat' dir='ltr'><strong>Lactantius,</strong></span> <span class='ocrx_word' id='word_1_791' title='bbox 3452 4226 3664 4306; x_wconf 44' lang='grc' dir='ltr'><strong>(περὶρἹ</strong></span> <span class='ocrx_word' id='word_1_792' title='bbox 3694 4226 3820 4298; x_wconf 77' lang='lat' dir='ltr'><strong>Epi-</strong></span> 
     </span>
    </p>
   </div>
   <div class='ocr_carea' id='block_1_103' title="bbox 2229 4303 3821 4375">
    <p class='ocr_par' dir='ltr' id='par_1_103' title="bbox 2229 4303 3821 4375">
     <span class='ocr_line' id='line_1_103' title="bbox 2229 4303 3821 4375; baseline 0.003 -18"><span class='ocrx_word' id='word_1_793' title='bbox 2229 4303 2401 4361; x_wconf 81' lang='lat' dir='ltr'><strong>tomes</strong></span> <span class='ocrx_word' id='word_1_794' title='bbox 2432 4324 2445 4357; x_wconf 91' lang='lat'><strong>:</strong></span> <span class='ocrx_word' id='word_1_795' title='bbox 2476 4303 2588 4359; x_wconf 86' lang='lat' dir='ltr'><strong>Nos</strong></span> <span class='ocrx_word' id='word_1_796' title='bbox 2634 4305 2886 4375; x_wconf 78' lang='lat' dir='ltr'><strong>judicium</strong></span> <span class='ocrx_word' id='word_1_797' title='bbox 2937 4304 3031 4360; x_wconf 89' lang='lat' dir='ltr'><strong>Dei</strong></span> <span class='ocrx_word' id='word_1_798' title='bbox 3060 4314 3325 4373; x_wconf 76' lang='lat' dir='ltr'><strong>expectare</strong></span> <span class='ocrx_word' id='word_1_799' title='bbox 3361 4303 3711 4375; x_wconf 69' lang='lat' dir='ltr'><strong>debemus,\ul</strong></span> <span class='ocrx_word' id='word_1_800' title='bbox 3737 4315 3821 4375; x_wconf 73' lang='grc' dir='ltr'><strong>ςοε</strong></span> 
     </span>
    </p>
   </div>
   <div class='ocr_carea' id='block_1_104' title="bbox 2227 4368 3822 4447">
    <p class='ocr_par' dir='ltr' id='par_1_104' title="bbox 2227 4368 3822 4447">
     <span class='ocr_line' id='line_1_104' title="bbox 2227 4368 3822 4447; baseline 0.002 -18"><span class='ocrx_word' id='word_1_801' title='bbox 2227 4376 2550 4444; x_wconf 81' lang='lat' dir='ltr'><strong>postmodum</strong></span> <span class='ocrx_word' id='word_1_802' title='bbox 2595 4368 2681 4443; x_wconf 82' lang='lat' dir='ltr'><strong>qui</strong></span> <span class='ocrx_word' id='word_1_803' title='bbox 2728 4375 2795 4429; x_wconf 89' lang='lat' dir='ltr'><strong>de</strong></span> <span class='ocrx_word' id='word_1_804' title='bbox 2833 4375 2974 4429; x_wconf 89' lang='lat' dir='ltr'><strong>nobis</strong></span> <span class='ocrx_word' id='word_1_805' title='bbox 3015 4368 3356 4446; x_wconf 81' lang='lat' dir='ltr'><strong>judicaverint</strong></span> <span class='ocrx_word' id='word_1_806' title='bbox 3402 4368 3717 4447; x_wconf 48' lang='lat' dir='ltr'><strong>judicenitli:</strong></span> <span class='ocrx_word' id='word_1_807' title='bbox 3747 4368 3822 4423; x_wconf 67' lang='grc' dir='ltr'>Ιίίι</span> 
     </span>
    </p>
   </div>
   <div class='ocr_carea' id='block_1_105' title="bbox 2226 4441 3824 4517">
    <p class='ocr_par' dir='ltr' id='par_1_105' title="bbox 2226 4441 3824 4517">
     <span class='ocr_line' id='line_1_105' title="bbox 2226 4441 3824 4517; baseline 0.007 -21"><span class='ocrx_word' id='word_1_808' title='bbox 2226 4441 2456 4517; x_wconf 64' lang='lat' dir='ltr'><strong>vulgata:</strong></span> <span class='ocrx_word' id='word_1_809' title='bbox 2482 4441 2769 4509; x_wconf 86' lang='lat' dir='ltr'><strong>editiones,</strong></span> <span class='ocrx_word' id='word_1_810' title='bbox 2803 4447 2995 4501; x_wconf 90' lang='lat' dir='ltr'><strong>melius</strong></span> <span class='ocrx_word' id='word_1_811' title='bbox 3015 4441 3267 4517; x_wconf 56' lang='lat' dir='ltr'><strong>&#39;prot&#39;ecto</strong></span> <span class='ocrx_word' id='word_1_812' title='bbox 3314 4441 3473 4517; x_wconf 70' lang='lat' dir='ltr'><strong>quam</strong></span> <span class='ocrx_word' id='word_1_813' title='bbox 3502 4449 3554 4503; x_wconf 94' lang='lat' dir='ltr'><strong>in</strong></span> <span class='ocrx_word' id='word_1_814' title='bbox 3585 4441 3824 4517; x_wconf 53' lang='lat' dir='ltr'><strong>edimme</strong></span> 
     </span>
    </p>
   </div>
   <div class='ocr_carea' id='block_1_106' title="bbox 2226 4515 3820 4587">
    <p class='ocr_par' dir='ltr' id='par_1_106' title="bbox 2226 4515 3820 4587">
     <span class='ocr_line' id='line_1_106' title="bbox 2226 4515 3820 4587; baseline 0.004 -18"><span class='ocrx_word' id='word_1_815' title='bbox 2226 4515 2397 4587; x_wconf 73' lang='lat' dir='ltr'><strong>Pfal‘tii</strong></span> <span class='ocrx_word' id='word_1_816' title='bbox 2426 4558 2442 4580; x_wconf 93' lang='lat'><strong>,</strong></span> <span class='ocrx_word' id='word_1_817' title='bbox 2485 4517 2671 4586; x_wconf 88' lang='lat' dir='ltr'><strong>inqua</strong></span> <span class='ocrx_word' id='word_1_818' title='bbox 2722 4517 2979 4587; x_wconf 85' lang='lat' dir='ltr'><strong>scriptum</strong></span> <span class='ocrx_word' id='word_1_819' title='bbox 3032 4515 3137 4581; x_wconf 81' lang='lat' dir='ltr'><strong>est,</strong></span> <span class='ocrx_word' id='word_1_820' title='bbox 3163 4517 3250 4584; x_wconf 88' lang='lat' dir='ltr'><strong>qui</strong></span> <span class='ocrx_word' id='word_1_821' title='bbox 3276 4515 3347 4571; x_wconf 76' lang='lat' dir='ltr'><strong>de</strong></span> <span class='ocrx_word' id='word_1_822' title='bbox 3381 4519 3523 4573; x_wconf 86' lang='lat' dir='ltr'><strong>nobis</strong></span> <span class='ocrx_word' id='word_1_823' title='bbox 3562 4515 3820 4587; x_wconf 70' lang='lat' dir='ltr'><strong>iudich-</strong></span> 
     </span>
    </p>
   </div>
   <div class='ocr_carea' id='block_1_107' title="bbox 2180 4577 3821 4661">
    <p class='ocr_par' dir='ltr' id='par_1_107' title="bbox 2180 4577 3821 4661">
     <span class='ocr_line' id='line_1_107' title="bbox 2180 4577 3821 4661; baseline 0.005 -21"><span class='ocrx_word' id='word_1_824' title='bbox 2180 4577 2190 4585; x_wconf 71' lang='grc'><em>’</em></span> <span class='ocrx_word' id='word_1_825' title='bbox 2230 4586 2401 4641; x_wconf 89' lang='lat' dir='ltr'><strong>Porro</strong></span> <span class='ocrx_word' id='word_1_826' title='bbox 2428 4577 2480 4641; x_wconf 84' lang='lat' dir='ltr'><strong>in</strong></span> <span class='ocrx_word' id='word_1_827' title='bbox 2508 4577 2713 4661; x_wconf 73' lang='lat' dir='ltr'><strong>uuoex</strong></span> <span class='ocrx_word' id='word_1_828' title='bbox 2745 4577 2851 4641; x_wconf 77' lang='lat' dir='ltr'><strong>illis</strong></span> <span class='ocrx_word' id='word_1_829' title='bbox 2874 4595 3094 4661; x_wconf 70' lang='lat' dir='ltr'><strong>septem</strong></span> <span class='ocrx_word' id='word_1_830' title='bbox 3115 4577 3388 4661; x_wconf 73' lang='lat' dir='ltr'><strong>codicibus</strong></span> <span class='ocrx_word' id='word_1_831' title='bbox 3416 4577 3650 4661; x_wconf 74' lang='lat' dir='ltr'><strong>antiquis</strong></span> <span class='ocrx_word' id='word_1_832' title='bbox 3679 4577 3821 4661; x_wconf 48' lang='lat' dir='ltr'><strong>nubi?</strong></span> 
     </span>
    </p>
   </div>
   <div class='ocr_carea' id='block_1_108' title="bbox 532 4653 3819 4736">
    <p class='ocr_par' dir='ltr' id='par_1_108' title="bbox 532 4653 3819 4736">
     <span class='ocr_line' id='line_1_108' title="bbox 532 4653 3819 4736; baseline 0.002 -24"><span class='ocrx_word' id='word_1_833' title='bbox 532 4658 894 4736; x_wconf 75' lang='lat' dir='ltr'><strong>scripsissent</strong></span> <span class='ocrx_word' id='word_1_834' title='bbox 923 4673 1194 4722; x_wconf 83' lang='lat' dir='ltr'><strong>carcerem,</strong></span> <span class='ocrx_word' id='word_1_835' title='bbox 1224 4665 1282 4712; x_wconf 92' lang='lat' dir='ltr'><strong>ut</strong></span> <span class='ocrx_word' id='word_1_836' title='bbox 1323 4657 1515 4727; x_wconf 90' lang='lat' dir='ltr'><strong>legitur</strong></span> <span class='ocrx_word' id='word_1_837' title='bbox 1540 4657 1611 4711; x_wconf 90' lang='lat' dir='ltr'><strong>in.</strong></span> <span class='ocrx_word' id='word_1_838' title='bbox 1641 4653 1873 4725; x_wconf 81' lang='lat' dir='ltr'><strong>antiquis</strong></span> <span class='ocrx_word' id='word_1_839' title='bbox 1923 4653 2767 4736; x_wconf 66' lang='lat' dir='ltr'><strong>codici-Dcontmemoravimus</strong></span> <span class='ocrx_word' id='word_1_840' title='bbox 2825 4666 2879 4736; x_wconf 79' lang='lat' dir='ltr'><strong>et</strong></span> <span class='ocrx_word' id='word_1_841' title='bbox 2930 4653 2985 4711; x_wconf 83' lang='lat' dir='ltr'><strong>in</strong></span> <span class='ocrx_word' id='word_1_842' title='bbox 3048 4657 3271 4736; x_wconf 56' lang='grc' dir='ltr'>διέξιθιιεί</span> <span class='ocrx_word' id='word_1_843' title='bbox 3323 4659 3494 4736; x_wconf 74' lang='lat' dir='ltr'><strong>sancti</strong></span> <span class='ocrx_word' id='word_1_844' title='bbox 3549 4653 3819 4736; x_wconf 55' lang='lat' dir='ltr'><strong>iit-nulle</strong></span> 
     </span>
    </p>
   </div>
   <div class='ocr_carea' id='block_1_109' title="bbox 3811 4728 4083 5529">
    <p class='ocr_par' dir='ltr' id='par_1_109' title="bbox 3811 4728 4079 5525">
     <span class='ocr_line' id='line_1_109' title="bbox 3811 4728 4079 5525; baseline 0 0"><span class='ocrx_word' id='word_1_845' title='bbox 3811 4728 4079 5525; x_wconf 79' lang='lat'>\</span> 
     </span>
    </p>
   </div>
   <div class='ocr_carea' id='block_1_110' title="bbox 2224 4726 3779 4798">
    <p class='ocr_par' dir='ltr' id='par_1_110' title="bbox 2224 4726 3779 4798">
     <span class='ocr_line' id='line_1_110' title="bbox 2224 4726 3779 4798; baseline 0.005 -17"><span class='ocrx_word' id='word_1_846' title='bbox 2224 4728 2479 4798; x_wconf 84' lang='lat' dir='ltr'><strong>scriptum</strong></span> <span class='ocrx_word' id='word_1_847' title='bbox 2525 4737 2610 4782; x_wconf 91' lang='lat' dir='ltr'><strong>est</strong></span> <span class='ocrx_word' id='word_1_848' title='bbox 2647 4726 3035 4798; x_wconf 85' lang='lat' dir='ltr'><strong>judicabuntur.</strong></span> <span class='ocrx_word' id='word_1_849' title='bbox 3076 4727 3152 4798; x_wconf 59' lang='lat' dir='ltr'><strong>Egi</strong></span> <span class='ocrx_word' id='word_1_850' title='bbox 3183 4743 3289 4798; x_wconf 91' lang='lat' dir='ltr'><strong>quo</strong></span> <span class='ocrx_word' id='word_1_851' title='bbox 3340 4729 3427 4784; x_wconf 87' lang='lat' dir='ltr'><strong>alii</strong></span> <span class='ocrx_word' id='word_1_852' title='bbox 3460 4729 3599 4787; x_wconf 85' lang='lat' dir='ltr'><strong>haud</strong></span> <span class='ocrx_word' id='word_1_853' title='bbox 3652 4726 3779 4790; x_wconf 80' lang='lat' dir='ltr'><strong>dubi</strong></span> 
     </span>
    </p>
   </div>
   <div class='ocr_carea' id='block_1_111' title="bbox 2223 4796 3811 4864">
    <p class='ocr_par' dir='ltr' id='par_1_111' title="bbox 2223 4796 3811 4864">
     <span class='ocr_line' id='line_1_111' title="bbox 2223 4796 3811 4864; baseline 0.005 -13"><span class='ocrx_word' id='word_1_854' title='bbox 2223 4796 2471 4853; x_wconf 86' lang='lat' dir='ltr'><strong>fecerunt</strong></span> <span class='ocrx_word' id='word_1_855' title='bbox 2517 4796 2925 4864; x_wconf 81' lang='lat' dir='ltr'><strong>vindicabuntur,</strong></span> <span class='ocrx_word' id='word_1_856' title='bbox 2949 4806 3006 4852; x_wconf 88' lang='lat' dir='ltr'><strong>ut</strong></span> <span class='ocrx_word' id='word_1_857' title='bbox 3027 4799 3078 4852; x_wconf 87' lang='lat' dir='ltr'><strong>itt</strong></span> <span class='ocrx_word' id='word_1_858' title='bbox 3106 4796 3447 4854; x_wconf 76' lang='lat' dir='ltr'><strong>Carnutensi.</strong></span> <span class='ocrx_word' id='word_1_859' title='bbox 3477 4801 3641 4857; x_wconf 87' lang='lat' dir='ltr'><strong>Error</strong></span> <span class='ocrx_word' id='word_1_860' title='bbox 3666 4805 3811 4859; x_wconf 93' lang='lat' dir='ltr'><strong>enim</strong></span> 
     </span>
    </p>
   </div>
   <div class='ocr_carea' id='block_1_112' title="bbox 2220 4867 3811 4945">
    <p class='ocr_par' dir='ltr' id='par_1_112' title="bbox 2220 4867 3811 4945">
     <span class='ocr_line' id='line_1_112' title="bbox 2220 4867 3811 4945; baseline 0.004 -24"><span class='ocrx_word' id='word_1_861' title='bbox 2220 4877 2304 4945; x_wconf 75' lang='lat' dir='ltr'><strong>est</strong></span> <span class='ocrx_word' id='word_1_862' title='bbox 2331 4876 2603 4945; x_wconf 58' lang='lat' dir='ltr'><strong>constans.</strong></span> <span class='ocrx_word' id='word_1_863' title='bbox 2629 4867 2851 4945; x_wconf 48' lang='lat' dir='ltr'><strong>Cedent</strong></span> <span class='ocrx_word' id='word_1_864' title='bbox 2875 4883 3059 4945; x_wconf 68' lang='lat' dir='ltr'><strong>errore</strong></span> <span class='ocrx_word' id='word_1_865' title='bbox 3079 4871 3349 4945; x_wconf 66' lang='lat' dir='ltr'><strong>scriptum</strong></span> <span class='ocrx_word' id='word_1_866' title='bbox 3374 4873 3532 4945; x_wconf 70' lang='lat' dir='ltr'><strong>estin</strong></span> <span class='ocrx_word' id='word_1_867' title='bbox 3560 4874 3811 4945; x_wconf 83' lang='lat' dir='ltr'><strong>Apologe-</strong></span> 
     </span>
    </p>
   </div>
   <div class='ocr_carea' id='block_1_113' title="bbox 2219 4938 3808 5008">
    <p class='ocr_par' dir='ltr' id='par_1_113' title="bbox 2219 4938 3808 5008">
     <span class='ocr_line' id='line_1_113' title="bbox 2219 4938 3808 5008; baseline 0.005 -18"><span class='ocrx_word' id='word_1_868' title='bbox 2219 4939 2317 4993; x_wconf 89' lang='lat' dir='ltr'><strong>tico</strong></span> <span class='ocrx_word' id='word_1_869' title='bbox 2333 4938 2642 5008; x_wconf 79' lang='lat' dir='ltr'><strong>Tertulliani</strong></span> <span class='ocrx_word' id='word_1_870' title='bbox 2665 4938 2717 4992; x_wconf 93' lang='lat' dir='ltr'><strong>in</strong></span> <span class='ocrx_word' id='word_1_871' title='bbox 2745 4938 3062 5008; x_wconf 87' lang='lat' dir='ltr'><strong>quibusdam</strong></span> <span class='ocrx_word' id='word_1_872' title='bbox 3077 4940 3144 4973; x_wconf 75' lang='grc'><strong>⁵⁸⁸</strong></span> <span class='ocrx_word' id='word_1_873' title='bbox 3169 4939 3435 4994; x_wconf 88' lang='lat' dir='ltr'><strong>veteribus</strong></span> <span class='ocrx_word' id='word_1_874' title='bbox 3456 4938 3679 4999; x_wconf 59' lang='lat' dir='ltr'><strong>libris&#39;ct</strong></span> <span class='ocrx_word' id='word_1_875' title='bbox 3704 4938 3808 4999; x_wconf 69' lang='lat' dir='ltr'><strong>edi-</strong></span> 
     </span>
    </p>
   </div>
   <div class='ocr_carea' id='block_1_114' title="bbox 2220 5007 3810 5082">
    <p class='ocr_par' dir='ltr' id='par_1_114' title="bbox 2220 5007 3810 5082">
     <span class='ocr_line' id='line_1_114' title="bbox 2220 5007 3810 5082; baseline 0.006 -20"><span class='ocrx_word' id='word_1_876' title='bbox 2220 5009 2451 5082; x_wconf 64' lang='lat' dir='ltr'><strong>tionibus</strong></span> <span class='ocrx_word' id='word_1_877' title='bbox 2469 5007 2809 5082; x_wconf 56' lang='lat' dir='ltr'><strong>JEsculapius</strong></span> <span class='ocrx_word' id='word_1_878' title='bbox 2835 5009 3047 5077; x_wconf 72' lang='lat' dir='ltr'><strong>fulmine</strong></span> <span class='ocrx_word' id='word_1_879' title='bbox 3057 5010 3341 5082; x_wconf 83' lang='lat' dir='ltr'><strong>judicatur,</strong></span> <span class='ocrx_word' id='word_1_880' title='bbox 3360 5026 3479 5066; x_wconf 92' lang='lat' dir='ltr'><strong>cum</strong></span> <span class='ocrx_word' id='word_1_881' title='bbox 3505 5014 3557 5066; x_wconf 91' lang='lat' dir='ltr'><strong>in</strong></span> <span class='ocrx_word' id='word_1_882' title='bbox 3575 5015 3810 5071; x_wconf 89' lang='lat' dir='ltr'><strong>editione</strong></span> 
     </span>
    </p>
   </div>
   <div class='ocr_carea' id='block_1_115' title="bbox 2217 5078 3804 5149">
    <p class='ocr_par' dir='ltr' id='par_1_115' title="bbox 2217 5078 3804 5149">
     <span class='ocr_line' id='line_1_115' title="bbox 2217 5078 3804 5149; baseline 0.005 -17"><span class='ocrx_word' id='word_1_883' title='bbox 2217 5078 2437 5149; x_wconf 87' lang='lat' dir='ltr'><strong>Pamclii</strong></span> <span class='ocrx_word' id='word_1_884' title='bbox 2468 5090 2612 5134; x_wconf 89' lang='lat' dir='ltr'><strong>recte</strong></span> <span class='ocrx_word' id='word_1_885' title='bbox 2637 5078 2867 5149; x_wconf 80' lang='lat' dir='ltr'><strong>pesitum</strong></span> <span class='ocrx_word' id='word_1_886' title='bbox 2896 5082 2967 5134; x_wconf 91' lang='lat' dir='ltr'><strong>sit</strong></span> <span class='ocrx_word' id='word_1_887' title='bbox 2996 5078 3299 5143; x_wconf 80' lang='lat' dir='ltr'><strong>vindicatur,</strong></span> <span class='ocrx_word' id='word_1_888' title='bbox 3321 5082 3629 5142; x_wconf 89' lang='lat' dir='ltr'><strong>utdicemus</strong></span> <span class='ocrx_word' id='word_1_889' title='bbox 3655 5086 3804 5140; x_wconf 89' lang='lat' dir='ltr'><strong>alibi.</strong></span> 
     </span>
    </p>
   </div>
   <div class='ocr_carea' id='block_1_116' title="bbox 2226 5148 3801 5222">
    <p class='ocr_par' dir='ltr' id='par_1_116' title="bbox 2226 5148 3801 5222">
     <span class='ocr_line' id='line_1_116' title="bbox 2226 5148 3801 5222; baseline 0.006 -20"><span class='ocrx_word' id='word_1_890' title='bbox 2226 5148 2354 5222; x_wconf 75' lang='lat' dir='ltr'><strong>Vide</strong></span> <span class='ocrx_word' id='word_1_891' title='bbox 2376 5148 2753 5222; x_wconf 75' lang='lat' dir='ltr'><strong>annotationes</strong></span> <span class='ocrx_word' id='word_1_892' title='bbox 2768 5150 2979 5222; x_wconf 83' lang='lat' dir='ltr'><strong>Ilenrici</strong></span> <span class='ocrx_word' id='word_1_893' title='bbox 2998 5150 3191 5205; x_wconf 83' lang='lat' dir='ltr'><strong>Valesii</strong></span> <span class='ocrx_word' id='word_1_894' title='bbox 3215 5151 3282 5206; x_wconf 91' lang='lat' dir='ltr'><strong>ad</strong></span> <span class='ocrx_word' id='word_1_895' title='bbox 3305 5150 3616 5222; x_wconf 85' lang='lat' dir='ltr'><strong>Eusebium,</strong></span> <span class='ocrx_word' id='word_1_896' title='bbox 3644 5155 3717 5211; x_wconf 93' lang='lat' dir='ltr'><strong>lib</strong></span> <span class='ocrx_word' id='word_1_897' title='bbox 3731 5172 3801 5222; x_wconf 86' lang='lat' dir='ltr'><strong>vt,</strong></span> 
     </span>
    </p>
   </div>
   <div class='ocr_carea' id='block_1_117' title="bbox 2214 5218 3809 5292">
    <p class='ocr_par' dir='ltr' id='par_1_117' title="bbox 2214 5218 3809 5292">
     <span class='ocr_line' id='line_1_117' title="bbox 2214 5218 3809 5292; baseline 0.006 -20"><span class='ocrx_word' id='word_1_898' title='bbox 2214 5233 2266 5292; x_wconf 86' lang='lat' dir='ltr'><strong>c.</strong></span> <span class='ocrx_word' id='word_1_899' title='bbox 2293 5220 2383 5273; x_wconf 73' lang='grc'><strong>42.</strong></span> <span class='ocrx_word' id='word_1_900' title='bbox 2416 5218 2658 5292; x_wconf 56' lang='grc' dir='ltr'><strong>(Ιξεδιὶιιιὶ</strong></span> <span class='ocrx_word' id='word_1_901' title='bbox 2692 5220 2955 5274; x_wconf 84' lang='lat' dir='ltr'><strong>lectionem</strong></span> <span class='ocrx_word' id='word_1_902' title='bbox 2981 5230 3115 5292; x_wconf 57' lang='lat' dir='ltr'><strong>quae,</strong></span> <span class='ocrx_word' id='word_1_903' title='bbox 3132 5231 3338 5291; x_wconf 74' lang='lat' dir='ltr'><strong>excepto</strong></span> <span class='ocrx_word' id='word_1_904' title='bbox 3360 5218 3613 5292; x_wconf 78' lang='lat' dir='ltr'><strong>Morellio,</strong></span> <span class='ocrx_word' id='word_1_905' title='bbox 3642 5218 3809 5282; x_wconf 53' lang='lat' dir='ltr'><strong>omni;</strong></span> 
     </span>
    </p>
   </div>
   <div class='ocr_carea' id='block_1_118' title="bbox 2215 5289 3803 5367">
    <p class='ocr_par' dir='ltr' id='par_1_118' title="bbox 2215 5289 3803 5367">
     <span class='ocr_line' id='line_1_118' title="bbox 2215 5289 3803 5367; baseline 0.008 -26"><span class='ocrx_word' id='word_1_906' title='bbox 2215 5289 2438 5367; x_wconf 77' lang='lat' dir='ltr'><strong>busante</strong></span> <span class='ocrx_word' id='word_1_907' title='bbox 2455 5289 2572 5343; x_wconf 86' lang='lat' dir='ltr'><strong>Bal.</strong></span> <span class='ocrx_word' id='word_1_908' title='bbox 2607 5292 2885 5367; x_wconf 83' lang='lat' dir='ltr'><strong>communis</strong></span> <span class='ocrx_word' id='word_1_909' title='bbox 2915 5289 3033 5367; x_wconf 77' lang='lat' dir='ltr'><strong>fuit.</strong></span> <span class='ocrx_word' id='word_1_910' title='bbox 3062 5291 3160 5345; x_wconf 85' lang='lat' dir='ltr'><strong>Hic</strong></span> <span class='ocrx_word' id='word_1_911' title='bbox 3178 5309 3214 5367; x_wconf 63' lang='grc' dir='ltr'><strong>Δε</strong></span> <span class='ocrx_word' id='word_1_912' title='bbox 3236 5289 3424 5367; x_wconf 71' lang='lat' dir='ltr'><strong>septem</strong></span> <span class='ocrx_word' id='word_1_913' title='bbox 3449 5294 3570 5367; x_wconf 85' lang='lat' dir='ltr'><strong>edd.</strong></span> <span class='ocrx_word' id='word_1_914' title='bbox 3597 5289 3803 5367; x_wconf 81' lang='lat' dir='ltr'><strong>posuit:</strong></span> 
     </span>
    </p>
   </div>
   <div class='ocr_carea' id='block_1_119' title="bbox 2208 5360 3807 5435">
    <p class='ocr_par' dir='ltr' id='par_1_119' title="bbox 2208 5360 3807 5435">
     <span class='ocr_line' id='line_1_119' title="bbox 2208 5360 3807 5435; baseline 0.006 -23"><span class='ocrx_word' id='word_1_915' title='bbox 2208 5360 2700 5435; x_wconf 71' lang='lat' dir='ltr'><strong>judicabunt,quod</strong></span> <span class='ocrx_word' id='word_1_916' title='bbox 2726 5377 2848 5435; x_wconf 82' lang='lat' dir='ltr'><strong>sane</strong></span> <span class='ocrx_word' id='word_1_917' title='bbox 2873 5360 3075 5435; x_wconf 65' lang='lat' dir='ltr'><strong>melius,</strong></span> <span class='ocrx_word' id='word_1_918' title='bbox 3103 5363 3223 5435; x_wconf 88' lang='lat' dir='ltr'><strong>quia</strong></span> <span class='ocrx_word' id='word_1_919' title='bbox 3251 5362 3516 5435; x_wconf 58' lang='lat' dir='ltr'><strong>istiusatvi</strong></span> <span class='ocrx_word' id='word_1_920' title='bbox 3558 5360 3807 5435; x_wconf 77' lang='lat' dir='ltr'><strong>opinioni-</strong></span> 
     </span>
    </p>
   </div>
   <div class='ocr_carea' id='block_1_120' title="bbox 2209 5431 3801 5507">
    <p class='ocr_par' dir='ltr' id='par_1_120' title="bbox 2209 5431 3801 5507">
     <span class='ocr_line' id='line_1_120' title="bbox 2209 5431 3801 5507; baseline 0.006 -24"><span class='ocrx_word' id='word_1_921' title='bbox 2209 5432 2620 5507; x_wconf 36' lang='lat' dir='ltr'><strong>busﬂrespondet.</strong></span> <span class='ocrx_word' id='word_1_922' title='bbox 2654 5431 2763 5502; x_wconf 81' lang='lat' dir='ltr'><strong>Cfr.</strong></span> <span class='ocrx_word' id='word_1_923' title='bbox 2798 5432 2902 5507; x_wconf 77' lang='lat' dir='ltr'><strong>Ep.</strong></span> <span class='ocrx_word' id='word_1_924' title='bbox 2931 5432 3138 5507; x_wconf 76' lang='lat' dir='ltr'><strong>vr(Bal.</strong></span> <span class='ocrx_word' id='word_1_925' title='bbox 3163 5432 3463 5507; x_wconf 70' lang='lat' dir='ltr'><strong>Lxxxt),ll.</strong></span> <span class='ocrx_word' id='word_1_926' title='bbox 3488 5431 3667 5507; x_wconf 78' lang='lat' dir='ltr'><strong>Neque</strong></span> <span class='ocrx_word' id='word_1_927' title='bbox 3685 5455 3801 5493; x_wconf 78' lang='lat' dir='ltr'><strong>vero</strong></span> 
     </span>
    </p>
   </div>
   <div class='ocr_carea' id='block_1_121' title="bbox 2209 5502 3803 5572">
    <p class='ocr_par' dir='ltr' id='par_1_121' title="bbox 2209 5502 3803 5572">
     <span class='ocr_line' id='line_1_121' title="bbox 2209 5502 3803 5572; baseline 0.008 -21"><span class='ocrx_word' id='word_1_928' title='bbox 2209 5502 2420 5555; x_wconf 85' lang='lat' dir='ltr'><strong>meliora</strong></span> <span class='ocrx_word' id='word_1_929' title='bbox 2465 5518 2663 5571; x_wconf 85' lang='lat' dir='ltr'><strong>semper</strong></span> <span class='ocrx_word' id='word_1_930' title='bbox 2705 5503 2945 5570; x_wconf 87' lang='lat' dir='ltr'><strong>genuina.</strong></span> <span class='ocrx_word' id='word_1_931' title='bbox 2984 5502 3102 5557; x_wconf 85' lang='lat' dir='ltr'><strong>Imo</strong></span> <span class='ocrx_word' id='word_1_932' title='bbox 3142 5504 3484 5572; x_wconf 87' lang='lat' dir='ltr'><strong>probabilius,</strong></span> <span class='ocrx_word' id='word_1_933' title='bbox 3513 5502 3803 5563; x_wconf 73' lang='lat' dir='ltr'><strong>emendato-</strong></span> 
     </span>
    </p>
   </div>
   <div class='ocr_carea' id='block_1_122' title="bbox 2207 5523 3802 5649">
    <p class='ocr_par' dir='ltr' id='par_1_122' title="bbox 2207 5523 3802 5649">
     <span class='ocr_line' id='line_1_122' title="bbox 2209 5523 3802 5572; baseline 0.008 -21"><span class='ocrx_word' id='word_1_934' title='bbox 2209 5523 2420 5555; x_wconf 81' lang='lat' dir='ltr'><strong>mettora</strong></span> <span class='ocrx_word' id='word_1_935' title='bbox 2465 5523 2663 5571; x_wconf 80' lang='lat' dir='ltr'><strong>semper</strong></span> <span class='ocrx_word' id='word_1_936' title='bbox 2705 5523 2945 5570; x_wconf 87' lang='lat' dir='ltr'><strong>genuma.</strong></span> <span class='ocrx_word' id='word_1_937' title='bbox 2984 5523 3102 5557; x_wconf 83' lang='lat' dir='ltr'><strong>.rmo</strong></span> <span class='ocrx_word' id='word_1_938' title='bbox 3177 5523 3484 5572; x_wconf 72' lang='lat' dir='ltr'><strong>roaavtttus,</strong></span> <span class='ocrx_word' id='word_1_939' title='bbox 3513 5523 3802 5563; x_wconf 80' lang='lat' dir='ltr'><strong>emendato-</strong></span> 
     </span>
     <span class='ocr_line' id='line_1_123' title="bbox 2207 5523 3802 5649; baseline 0.006 -25"><span class='ocrx_word' id='word_1_940' title='bbox 2207 5587 2313 5649; x_wconf 68' lang='lat' dir='ltr'><strong>rem</strong></span> <span class='ocrx_word' id='word_1_941' title='bbox 2337 5573 2612 5649; x_wconf 71' lang='lat' dir='ltr'><strong>quemdam</strong></span> <span class='ocrx_word' id='word_1_942' title='bbox 2635 5573 3064 5649; x_wconf 64' lang='lat' dir='ltr'><strong>vulgarilectioni</strong></span> <span class='ocrx_word' id='word_1_943' title='bbox 3089 5523 3483 5649; x_wconf 82' lang='lat' dir='ltr'><strong>orellianam,</strong></span> <span class='ocrx_word' id='word_1_944' title='bbox 3516 5595 3668 5649; x_wconf 87' lang='lat' dir='ltr'><strong>quam</strong></span> <span class='ocrx_word' id='word_1_945' title='bbox 3685 5581 3802 5634; x_wconf 80' lang='lat' dir='ltr'><strong>huic</strong></span> 
     </span>
    </p>
   </div>
   <div class='ocr_carea' id='block_1_123' title="bbox 2207 5642 3798 5720">
    <p class='ocr_par' dir='ltr' id='par_1_123' title="bbox 2207 5642 3798 5720">
     <span class='ocr_line' id='line_1_124' title="bbox 2207 5642 3798 5720; baseline 0.006 -25"><span class='ocrx_word' id='word_1_946' title='bbox 2207 5642 2350 5720; x_wconf 75' lang='lat' dir='ltr'><strong>illam</strong></span> <span class='ocrx_word' id='word_1_947' title='bbox 2378 5643 2711 5720; x_wconf 78' lang='lat' dir='ltr'><strong>substituisse.</strong></span> <span class='ocrx_word' id='word_1_948' title='bbox 2740 5642 2945 5720; x_wconf 53' lang='lat' dir='ltr'><strong>_Sed}td</strong></span> <span class='ocrx_word' id='word_1_949' title='bbox 2970 5644 3218 5720; x_wconf 76' lang='lat' dir='ltr'><strong>liquidum</strong></span> <span class='ocrx_word' id='word_1_950' title='bbox 3245 5661 3345 5720; x_wconf 80' lang='lat' dir='ltr'><strong>non</strong></span> <span class='ocrx_word' id='word_1_951' title='bbox 3365 5642 3653 5720; x_wconf 52' lang='lat' dir='ltr'><strong>facile&#39;rent</strong></span> <span class='ocrx_word' id='word_1_952' title='bbox 3681 5668 3798 5720; x_wconf 83' lang='lat' dir='ltr'><strong>per-</strong></span> 
     </span>
    </p>
   </div>
   <div class='ocr_carea' id='block_1_124' title="bbox 2209 5710 3798 5784">
    <p class='ocr_par' dir='ltr' id='par_1_124' title="bbox 2209 5710 3798 5784">
     <span class='ocr_line' id='line_1_125' title="bbox 2209 5710 3798 5784; baseline 0.007 -19"><span class='ocrx_word' id='word_1_953' title='bbox 2209 5710 2379 5784; x_wconf 83' lang='lat' dir='ltr'><strong>ducat,</strong></span> <span class='ocrx_word' id='word_1_954' title='bbox 2405 5715 2501 5766; x_wconf 89' lang='lat' dir='ltr'><strong>nisi</strong></span> <span class='ocrx_word' id='word_1_955' title='bbox 2525 5713 2609 5782; x_wconf 87' lang='lat' dir='ltr'><strong>qtti</strong></span> <span class='ocrx_word' id='word_1_956' title='bbox 2630 5713 2803 5781; x_wconf 83' lang='lat' dir='ltr'><strong>quales</strong></span> <span class='ocrx_word' id='word_1_957' title='bbox 2828 5712 2926 5767; x_wconf 83' lang='lat' dir='ltr'><strong>sint</strong></span> <span class='ocrx_word' id='word_1_958' title='bbox 2948 5710 3090 5778; x_wconf 83' lang='lat' dir='ltr'><strong>edd.,</strong></span> <span class='ocrx_word' id='word_1_959' title='bbox 3113 5717 3164 5768; x_wconf 90' lang='lat' dir='ltr'><strong>in</strong></span> <span class='ocrx_word' id='word_1_960' title='bbox 3190 5710 3375 5784; x_wconf 72' lang='lat' dir='ltr'><strong>quibus</strong></span> <span class='ocrx_word' id='word_1_961' title='bbox 3395 5710 3694 5775; x_wconf 70' lang='lat' dir='ltr'><strong>alterutrum</strong></span> <span class='ocrx_word' id='word_1_962' title='bbox 3721 5723 3798 5775; x_wconf 85' lang='lat' dir='ltr'><strong>lc-</strong></span> 
     </span>
    </p>
   </div>
   <div class='ocr_carea' id='block_1_125' title="bbox 2208 5783 3280 5853">
    <p class='ocr_par' dir='ltr' id='par_1_125' title="bbox 2208 5783 3280 5853">
     <span class='ocr_line' id='line_1_126' title="bbox 2208 5783 3280 5853; baseline 0.002 -17"><span class='ocrx_word' id='word_1_963' title='bbox 2208 5783 2363 5853; x_wconf 89' lang='lat' dir='ltr'><strong>gitur,</strong></span> <span class='ocrx_word' id='word_1_964' title='bbox 2395 5794 2629 5839; x_wconf 87' lang='lat' dir='ltr'><strong>accurate</strong></span> <span class='ocrx_word' id='word_1_965' title='bbox 2652 5783 3280 5853; x_wconf 70' lang='lat' dir='ltr'><strong>novet&#39;it.-G0thtontv.)</strong></span> 
     </span>
    </p>
   </div>
   <div class='ocr_carea' id='block_1_126' title="bbox 3738 321 3901 378">
    <p class='ocr_par' dir='ltr' id='par_1_126' title="bbox 3738 321 3901 378">
     <span class='ocr_line' id='line_1_127' title="bbox 3738 321 3901 378; baseline 0.006 -1"><span class='ocrx_word' id='word_1_966' title='bbox 3738 321 3901 378; x_wconf 82' lang='lat'><strong>556‘</strong></span> 
     </span>
    </p>
   </div>
  </div>
