  <div class='ocr_page' id='page_1' title='image "/cluster/home/n/w/nwhite01/storage/ocr_20150623/4/hvd.32044048207708/274.png"; bbox 0 0 4302 6296; ppageno 0'>
   <div class='ocr_carea' id='block_1_1' title="bbox 363 311 471 372">
    <p class='ocr_par' dir='ltr' id='par_1_1' title="bbox 363 311 471 372">
     <span class='ocr_line' id='line_1_1' title="bbox 363 311 471 372; baseline -0.056 0"><span class='ocrx_word' id='word_1_1' title='bbox 363 311 471 372; x_wconf 78' lang='lat'><strong><em>537</em></strong></span> 
     </span>
    </p>
   </div>
   <div class='ocr_carea' id='block_1_2' title="bbox 1456 311 2560 375">
    <p class='ocr_par' dir='ltr' id='par_1_2' title="bbox 1456 311 2560 375">
     <span class='ocr_line' id='line_1_2' title="bbox 1456 311 2560 375; baseline 0.004 -4"><span class='ocrx_word' id='word_1_2' title='bbox 1456 315 1661 372; x_wconf 80' lang='lat' dir='ltr'><strong>LIBER</strong></span> <span class='ocrx_word' id='word_1_3' title='bbox 1701 313 1790 371; x_wconf 87' lang='lat' dir='ltr'><strong><em>DE</em></strong></span> <span class='ocrx_word' id='word_1_4' title='bbox 1825 311 2176 371; x_wconf 78' lang='lat' dir='ltr'><strong><em>ORATIONE</em></strong></span> <span class='ocrx_word' id='word_1_5' title='bbox 2216 314 2560 375; x_wconf 78' lang='lat' dir='ltr'><strong><em>DOMINICA.</em></strong></span> 
     </span>
    </p>
   </div>
   <div class='ocr_carea' id='block_1_3' title="bbox 3554 322 3662 384">
    <p class='ocr_par' dir='ltr' id='par_1_3' title="bbox 3554 322 3662 384">
     <span class='ocr_line' id='line_1_3' title="bbox 3554 322 3662 384; baseline 0.019 -2"><span class='ocrx_word' id='word_1_6' title='bbox 3554 322 3662 384; x_wconf 78' lang='lat'><strong><em>558</em></strong></span> 
     </span>
    </p>
   </div>
   <div class='ocr_carea' id='block_1_4' title="bbox 364 410 3659 507">
    <p class='ocr_par' dir='ltr' id='par_1_4' title="bbox 364 410 3659 507">
     <span class='ocr_line' id='line_1_4' title="bbox 364 410 3659 507; baseline 0.002 -17"><span class='ocrx_word' id='word_1_7' title='bbox 364 430 648 502; x_wconf 75' lang='lat' dir='ltr'><strong><em>Scriptum</em></strong></span> <span class='ocrx_word' id='word_1_8' title='bbox 690 430 872 487; x_wconf 85' lang='lat' dir='ltr'><strong><em>divina</em></strong></span> <span class='ocrx_word' id='word_1_9' title='bbox 909 444 1029 503; x_wconf 74' lang='lat' dir='ltr'><strong><em>qure</em></strong></span> <span class='ocrx_word' id='word_1_10' title='bbox 1076 431 1210 488; x_wconf 91' lang='lat' dir='ltr'><strong><em>dicit</em></strong></span> <span class='ocrx_word' id='word_1_11' title='bbox 1241 449 1254 487; x_wconf 92' lang='lat'><strong>:</strong></span> <span class='ocrx_word' id='word_1_12' title='bbox 1298 431 1445 488; x_wconf 88' lang='lat' dir='ltr'><strong><em>Venit</em></strong></span> <span class='ocrx_word' id='word_1_13' title='bbox 1490 432 1966 489; x_wconf 73' lang='lat' dir='ltr'><strong><em>Nabuchodonosor</em></strong></span> <span class='ocrx_word' id='word_1_14' title='bbox 1990 430 2045 491; x_wconf 82' lang='grc' dir='ltr'><strong>Α</strong></span> <span class='ocrx_word' id='word_1_15' title='bbox 2140 432 2374 490; x_wconf 79' lang='lat' dir='ltr'><strong><em>XXVIII.</em></strong></span> <span class='ocrx_word' id='word_1_16' title='bbox 2405 410 2543 502; x_wconf 85' lang='lat' dir='ltr'><strong><em>Quid</em></strong></span> <span class='ocrx_word' id='word_1_17' title='bbox 2575 435 2768 491; x_wconf 89' lang='lat' dir='ltr'><strong>mirum</strong></span> <span class='ocrx_word' id='word_1_18' title='bbox 2788 478 2804 503; x_wconf 90' lang='lat'><strong><em>,</em></strong></span> <span class='ocrx_word' id='word_1_19' title='bbox 2835 436 3030 494; x_wconf 78' lang='lat' dir='ltr'><strong><em>fratres</em></strong></span> <span class='ocrx_word' id='word_1_20' title='bbox 3056 435 3389 495; x_wconf 78' lang='lat' dir='ltr'><strong><em>dilectissimi</em></strong></span> <span class='ocrx_word' id='word_1_21' title='bbox 3415 480 3431 507; x_wconf 93' lang='lat'><strong><em>,</em></strong></span> <span class='ocrx_word' id='word_1_22' title='bbox 3458 439 3504 495; x_wconf 93' lang='lat' dir='ltr'><strong>si</strong></span> <span class='ocrx_word' id='word_1_23' title='bbox 3533 454 3659 495; x_wconf 84' lang='lat' dir='ltr'><strong><em>ora-</em></strong></span> 
     </span>
    </p>
   </div>
   <div class='ocr_carea' id='block_1_5' title="bbox 366 521 1967 597">
    <p class='ocr_par' dir='ltr' id='par_1_5' title="bbox 366 521 1967 597">
     <span class='ocr_line' id='line_1_5' title="bbox 366 521 1967 597; baseline 0 -19"><span class='ocrx_word' id='word_1_24' title='bbox 366 539 460 578; x_wconf 79' lang='lat' dir='ltr'><strong><em>rea:</em></strong></span> <span class='ocrx_word' id='word_1_25' title='bbox 498 521 799 595; x_wconf 79' lang='lat' dir='ltr'><strong><em>Babylonia:</em></strong></span> <span class='ocrx_word' id='word_1_26' title='bbox 834 524 889 578; x_wconf 89' lang='lat' dir='ltr'><strong><em>in</em></strong></span> <span class='ocrx_word' id='word_1_27' title='bbox 930 522 1277 589; x_wconf 74' lang='lat' dir='ltr'><strong><em>Hierusalem,</em></strong></span> <span class='ocrx_word' id='word_1_28' title='bbox 1311 534 1358 579; x_wconf 90' lang='lat' dir='ltr'><strong><em>et</em></strong></span> <span class='ocrx_word' id='word_1_29' title='bbox 1393 526 1715 597; x_wconf 71' lang='lat' dir='ltr'><strong><em>expugnabat</em></strong></span> <span class='ocrx_word' id='word_1_30' title='bbox 1753 541 1883 591; x_wconf 90' lang='lat' dir='ltr'><strong><em>eam,</em></strong></span> <span class='ocrx_word' id='word_1_31' title='bbox 1921 535 1967 578; x_wconf 88' lang='lat' dir='ltr'><strong><em>et</em></strong></span> 
     </span>
    </p>
   </div>
   <div class='ocr_carea' id='block_1_6' title="bbox 370 616 1959 691">
    <p class='ocr_par' dir='ltr' id='par_1_6' title="bbox 370 616 1959 691">
     <span class='ocr_line' id='line_1_6' title="bbox 370 616 1959 691; baseline -0.001 -19"><span class='ocrx_word' id='word_1_32' title='bbox 370 617 512 672; x_wconf 86' lang='lat' dir='ltr'><strong><em>dedit</em></strong></span> <span class='ocrx_word' id='word_1_33' title='bbox 540 632 653 671; x_wconf 86' lang='lat' dir='ltr'><strong><em>eam</em></strong></span> <span class='ocrx_word' id='word_1_34' title='bbox 679 616 934 673; x_wconf 90' lang='lat' dir='ltr'><strong><em>Dominus</em></strong></span> <span class='ocrx_word' id='word_1_35' title='bbox 962 618 1018 671; x_wconf 91' lang='lat' dir='ltr'><strong><em>in</em></strong></span> <span class='ocrx_word' id='word_1_36' title='bbox 1044 634 1203 673; x_wconf 86' lang='lat' dir='ltr'><strong><em>manu</em></strong></span> <span class='ocrx_word' id='word_1_37' title='bbox 1219 621 1330 690; x_wconf 89' lang='lat' dir='ltr'><strong><em>ejus</em></strong></span> <span class='ocrx_word' id='word_1_38' title='bbox 1352 617 1442 691; x_wconf 89' lang='lat' dir='ltr'><strong>(IV</strong></span> <span class='ocrx_word' id='word_1_39' title='bbox 1458 617 1587 691; x_wconf 86' lang='lat' dir='ltr'><strong><em>Reg.</em></strong></span> <span class='ocrx_word' id='word_1_40' title='bbox 1605 618 1772 691; x_wconf 69' lang='lat' dir='ltr'><strong><em>xxxv).</em></strong></span> <span class='ocrx_word' id='word_1_41' title='bbox 1795 618 1959 672; x_wconf 88' lang='lat' dir='ltr'><strong><em>Datur</em></strong></span> 
     </span>
    </p>
   </div>
   <div class='ocr_carea' id='block_1_7' title="bbox 369 710 1963 782">
    <p class='ocr_par' dir='ltr' id='par_1_7' title="bbox 369 710 1963 782">
     <span class='ocr_line' id='line_1_7' title="bbox 369 710 1963 782; baseline -0.001 -14"><span class='ocrx_word' id='word_1_42' title='bbox 369 720 550 769; x_wconf 87' lang='lat' dir='ltr'><strong><em>autem</em></strong></span> <span class='ocrx_word' id='word_1_43' title='bbox 577 719 817 782; x_wconf 74' lang='lat' dir='ltr'><strong><em>potestas</em></strong></span> <span class='ocrx_word' id='word_1_44' title='bbox 852 710 1110 767; x_wconf 82' lang='lat' dir='ltr'><strong><em>adversus</em></strong></span> <span class='ocrx_word' id='word_1_45' title='bbox 1134 724 1235 766; x_wconf 89' lang='lat' dir='ltr'><strong><em>nos</em></strong></span> <span class='ocrx_word' id='word_1_46' title='bbox 1260 711 1402 766; x_wconf 90' lang='lat' dir='ltr'><strong><em>malo</em></strong></span> <span class='ocrx_word' id='word_1_47' title='bbox 1444 710 1739 768; x_wconf 90' lang='lat' dir='ltr'><strong><em>secundum</em></strong></span> <span class='ocrx_word' id='word_1_48' title='bbox 1783 719 1963 766; x_wconf 90' lang='lat' dir='ltr'><strong><em>nostra</em></strong></span> 
     </span>
    </p>
   </div>
   <div class='ocr_carea' id='block_1_8' title="bbox 368 802 1965 876">
    <p class='ocr_par' dir='ltr' id='par_1_8' title="bbox 368 802 1965 876">
     <span class='ocr_line' id='line_1_8' title="bbox 368 802 1965 876; baseline -0.001 -17"><span class='ocrx_word' id='word_1_49' title='bbox 368 811 611 876; x_wconf 88' lang='lat' dir='ltr'><strong><em>peccata,</em></strong></span> <span class='ocrx_word' id='word_1_50' title='bbox 641 802 782 858; x_wconf 81' lang='lat' dir='ltr'><strong>sicut</strong></span> <span class='ocrx_word' id='word_1_51' title='bbox 804 804 1064 873; x_wconf 88' lang='lat' dir='ltr'><strong><em>scriptum</em></strong></span> <span class='ocrx_word' id='word_1_52' title='bbox 1087 808 1173 859; x_wconf 90' lang='lat' dir='ltr'><strong><em>est</em></strong></span> <span class='ocrx_word' id='word_1_53' title='bbox 1198 818 1212 858; x_wconf 92' lang='lat'><strong>:</strong></span> <span class='ocrx_word' id='word_1_54' title='bbox 1244 802 1377 871; x_wconf 82' lang='lat' dir='ltr'><strong><em>Quis</em></strong></span> <span class='ocrx_word' id='word_1_55' title='bbox 1396 802 1534 857; x_wconf 83' lang='lat' dir='ltr'><strong><em>dedit</em></strong></span> <span class='ocrx_word' id='word_1_56' title='bbox 1551 804 1606 857; x_wconf 89' lang='lat' dir='ltr'><strong><em>in</em></strong></span> <span class='ocrx_word' id='word_1_57' title='bbox 1630 802 1965 874; x_wconf 79' lang='lat' dir='ltr'><strong><em>direptionem</em></strong></span> 
     </span>
    </p>
   </div>
   <div class='ocr_carea' id='block_1_9' title="bbox 365 894 1967 966">
    <p class='ocr_par' dir='ltr' id='par_1_9' title="bbox 365 894 1967 966">
     <span class='ocr_line' id='line_1_9' title="bbox 365 894 1967 966; baseline 0 -15"><span class='ocrx_word' id='word_1_58' title='bbox 365 894 529 951; x_wconf 77' lang='lat' dir='ltr'><strong><em>Iacob</em></strong></span> <span class='ocrx_word' id='word_1_59' title='bbox 553 906 599 951; x_wconf 90' lang='lat' dir='ltr'><strong><em>et</em></strong></span> <span class='ocrx_word' id='word_1_60' title='bbox 614 895 781 950; x_wconf 94' lang='lat' dir='ltr'><strong><em>Israel</em></strong></span> <span class='ocrx_word' id='word_1_61' title='bbox 800 896 871 949; x_wconf 90' lang='lat' dir='ltr'><strong><em>eis</em></strong></span> <span class='ocrx_word' id='word_1_62' title='bbox 889 896 975 966; x_wconf 89' lang='lat' dir='ltr'><strong><em>qui</em></strong></span> <span class='ocrx_word' id='word_1_63' title='bbox 995 895 1289 965; x_wconf 74' lang='lat' dir='ltr'><strong><em>prwdantur</em></strong></span> <span class='ocrx_word' id='word_1_64' title='bbox 1312 895 1459 950; x_wconf 88' lang='lat' dir='ltr'><strong><em>illum</em></strong></span> <span class='ocrx_word' id='word_1_65' title='bbox 1477 895 1503 949; x_wconf 84' lang='lat'><strong><em>?</em></strong></span> <span class='ocrx_word' id='word_1_66' title='bbox 1535 911 1701 951; x_wconf 82' lang='lat' dir='ltr'><strong><em>nonne</em></strong></span> <span class='ocrx_word' id='word_1_67' title='bbox 1729 895 1867 951; x_wconf 86' lang='lat' dir='ltr'><strong><em>Deus</em></strong></span> <span class='ocrx_word' id='word_1_68' title='bbox 1884 897 1967 951; x_wconf 86' lang='lat' dir='ltr'><strong><em>cui</em></strong></span> 
     </span>
    </p>
   </div>
   <div class='ocr_carea' id='block_1_10' title="bbox 368 991 1965 1065">
    <p class='ocr_par' dir='ltr' id='par_1_10' title="bbox 368 991 1965 1065">
     <span class='ocr_line' id='line_1_10' title="bbox 368 991 1965 1065; baseline 0.001 -17"><span class='ocrx_word' id='word_1_69' title='bbox 368 1002 698 1063; x_wconf 79' lang='lat' dir='ltr'><strong><em>peccaverunt</em></strong></span> <span class='ocrx_word' id='word_1_70' title='bbox 716 991 801 1047; x_wconf 86' lang='lat' dir='ltr'><strong><em>?et</em></strong></span> <span class='ocrx_word' id='word_1_71' title='bbox 829 991 1065 1046; x_wconf 87' lang='lat' dir='ltr'><strong><em>nolebant</em></strong></span> <span class='ocrx_word' id='word_1_72' title='bbox 1091 991 1254 1045; x_wconf 81' lang='lat' dir='ltr'><strong><em>inviis</em></strong></span> <span class='ocrx_word' id='word_1_73' title='bbox 1278 993 1387 1062; x_wconf 84' lang='lat' dir='ltr'><strong><em>ejus</em></strong></span> <span class='ocrx_word' id='word_1_74' title='bbox 1408 994 1669 1048; x_wconf 88' lang='lat' dir='ltr'><strong><em>ambulare</em></strong></span> <span class='ocrx_word' id='word_1_75' title='bbox 1693 1010 1852 1065; x_wconf 86' lang='lat' dir='ltr'><strong><em>neque</em></strong></span> <span class='ocrx_word' id='word_1_76' title='bbox 1876 1010 1965 1048; x_wconf 87' lang='lat' dir='ltr'><strong><em>au-</em></strong></span> 
     </span>
    </p>
   </div>
   <div class='ocr_carea' id='block_1_11' title="bbox 367 1087 1963 1160">
    <p class='ocr_par' dir='ltr' id='par_1_11' title="bbox 367 1087 1963 1160">
     <span class='ocr_line' id='line_1_11' title="bbox 367 1087 1963 1160; baseline 0.001 -17"><span class='ocrx_word' id='word_1_77' title='bbox 367 1088 478 1143; x_wconf 89' lang='lat' dir='ltr'><strong><em>dire</em></strong></span> <span class='ocrx_word' id='word_1_78' title='bbox 492 1089 651 1160; x_wconf 85' lang='lat' dir='ltr'><strong><em>legem</em></strong></span> <span class='ocrx_word' id='word_1_79' title='bbox 678 1089 808 1159; x_wconf 87' lang='lat' dir='ltr'><strong><em>ejus,</em></strong></span> <span class='ocrx_word' id='word_1_80' title='bbox 822 1095 871 1142; x_wconf 89' lang='lat' dir='ltr'><strong><em>et</em></strong></span> <span class='ocrx_word' id='word_1_81' title='bbox 893 1087 1195 1158; x_wconf 73' lang='lat' dir='ltr'><strong><em>superduxit</em></strong></span> <span class='ocrx_word' id='word_1_82' title='bbox 1215 1103 1369 1158; x_wconf 88' lang='lat' dir='ltr'><strong><em>super</em></strong></span> <span class='ocrx_word' id='word_1_83' title='bbox 1384 1103 1468 1143; x_wconf 92' lang='lat' dir='ltr'><strong><em>eos</em></strong></span> <span class='ocrx_word' id='word_1_84' title='bbox 1489 1088 1621 1143; x_wconf 89' lang='lat' dir='ltr'><strong><em>iram</em></strong></span> <span class='ocrx_word' id='word_1_85' title='bbox 1640 1090 1963 1145; x_wconf 89' lang='lat' dir='ltr'><strong><em>animationis</em></strong></span> 
     </span>
    </p>
   </div>
   <div class='ocr_carea' id='block_1_12' title="bbox 363 1178 1962 1253">
    <p class='ocr_par' dir='ltr' id='par_1_12' title="bbox 363 1178 1962 1253">
     <span class='ocr_line' id='line_1_12' title="bbox 363 1178 1962 1253; baseline 0.001 -17"><span class='ocrx_word' id='word_1_86' title='bbox 363 1196 472 1236; x_wconf 74' lang='lat' dir='ltr'><strong><em>sua:</em></strong></span> <span class='ocrx_word' id='word_1_87' title='bbox 489 1179 623 1253; x_wconf 91' lang='lat' dir='ltr'><strong><em>(Isa.</em></strong></span> <span class='ocrx_word' id='word_1_88' title='bbox 648 1196 775 1247; x_wconf 69' lang='grc' dir='ltr'>χιιι,</span> <span class='ocrx_word' id='word_1_89' title='bbox 799 1178 919 1251; x_wconf 73' lang='grc'><strong>24).</strong></span> <span class='ocrx_word' id='word_1_90' title='bbox 948 1179 1014 1235; x_wconf 87' lang='lat' dir='ltr'><strong><em>Et</em></strong></span> <span class='ocrx_word' id='word_1_91' title='bbox 1037 1179 1252 1251; x_wconf 83' lang='lat' dir='ltr'><strong><em>iterum,</em></strong></span> <span class='ocrx_word' id='word_1_92' title='bbox 1270 1178 1555 1237; x_wconf 84' lang='lat' dir='ltr'><strong><em>Salomone</em></strong></span> <span class='ocrx_word' id='word_1_93' title='bbox 1581 1192 1832 1252; x_wconf 79' lang='lat' dir='ltr'><strong><em>peccante</em></strong></span> <span class='ocrx_word' id='word_1_94' title='bbox 1857 1196 1910 1239; x_wconf 90' lang='lat' dir='ltr'><strong><em>et</em></strong></span> <span class='ocrx_word' id='word_1_95' title='bbox 1932 1198 1962 1238; x_wconf 89' lang='lat' dir='ltr'><strong><em>a</em></strong></span> 
     </span>
    </p>
   </div>
   <div class='ocr_carea' id='block_1_13' title="bbox 365 1270 1964 1343">
    <p class='ocr_par' dir='ltr' id='par_1_13' title="bbox 365 1270 1964 1343">
     <span class='ocr_line' id='line_1_13' title="bbox 365 1270 1964 1343; baseline 0.002 -16"><span class='ocrx_word' id='word_1_96' title='bbox 365 1272 649 1343; x_wconf 81' lang='lat' dir='ltr'><strong><em>praeceptis</em></strong></span> <span class='ocrx_word' id='word_1_97' title='bbox 660 1280 817 1340; x_wconf 88' lang='lat' dir='ltr'><strong><em>atque</em></strong></span> <span class='ocrx_word' id='word_1_98' title='bbox 832 1286 864 1325; x_wconf 90' lang='lat' dir='ltr'><strong><em>a</em></strong></span> <span class='ocrx_word' id='word_1_99' title='bbox 881 1270 984 1326; x_wconf 87' lang='lat' dir='ltr'><strong><em>viis</em></strong></span> <span class='ocrx_word' id='word_1_100' title='bbox 995 1271 1203 1326; x_wconf 87' lang='lat' dir='ltr'><strong>Domini</strong></span> <span class='ocrx_word' id='word_1_101' title='bbox 1217 1272 1756 1343; x_wconf 88' lang='lat' dir='ltr'><strong><em>recedente,positnm</em></strong></span> <span class='ocrx_word' id='word_1_102' title='bbox 1777 1284 1879 1331; x_wconf 89' lang='lat' dir='ltr'><strong><em>est:</em></strong></span> <span class='ocrx_word' id='word_1_103' title='bbox 1893 1273 1964 1330; x_wconf 86' lang='lat' dir='ltr'><strong><em>Et</em></strong></span> 
     </span>
    </p>
   </div>
   <div class='ocr_carea' id='block_1_14' title="bbox 366 1361 1962 1438">
    <p class='ocr_par' dir='ltr' id='par_1_14' title="bbox 366 1361 1962 1438">
     <span class='ocr_line' id='line_1_14' title="bbox 366 1361 1962 1438; baseline 0.002 -20"><span class='ocrx_word' id='word_1_104' title='bbox 366 1362 602 1418; x_wconf 69' lang='lat' dir='ltr'><strong><em>excitauit</em></strong></span> <span class='ocrx_word' id='word_1_105' title='bbox 627 1361 877 1418; x_wconf 91' lang='lat' dir='ltr'><strong><em>Dominus</em></strong></span> <span class='ocrx_word' id='word_1_106' title='bbox 897 1362 1149 1419; x_wconf 85' lang='lat' dir='ltr'><strong><em>Satanam</em></strong></span> <span class='ocrx_word' id='word_1_107' title='bbox 1168 1363 1267 1434; x_wconf 89' lang='lat' dir='ltr'><strong><em>ipsi</em></strong></span> <span class='ocrx_word' id='word_1_108' title='bbox 1296 1363 1562 1430; x_wconf 85' lang='lat' dir='ltr'><strong><em>Salomoni</em></strong></span> <span class='ocrx_word' id='word_1_109' title='bbox 1587 1365 1682 1437; x_wconf 88' lang='lat' dir='ltr'><strong><em>(Ill</em></strong></span> <span class='ocrx_word' id='word_1_110' title='bbox 1696 1366 1821 1438; x_wconf 83' lang='lat' dir='ltr'><strong><em>Reg.</em></strong></span> <span class='ocrx_word' id='word_1_111' title='bbox 1839 1368 1962 1438; x_wconf 78' lang='lat' dir='ltr'><strong><em>xu).</em></strong></span> 
     </span>
    </p>
   </div>
   <div class='ocr_carea' id='block_1_15' title="bbox 440 1453 1958 1526">
    <p class='ocr_par' dir='ltr' id='par_1_15' title="bbox 440 1453 1958 1526">
     <span class='ocr_line' id='line_1_15' title="bbox 440 1453 1958 1526; baseline 0.002 -16"><span class='ocrx_word' id='word_1_112' title='bbox 440 1454 632 1510; x_wconf 83' lang='lat' dir='ltr'><strong>XXVI.</strong></span> <span class='ocrx_word' id='word_1_113' title='bbox 659 1454 905 1510; x_wconf 87' lang='lat' dir='ltr'><strong><em>Potestas</em></strong></span> <span class='ocrx_word' id='word_1_114' title='bbox 924 1469 1056 1510; x_wconf 91' lang='lat' dir='ltr'><strong><em>vero</em></strong></span> <span class='ocrx_word' id='word_1_115' title='bbox 1078 1453 1361 1525; x_wconf 88' lang='lat' dir='ltr'><strong><em>dupliciter</em></strong></span> <span class='ocrx_word' id='word_1_116' title='bbox 1374 1455 1635 1513; x_wconf 88' lang='lat' dir='ltr'><strong><em>adversus</em></strong></span> <span class='ocrx_word' id='word_1_117' title='bbox 1654 1471 1753 1514; x_wconf 90' lang='lat' dir='ltr'><strong><em>nos</em></strong></span> <span class='ocrx_word' id='word_1_118' title='bbox 1782 1458 1958 1526; x_wconf 90' lang='lat' dir='ltr'><strong><em>datur,</em></strong></span> 
     </span>
    </p>
   </div>
   <div class='ocr_carea' id='block_1_16' title="bbox 366 1546 1961 1622">
    <p class='ocr_par' dir='ltr' id='par_1_16' title="bbox 366 1546 1961 1622">
     <span class='ocr_line' id='line_1_16' title="bbox 366 1546 1961 1622; baseline 0.001 -19"><span class='ocrx_word' id='word_1_119' title='bbox 366 1548 454 1603; x_wconf 86' lang='lat' dir='ltr'><strong><em>vel</em></strong></span> <span class='ocrx_word' id='word_1_120' title='bbox 500 1547 568 1602; x_wconf 89' lang='lat' dir='ltr'><strong><em>ad</em></strong></span> <span class='ocrx_word' id='word_1_121' title='bbox 612 1561 824 1618; x_wconf 60' lang='lat' dir='ltr'><strong><em>poenam</em></strong></span> <span class='ocrx_word' id='word_1_122' title='bbox 869 1562 992 1602; x_wconf 91' lang='lat' dir='ltr'><strong>cum</strong></span> <span class='ocrx_word' id='word_1_123' title='bbox 1040 1546 1441 1618; x_wconf 84' lang='lat' dir='ltr'><strong><em>delinquimus,</em></strong></span> <span class='ocrx_word' id='word_1_124' title='bbox 1489 1551 1575 1605; x_wconf 87' lang='lat' dir='ltr'><strong><em>vel</em></strong></span> <span class='ocrx_word' id='word_1_125' title='bbox 1612 1550 1680 1605; x_wconf 90' lang='lat' dir='ltr'><strong><em>ad</em></strong></span> <span class='ocrx_word' id='word_1_126' title='bbox 1736 1550 1961 1622; x_wconf 78' lang='lat' dir='ltr'><strong><em>gloriam</em></strong></span> 
     </span>
    </p>
   </div>
   <div class='ocr_carea' id='block_1_17' title="bbox 370 1637 1960 1713">
    <p class='ocr_par' dir='ltr' id='par_1_17' title="bbox 370 1637 1960 1713">
     <span class='ocr_line' id='line_1_17' title="bbox 370 1637 1960 1713; baseline 0.003 -20"><span class='ocrx_word' id='word_1_127' title='bbox 370 1653 492 1694; x_wconf 90' lang='lat' dir='ltr'><strong><em>cum</em></strong></span> <span class='ocrx_word' id='word_1_128' title='bbox 524 1638 849 1710; x_wconf 85' lang='lat' dir='ltr'><strong><em>probamur;</em></strong></span> <span class='ocrx_word' id='word_1_129' title='bbox 880 1638 1035 1693; x_wconf 84' lang='lat' dir='ltr'><strong>sicuti</strong></span> <span class='ocrx_word' id='word_1_130' title='bbox 1064 1637 1133 1694; x_wconf 91' lang='lat' dir='ltr'><strong><em>de</em></strong></span> <span class='ocrx_word' id='word_1_131' title='bbox 1170 1638 1279 1713; x_wconf 64' lang='lat' dir='ltr'><strong><em>.Ioh~</em></strong></span> <span class='ocrx_word' id='word_1_132' title='bbox 1306 1638 1504 1695; x_wconf 88' lang='lat' dir='ltr'><strong><em>factum</em></strong></span> <span class='ocrx_word' id='word_1_133' title='bbox 1532 1640 1778 1697; x_wconf 86' lang='lat' dir='ltr'><strong><em>videmus</em></strong></span> <span class='ocrx_word' id='word_1_134' title='bbox 1802 1684 1818 1707; x_wconf 91' lang='lat'><strong><em>,</em></strong></span> <span class='ocrx_word' id='word_1_135' title='bbox 1847 1657 1960 1697; x_wconf 88' lang='lat' dir='ltr'><strong><em>ma-</em></strong></span> 
     </span>
    </p>
   </div>
   <div class='ocr_carea' id='block_1_18' title="bbox 365 1728 1963 1803">
    <p class='ocr_par' dir='ltr' id='par_1_18' title="bbox 365 1728 1963 1803">
     <span class='ocr_line' id='line_1_18' title="bbox 365 1728 1963 1803; baseline 0 -16"><span class='ocrx_word' id='word_1_136' title='bbox 365 1731 653 1787; x_wconf 84' lang='lat' dir='ltr'><strong><em>nilcstante</em></strong></span> <span class='ocrx_word' id='word_1_137' title='bbox 691 1729 803 1785; x_wconf 91' lang='lat' dir='ltr'><strong><em>Deo</em></strong></span> <span class='ocrx_word' id='word_1_138' title='bbox 844 1738 899 1785; x_wconf 91' lang='lat' dir='ltr'><strong><em>et</em></strong></span> <span class='ocrx_word' id='word_1_139' title='bbox 937 1728 1153 1785; x_wconf 90' lang='lat' dir='ltr'><strong><em>dicente</em></strong></span> <span class='ocrx_word' id='word_1_140' title='bbox 1192 1747 1204 1783; x_wconf 89' lang='lat'><strong>:</strong></span> <span class='ocrx_word' id='word_1_141' title='bbox 1242 1729 1374 1783; x_wconf 81' lang='lat' dir='ltr'><strong><em>Ecce</em></strong></span> <span class='ocrx_word' id='word_1_142' title='bbox 1411 1732 1585 1785; x_wconf 87' lang='lat' dir='ltr'><strong><em>omnia</em></strong></span> <span class='ocrx_word' id='word_1_143' title='bbox 1635 1747 1963 1803; x_wconf 65' lang='lat' dir='ltr'><strong><em>quiscumque</em></strong></span> 
     </span>
    </p>
   </div>
   <div class='ocr_carea' id='block_1_19' title="bbox 2071 524 3660 602">
    <p class='ocr_par' dir='ltr' id='par_1_19' title="bbox 2071 524 3660 602">
     <span class='ocr_line' id='line_1_19' title="bbox 2071 524 3660 602; baseline 0.006 -23"><span class='ocrx_word' id='word_1_144' title='bbox 2071 524 2146 579; x_wconf 89' lang='lat' dir='ltr'><strong>tio</strong></span> <span class='ocrx_word' id='word_1_145' title='bbox 2177 526 2295 580; x_wconf 89' lang='lat' dir='ltr'><strong><em>talis</em></strong></span> <span class='ocrx_word' id='word_1_146' title='bbox 2323 536 2405 582; x_wconf 90' lang='lat' dir='ltr'><strong><em>est</em></strong></span> <span class='ocrx_word' id='word_1_147' title='bbox 2443 542 2602 598; x_wconf 90' lang='lat' dir='ltr'><strong><em>quam</em></strong></span> <span class='ocrx_word' id='word_1_148' title='bbox 2645 529 2786 583; x_wconf 83' lang='lat' dir='ltr'><strong><em>Deus</em></strong></span> <span class='ocrx_word' id='word_1_149' title='bbox 2828 527 3041 598; x_wconf 89' lang='lat' dir='ltr'><strong><em>docuit,</em></strong></span> <span class='ocrx_word' id='word_1_150' title='bbox 3080 531 3170 601; x_wconf 88' lang='lat' dir='ltr'><strong>qui</strong></span> <span class='ocrx_word' id='word_1_151' title='bbox 3217 532 3522 602; x_wconf 86' lang='lat' dir='ltr'><strong><em>magisterio</em></strong></span> <span class='ocrx_word' id='word_1_152' title='bbox 3561 547 3660 589; x_wconf 86' lang='lat' dir='ltr'><strong><em>suo</em></strong></span> 
     </span>
    </p>
   </div>
   <div class='ocr_carea' id='block_1_20' title="bbox 2069 622 3660 691">
    <p class='ocr_par' dir='ltr' id='par_1_20' title="bbox 2069 622 3660 691">
     <span class='ocr_line' id='line_1_20' title="bbox 2069 622 3660 691; baseline 0.006 -20"><span class='ocrx_word' id='word_1_153' title='bbox 2069 632 2282 673; x_wconf 88' lang='lat' dir='ltr'><strong><em>omnem</em></strong></span> <span class='ocrx_word' id='word_1_154' title='bbox 2309 635 2523 691; x_wconf 83' lang='lat' dir='ltr'><strong><em>precem</em></strong></span> <span class='ocrx_word' id='word_1_155' title='bbox 2547 629 2786 677; x_wconf 89' lang='lat' dir='ltr'><strong><em>nostram</em></strong></span> <span class='ocrx_word' id='word_1_156' title='bbox 2825 622 3043 678; x_wconf 90' lang='lat' dir='ltr'><strong><em>salutari</em></strong></span> <span class='ocrx_word' id='word_1_157' title='bbox 3071 638 3321 679; x_wconf 88' lang='lat' dir='ltr'><strong><em>sermone</em></strong></span> <span class='ocrx_word' id='word_1_158' title='bbox 3368 624 3660 681; x_wconf 79' lang='lat' dir='ltr'><strong><em>breviavit?</em></strong></span> 
     </span>
    </p>
   </div>
   <div class='ocr_carea' id='block_1_21' title="bbox 2068 711 3660 789">
    <p class='ocr_par' dir='ltr' id='par_1_21' title="bbox 2068 711 3660 789">
     <span class='ocr_line' id='line_1_21' title="bbox 2068 711 3660 789; baseline 0.003 -21"><span class='ocrx_word' id='word_1_159' title='bbox 2068 711 2182 768; x_wconf 81' lang='lat' dir='ltr'><strong><em>Hoc</em></strong></span> <span class='ocrx_word' id='word_1_160' title='bbox 2199 712 2308 783; x_wconf 87' lang='lat' dir='ltr'><strong><em>jam</em></strong></span> <span class='ocrx_word' id='word_1_161' title='bbox 2350 728 2445 784; x_wconf 90' lang='lat' dir='ltr'><strong><em>per</em></strong></span> <span class='ocrx_word' id='word_1_162' title='bbox 2470 714 2681 770; x_wconf 79' lang='lat' dir='ltr'><strong><em>Esaiam</em></strong></span> <span class='ocrx_word' id='word_1_163' title='bbox 2729 716 3047 786; x_wconf 89' lang='lat' dir='ltr'><strong><em>pr0phetam</em></strong></span> <span class='ocrx_word' id='word_1_164' title='bbox 3093 716 3265 773; x_wconf 81' lang='lat' dir='ltr'><strong><em>fuerat</em></strong></span> <span class='ocrx_word' id='word_1_165' title='bbox 3304 727 3431 774; x_wconf 85' lang='lat' dir='ltr'><strong><em>ante</em></strong></span> <span class='ocrx_word' id='word_1_166' title='bbox 3465 718 3660 789; x_wconf 79' lang='lat' dir='ltr'><strong><em>pracdi-</em></strong></span> 
     </span>
    </p>
   </div>
   <div class='ocr_carea' id='block_1_22' title="bbox 2070 806 3662 880">
    <p class='ocr_par' dir='ltr' id='par_1_22' title="bbox 2070 806 3662 880">
     <span class='ocr_line' id='line_1_22' title="bbox 2070 806 3662 880; baseline 0.003 -20"><span class='ocrx_word' id='word_1_167' title='bbox 2070 813 2240 871; x_wconf 88' lang='lat' dir='ltr'><strong><em>ctum,</em></strong></span> <span class='ocrx_word' id='word_1_168' title='bbox 2273 820 2416 871; x_wconf 90' lang='lat' dir='ltr'><strong><em>cum,</em></strong></span> <span class='ocrx_word' id='word_1_169' title='bbox 2447 806 2636 877; x_wconf 91' lang='lat' dir='ltr'><strong><em>plenus</em></strong></span> <span class='ocrx_word' id='word_1_170' title='bbox 2659 806 2860 877; x_wconf 89' lang='lat' dir='ltr'><strong><em>Spiritu</em></strong></span> <span class='ocrx_word' id='word_1_171' title='bbox 2882 817 3070 865; x_wconf 86' lang='lat' dir='ltr'><strong><em>sancto</em></strong></span> <span class='ocrx_word' id='word_1_172' title='bbox 3087 808 3153 864; x_wconf 87' lang='lat' dir='ltr'><strong><em>de</em></strong></span> <span class='ocrx_word' id='word_1_173' title='bbox 3181 809 3274 871; x_wconf 85' lang='lat' dir='ltr'><strong><em>Dei</em></strong></span> <span class='ocrx_word' id='word_1_174' title='bbox 3301 809 3579 880; x_wconf 82' lang='lat' dir='ltr'><strong><em>majestate</em></strong></span> <span class='ocrx_word' id='word_1_175' title='bbox 3598 824 3662 865; x_wconf 90' lang='lat' dir='ltr'><strong><em>ac</em></strong></span> 
     </span>
    </p>
   </div>
   <div class='ocr_carea' id='block_1_23' title="bbox 2067 883 3657 974">
    <p class='ocr_par' dir='ltr' id='par_1_23' title="bbox 2067 883 3657 974">
     <span class='ocr_line' id='line_1_23' title="bbox 2067 883 3657 974; baseline 0.004 -23"><span class='ocrx_word' id='word_1_176' title='bbox 2067 883 2285 967; x_wconf 83' lang='lat' dir='ltr'><strong><em>pietate,</em></strong></span> <span class='ocrx_word' id='word_1_177' title='bbox 2313 897 2623 969; x_wconf 86' lang='lat' dir='ltr'><strong><em>loqueretur</em></strong></span> <span class='ocrx_word' id='word_1_178' title='bbox 2649 898 2720 931; x_wconf 74' lang='grc'><strong><em>’⁸³</em></strong></span> <span class='ocrx_word' id='word_1_179' title='bbox 2750 916 2764 955; x_wconf 88' lang='lat'><strong>:</strong></span> <span class='ocrx_word' id='word_1_180' title='bbox 2798 898 3015 955; x_wconf 86' lang='lat' dir='ltr'><strong><em>Verbum</em></strong></span> <span class='ocrx_word' id='word_1_181' title='bbox 3037 917 3419 970; x_wconf 78' lang='lat' dir='ltr'><strong><em>consummans,</em></strong></span> <span class='ocrx_word' id='word_1_182' title='bbox 3465 884 3657 974; x_wconf 79' lang='lat' dir='ltr'><strong><em>inquit,</em></strong></span> 
     </span>
    </p>
   </div>
   <div class='ocr_carea' id='block_1_24' title="bbox 2066 990 3660 1063">
    <p class='ocr_par' dir='ltr' id='par_1_24' title="bbox 2066 990 3660 1063">
     <span class='ocr_line' id='line_1_24' title="bbox 2066 990 3660 1063; baseline 0.005 -18"><span class='ocrx_word' id='word_1_183' title='bbox 2066 1000 2115 1045; x_wconf 90' lang='lat' dir='ltr'><strong><em>et</em></strong></span> <span class='ocrx_word' id='word_1_184' title='bbox 2142 990 2370 1045; x_wconf 80' lang='lat' dir='ltr'><strong><em>brevians</em></strong></span> <span class='ocrx_word' id='word_1_185' title='bbox 2411 992 2465 1046; x_wconf 91' lang='lat' dir='ltr'><strong><em>in</em></strong></span> <span class='ocrx_word' id='word_1_186' title='bbox 2497 992 2732 1063; x_wconf 86' lang='lat' dir='ltr'><strong><em>justitia,</em></strong></span> <span class='ocrx_word' id='word_1_187' title='bbox 2771 994 3008 1061; x_wconf 88' lang='lat' dir='ltr'><strong><em>quoniam</em></strong></span> <span class='ocrx_word' id='word_1_188' title='bbox 3050 1011 3329 1050; x_wconf 84' lang='lat' dir='ltr'><strong><em>sermonem</em></strong></span> <span class='ocrx_word' id='word_1_189' title='bbox 3382 997 3660 1053; x_wconf 79' lang='lat' dir='ltr'><strong><em>breviatum</em></strong></span> 
     </span>
    </p>
   </div>
   <div class='ocr_carea' id='block_1_25' title="bbox 2066 1083 3657 1160">
    <p class='ocr_par' dir='ltr' id='par_1_25' title="bbox 2066 1083 3657 1160">
     <span class='ocr_line' id='line_1_25' title="bbox 2066 1083 3657 1160; baseline 0.008 -24"><span class='ocrx_word' id='word_1_190' title='bbox 2066 1084 2216 1155; x_wconf 80' lang='lat' dir='ltr'><strong><em>faciet</em></strong></span> <span class='ocrx_word' id='word_1_191' title='bbox 2262 1083 2402 1139; x_wconf 86' lang='lat' dir='ltr'><strong><em>Deus</em></strong></span> <span class='ocrx_word' id='word_1_192' title='bbox 2424 1085 2479 1139; x_wconf 88' lang='lat' dir='ltr'><strong><em>in</em></strong></span> <span class='ocrx_word' id='word_1_193' title='bbox 2510 1094 2615 1141; x_wconf 87' lang='lat' dir='ltr'><strong><em>toto</em></strong></span> <span class='ocrx_word' id='word_1_194' title='bbox 2651 1086 2769 1141; x_wconf 86' lang='lat' dir='ltr'><strong><em>orbe</em></strong></span> <span class='ocrx_word' id='word_1_195' title='bbox 2798 1096 2944 1143; x_wconf 72' lang='lat' dir='ltr'><strong><em>terra:</em></strong></span> <span class='ocrx_word' id='word_1_196' title='bbox 2987 1086 3117 1160; x_wconf 86' lang='lat' dir='ltr'><strong><em>(Isa.</em></strong></span> <span class='ocrx_word' id='word_1_197' title='bbox 3142 1100 3197 1156; x_wconf 79' lang='lat' dir='ltr'><strong><em>x,</em></strong></span> <span class='ocrx_word' id='word_1_198' title='bbox 3220 1088 3332 1160; x_wconf 68' lang='grc'><strong>22).</strong></span> <span class='ocrx_word' id='word_1_199' title='bbox 3358 1088 3513 1160; x_wconf 87' lang='lat' dir='ltr'><strong><em>Nam,</em></strong></span> <span class='ocrx_word' id='word_1_200' title='bbox 3539 1107 3657 1148; x_wconf 90' lang='lat' dir='ltr'><strong><em>cum</em></strong></span> 
     </span>
    </p>
   </div>
   <div class='ocr_carea' id='block_1_26' title="bbox 2066 1176 3659 1249">
    <p class='ocr_par' dir='ltr' id='par_1_26' title="bbox 2066 1176 3659 1249">
     <span class='ocr_line' id='line_1_26' title="bbox 2066 1176 3659 1249; baseline 0.006 -18"><span class='ocrx_word' id='word_1_201' title='bbox 2066 1176 2162 1231; x_wconf 91' lang='lat' dir='ltr'><strong><em>Dei</em></strong></span> <span class='ocrx_word' id='word_1_202' title='bbox 2190 1176 2399 1244; x_wconf 90' lang='lat' dir='ltr'><strong><em>Sermo,</em></strong></span> <span class='ocrx_word' id='word_1_203' title='bbox 2428 1177 2683 1233; x_wconf 87' lang='lat' dir='ltr'><strong><em>Dominus</em></strong></span> <span class='ocrx_word' id='word_1_204' title='bbox 2709 1187 2890 1235; x_wconf 88' lang='lat' dir='ltr'><strong><em>uoster</em></strong></span> <span class='ocrx_word' id='word_1_205' title='bbox 2912 1178 3070 1235; x_wconf 76' lang='lat' dir='ltr'><strong><em>Iesus</em></strong></span> <span class='ocrx_word' id='word_1_206' title='bbox 3107 1178 3373 1249; x_wconf 87' lang='lat' dir='ltr'><strong><em>Christus,</em></strong></span> <span class='ocrx_word' id='word_1_207' title='bbox 3413 1183 3659 1240; x_wconf 91' lang='lat' dir='ltr'><strong><em>omnibus</em></strong></span> 
     </span>
    </p>
   </div>
   <div class='ocr_carea' id='block_1_27' title="bbox 2064 1262 3659 1343">
    <p class='ocr_par' dir='ltr' id='par_1_27' title="bbox 2064 1262 3659 1343">
     <span class='ocr_line' id='line_1_27' title="bbox 2064 1262 3659 1343; baseline 0.006 -21"><span class='ocrx_word' id='word_1_208' title='bbox 2064 1270 2291 1335; x_wconf 81' lang='lat' dir='ltr'><strong><em>venerit,</em></strong></span> <span class='ocrx_word' id='word_1_209' title='bbox 2324 1277 2399 1336; x_wconf 90' lang='lat' dir='ltr'><strong><em>et,</em></strong></span> <span class='ocrx_word' id='word_1_210' title='bbox 2420 1270 2676 1341; x_wconf 81' lang='lat' dir='ltr'><strong><em>colligens</em></strong></span> <span class='ocrx_word' id='word_1_211' title='bbox 2702 1270 2888 1327; x_wconf 91' lang='lat' dir='ltr'><strong><em>doctos</em></strong></span> <span class='ocrx_word' id='word_1_212' title='bbox 2913 1271 3112 1342; x_wconf 87' lang='lat' dir='ltr'><strong><em>pariter</em></strong></span> <span class='ocrx_word' id='word_1_213' title='bbox 3135 1262 3187 1328; x_wconf 89' lang='lat' dir='ltr'><strong><em>et</em></strong></span> <span class='ocrx_word' id='word_1_214' title='bbox 3216 1272 3479 1343; x_wconf 89' lang='lat' dir='ltr'><strong><em>indoctos,</em></strong></span> <span class='ocrx_word' id='word_1_215' title='bbox 3512 1277 3659 1332; x_wconf 90' lang='lat' dir='ltr'><strong><em>omni</em></strong></span> 
     </span>
    </p>
   </div>
   <div class='ocr_carea' id='block_1_28' title="bbox 2063 1358 3661 1436">
    <p class='ocr_par' dir='ltr' id='par_1_28' title="bbox 2063 1358 3661 1436">
     <span class='ocr_line' id='line_1_28' title="bbox 2063 1358 3661 1436; baseline 0.005 -22"><span class='ocrx_word' id='word_1_216' title='bbox 2063 1358 2216 1414; x_wconf 75' lang='lat' dir='ltr'><strong><em>sexui</em></strong></span> <span class='ocrx_word' id='word_1_217' title='bbox 2243 1368 2403 1430; x_wconf 89' lang='lat' dir='ltr'><strong><em>atque</em></strong></span> <span class='ocrx_word' id='word_1_218' title='bbox 2445 1361 2586 1416; x_wconf 63' lang='lat' dir='ltr'><strong><em>aetati</em></strong></span> <span class='ocrx_word' id='word_1_219' title='bbox 2625 1370 2893 1432; x_wconf 69' lang='lat' dir='ltr'><strong><em>praecepta</em></strong></span> <span class='ocrx_word' id='word_1_220' title='bbox 2935 1361 3122 1417; x_wconf 90' lang='lat' dir='ltr'><strong><em>salutis</em></strong></span> <span class='ocrx_word' id='word_1_221' title='bbox 3147 1361 3411 1432; x_wconf 86' lang='lat' dir='ltr'><strong><em>ediderit,</em></strong></span> <span class='ocrx_word' id='word_1_222' title='bbox 3462 1379 3661 1436; x_wconf 80' lang='lat' dir='ltr'><strong><em>praece-</em></strong></span> 
     </span>
    </p>
   </div>
   <div class='ocr_carea' id='block_1_29' title="bbox 2063 1450 3657 1529">
    <p class='ocr_par' dir='ltr' id='par_1_29' title="bbox 2063 1450 3657 1529">
     <span class='ocr_line' id='line_1_29' title="bbox 2063 1450 3657 1529; baseline 0.004 -21"><span class='ocrx_word' id='word_1_223' title='bbox 2063 1462 2274 1524; x_wconf 88' lang='lat' dir='ltr'><strong><em>ptorum</em></strong></span> <span class='ocrx_word' id='word_1_224' title='bbox 2321 1470 2540 1511; x_wconf 93' lang='lat' dir='ltr'><strong><em>suorum</em></strong></span> <span class='ocrx_word' id='word_1_225' title='bbox 2602 1456 2725 1512; x_wconf 82' lang='lat' dir='ltr'><strong><em>fecit</em></strong></span> <span class='ocrx_word' id='word_1_226' title='bbox 2769 1450 3442 1529; x_wconf 48' lang='lat' dir='ltr'><strong><em>grande,compendium,&#39;</em></strong></span> <span class='ocrx_word' id='word_1_227' title='bbox 3494 1469 3553 1513; x_wconf 92' lang='lat' dir='ltr'><strong><em>ut</em></strong></span> <span class='ocrx_word' id='word_1_228' title='bbox 3604 1460 3657 1515; x_wconf 92' lang='lat' dir='ltr'><strong><em>in</em></strong></span> 
     </span>
    </p>
   </div>
   <div class='ocr_carea' id='block_1_30' title="bbox 2064 1546 3654 1619">
    <p class='ocr_par' dir='ltr' id='par_1_30' title="bbox 2064 1546 3654 1619">
     <span class='ocr_line' id='line_1_30' title="bbox 2064 1546 3654 1619; baseline 0.001 -16"><span class='ocrx_word' id='word_1_229' title='bbox 2064 1546 2343 1618; x_wconf 85' lang='lat' dir='ltr'><strong><em>disciplina</em></strong></span> <span class='ocrx_word' id='word_1_230' title='bbox 2366 1547 2574 1605; x_wconf 79' lang='lat' dir='ltr'><strong><em>ccelesti</em></strong></span> <span class='ocrx_word' id='word_1_231' title='bbox 2600 1548 2926 1604; x_wconf 86' lang='lat' dir='ltr'><strong><em>discentium</em></strong></span> <span class='ocrx_word' id='word_1_232' title='bbox 2947 1548 3206 1604; x_wconf 88' lang='lat' dir='ltr'><strong><em>memoria</em></strong></span> <span class='ocrx_word' id='word_1_233' title='bbox 3228 1563 3332 1604; x_wconf 90' lang='lat' dir='ltr'><strong><em>non</em></strong></span> <span class='ocrx_word' id='word_1_234' title='bbox 3360 1549 3654 1619; x_wconf 85' lang='lat' dir='ltr'><strong><em>laboraret,</em></strong></span> 
     </span>
    </p>
   </div>
   <div class='ocr_carea' id='block_1_31' title="bbox 2064 1628 3660 1713">
    <p class='ocr_par' dir='ltr' id='par_1_31' title="bbox 2064 1628 3660 1713">
     <span class='ocr_line' id='line_1_31' title="bbox 2064 1628 3660 1713; baseline 0.001 -17"><span class='ocrx_word' id='word_1_235' title='bbox 2064 1640 2158 1713; x_wconf 84' lang='lat' dir='ltr'><strong><em>sed</em></strong></span> <span class='ocrx_word' id='word_1_236' title='bbox 2188 1639 2330 1711; x_wconf 87' lang='lat' dir='ltr'><strong><em>quod</em></strong></span> <span class='ocrx_word' id='word_1_237' title='bbox 2370 1650 2512 1696; x_wconf 87' lang='lat' dir='ltr'><strong><em>esset</em></strong></span> <span class='ocrx_word' id='word_1_238' title='bbox 2543 1640 2774 1710; x_wconf 91' lang='lat' dir='ltr'><strong>simplici</strong></span> <span class='ocrx_word' id='word_1_239' title='bbox 2824 1628 2948 1696; x_wconf 78' lang='lat' dir='ltr'><strong><em>fidei</em></strong></span> <span class='ocrx_word' id='word_1_240' title='bbox 2992 1641 3360 1696; x_wconf 89' lang='lat' dir='ltr'><strong><em>necessarium</em></strong></span> <span class='ocrx_word' id='word_1_241' title='bbox 3403 1642 3660 1698; x_wconf 86' lang='lat' dir='ltr'><strong><em>velociter</em></strong></span> 
     </span>
    </p>
   </div>
   <div class='ocr_carea' id='block_1_32' title="bbox 2062 1731 3659 1804">
    <p class='ocr_par' dir='ltr' id='par_1_32' title="bbox 2062 1731 3659 1804">
     <span class='ocr_line' id='line_1_32' title="bbox 2062 1731 3659 1804; baseline 0.002 -17"><span class='ocrx_word' id='word_1_242' title='bbox 2062 1732 2297 1788; x_wconf 86' lang='lat' dir='ltr'><strong><em>disceret</em></strong></span> <span class='ocrx_word' id='word_1_243' title='bbox 2319 1743 2363 1787; x_wconf 78' lang='grc' dir='ltr'><strong>ο.</strong></span> <span class='ocrx_word' id='word_1_244' title='bbox 2404 1731 2514 1799; x_wconf 88' lang='lat' dir='ltr'><strong><em>Sic,</em></strong></span> <span class='ocrx_word' id='word_1_245' title='bbox 2555 1747 2675 1787; x_wconf 91' lang='lat' dir='ltr'><strong><em>cum</em></strong></span> <span class='ocrx_word' id='word_1_246' title='bbox 2710 1731 2930 1788; x_wconf 89' lang='lat' dir='ltr'><strong><em>doceret</em></strong></span> <span class='ocrx_word' id='word_1_247' title='bbox 2954 1732 3082 1804; x_wconf 90' lang='lat' dir='ltr'><strong><em>quid</em></strong></span> <span class='ocrx_word' id='word_1_248' title='bbox 3104 1733 3174 1788; x_wconf 92' lang='lat' dir='ltr'><strong><em>sit</em></strong></span> <span class='ocrx_word' id='word_1_249' title='bbox 3197 1733 3305 1788; x_wconf 86' lang='lat' dir='ltr'><strong><em>vita</em></strong></span> <span class='ocrx_word' id='word_1_250' title='bbox 3333 1744 3555 1803; x_wconf 68' lang='lat' dir='ltr'><strong><em>teterna,</em></strong></span> <span class='ocrx_word' id='word_1_251' title='bbox 3580 1750 3659 1791; x_wconf 88' lang='lat' dir='ltr'><strong><em>sa-</em></strong></span> 
     </span>
    </p>
   </div>
   <div class='ocr_carea' id='block_1_33' title="bbox 366 1817 3659 1896">
    <p class='ocr_par' dir='ltr' id='par_1_33' title="bbox 366 1817 3659 1896">
     <span class='ocr_line' id='line_1_33' title="bbox 366 1817 3659 1896; baseline -0.002 -21"><span class='ocrx_word' id='word_1_252' title='bbox 366 1821 516 1877; x_wconf 89' lang='lat' dir='ltr'><strong><em>habet</em></strong></span> <span class='ocrx_word' id='word_1_253' title='bbox 544 1822 597 1875; x_wconf 90' lang='lat' dir='ltr'><strong><em>in</em></strong></span> <span class='ocrx_word' id='word_1_254' title='bbox 626 1837 805 1875; x_wconf 89' lang='lat' dir='ltr'><strong><em>manus</em></strong></span> <span class='ocrx_word' id='word_1_255' title='bbox 823 1831 936 1876; x_wconf 90' lang='lat' dir='ltr'><strong><em>tuas</em></strong></span> <span class='ocrx_word' id='word_1_256' title='bbox 956 1820 1022 1875; x_wconf 91' lang='lat' dir='ltr'><strong><em>do</em></strong></span> <span class='ocrx_word' id='word_1_257' title='bbox 1040 1838 1060 1887; x_wconf 89' lang='lat'><strong><em>;</em></strong></span> <span class='ocrx_word' id='word_1_258' title='bbox 1081 1820 1171 1874; x_wconf 89' lang='lat' dir='ltr'><strong><em>sed</em></strong></span> <span class='ocrx_word' id='word_1_259' title='bbox 1188 1820 1358 1891; x_wconf 87' lang='lat' dir='ltr'><strong><em>ipsum</em></strong></span> <span class='ocrx_word' id='word_1_260' title='bbox 1385 1837 1504 1875; x_wconf 82' lang='lat' dir='ltr'><strong><em>cave</em></strong></span> <span class='ocrx_word' id='word_1_261' title='bbox 1531 1838 1595 1877; x_wconf 88' lang='lat' dir='ltr'><strong><em>ne</em></strong></span> <span class='ocrx_word' id='word_1_262' title='bbox 1612 1831 1793 1894; x_wconf 90' lang='lat' dir='ltr'><strong><em>tangas</em></strong></span> <span class='ocrx_word' id='word_1_263' title='bbox 1815 1821 1956 1894; x_wconf 83' lang='lat' dir='ltr'><strong><em>(Job,</em></strong></span> <span class='ocrx_word' id='word_1_264' title='bbox 1987 1817 2037 1878; x_wconf 92' lang='lat' dir='ltr'><strong>B</strong></span> <span class='ocrx_word' id='word_1_265' title='bbox 2062 1836 2393 1885; x_wconf 73' lang='lat' dir='ltr'><strong><em>oramentum</em></strong></span> <span class='ocrx_word' id='word_1_266' title='bbox 2445 1828 2567 1882; x_wconf 57' lang='lat' dir='ltr'><strong><em>vita;</em></strong></span> <span class='ocrx_word' id='word_1_267' title='bbox 2615 1840 2805 1896; x_wconf 81' lang='lat' dir='ltr'><strong><em>magna</em></strong></span> <span class='ocrx_word' id='word_1_268' title='bbox 2856 1834 2911 1881; x_wconf 77' lang='lat' dir='ltr'><strong><em>et,</em></strong></span> <span class='ocrx_word' id='word_1_269' title='bbox 2959 1825 3143 1881; x_wconf 76' lang='lat' dir='ltr'><strong><em>divina</em></strong></span> <span class='ocrx_word' id='word_1_270' title='bbox 3195 1825 3460 1883; x_wconf 61' lang='lat' dir='ltr'><strong><em>brevitate</em></strong></span> <span class='ocrx_word' id='word_1_271' title='bbox 3509 1842 3659 1883; x_wconf 77' lang='lat' dir='ltr'><strong><em>com-</em></strong></span> 
     </span>
    </p>
   </div>
   <div class='ocr_carea' id='block_1_34' title="bbox 365 1911 1959 1984">
    <p class='ocr_par' dir='ltr' id='par_1_34' title="bbox 365 1911 1959 1984">
     <span class='ocr_line' id='line_1_34' title="bbox 365 1911 1959 1984; baseline 0.001 -15"><span class='ocrx_word' id='word_1_272' title='bbox 365 1928 405 1980; x_wconf 85' lang='lat' dir='ltr'><strong><em>I,</em></strong></span> <span class='ocrx_word' id='word_1_273' title='bbox 441 1911 570 1984; x_wconf 72' lang='lat' dir='ltr'><strong><em>I2)?</em></strong></span> <span class='ocrx_word' id='word_1_274' title='bbox 595 1913 664 1968; x_wconf 88' lang='lat' dir='ltr'><strong><em>Et</em></strong></span> <span class='ocrx_word' id='word_1_275' title='bbox 700 1912 960 1968; x_wconf 91' lang='lat' dir='ltr'><strong><em>Dominus</em></strong></span> <span class='ocrx_word' id='word_1_276' title='bbox 995 1912 1049 1967; x_wconf 93' lang='lat' dir='ltr'><strong><em>in</em></strong></span> <span class='ocrx_word' id='word_1_277' title='bbox 1083 1912 1372 1983; x_wconf 82' lang='lat' dir='ltr'><strong><em>Evangelio</em></strong></span> <span class='ocrx_word' id='word_1_278' title='bbox 1408 1927 1505 1968; x_wconf 91' lang='lat' dir='ltr'><strong><em>suo</em></strong></span> <span class='ocrx_word' id='word_1_279' title='bbox 1548 1912 1785 1984; x_wconf 91' lang='lat' dir='ltr'><strong>loquitur</strong></span> <span class='ocrx_word' id='word_1_280' title='bbox 1820 1924 1959 1970; x_wconf 83' lang='lat' dir='ltr'><strong><em>tem-</em></strong></span> 
     </span>
    </p>
   </div>
   <div class='ocr_carea' id='block_1_35' title="bbox 363 1998 1959 2076">
    <p class='ocr_par' dir='ltr' id='par_1_35' title="bbox 363 1998 1959 2076">
     <span class='ocr_line' id='line_1_35' title="bbox 363 1998 1959 2076; baseline -0.001 -17"><span class='ocrx_word' id='word_1_281' title='bbox 363 2019 495 2076; x_wconf 89' lang='lat' dir='ltr'><strong><em>pore</em></strong></span> <span class='ocrx_word' id='word_1_282' title='bbox 517 2003 785 2075; x_wconf 87' lang='lat' dir='ltr'><strong><em>passionis</em></strong></span> <span class='ocrx_word' id='word_1_283' title='bbox 813 2020 828 2058; x_wconf 87' lang='lat'><strong>:</strong></span> <span class='ocrx_word' id='word_1_284' title='bbox 857 1998 1075 2057; x_wconf 80' lang='lat' dir='ltr'><strong><em>Nullam</em></strong></span> <span class='ocrx_word' id='word_1_285' title='bbox 1103 2003 1314 2059; x_wconf 83' lang='lat' dir='ltr'><strong><em>haberes</em></strong></span> <span class='ocrx_word' id='word_1_286' title='bbox 1337 2003 1608 2059; x_wconf 82' lang='lat' dir='ltr'><strong><em>adversum</em></strong></span> <span class='ocrx_word' id='word_1_287' title='bbox 1627 2020 1709 2061; x_wconf 85' lang='lat' dir='ltr'><strong><em>me</em></strong></span> <span class='ocrx_word' id='word_1_288' title='bbox 1732 2012 1959 2075; x_wconf 88' lang='lat' dir='ltr'><strong><em>potesta-</em></strong></span> 
     </span>
    </p>
   </div>
   <div class='ocr_carea' id='block_1_36' title="bbox 281 2080 1954 2172">
    <p class='ocr_par' dir='ltr' id='par_1_36' title="bbox 281 2080 1954 2172">
     <span class='ocr_line' id='line_1_36' title="bbox 281 2080 1954 2172; baseline 0.001 -18"><span class='ocrx_word' id='word_1_289' title='bbox 281 2124 285 2131; x_wconf 61' lang='grc' dir='ltr'><strong>ν</strong></span> <span class='ocrx_word' id='word_1_290' title='bbox 365 2109 500 2165; x_wconf 86' lang='lat' dir='ltr'><strong><em>tem,</em></strong></span> <span class='ocrx_word' id='word_1_291' title='bbox 549 2098 648 2152; x_wconf 90' lang='lat' dir='ltr'><strong><em>nisi</em></strong></span> <span class='ocrx_word' id='word_1_292' title='bbox 695 2097 870 2151; x_wconf 89' lang='lat' dir='ltr'><strong><em>datum</em></strong></span> <span class='ocrx_word' id='word_1_293' title='bbox 913 2107 1043 2153; x_wconf 87' lang='lat' dir='ltr'><strong><em>esset</em></strong></span> <span class='ocrx_word' id='word_1_294' title='bbox 1088 2096 1177 2151; x_wconf 85' lang='lat' dir='ltr'><strong><em>tibi</em></strong></span> <span class='ocrx_word' id='word_1_295' title='bbox 1228 2098 1443 2164; x_wconf 85' lang='lat' dir='ltr'><strong><em>desuper</em></strong></span> <span class='ocrx_word' id='word_1_296' title='bbox 1486 2080 1667 2168; x_wconf 75' lang='lat' dir='ltr'><strong><em>(Joan.</em></strong></span> <span class='ocrx_word' id='word_1_297' title='bbox 1699 2114 1808 2165; x_wconf 77' lang='lat' dir='ltr'><strong><em>xu,</em></strong></span> <span class='ocrx_word' id='word_1_298' title='bbox 1843 2097 1954 2172; x_wconf 79' lang='lat' dir='ltr'><strong><em>ll).</em></strong></span> 
     </span>
    </p>
   </div>
   <div class='ocr_carea' id='block_1_37' title="bbox 350 2190 1955 2262">
    <p class='ocr_par' dir='ltr' id='par_1_37' title="bbox 350 2190 1955 2262">
     <span class='ocr_line' id='line_1_37' title="bbox 350 2190 1955 2262; baseline 0 -15"><span class='ocrx_word' id='word_1_299' title='bbox 350 2192 589 2262; x_wconf 77' lang='lat' dir='ltr'><strong><em>Quando</em></strong></span> <span class='ocrx_word' id='word_1_300' title='bbox 615 2198 794 2247; x_wconf 88' lang='lat' dir='ltr'><strong><em>autem</em></strong></span> <span class='ocrx_word' id='word_1_301' title='bbox 823 2204 1074 2261; x_wconf 83' lang='lat' dir='ltr'><strong><em>rogamus</em></strong></span> <span class='ocrx_word' id='word_1_302' title='bbox 1099 2205 1167 2246; x_wconf 91' lang='lat' dir='ltr'><strong><em>ne</em></strong></span> <span class='ocrx_word' id='word_1_303' title='bbox 1187 2191 1242 2245; x_wconf 88' lang='lat' dir='ltr'><strong><em>in</em></strong></span> <span class='ocrx_word' id='word_1_304' title='bbox 1280 2190 1628 2246; x_wconf 88' lang='lat' dir='ltr'><strong><em>tentationem</em></strong></span> <span class='ocrx_word' id='word_1_305' title='bbox 1658 2192 1955 2261; x_wconf 86' lang='lat' dir='ltr'><strong><em>veniamus,</em></strong></span> 
     </span>
    </p>
   </div>
   <div class='ocr_carea' id='block_1_38' title="bbox 364 2281 1959 2349">
    <p class='ocr_par' dir='ltr' id='par_1_38' title="bbox 364 2281 1959 2349">
     <span class='ocr_line' id='line_1_38' title="bbox 364 2281 1959 2349; baseline -0.001 -9"><span class='ocrx_word' id='word_1_306' title='bbox 364 2285 719 2341; x_wconf 88' lang='lat' dir='ltr'><strong><em>admonemur</em></strong></span> <span class='ocrx_word' id='word_1_307' title='bbox 748 2281 1074 2338; x_wconf 80' lang='lat' dir='ltr'><strong><em>infirmitatis</em></strong></span> <span class='ocrx_word' id='word_1_308' title='bbox 1100 2290 1156 2338; x_wconf 92' lang='lat' dir='ltr'><strong><em>et</em></strong></span> <span class='ocrx_word' id='word_1_309' title='bbox 1196 2282 1576 2349; x_wconf 83' lang='lat' dir='ltr'><strong><em>imbellicitatis</em></strong></span> <span class='ocrx_word' id='word_1_310' title='bbox 1607 2292 1806 2339; x_wconf 68' lang='lat' dir='ltr'><strong><em>nostrae</em></strong></span> <span class='ocrx_word' id='word_1_311' title='bbox 1830 2283 1959 2339; x_wconf 90' lang='lat' dir='ltr'><strong><em>dum</em></strong></span> 
     </span>
    </p>
   </div>
   <div class='ocr_carea' id='block_1_39' title="bbox 363 2376 1959 2449">
    <p class='ocr_par' dir='ltr' id='par_1_39' title="bbox 363 2376 1959 2449">
     <span class='ocr_line' id='line_1_39' title="bbox 363 2376 1959 2449; baseline -0.002 -13"><span class='ocrx_word' id='word_1_312' title='bbox 363 2380 444 2436; x_wconf 89' lang='lat' dir='ltr'><strong><em>sic</em></strong></span> <span class='ocrx_word' id='word_1_313' title='bbox 468 2392 738 2449; x_wconf 75' lang='lat' dir='ltr'><strong><em>rogamus,</em></strong></span> <span class='ocrx_word' id='word_1_314' title='bbox 766 2393 837 2434; x_wconf 92' lang='lat' dir='ltr'><strong><em>ne</em></strong></span> <span class='ocrx_word' id='word_1_315' title='bbox 874 2378 995 2448; x_wconf 89' lang='lat' dir='ltr'><strong>quis</strong></span> <span class='ocrx_word' id='word_1_316' title='bbox 1025 2392 1084 2433; x_wconf 90' lang='lat' dir='ltr'><strong><em>se</em></strong></span> <span class='ocrx_word' id='word_1_317' title='bbox 1124 2376 1421 2434; x_wconf 89' lang='lat' dir='ltr'><strong><em>insolenter</em></strong></span> <span class='ocrx_word' id='word_1_318' title='bbox 1449 2377 1708 2446; x_wconf 79' lang='lat' dir='ltr'><strong><em>extollat,</em></strong></span> <span class='ocrx_word' id='word_1_319' title='bbox 1738 2392 1807 2433; x_wconf 91' lang='lat' dir='ltr'><strong><em>ne</em></strong></span> <span class='ocrx_word' id='word_1_320' title='bbox 1839 2378 1959 2449; x_wconf 86' lang='lat' dir='ltr'><strong>quis</strong></span> 
     </span>
    </p>
   </div>
   <div class='ocr_carea' id='block_1_40' title="bbox 364 2469 1959 2541">
    <p class='ocr_par' dir='ltr' id='par_1_40' title="bbox 364 2469 1959 2541">
     <span class='ocr_line' id='line_1_40' title="bbox 364 2469 1959 2541; baseline 0 -15"><span class='ocrx_word' id='word_1_321' title='bbox 364 2470 468 2526; x_wconf 85' lang='lat' dir='ltr'><strong><em>sibi</em></strong></span> <span class='ocrx_word' id='word_1_322' title='bbox 508 2471 739 2540; x_wconf 86' lang='lat' dir='ltr'><strong><em>superbe</em></strong></span> <span class='ocrx_word' id='word_1_323' title='bbox 781 2478 942 2541; x_wconf 89' lang='lat' dir='ltr'><strong><em>atque</em></strong></span> <span class='ocrx_word' id='word_1_324' title='bbox 989 2478 1305 2541; x_wconf 77' lang='lat' dir='ltr'><strong><em>arroganter</em></strong></span> <span class='ocrx_word' id='word_1_325' title='bbox 1347 2469 1547 2541; x_wconf 87' lang='lat' dir='ltr'><strong><em>aliquid</em></strong></span> <span class='ocrx_word' id='word_1_326' title='bbox 1577 2479 1857 2537; x_wconf 91' lang='lat' dir='ltr'><strong><em>assumat,</em></strong></span> <span class='ocrx_word' id='word_1_327' title='bbox 1890 2487 1959 2527; x_wconf 90' lang='lat' dir='ltr'><strong><em>ne</em></strong></span> 
     </span>
    </p>
   </div>
   <div class='ocr_carea' id='block_1_41' title="bbox 255 2562 1957 2634">
    <p class='ocr_par' dir='ltr' id='par_1_41' title="bbox 255 2562 1957 2634">
     <span class='ocr_line' id='line_1_41' title="bbox 255 2562 1957 2634; baseline 0.002 -20"><span class='ocrx_word' id='word_1_328' title='bbox 255 2608 260 2614; x_wconf 86' lang='lat'><strong>.</strong></span> <span class='ocrx_word' id='word_1_329' title='bbox 364 2563 484 2634; x_wconf 91' lang='lat' dir='ltr'><strong>quis</strong></span> <span class='ocrx_word' id='word_1_330' title='bbox 510 2562 614 2617; x_wconf 88' lang='lat' dir='ltr'><strong>sibi</strong></span> <span class='ocrx_word' id='word_1_331' title='bbox 645 2570 738 2616; x_wconf 89' lang='lat' dir='ltr'><strong><em>aut</em></strong></span> <span class='ocrx_word' id='word_1_332' title='bbox 762 2562 1121 2618; x_wconf 78' lang='lat' dir='ltr'><strong><em>confessionis</em></strong></span> <span class='ocrx_word' id='word_1_333' title='bbox 1146 2571 1239 2617; x_wconf 90' lang='lat' dir='ltr'><strong><em>aut</em></strong></span> <span class='ocrx_word' id='word_1_334' title='bbox 1259 2563 1527 2633; x_wconf 85' lang='lat' dir='ltr'><strong><em>passionis</em></strong></span> <span class='ocrx_word' id='word_1_335' title='bbox 1552 2563 1778 2634; x_wconf 81' lang='lat' dir='ltr'><strong><em>gloriam</em></strong></span> <span class='ocrx_word' id='word_1_336' title='bbox 1805 2577 1957 2618; x_wconf 89' lang='lat' dir='ltr'><strong><em>suam</em></strong></span> 
     </span>
    </p>
   </div>
   <div class='ocr_carea' id='block_1_42' title="bbox 365 2653 1958 2726">
    <p class='ocr_par' dir='ltr' id='par_1_42' title="bbox 365 2653 1958 2726">
     <span class='ocr_line' id='line_1_42' title="bbox 365 2653 1958 2726; baseline 0 -16"><span class='ocrx_word' id='word_1_337' title='bbox 365 2654 552 2722; x_wconf 89' lang='lat' dir='ltr'><strong><em>ducat,</em></strong></span> <span class='ocrx_word' id='word_1_338' title='bbox 586 2669 707 2710; x_wconf 92' lang='lat' dir='ltr'><strong>cum</strong></span> <span class='ocrx_word' id='word_1_339' title='bbox 739 2654 997 2709; x_wconf 91' lang='lat' dir='ltr'><strong><em>Dominus</em></strong></span> <span class='ocrx_word' id='word_1_340' title='bbox 1031 2653 1149 2726; x_wconf 90' lang='lat' dir='ltr'><strong><em>ipse</em></strong></span> <span class='ocrx_word' id='word_1_341' title='bbox 1189 2653 1543 2709; x_wconf 88' lang='lat' dir='ltr'><strong><em>humilitatem</em></strong></span> <span class='ocrx_word' id='word_1_342' title='bbox 1573 2654 1775 2710; x_wconf 86' lang='lat' dir='ltr'><strong><em>docens</em></strong></span> <span class='ocrx_word' id='word_1_343' title='bbox 1803 2653 1958 2710; x_wconf 81' lang='lat' dir='ltr'><strong><em>dixe-</em></strong></span> 
     </span>
    </p>
   </div>
   <div class='ocr_carea' id='block_1_43' title="bbox 364 2744 1961 2817">
    <p class='ocr_par' dir='ltr' id='par_1_43' title="bbox 364 2744 1961 2817">
     <span class='ocr_line' id='line_1_43' title="bbox 364 2744 1961 2817; baseline -0.002 -16"><span class='ocrx_word' id='word_1_344' title='bbox 364 2746 479 2801; x_wconf 86' lang='lat' dir='ltr'><strong><em>rit:</em></strong></span> <span class='ocrx_word' id='word_1_345' title='bbox 519 2746 735 2817; x_wconf 88' lang='lat' dir='ltr'><strong><em>Vigilate</em></strong></span> <span class='ocrx_word' id='word_1_346' title='bbox 750 2754 796 2800; x_wconf 93' lang='lat' dir='ltr'><strong><em>et</em></strong></span> <span class='ocrx_word' id='word_1_347' title='bbox 822 2755 984 2813; x_wconf 88' lang='lat' dir='ltr'><strong><em>orate,</em></strong></span> <span class='ocrx_word' id='word_1_348' title='bbox 1015 2762 1078 2800; x_wconf 88' lang='lat' dir='ltr'><strong><em>ne</em></strong></span> <span class='ocrx_word' id='word_1_349' title='bbox 1119 2744 1331 2800; x_wconf 72' lang='lat' dir='ltr'><strong><em>veniatis</em></strong></span> <span class='ocrx_word' id='word_1_350' title='bbox 1366 2745 1422 2799; x_wconf 91' lang='lat' dir='ltr'><strong><em>in</em></strong></span> <span class='ocrx_word' id='word_1_351' title='bbox 1462 2746 1808 2800; x_wconf 87' lang='lat' dir='ltr'><strong><em>tentationem.</em></strong></span> <span class='ocrx_word' id='word_1_352' title='bbox 1833 2744 1961 2815; x_wconf 85' lang='lat' dir='ltr'><strong><em>Spi-</em></strong></span> 
     </span>
    </p>
   </div>
   <div class='ocr_carea' id='block_1_44' title="bbox 363 2836 1957 2909">
    <p class='ocr_par' dir='ltr' id='par_1_44' title="bbox 363 2836 1957 2909">
     <span class='ocr_line' id='line_1_44' title="bbox 363 2836 1957 2909; baseline 0.002 -19"><span class='ocrx_word' id='word_1_353' title='bbox 363 2837 495 2891; x_wconf 87' lang='lat' dir='ltr'><strong><em>ritus</em></strong></span> <span class='ocrx_word' id='word_1_354' title='bbox 522 2836 724 2905; x_wconf 75' lang='lat' dir='ltr'><strong><em>quidem</em></strong></span> <span class='ocrx_word' id='word_1_355' title='bbox 745 2847 1010 2909; x_wconf 85' lang='lat' dir='ltr'><strong><em>promptus</em></strong></span> <span class='ocrx_word' id='word_1_356' title='bbox 1039 2846 1134 2904; x_wconf 89' lang='lat' dir='ltr'><strong><em>est,</em></strong></span> <span class='ocrx_word' id='word_1_357' title='bbox 1162 2854 1283 2893; x_wconf 89' lang='lat' dir='ltr'><strong><em>caro</em></strong></span> <span class='ocrx_word' id='word_1_358' title='bbox 1319 2846 1488 2892; x_wconf 88' lang='lat' dir='ltr'><strong><em>autem</em></strong></span> <span class='ocrx_word' id='word_1_359' title='bbox 1511 2838 1719 2900; x_wconf 78' lang='lat' dir='ltr'><strong><em>inﬁrma</em></strong></span> <span class='ocrx_word' id='word_1_360' title='bbox 1763 2836 1957 2909; x_wconf 76' lang='lat' dir='ltr'><strong><em>(Marc.</em></strong></span> 
     </span>
    </p>
   </div>
   <div class='ocr_carea' id='block_1_45' title="bbox 365 2918 1962 2999">
    <p class='ocr_par' dir='ltr' id='par_1_45' title="bbox 365 2918 1962 2999">
     <span class='ocr_line' id='line_1_45' title="bbox 365 2918 1962 2999; baseline 0 -16"><span class='ocrx_word' id='word_1_361' title='bbox 365 2921 478 2991; x_wconf 73' lang='lat' dir='ltr'><strong><em>xiv,</em></strong></span> <span class='ocrx_word' id='word_1_362' title='bbox 510 2927 626 2998; x_wconf 78' lang='lat'><strong><em>58);</em></strong></span> <span class='ocrx_word' id='word_1_363' title='bbox 658 2936 736 2996; x_wconf 91' lang='lat' dir='ltr'><strong><em>ut,</em></strong></span> <span class='ocrx_word' id='word_1_364' title='bbox 767 2928 893 2984; x_wconf 91' lang='lat' dir='ltr'><strong><em>dum</em></strong></span> <span class='ocrx_word' id='word_1_365' title='bbox 914 2918 1173 2999; x_wconf 61' lang='lat' dir='ltr'><strong><em>praecedit</em></strong></span> <span class='ocrx_word' id='word_1_366' title='bbox 1202 2928 1419 2983; x_wconf 78' lang='lat' dir='ltr'><strong>humilis</strong></span> <span class='ocrx_word' id='word_1_367' title='bbox 1442 2938 1494 2983; x_wconf 91' lang='lat' dir='ltr'><strong><em>et</em></strong></span> <span class='ocrx_word' id='word_1_368' title='bbox 1515 2929 1799 2984; x_wconf 89' lang='lat' dir='ltr'><strong><em>summissa</em></strong></span> <span class='ocrx_word' id='word_1_369' title='bbox 1840 2944 1962 2984; x_wconf 89' lang='lat' dir='ltr'><strong><em>con-</em></strong></span> 
     </span>
    </p>
   </div>
   <div class='ocr_carea' id='block_1_46' title="bbox 363 3019 1960 3092">
    <p class='ocr_par' dir='ltr' id='par_1_46' title="bbox 363 3019 1960 3092">
     <span class='ocr_line' id='line_1_46' title="bbox 363 3019 1960 3092; baseline -0.001 -15"><span class='ocrx_word' id='word_1_370' title='bbox 363 3020 529 3078; x_wconf 80' lang='lat' dir='ltr'><strong><em>fessio</em></strong></span> <span class='ocrx_word' id='word_1_371' title='bbox 556 3027 611 3076; x_wconf 90' lang='lat' dir='ltr'><strong><em>et</em></strong></span> <span class='ocrx_word' id='word_1_372' title='bbox 643 3019 800 3075; x_wconf 89' lang='lat' dir='ltr'><strong><em>datur</em></strong></span> <span class='ocrx_word' id='word_1_373' title='bbox 838 3028 1003 3075; x_wconf 92' lang='lat' dir='ltr'><strong><em>totum</em></strong></span> <span class='ocrx_word' id='word_1_374' title='bbox 1031 3021 1141 3076; x_wconf 85' lang='lat' dir='ltr'><strong><em>Deo</em></strong></span> <span class='ocrx_word' id='word_1_375' title='bbox 1160 3062 1177 3088; x_wconf 93' lang='lat'><strong><em>,</em></strong></span> <span class='ocrx_word' id='word_1_376' title='bbox 1207 3019 1456 3092; x_wconf 90' lang='lat' dir='ltr'><strong><em>quicquid</em></strong></span> <span class='ocrx_word' id='word_1_377' title='bbox 1488 3019 1802 3090; x_wconf 89' lang='lat' dir='ltr'><strong><em>suppliciter</em></strong></span> <span class='ocrx_word' id='word_1_378' title='bbox 1837 3035 1960 3075; x_wconf 91' lang='lat' dir='ltr'><strong><em>cum</em></strong></span> 
     </span>
    </p>
   </div>
   <div class='ocr_carea' id='block_1_47' title="bbox 367 3112 1956 3184">
    <p class='ocr_par' dir='ltr' id='par_1_47' title="bbox 367 3112 1956 3184">
     <span class='ocr_line' id='line_1_47' title="bbox 367 3112 1956 3184; baseline -0.002 -14"><span class='ocrx_word' id='word_1_379' title='bbox 367 3116 562 3171; x_wconf 88' lang='lat' dir='ltr'><strong><em>timore</em></strong></span> <span class='ocrx_word' id='word_1_380' title='bbox 591 3122 647 3169; x_wconf 92' lang='lat' dir='ltr'><strong><em>et</em></strong></span> <span class='ocrx_word' id='word_1_381' title='bbox 671 3113 874 3181; x_wconf 86' lang='lat' dir='ltr'><strong><em>honore</em></strong></span> <span class='ocrx_word' id='word_1_382' title='bbox 902 3114 991 3168; x_wconf 90' lang='lat' dir='ltr'><strong><em>Dei</em></strong></span> <span class='ocrx_word' id='word_1_383' title='bbox 1017 3114 1213 3184; x_wconf 88' lang='lat' dir='ltr'><strong><em>petitur</em></strong></span> <span class='ocrx_word' id='word_1_384' title='bbox 1232 3112 1400 3183; x_wconf 90' lang='lat' dir='ltr'><strong><em>ipsius</em></strong></span> <span class='ocrx_word' id='word_1_385' title='bbox 1427 3112 1626 3182; x_wconf 90' lang='lat' dir='ltr'><strong><em>pietate</em></strong></span> <span class='ocrx_word' id='word_1_386' title='bbox 1652 3121 1956 3182; x_wconf 68' lang='lat' dir='ltr'><strong><em>praestetur.</em></strong></span> 
     </span>
    </p>
   </div>
   <div class='ocr_carea' id='block_1_48' title="bbox 2062 1916 3660 1992">
    <p class='ocr_par' dir='ltr' id='par_1_48' title="bbox 2062 1916 3660 1992">
     <span class='ocr_line' id='line_1_48' title="bbox 2062 1916 3660 1992; baseline -0.003 -17"><span class='ocrx_word' id='word_1_387' title='bbox 2062 1920 2251 1992; x_wconf 83' lang='lat' dir='ltr'><strong><em>plexus</em></strong></span> <span class='ocrx_word' id='word_1_388' title='bbox 2275 1928 2359 1975; x_wconf 90' lang='lat' dir='ltr'><strong><em>est</em></strong></span> <span class='ocrx_word' id='word_1_389' title='bbox 2385 1919 2571 1974; x_wconf 87' lang='lat' dir='ltr'><strong><em>dicens</em></strong></span> <span class='ocrx_word' id='word_1_390' title='bbox 2594 1936 2606 1971; x_wconf 90' lang='lat'>:</span> <span class='ocrx_word' id='word_1_391' title='bbox 2639 1916 2764 1971; x_wconf 66' lang='lat' dir='ltr'><strong><em>Haec</em></strong></span> <span class='ocrx_word' id='word_1_392' title='bbox 2804 1926 2880 1972; x_wconf 88' lang='lat' dir='ltr'><strong><em>est</em></strong></span> <span class='ocrx_word' id='word_1_393' title='bbox 2916 1928 3086 1971; x_wconf 86' lang='lat' dir='ltr'><strong><em>autem</em></strong></span> <span class='ocrx_word' id='word_1_394' title='bbox 3128 1918 3230 1971; x_wconf 77' lang='lat' dir='ltr'><strong><em>vita</em></strong></span> <span class='ocrx_word' id='word_1_395' title='bbox 3255 1926 3468 1986; x_wconf 63' lang='lat' dir='ltr'><strong><em>aeterna,</em></strong></span> <span class='ocrx_word' id='word_1_396' title='bbox 3491 1927 3549 1972; x_wconf 87' lang='lat' dir='ltr'><strong><em>ut</em></strong></span> <span class='ocrx_word' id='word_1_397' title='bbox 3577 1934 3660 1971; x_wconf 89' lang='lat' dir='ltr'><strong><em>co-</em></strong></span> 
     </span>
    </p>
   </div>
   <div class='ocr_carea' id='block_1_49' title="bbox 2062 2006 3661 2086">
    <p class='ocr_par' dir='ltr' id='par_1_49' title="bbox 2062 2006 3661 2086">
     <span class='ocr_line' id='line_1_49' title="bbox 2062 2006 3661 2086; baseline -0.003 -17"><span class='ocrx_word' id='word_1_398' title='bbox 2062 2022 2309 2086; x_wconf 88' lang='lat' dir='ltr'><strong><em>gnoscant</em></strong></span> <span class='ocrx_word' id='word_1_399' title='bbox 2344 2022 2390 2067; x_wconf 91' lang='lat' dir='ltr'><strong><em>te</em></strong></span> <span class='ocrx_word' id='word_1_400' title='bbox 2428 2012 2596 2067; x_wconf 89' lang='lat' dir='ltr'><strong><em>solum</em></strong></span> <span class='ocrx_word' id='word_1_401' title='bbox 2638 2020 2686 2065; x_wconf 87' lang='lat' dir='ltr'><strong><em>et</em></strong></span> <span class='ocrx_word' id='word_1_402' title='bbox 2713 2026 2884 2065; x_wconf 82' lang='lat' dir='ltr'><strong><em>verum</em></strong></span> <span class='ocrx_word' id='word_1_403' title='bbox 2910 2006 2938 2047; x_wconf 76' lang='grc' dir='ltr'><strong>ἀ</strong></span> <span class='ocrx_word' id='word_1_404' title='bbox 2976 2009 3165 2074; x_wconf 89' lang='lat' dir='ltr'><strong><em>Deum,</em></strong></span> <span class='ocrx_word' id='word_1_405' title='bbox 3192 2019 3241 2064; x_wconf 91' lang='lat' dir='ltr'><strong><em>et</em></strong></span> <span class='ocrx_word' id='word_1_406' title='bbox 3286 2026 3436 2080; x_wconf 76' lang='lat' dir='ltr'><strong><em>quens</em></strong></span> <span class='ocrx_word' id='word_1_407' title='bbox 3474 2009 3661 2064; x_wconf 87' lang='lat' dir='ltr'><strong><em>misisti</em></strong></span> 
     </span>
    </p>
   </div>
   <div class='ocr_carea' id='block_1_50' title="bbox 2059 2098 3660 2174">
    <p class='ocr_par' dir='ltr' id='par_1_50' title="bbox 2059 2098 3660 2174">
     <span class='ocr_line' id='line_1_50' title="bbox 2059 2098 3660 2174; baseline -0.004 -13"><span class='ocrx_word' id='word_1_408' title='bbox 2059 2105 2239 2162; x_wconf 87' lang='lat' dir='ltr'><strong><em>Jcsum</em></strong></span> <span class='ocrx_word' id='word_1_409' title='bbox 2267 2105 2523 2161; x_wconf 86' lang='lat' dir='ltr'><strong><em>Christum</em></strong></span> <span class='ocrx_word' id='word_1_410' title='bbox 2555 2101 2738 2173; x_wconf 79' lang='lat' dir='ltr'><strong><em>(Joan.</em></strong></span> <span class='ocrx_word' id='word_1_411' title='bbox 2769 2117 2897 2166; x_wconf 83' lang='lat' dir='ltr'><strong><em>xvn,</em></strong></span> <span class='ocrx_word' id='word_1_412' title='bbox 2926 2099 3001 2174; x_wconf 90' lang='lat'><strong><em>8).</em></strong></span> <span class='ocrx_word' id='word_1_413' title='bbox 3022 2099 3173 2164; x_wconf 87' lang='lat' dir='ltr'><strong><em>Item,</em></strong></span> <span class='ocrx_word' id='word_1_414' title='bbox 3204 2116 3325 2156; x_wconf 92' lang='lat' dir='ltr'><strong><em>cum</em></strong></span> <span class='ocrx_word' id='word_1_415' title='bbox 3342 2098 3411 2156; x_wconf 90' lang='lat' dir='ltr'><strong><em>de</em></strong></span> <span class='ocrx_word' id='word_1_416' title='bbox 3438 2100 3584 2171; x_wconf 85' lang='lat' dir='ltr'><strong><em>Lege</em></strong></span> <span class='ocrx_word' id='word_1_417' title='bbox 3605 2111 3660 2155; x_wconf 92' lang='lat' dir='ltr'><strong><em>et</em></strong></span> 
     </span>
    </p>
   </div>
   <div class='ocr_carea' id='block_1_51' title="bbox 2061 2192 3654 2270">
    <p class='ocr_par' dir='ltr' id='par_1_51' title="bbox 2061 2192 3654 2270">
     <span class='ocr_line' id='line_1_51' title="bbox 2061 2192 3654 2270; baseline -0.005 -17"><span class='ocrx_word' id='word_1_418' title='bbox 2061 2197 2346 2270; x_wconf 86' lang='lat' dir='ltr'><strong><em>Prophelis</em></strong></span> <span class='ocrx_word' id='word_1_419' title='bbox 2392 2204 2658 2268; x_wconf 65' lang='lat' dir='ltr'><strong><em>praecepta</em></strong></span> <span class='ocrx_word' id='word_1_420' title='bbox 2721 2194 2887 2264; x_wconf 89' lang='lat' dir='ltr'><strong><em>prima</em></strong></span> <span class='ocrx_word' id='word_1_421' title='bbox 2938 2203 2993 2249; x_wconf 89' lang='lat' dir='ltr'><strong><em>et</em></strong></span> <span class='ocrx_word' id='word_1_422' title='bbox 3047 2192 3250 2263; x_wconf 86' lang='lat' dir='ltr'><strong><em>majora</em></strong></span> <span class='ocrx_word' id='word_1_423' title='bbox 3306 2192 3654 2262; x_wconf 88' lang='lat' dir='ltr'><strong><em>decerperet,</em></strong></span> 
     </span>
    </p>
   </div>
   <div class='ocr_carea' id='block_1_52' title="bbox 2062 2282 3655 2359">
    <p class='ocr_par' dir='ltr' id='par_1_52' title="bbox 2062 2282 3655 2359">
     <span class='ocr_line' id='line_1_52' title="bbox 2062 2282 3655 2359; baseline -0.005 -14"><span class='ocrx_word' id='word_1_424' title='bbox 2062 2290 2217 2356; x_wconf 79' lang='lat' dir='ltr'><strong><em>Audi,</em></strong></span> <span class='ocrx_word' id='word_1_425' title='bbox 2241 2288 2430 2359; x_wconf 83' lang='lat' dir='ltr'><strong><em>inquit,</em></strong></span> <span class='ocrx_word' id='word_1_426' title='bbox 2458 2285 2646 2351; x_wconf 83' lang='lat' dir='ltr'><strong><em>Israel,</em></strong></span> <span class='ocrx_word' id='word_1_427' title='bbox 2672 2284 2921 2338; x_wconf 89' lang='lat' dir='ltr'><strong><em>Dominus</em></strong></span> <span class='ocrx_word' id='word_1_428' title='bbox 2945 2282 3085 2338; x_wconf 86' lang='lat' dir='ltr'><strong><em>Deus</em></strong></span> <span class='ocrx_word' id='word_1_429' title='bbox 3102 2293 3218 2338; x_wconf 89' lang='lat' dir='ltr'><strong><em>tuus</em></strong></span> <span class='ocrx_word' id='word_1_430' title='bbox 3248 2282 3386 2337; x_wconf 88' lang='lat' dir='ltr'><strong><em>Deus</em></strong></span> <span class='ocrx_word' id='word_1_431' title='bbox 3410 2300 3542 2338; x_wconf 86' lang='lat' dir='ltr'><strong><em>unus</em></strong></span> <span class='ocrx_word' id='word_1_432' title='bbox 3563 2292 3655 2337; x_wconf 90' lang='lat' dir='ltr'><strong><em>est.</em></strong></span> 
     </span>
    </p>
   </div>
   <div class='ocr_carea' id='block_1_53' title="bbox 2063 2374 3734 2451">
    <p class='ocr_par' dir='ltr' id='par_1_53' title="bbox 2063 2374 3734 2451">
     <span class='ocr_line' id='line_1_53' title="bbox 2063 2374 3734 2451; baseline -0.001 -18"><span class='ocrx_word' id='word_1_433' title='bbox 2063 2378 2132 2434; x_wconf 89' lang='lat' dir='ltr'><strong><em>Et</em></strong></span> <span class='ocrx_word' id='word_1_434' title='bbox 2161 2379 2340 2451; x_wconf 85' lang='lat' dir='ltr'><strong><em>diliges</em></strong></span> <span class='ocrx_word' id='word_1_435' title='bbox 2366 2376 2645 2432; x_wconf 89' lang='lat' dir='ltr'><strong><em>Dominum</em></strong></span> <span class='ocrx_word' id='word_1_436' title='bbox 2670 2375 2832 2431; x_wconf 90' lang='lat' dir='ltr'><strong><em>Deum</em></strong></span> <span class='ocrx_word' id='word_1_437' title='bbox 2871 2384 3013 2430; x_wconf 88' lang='lat' dir='ltr'><strong><em>tuum</em></strong></span> <span class='ocrx_word' id='word_1_438' title='bbox 3045 2374 3108 2429; x_wconf 89' lang='lat' dir='ltr'><strong><em>de</em></strong></span> <span class='ocrx_word' id='word_1_439' title='bbox 3142 2383 3247 2429; x_wconf 91' lang='lat' dir='ltr'><strong><em>toto</em></strong></span> <span class='ocrx_word' id='word_1_440' title='bbox 3271 2374 3423 2429; x_wconf 85' lang='lat' dir='ltr'><strong><em>corde</em></strong></span> <span class='ocrx_word' id='word_1_441' title='bbox 3470 2384 3575 2443; x_wconf 89' lang='lat' dir='ltr'><strong><em>tuo,</em></strong></span> <span class='ocrx_word' id='word_1_442' title='bbox 3611 2383 3659 2429; x_wconf 89' lang='lat' dir='ltr'><strong><em>et</em></strong></span> <span class='ocrx_word' id='word_1_443' title='bbox 3731 2429 3734 2432; x_wconf 83' lang='lat'><strong><em>.</em></strong></span> 
     </span>
    </p>
   </div>
   <div class='ocr_carea' id='block_1_54' title="bbox 2061 2466 3656 2537">
    <p class='ocr_par' dir='ltr' id='par_1_54' title="bbox 2061 2466 3656 2537">
     <span class='ocr_line' id='line_1_54' title="bbox 2061 2466 3656 2537; baseline -0.003 -12"><span class='ocrx_word' id='word_1_444' title='bbox 2061 2471 2126 2525; x_wconf 86' lang='lat' dir='ltr'><strong><em>de</em></strong></span> <span class='ocrx_word' id='word_1_445' title='bbox 2145 2480 2250 2525; x_wconf 90' lang='lat' dir='ltr'><strong><em>tota</em></strong></span> <span class='ocrx_word' id='word_1_446' title='bbox 2274 2470 2446 2523; x_wconf 89' lang='lat' dir='ltr'><strong><em>anima</em></strong></span> <span class='ocrx_word' id='word_1_447' title='bbox 2472 2478 2577 2536; x_wconf 90' lang='lat' dir='ltr'><strong><em>tua,</em></strong></span> <span class='ocrx_word' id='word_1_448' title='bbox 2604 2476 2651 2522; x_wconf 91' lang='lat' dir='ltr'><strong><em>et</em></strong></span> <span class='ocrx_word' id='word_1_449' title='bbox 2678 2468 2741 2521; x_wconf 90' lang='lat' dir='ltr'><strong><em>de</em></strong></span> <span class='ocrx_word' id='word_1_450' title='bbox 2769 2476 2872 2521; x_wconf 86' lang='lat' dir='ltr'><strong><em>tota</em></strong></span> <span class='ocrx_word' id='word_1_451' title='bbox 2895 2469 3078 2522; x_wconf 85' lang='lat' dir='ltr'><strong><em>virtute</em></strong></span> <span class='ocrx_word' id='word_1_452' title='bbox 3096 2478 3183 2522; x_wconf 89' lang='lat' dir='ltr'><strong><em>tua</em></strong></span> <span class='ocrx_word' id='word_1_453' title='bbox 3200 2466 3469 2535; x_wconf 77' lang='lat' dir='ltr'><strong><em>(Deut.v1,</em></strong></span> <span class='ocrx_word' id='word_1_454' title='bbox 3487 2468 3543 2531; x_wconf 59' lang='lat' dir='ltr'><strong><em>ei,</em></strong></span> <span class='ocrx_word' id='word_1_455' title='bbox 3573 2466 3656 2537; x_wconf 87' lang='grc'><strong>5).</strong></span> 
     </span>
    </p>
   </div>
   <div class='ocr_carea' id='block_1_55' title="bbox 2065 2557 3655 2631">
    <p class='ocr_par' dir='ltr' id='par_1_55' title="bbox 2065 2557 3655 2631">
     <span class='ocr_line' id='line_1_55' title="bbox 2065 2557 3655 2631; baseline -0.003 -15"><span class='ocrx_word' id='word_1_456' title='bbox 2065 2560 2179 2616; x_wconf 83' lang='lat' dir='ltr'><strong><em>Hoc</em></strong></span> <span class='ocrx_word' id='word_1_457' title='bbox 2198 2570 2270 2615; x_wconf 87' lang='lat' dir='ltr'><strong><em>est</em></strong></span> <span class='ocrx_word' id='word_1_458' title='bbox 2283 2560 2503 2631; x_wconf 88' lang='lat' dir='ltr'><strong><em>primum</em></strong></span> <span class='ocrx_word' id='word_1_459' title='bbox 2523 2558 2842 2613; x_wconf 89' lang='lat' dir='ltr'><strong><em>mandatum.</em></strong></span> <span class='ocrx_word' id='word_1_460' title='bbox 2857 2557 2926 2611; x_wconf 73' lang='lat' dir='ltr'><strong><em>Et</em></strong></span> <span class='ocrx_word' id='word_1_461' title='bbox 2941 2558 3216 2614; x_wconf 87' lang='lat' dir='ltr'><strong><em>secundum</em></strong></span> <span class='ocrx_word' id='word_1_462' title='bbox 3232 2558 3394 2613; x_wconf 88' lang='lat' dir='ltr'><strong><em>simile</em></strong></span> <span class='ocrx_word' id='word_1_463' title='bbox 3407 2567 3478 2613; x_wconf 88' lang='lat' dir='ltr'><strong><em>est</em></strong></span> <span class='ocrx_word' id='word_1_464' title='bbox 3493 2557 3608 2611; x_wconf 85' lang='lat' dir='ltr'><strong><em>huic</em></strong></span> <span class='ocrx_word' id='word_1_465' title='bbox 3635 2573 3655 2612; x_wconf 89' lang='lat'><strong><em>:</em></strong></span> 
     </span>
    </p>
   </div>
   <div class='ocr_carea' id='block_1_56' title="bbox 2062 2651 3701 2726">
    <p class='ocr_par' dir='ltr' id='par_1_56' title="bbox 2062 2651 3701 2726">
     <span class='ocr_line' id='line_1_56' title="bbox 2062 2651 3701 2726; baseline -0.002 -17"><span class='ocrx_word' id='word_1_466' title='bbox 2062 2654 2258 2726; x_wconf 87' lang='lat' dir='ltr'><strong><em>Diliges</em></strong></span> <span class='ocrx_word' id='word_1_467' title='bbox 2285 2653 2571 2725; x_wconf 70' lang='lat' dir='ltr'><strong><em>proximum</em></strong></span> <span class='ocrx_word' id='word_1_468' title='bbox 2598 2652 2686 2706; x_wconf 85' lang='lat' dir='ltr'><strong><em>tibi</em></strong></span> <span class='ocrx_word' id='word_1_469' title='bbox 2712 2661 2965 2722; x_wconf 86' lang='lat' dir='ltr'><strong><em>tamquam</em></strong></span> <span class='ocrx_word' id='word_1_470' title='bbox 3009 2660 3056 2705; x_wconf 86' lang='lat' dir='ltr'><strong><em>te</em></strong></span> <span class='ocrx_word' id='word_1_471' title='bbox 3089 2653 3257 2722; x_wconf 90' lang='lat' dir='ltr'><strong><em>ipsum</em></strong></span> <span class='ocrx_word' id='word_1_472' title='bbox 3289 2663 3312 2689; x_wconf 78' lang='grc' dir='ltr'><strong>ο</strong></span> <span class='ocrx_word' id='word_1_473' title='bbox 3337 2651 3526 2725; x_wconf 73' lang='lat' dir='ltr'><strong><em>(Marc.</em></strong></span> <span class='ocrx_word' id='word_1_474' title='bbox 3560 2667 3656 2721; x_wconf 77' lang='lat' dir='ltr'><strong><em>xu,</em></strong></span> <span class='ocrx_word' id='word_1_475' title='bbox 3698 2664 3701 2665; x_wconf 71' lang='lat'><strong><em>&#39;</em></strong></span> 
     </span>
    </p>
   </div>
   <div class='ocr_carea' id='block_1_57' title="bbox 2060 2732 3661 2815">
    <p class='ocr_par' dir='ltr' id='par_1_57' title="bbox 2060 2732 3661 2815">
     <span class='ocr_line' id='line_1_57' title="bbox 2060 2732 3661 2815; baseline -0.002 -15"><span class='ocrx_word' id='word_1_476' title='bbox 2060 2732 2277 2815; x_wconf 71' lang='lat'><strong><em>29-31).</em></strong></span> <span class='ocrx_word' id='word_1_477' title='bbox 2303 2744 2367 2800; x_wconf 89' lang='lat' dir='ltr'><strong><em>In</em></strong></span> <span class='ocrx_word' id='word_1_478' title='bbox 2395 2746 2473 2800; x_wconf 86' lang='lat' dir='ltr'><strong><em>his</em></strong></span> <span class='ocrx_word' id='word_1_479' title='bbox 2510 2744 2703 2799; x_wconf 86' lang='lat' dir='ltr'><strong><em>duobus</em></strong></span> <span class='ocrx_word' id='word_1_480' title='bbox 2726 2744 2989 2813; x_wconf 67' lang='lat' dir='ltr'><strong><em>praeceptis</em></strong></span> <span class='ocrx_word' id='word_1_481' title='bbox 3004 2752 3110 2798; x_wconf 92' lang='lat' dir='ltr'><strong><em>tota</em></strong></span> <span class='ocrx_word' id='word_1_482' title='bbox 3123 2742 3229 2798; x_wconf 71' lang='lat' dir='ltr'><strong><em>Lex</em></strong></span> <span class='ocrx_word' id='word_1_483' title='bbox 3249 2744 3429 2813; x_wconf 87' lang='lat' dir='ltr'><strong><em>pendet</em></strong></span> <span class='ocrx_word' id='word_1_484' title='bbox 3454 2753 3501 2799; x_wconf 89' lang='lat' dir='ltr'><strong><em>et</em></strong></span> <span class='ocrx_word' id='word_1_485' title='bbox 3528 2741 3661 2797; x_wconf 50' lang='lat' dir='ltr'><strong><em>Pro.</em></strong></span> 
     </span>
    </p>
   </div>
   <div class='ocr_carea' id='block_1_58' title="bbox 2063 2835 3660 2911">
    <p class='ocr_par' dir='ltr' id='par_1_58' title="bbox 2063 2835 3660 2911">
     <span class='ocr_line' id='line_1_58' title="bbox 2063 2835 3660 2911; baseline -0.004 -18"><span class='ocrx_word' id='word_1_486' title='bbox 2063 2840 2230 2911; x_wconf 80' lang='lat' dir='ltr'><strong><em>phette</em></strong></span> <span class='ocrx_word' id='word_1_487' title='bbox 2257 2839 2473 2909; x_wconf 81' lang='lat' dir='ltr'><strong><em>(Matth.</em></strong></span> <span class='ocrx_word' id='word_1_488' title='bbox 2513 2853 2653 2904; x_wconf 80' lang='lat' dir='ltr'><strong><em>xxii,</em></strong></span> <span class='ocrx_word' id='word_1_489' title='bbox 2688 2835 2805 2907; x_wconf 71' lang='grc'><strong>40).</strong></span> <span class='ocrx_word' id='word_1_490' title='bbox 2841 2836 2907 2890; x_wconf 83' lang='grc' dir='ltr'>Ει</span> <span class='ocrx_word' id='word_1_491' title='bbox 2944 2835 3138 2891; x_wconf 89' lang='lat' dir='ltr'><strong><em>iterum</em></strong></span> <span class='ocrx_word' id='word_1_492' title='bbox 3167 2853 3180 2890; x_wconf 90' lang='lat'><strong>:</strong></span> <span class='ocrx_word' id='word_1_493' title='bbox 3212 2835 3551 2905; x_wconf 67' lang='lat' dir='ltr'><strong><em>Quaecumque</em></strong></span> <span class='ocrx_word' id='word_1_494' title='bbox 3574 2849 3660 2887; x_wconf 83' lang='lat' dir='ltr'><strong><em>vo-</em></strong></span> 
     </span>
    </p>
   </div>
   <div class='ocr_carea' id='block_1_59' title="bbox 2063 2929 3661 3003">
    <p class='ocr_par' dir='ltr' id='par_1_59' title="bbox 2063 2929 3661 3003">
     <span class='ocr_line' id='line_1_59' title="bbox 2063 2929 3661 3003; baseline -0.005 -13"><span class='ocrx_word' id='word_1_495' title='bbox 2063 2935 2260 2991; x_wconf 87' lang='lat' dir='ltr'><strong><em>lueritis</em></strong></span> <span class='ocrx_word' id='word_1_496' title='bbox 2286 2942 2341 2987; x_wconf 86' lang='lat' dir='ltr'><strong><em>ut</em></strong></span> <span class='ocrx_word' id='word_1_497' title='bbox 2380 2933 2569 3003; x_wconf 80' lang='lat' dir='ltr'><strong><em>faciant</em></strong></span> <span class='ocrx_word' id='word_1_498' title='bbox 2606 2931 2748 2985; x_wconf 84' lang='lat' dir='ltr'><strong><em>vobis</em></strong></span> <span class='ocrx_word' id='word_1_499' title='bbox 2778 2931 3005 2985; x_wconf 86' lang='lat' dir='ltr'><strong><em>homines</em></strong></span> <span class='ocrx_word' id='word_1_500' title='bbox 3041 2931 3192 2995; x_wconf 89' lang='lat' dir='ltr'><strong><em>bona,</em></strong></span> <span class='ocrx_word' id='word_1_501' title='bbox 3220 2930 3364 2983; x_wconf 84' lang='lat' dir='ltr'><strong><em>itaet</em></strong></span> <span class='ocrx_word' id='word_1_502' title='bbox 3404 2944 3489 2982; x_wconf 78' lang='lat' dir='ltr'><strong><em>vos</em></strong></span> <span class='ocrx_word' id='word_1_503' title='bbox 3510 2929 3661 2998; x_wconf 80' lang='lat' dir='ltr'><strong><em>facite</em></strong></span> 
     </span>
    </p>
   </div>
   <div class='ocr_carea' id='block_1_60' title="bbox 2062 3018 3523 3093">
    <p class='ocr_par' dir='ltr' id='par_1_60' title="bbox 2062 3018 3523 3093">
     <span class='ocr_line' id='line_1_60' title="bbox 2062 3018 3523 3093; baseline -0.009 -10"><span class='ocrx_word' id='word_1_504' title='bbox 2062 3028 2186 3083; x_wconf 90' lang='lat' dir='ltr'><strong><em>illis.</em></strong></span> <span class='ocrx_word' id='word_1_505' title='bbox 2213 3027 2336 3081; x_wconf 64' lang='lat' dir='ltr'><strong><em>Haec</em></strong></span> <span class='ocrx_word' id='word_1_506' title='bbox 2357 3036 2430 3081; x_wconf 90' lang='lat' dir='ltr'><strong><em>est</em></strong></span> <span class='ocrx_word' id='word_1_507' title='bbox 2450 3026 2582 3079; x_wconf 84' lang='lat' dir='ltr'><strong><em>enim</em></strong></span> <span class='ocrx_word' id='word_1_508' title='bbox 2602 3022 2770 3078; x_wconf 72' lang='lat' dir='ltr'><strong><em>Lezet</em></strong></span> <span class='ocrx_word' id='word_1_509' title='bbox 2787 3021 3060 3093; x_wconf 74' lang='lat' dir='ltr'><strong><em>Propheta:</em></strong></span> <span class='ocrx_word' id='word_1_510' title='bbox 3096 3019 3258 3091; x_wconf 88' lang='lat' dir='ltr'><strong><em>(Ibid.</em></strong></span> <span class='ocrx_word' id='word_1_511' title='bbox 3284 3035 3379 3085; x_wconf 88' lang='lat' dir='ltr'><strong><em>vn,</em></strong></span> <span class='ocrx_word' id='word_1_512' title='bbox 3410 3018 3523 3087; x_wconf 74' lang='grc'><strong>12).</strong></span> 
     </span>
    </p>
   </div>
   <div class='ocr_carea' id='block_1_61' title="bbox 2135 3107 3659 3175">
    <p class='ocr_par' dir='ltr' id='par_1_61' title="bbox 2135 3107 3659 3175">
     <span class='ocr_line' id='line_1_61' title="bbox 2135 3107 3659 3175; baseline -0.007 -1"><span class='ocrx_word' id='word_1_513' title='bbox 2135 3118 2329 3173; x_wconf 87' lang='lat' dir='ltr'><strong>XXIX.</strong></span> <span class='ocrx_word' id='word_1_514' title='bbox 2370 3117 2480 3172; x_wconf 88' lang='lat' dir='ltr'><strong><em>Nec</em></strong></span> <span class='ocrx_word' id='word_1_515' title='bbox 2510 3114 2688 3171; x_wconf 84' lang='lat' dir='ltr'><strong><em>verbis</em></strong></span> <span class='ocrx_word' id='word_1_516' title='bbox 2716 3123 2943 3175; x_wconf 89' lang='lat' dir='ltr'><strong><em>tantum.</em></strong></span> <span class='ocrx_word' id='word_1_517' title='bbox 2990 3110 3083 3167; x_wconf 91' lang='lat' dir='ltr'><strong><em>sed</em></strong></span> <span class='ocrx_word' id='word_1_518' title='bbox 3109 3118 3164 3165; x_wconf 92' lang='lat' dir='ltr'><strong><em>et</em></strong></span> <span class='ocrx_word' id='word_1_519' title='bbox 3203 3110 3354 3165; x_wconf 85' lang='lat' dir='ltr'><strong><em>factis</em></strong></span> <span class='ocrx_word' id='word_1_520' title='bbox 3403 3107 3659 3163; x_wconf 90' lang='lat' dir='ltr'><strong><em>Dominus</em></strong></span> 
     </span>
    </p>
   </div>
   <div class='ocr_carea' id='block_1_62' title="bbox 435 3199 3656 3277">
    <p class='ocr_par' dir='ltr' id='par_1_62' title="bbox 435 3199 3656 3277">
     <span class='ocr_line' id='line_1_62' title="bbox 435 3199 3656 3277; baseline -0.002 -16"><span class='ocrx_word' id='word_1_521' title='bbox 435 3205 649 3262; x_wconf 82' lang='lat' dir='ltr'><strong>XXVII.</strong></span> <span class='ocrx_word' id='word_1_522' title='bbox 678 3205 808 3261; x_wconf 91' lang='lat' dir='ltr'><strong><em>Post</em></strong></span> <span class='ocrx_word' id='word_1_523' title='bbox 845 3206 943 3259; x_wconf 88' lang='lat' dir='ltr'><strong><em>ista</em></strong></span> <span class='ocrx_word' id='word_1_524' title='bbox 973 3206 1152 3259; x_wconf 91' lang='lat' dir='ltr'><strong><em>omnia</em></strong></span> <span class='ocrx_word' id='word_1_525' title='bbox 1181 3204 1233 3259; x_wconf 91' lang='lat' dir='ltr'><strong><em>in</em></strong></span> <span class='ocrx_word' id='word_1_526' title='bbox 1265 3206 1726 3260; x_wconf 90' lang='lat' dir='ltr'><strong><em>consummatione</em></strong></span> <span class='ocrx_word' id='word_1_527' title='bbox 1759 3205 1959 3261; x_wconf 59' lang='lat' dir='ltr'><strong><em>oratio.</em></strong></span> <span class='ocrx_word' id='word_1_528' title='bbox 1985 3199 2031 3263; x_wconf 88' lang='lat' dir='ltr'>C</span> <span class='ocrx_word' id='word_1_529' title='bbox 2063 3226 2220 3267; x_wconf 89' lang='lat' dir='ltr'><strong><em>orare</em></strong></span> <span class='ocrx_word' id='word_1_530' title='bbox 2243 3224 2343 3265; x_wconf 90' lang='lat' dir='ltr'><strong><em>nos</em></strong></span> <span class='ocrx_word' id='word_1_531' title='bbox 2367 3207 2570 3272; x_wconf 84' lang='lat' dir='ltr'><strong><em>docuit,</em></strong></span> <span class='ocrx_word' id='word_1_532' title='bbox 2598 3207 2711 3277; x_wconf 82' lang='lat' dir='ltr'><strong><em>ipse</em></strong></span> <span class='ocrx_word' id='word_1_533' title='bbox 2739 3217 2902 3262; x_wconf 88' lang='lat' dir='ltr'><strong><em>orans</em></strong></span> <span class='ocrx_word' id='word_1_534' title='bbox 2922 3202 3234 3273; x_wconf 88' lang='lat' dir='ltr'><strong><em>frequenter</em></strong></span> <span class='ocrx_word' id='word_1_535' title='bbox 3257 3209 3313 3256; x_wconf 88' lang='lat' dir='ltr'><strong><em>et</em></strong></span> <span class='ocrx_word' id='word_1_536' title='bbox 3336 3199 3656 3270; x_wconf 89' lang='lat' dir='ltr'><strong><em>deprecans,</em></strong></span> 
     </span>
    </p>
   </div>
   <div class='ocr_carea' id='block_1_63' title="bbox 362 3296 1955 3365">
    <p class='ocr_par' dir='ltr' id='par_1_63' title="bbox 362 3296 1955 3365">
     <span class='ocr_line' id='line_1_63' title="bbox 362 3296 1955 3365; baseline -0.003 -9"><span class='ocrx_word' id='word_1_537' title='bbox 362 3299 448 3357; x_wconf 92' lang='lat' dir='ltr'><strong><em>nis</em></strong></span> <span class='ocrx_word' id='word_1_538' title='bbox 499 3298 645 3355; x_wconf 89' lang='lat' dir='ltr'><strong><em>venit</em></strong></span> <span class='ocrx_word' id='word_1_539' title='bbox 698 3296 932 3352; x_wconf 83' lang='lat' dir='ltr'><strong><em>clausula</em></strong></span> <span class='ocrx_word' id='word_1_540' title='bbox 976 3297 1255 3351; x_wconf 81' lang='lat' dir='ltr'><strong><em>universas</em></strong></span> <span class='ocrx_word' id='word_1_541' title='bbox 1307 3296 1595 3365; x_wconf 88' lang='lat' dir='ltr'><strong><em>petitiones</em></strong></span> <span class='ocrx_word' id='word_1_542' title='bbox 1644 3296 1726 3350; x_wconf 76' lang='lat' dir='ltr'><strong><em>et&#39;</em></strong></span> <span class='ocrx_word' id='word_1_543' title='bbox 1765 3310 1955 3365; x_wconf 89' lang='lat' dir='ltr'><strong><em>preces</em></strong></span> 
     </span>
    </p>
   </div>
   <div class='ocr_carea' id='block_1_64' title="bbox 363 3386 1956 3447">
    <p class='ocr_par' dir='ltr' id='par_1_64' title="bbox 363 3386 1956 3447">
     <span class='ocr_line' id='line_1_64' title="bbox 363 3386 1956 3447; baseline -0.004 0"><span class='ocrx_word' id='word_1_544' title='bbox 363 3400 575 3447; x_wconf 90' lang='lat' dir='ltr'><strong><em>nostras</em></strong></span> <span class='ocrx_word' id='word_1_545' title='bbox 628 3389 852 3445; x_wconf 83' lang='lat' dir='ltr'><strong><em>collecta</em></strong></span> <span class='ocrx_word' id='word_1_546' title='bbox 884 3387 1146 3444; x_wconf 85' lang='lat' dir='ltr'><strong><em>brevitate</em></strong></span> <span class='ocrx_word' id='word_1_547' title='bbox 1178 3386 1527 3446; x_wconf 87' lang='lat' dir='ltr'><strong><em>concludens.</em></strong></span> <span class='ocrx_word' id='word_1_548' title='bbox 1554 3386 1632 3441; x_wconf 75' lang='grc' dir='ltr'>,ιιι</span> <span class='ocrx_word' id='word_1_549' title='bbox 1663 3386 1956 3441; x_wconf 87' lang='lat' dir='ltr'><strong><em>novissimo</em></strong></span> 
     </span>
    </p>
   </div>
   <div class='ocr_carea' id='block_1_65' title="bbox 364 3477 1958 3552">
    <p class='ocr_par' dir='ltr' id='par_1_65' title="bbox 364 3477 1958 3552">
     <span class='ocr_line' id='line_1_65' title="bbox 364 3477 1958 3552; baseline -0.004 -14"><span class='ocrx_word' id='word_1_550' title='bbox 364 3484 504 3540; x_wconf 89' lang='lat' dir='ltr'><strong><em>enim</em></strong></span> <span class='ocrx_word' id='word_1_551' title='bbox 535 3481 806 3552; x_wconf 90' lang='lat' dir='ltr'><strong><em>ponimus,</em></strong></span> <span class='ocrx_word' id='word_1_552' title='bbox 837 3494 936 3535; x_wconf 77' lang='lat' dir='ltr'><strong><em>seu</em></strong></span> <span class='ocrx_word' id='word_1_553' title='bbox 976 3494 1165 3534; x_wconf 74' lang='grc' dir='ltr'>ιιιιειιιι</span> <span class='ocrx_word' id='word_1_554' title='bbox 1192 3494 1290 3535; x_wconf 72' lang='lat' dir='ltr'><strong><em>nos</em></strong></span> <span class='ocrx_word' id='word_1_555' title='bbox 1330 3495 1363 3534; x_wconf 75' lang='grc' dir='ltr'>Α</span> <span class='ocrx_word' id='word_1_556' title='bbox 1392 3493 1535 3534; x_wconf 67' lang='lat' dir='ltr'><strong><em>uaco</em></strong></span> <span class='ocrx_word' id='word_1_557' title='bbox 1558 3519 1574 3545; x_wconf 89' lang='lat'><strong><em>,</em></strong></span> <span class='ocrx_word' id='word_1_558' title='bbox 1603 3477 1958 3549; x_wconf 84' lang='lat' dir='ltr'><strong><em>comprehen-</em></strong></span> 
     </span>
    </p>
   </div>
   <div class='ocr_carea' id='block_1_66' title="bbox 364 3571 1957 3646">
    <p class='ocr_par' dir='ltr' id='par_1_66' title="bbox 364 3571 1957 3646">
     <span class='ocr_line' id='line_1_66' title="bbox 364 3571 1957 3646; baseline -0.004 -13"><span class='ocrx_word' id='word_1_559' title='bbox 364 3577 553 3633; x_wconf 87' lang='lat' dir='ltr'><strong><em>deutes</em></strong></span> <span class='ocrx_word' id='word_1_560' title='bbox 572 3576 794 3635; x_wconf 86' lang='lat' dir='ltr'><strong><em>adversa</em></strong></span> <span class='ocrx_word' id='word_1_561' title='bbox 824 3585 1014 3631; x_wconf 88' lang='lat' dir='ltr'><strong><em>cuncta</em></strong></span> <span class='ocrx_word' id='word_1_562' title='bbox 1043 3590 1165 3646; x_wconf 82' lang='lat' dir='ltr'><strong><em>quae</em></strong></span> <span class='ocrx_word' id='word_1_563' title='bbox 1205 3586 1391 3631; x_wconf 83' lang='lat' dir='ltr'><strong><em>contra</em></strong></span> <span class='ocrx_word' id='word_1_564' title='bbox 1422 3589 1520 3630; x_wconf 91' lang='lat' dir='ltr'><strong><em>nos</em></strong></span> <span class='ocrx_word' id='word_1_565' title='bbox 1549 3575 1602 3629; x_wconf 90' lang='lat' dir='ltr'><strong><em>in</em></strong></span> <span class='ocrx_word' id='word_1_566' title='bbox 1634 3574 1735 3630; x_wconf 92' lang='lat' dir='ltr'><strong><em>hoc</em></strong></span> <span class='ocrx_word' id='word_1_567' title='bbox 1754 3571 1957 3628; x_wconf 90' lang='lat' dir='ltr'><strong><em>mundo</em></strong></span> 
     </span>
    </p>
   </div>
   <div class='ocr_carea' id='block_1_67' title="bbox 364 3664 1956 3738">
    <p class='ocr_par' dir='ltr' id='par_1_67' title="bbox 364 3664 1956 3738">
     <span class='ocr_line' id='line_1_67' title="bbox 364 3664 1956 3738; baseline -0.005 -13"><span class='ocrx_word' id='word_1_568' title='bbox 364 3670 583 3725; x_wconf 85' lang='lat' dir='ltr'><strong><em>molitur</em></strong></span> <span class='ocrx_word' id='word_1_569' title='bbox 610 3669 893 3735; x_wconf 87' lang='lat' dir='ltr'><strong><em>inimicus;</em></strong></span> <span class='ocrx_word' id='word_1_570' title='bbox 924 3683 955 3722; x_wconf 89' lang='lat' dir='ltr'><strong><em>a</em></strong></span> <span class='ocrx_word' id='word_1_571' title='bbox 983 3668 1176 3737; x_wconf 87' lang='lat' dir='ltr'><strong><em>quibus</em></strong></span> <span class='ocrx_word' id='word_1_572' title='bbox 1202 3675 1425 3738; x_wconf 56' lang='lat' dir='ltr'><strong><em>p0testt1</em></strong></span> <span class='ocrx_word' id='word_1_573' title='bbox 1450 3680 1570 3722; x_wconf 87' lang='lat' dir='ltr'><strong><em>esse</em></strong></span> <span class='ocrx_word' id='word_1_574' title='bbox 1589 3665 1695 3719; x_wconf 85' lang='lat' dir='ltr'><strong><em>tida</em></strong></span> <span class='ocrx_word' id='word_1_575' title='bbox 1721 3675 1776 3719; x_wconf 86' lang='lat' dir='ltr'><strong><em>et</em></strong></span> <span class='ocrx_word' id='word_1_576' title='bbox 1804 3664 1956 3719; x_wconf 82' lang='lat' dir='ltr'><strong><em>firma</em></strong></span> 
     </span>
    </p>
   </div>
   <div class='ocr_carea' id='block_1_68' title="bbox 366 3756 1961 3828">
    <p class='ocr_par' dir='ltr' id='par_1_68' title="bbox 366 3756 1961 3828">
     <span class='ocr_line' id='line_1_68' title="bbox 366 3756 1961 3828; baseline -0.004 -11"><span class='ocrx_word' id='word_1_577' title='bbox 366 3762 553 3827; x_wconf 87' lang='lat' dir='ltr'><strong><em>tutela,</em></strong></span> <span class='ocrx_word' id='word_1_578' title='bbox 582 3762 628 3816; x_wconf 93' lang='lat' dir='ltr'><strong><em>si</em></strong></span> <span class='ocrx_word' id='word_1_579' title='bbox 671 3775 771 3816; x_wconf 91' lang='lat' dir='ltr'><strong><em>nos</em></strong></span> <span class='ocrx_word' id='word_1_580' title='bbox 801 3761 942 3817; x_wconf 88' lang='lat' dir='ltr'><strong><em>Deus</em></strong></span> <span class='ocrx_word' id='word_1_581' title='bbox 969 3760 1203 3828; x_wconf 77' lang='lat' dir='ltr'><strong><em>liberet,</em></strong></span> <span class='ocrx_word' id='word_1_582' title='bbox 1255 3759 1303 3814; x_wconf 87' lang='lat' dir='ltr'><strong><em>si</em></strong></span> <span class='ocrx_word' id='word_1_583' title='bbox 1343 3756 1756 3828; x_wconf 86' lang='lat' dir='ltr'><strong><em>deprecantibus</em></strong></span> <span class='ocrx_word' id='word_1_584' title='bbox 1800 3764 1961 3826; x_wconf 90' lang='lat' dir='ltr'><strong><em>atque</em></strong></span> 
     </span>
    </p>
   </div>
   <div class='ocr_carea' id='block_1_69' title="bbox 367 3849 1960 3924">
    <p class='ocr_par' dir='ltr' id='par_1_69' title="bbox 367 3849 1960 3924">
     <span class='ocr_line' id='line_1_69' title="bbox 367 3849 1960 3924; baseline -0.005 -15"><span class='ocrx_word' id='word_1_585' title='bbox 367 3853 774 3924; x_wconf 89' lang='lat' dir='ltr'><strong><em>implorantibus</em></strong></span> <span class='ocrx_word' id='word_1_586' title='bbox 801 3866 960 3923; x_wconf 90' lang='lat' dir='ltr'><strong><em>opem</em></strong></span> <span class='ocrx_word' id='word_1_587' title='bbox 1003 3866 1155 3908; x_wconf 91' lang='lat' dir='ltr'><strong><em>suam</em></strong></span> <span class='ocrx_word' id='word_1_588' title='bbox 1198 3858 1417 3921; x_wconf 73' lang='lat' dir='ltr'><strong><em>praestet</em></strong></span> <span class='ocrx_word' id='word_1_589' title='bbox 1440 3849 1491 3904; x_wconf 73' lang='grc' dir='ltr'><strong><em>ιι.</em></strong></span> <span class='ocrx_word' id='word_1_590' title='bbox 1522 3849 1748 3916; x_wconf 85' lang='lat' dir='ltr'><strong><em>Quando</em></strong></span> <span class='ocrx_word' id='word_1_591' title='bbox 1781 3855 1960 3902; x_wconf 90' lang='lat' dir='ltr'><strong><em>autem</em></strong></span> 
     </span>
    </p>
   </div>
   <div class='ocr_carea' id='block_1_70' title="bbox 365 3939 1964 4015">
    <p class='ocr_par' dir='ltr' id='par_1_70' title="bbox 365 3939 1964 4015">
     <span class='ocr_line' id='line_1_70' title="bbox 365 3939 1964 4015; baseline -0.005 -13"><span class='ocrx_word' id='word_1_592' title='bbox 365 3946 613 4015; x_wconf 85' lang='lat' dir='ltr'><strong><em>dicimus,</em></strong></span> <span class='ocrx_word' id='word_1_593' title='bbox 645 3962 835 4002; x_wconf 74' lang='lat' dir='ltr'><strong><em>Lissus</em></strong></span> <span class='ocrx_word' id='word_1_594' title='bbox 863 3961 965 4001; x_wconf 69' lang='lat' dir='ltr'><strong><em>nos</em></strong></span> <span class='ocrx_word' id='word_1_595' title='bbox 989 3962 1022 4001; x_wconf 75' lang='grc' dir='ltr'><strong>Α</strong></span> <span class='ocrx_word' id='word_1_596' title='bbox 1053 3960 1217 4010; x_wconf 65' lang='lat' dir='ltr'><strong><em>uaco,</em></strong></span> <span class='ocrx_word' id='word_1_597' title='bbox 1254 3945 1386 3999; x_wconf 92' lang='lat' dir='ltr'><strong><em>nihil</em></strong></span> <span class='ocrx_word' id='word_1_598' title='bbox 1417 3951 1662 3999; x_wconf 90' lang='lat' dir='ltr'><strong><em>remanet</em></strong></span> <span class='ocrx_word' id='word_1_599' title='bbox 1694 3939 1838 4012; x_wconf 90' lang='lat' dir='ltr'><strong>quod</strong></span> <span class='ocrx_word' id='word_1_600' title='bbox 1883 3940 1964 3995; x_wconf 90' lang='lat' dir='ltr'><strong><em>ul-</em></strong></span> 
     </span>
    </p>
   </div>
   <div class='ocr_carea' id='block_1_71' title="bbox 365 4027 1964 4109">
    <p class='ocr_par' dir='ltr' id='par_1_71' title="bbox 365 4027 1964 4109">
     <span class='ocr_line' id='line_1_71' title="bbox 365 4027 1964 4109; baseline -0.003 -15"><span class='ocrx_word' id='word_1_601' title='bbox 365 4047 447 4094; x_wconf 88' lang='lat' dir='ltr'><strong><em>tra</em></strong></span> <span class='ocrx_word' id='word_1_602' title='bbox 491 4039 666 4094; x_wconf 89' lang='lat' dir='ltr'><strong><em>adhuc</em></strong></span> <span class='ocrx_word' id='word_1_603' title='bbox 694 4038 890 4094; x_wconf 89' lang='lat' dir='ltr'><strong><em>debeat</em></strong></span> <span class='ocrx_word' id='word_1_604' title='bbox 928 4027 1208 4109; x_wconf 70' lang='lat' dir='ltr'><strong><em>postulari,</em></strong></span> <span class='ocrx_word' id='word_1_605' title='bbox 1241 4036 1454 4108; x_wconf 87' lang='lat' dir='ltr'><strong><em>quando</em></strong></span> <span class='ocrx_word' id='word_1_606' title='bbox 1484 4036 1652 4092; x_wconf 87' lang='lat' dir='ltr'><strong><em>semel</em></strong></span> <span class='ocrx_word' id='word_1_607' title='bbox 1675 4033 1964 4105; x_wconf 85' lang='lat' dir='ltr'><strong><em>protectio-</em></strong></span> 
     </span>
    </p>
   </div>
   <div class='ocr_carea' id='block_1_72' title="bbox 365 4126 1954 4199">
    <p class='ocr_par' dir='ltr' id='par_1_72' title="bbox 365 4126 1954 4199">
     <span class='ocr_line' id='line_1_72' title="bbox 365 4126 1954 4199; baseline -0.006 -14"><span class='ocrx_word' id='word_1_608' title='bbox 365 4145 491 4185; x_wconf 90' lang='lat' dir='ltr'><strong><em>nem</em></strong></span> <span class='ocrx_word' id='word_1_609' title='bbox 522 4130 616 4185; x_wconf 90' lang='lat' dir='ltr'><strong><em>Dci</em></strong></span> <span class='ocrx_word' id='word_1_610' title='bbox 650 4130 908 4185; x_wconf 88' lang='lat' dir='ltr'><strong><em>adversus</em></strong></span> <span class='ocrx_word' id='word_1_611' title='bbox 950 4130 1147 4185; x_wconf 90' lang='lat' dir='ltr'><strong><em>malum</em></strong></span> <span class='ocrx_word' id='word_1_612' title='bbox 1195 4138 1477 4199; x_wconf 88' lang='lat' dir='ltr'><strong><em>petamus;</em></strong></span> <span class='ocrx_word' id='word_1_613' title='bbox 1508 4142 1613 4198; x_wconf 89' lang='lat' dir='ltr'><strong><em>qua</em></strong></span> <span class='ocrx_word' id='word_1_614' title='bbox 1638 4126 1918 4195; x_wconf 85' lang='lat' dir='ltr'><strong><em>impetrata</em></strong></span> <span class='ocrx_word' id='word_1_615' title='bbox 1938 4166 1954 4191; x_wconf 90' lang='lat'><strong><em>,</em></strong></span> 
     </span>
    </p>
   </div>
   <div class='ocr_carea' id='block_1_73' title="bbox 364 4221 1961 4292">
    <p class='ocr_par' dir='ltr' id='par_1_73' title="bbox 364 4221 1961 4292">
     <span class='ocr_line' id='line_1_73' title="bbox 364 4221 1961 4292; baseline -0.006 -15"><span class='ocrx_word' id='word_1_616' title='bbox 364 4231 551 4277; x_wconf 84' lang='lat' dir='ltr'><strong><em>contra</em></strong></span> <span class='ocrx_word' id='word_1_617' title='bbox 599 4224 777 4278; x_wconf 85' lang='lat' dir='ltr'><strong><em>omnia</em></strong></span> <span class='ocrx_word' id='word_1_618' title='bbox 826 4239 944 4292; x_wconf 84' lang='lat' dir='ltr'><strong><em>quae</em></strong></span> <span class='ocrx_word' id='word_1_619' title='bbox 998 4222 1245 4278; x_wconf 89' lang='lat' dir='ltr'><strong><em>diabolus</em></strong></span> <span class='ocrx_word' id='word_1_620' title='bbox 1291 4230 1347 4276; x_wconf 82' lang='lat' dir='ltr'><strong><em>et.</em></strong></span> <span class='ocrx_word' id='word_1_621' title='bbox 1391 4221 1621 4275; x_wconf 89' lang='lat' dir='ltr'><strong><em>mundus</em></strong></span> <span class='ocrx_word' id='word_1_622' title='bbox 1670 4224 1961 4288; x_wconf 90' lang='lat' dir='ltr'><strong><em>operantur</em></strong></span> 
     </span>
    </p>
   </div>
   <div class='ocr_carea' id='block_1_74' title="bbox 362 4311 1961 4384">
    <p class='ocr_par' dir='ltr' id='par_1_74' title="bbox 362 4311 1961 4384">
     <span class='ocr_line' id='line_1_74' title="bbox 362 4311 1961 4384; baseline -0.006 -16"><span class='ocrx_word' id='word_1_623' title='bbox 362 4314 538 4369; x_wconf 87' lang='lat' dir='ltr'><strong><em>securi</em></strong></span> <span class='ocrx_word' id='word_1_624' title='bbox 569 4324 773 4369; x_wconf 89' lang='lat' dir='ltr'><strong><em>stamus</em></strong></span> <span class='ocrx_word' id='word_1_625' title='bbox 816 4323 871 4370; x_wconf 89' lang='lat' dir='ltr'><strong><em>et</em></strong></span> <span class='ocrx_word' id='word_1_626' title='bbox 901 4317 1013 4370; x_wconf 91' lang='lat' dir='ltr'><strong><em>tuti.</em></strong></span> <span class='ocrx_word' id='word_1_627' title='bbox 1038 4316 1178 4384; x_wconf 84' lang='lat' dir='ltr'><strong><em>.Quis</em></strong></span> <span class='ocrx_word' id='word_1_628' title='bbox 1216 4313 1358 4369; x_wconf 90' lang='lat' dir='ltr'><strong><em>enim</em></strong></span> <span class='ocrx_word' id='word_1_629' title='bbox 1393 4314 1443 4368; x_wconf 90' lang='lat' dir='ltr'><strong><em>ei</em></strong></span> <span class='ocrx_word' id='word_1_630' title='bbox 1463 4312 1532 4369; x_wconf 91' lang='lat' dir='ltr'><strong><em>de</em></strong></span> <span class='ocrx_word' id='word_1_631' title='bbox 1551 4311 1961 4368; x_wconf 66' lang='lat' dir='ltr'><strong><em>sceculo‘metus</em></strong></span> 
     </span>
    </p>
   </div>
   <div class='ocr_carea' id='block_1_75' title="bbox 361 4406 1347 4464">
    <p class='ocr_par' dir='ltr' id='par_1_75' title="bbox 361 4406 1347 4464">
     <span class='ocr_line' id='line_1_75' title="bbox 361 4406 1347 4464; baseline -0.002 -3"><span class='ocrx_word' id='word_1_632' title='bbox 361 4414 445 4461; x_wconf 89' lang='lat' dir='ltr'><strong><em>est</em></strong></span> <span class='ocrx_word' id='word_1_633' title='bbox 469 4406 552 4462; x_wconf 85' lang='lat' dir='ltr'><strong>cui</strong></span> <span class='ocrx_word' id='word_1_634' title='bbox 583 4407 634 4462; x_wconf 92' lang='lat' dir='ltr'><strong><em>in</em></strong></span> <span class='ocrx_word' id='word_1_635' title='bbox 664 4407 860 4463; x_wconf 75' lang='lat' dir='ltr'><strong><em>smculo</em></strong></span> <span class='ocrx_word' id='word_1_636' title='bbox 897 4409 1035 4464; x_wconf 89' lang='lat' dir='ltr'><strong><em>Deus</em></strong></span> <span class='ocrx_word' id='word_1_637' title='bbox 1062 4417 1203 4464; x_wconf 88' lang='lat' dir='ltr'><strong><em>tutor</em></strong></span> <span class='ocrx_word' id='word_1_638' title='bbox 1226 4406 1347 4462; x_wconf 90' lang='lat' dir='ltr'><strong><em>est?</em></strong></span> 
     </span>
    </p>
   </div>
   <div class='ocr_carea' id='block_1_76' title="bbox 2060 3292 3660 3375">
    <p class='ocr_par' dir='ltr' id='par_1_76' title="bbox 2060 3292 3660 3375">
     <span class='ocr_line' id='line_1_76' title="bbox 2060 3292 3660 3375; baseline -0.009 -13"><span class='ocrx_word' id='word_1_639' title='bbox 2060 3315 2115 3362; x_wconf 90' lang='lat' dir='ltr'><strong><em>et</em></strong></span> <span class='ocrx_word' id='word_1_640' title='bbox 2138 3303 2265 3375; x_wconf 91' lang='lat' dir='ltr'><strong>quid</strong></span> <span class='ocrx_word' id='word_1_641' title='bbox 2291 3303 2466 3359; x_wconf 85' lang='lat' dir='ltr'><strong><em>facere</em></strong></span> <span class='ocrx_word' id='word_1_642' title='bbox 2491 3315 2592 3356; x_wconf 92' lang='lat' dir='ltr'><strong><em>nos</em></strong></span> <span class='ocrx_word' id='word_1_643' title='bbox 2633 3306 2910 3370; x_wconf 84' lang='lat' dir='ltr'><strong><em>oporteret</em></strong></span> <span class='ocrx_word' id='word_1_644' title='bbox 2938 3295 3177 3365; x_wconf 76' lang='lat' dir='ltr'><strong><em>exempli</em></strong></span> <span class='ocrx_word' id='word_1_645' title='bbox 3203 3295 3284 3350; x_wconf 92' lang='lat' dir='ltr'><strong><em>sui</em></strong></span> <span class='ocrx_word' id='word_1_646' title='bbox 3312 3292 3660 3349; x_wconf 57' lang='lat' dir='ltr'><strong><em>contesualim</em></strong></span> 
     </span>
    </p>
   </div>
   <div class='ocr_carea' id='block_1_77' title="bbox 2059 3385 3659 3461">
    <p class='ocr_par' dir='ltr' id='par_1_77' title="bbox 2059 3385 3659 3461">
     <span class='ocr_line' id='line_1_77' title="bbox 2059 3385 3659 3461; baseline -0.01 -6"><span class='ocrx_word' id='word_1_647' title='bbox 2059 3413 2129 3455; x_wconf 89' lang='lat' dir='ltr'><strong><em>ne</em></strong></span> <span class='ocrx_word' id='word_1_648' title='bbox 2149 3397 2545 3461; x_wconf 90' lang='lat' dir='ltr'><strong><em>demonstrans,</em></strong></span> <span class='ocrx_word' id='word_1_649' title='bbox 2559 3392 2697 3450; x_wconf 90' lang='lat' dir='ltr'><strong><em>sicut</em></strong></span> <span class='ocrx_word' id='word_1_650' title='bbox 2712 3392 2967 3460; x_wconf 87' lang='lat' dir='ltr'><strong><em>scriptum</em></strong></span> <span class='ocrx_word' id='word_1_651' title='bbox 2993 3396 3077 3444; x_wconf 89' lang='lat' dir='ltr'><strong><em>est</em></strong></span> <span class='ocrx_word' id='word_1_652' title='bbox 3099 3407 3112 3444; x_wconf 93' lang='lat'>:</span> <span class='ocrx_word' id='word_1_653' title='bbox 3136 3388 3163 3441; x_wconf 81' lang='grc'><em>1</em></span> <span class='ocrx_word' id='word_1_654' title='bbox 3172 3402 3261 3459; x_wconf 83' lang='lat' dir='ltr'><strong><em>pse</em></strong></span> <span class='ocrx_word' id='word_1_655' title='bbox 3275 3395 3442 3440; x_wconf 87' lang='lat' dir='ltr'><strong><em>autem</em></strong></span> <span class='ocrx_word' id='word_1_656' title='bbox 3461 3385 3557 3458; x_wconf 78' lang='lat' dir='ltr'><strong><em>fuit</em></strong></span> <span class='ocrx_word' id='word_1_657' title='bbox 3581 3400 3659 3439; x_wconf 83' lang='lat' dir='ltr'><strong><em>se-</em></strong></span> 
     </span>
    </p>
   </div>
   <div class='ocr_carea' id='block_1_78' title="bbox 2059 3474 3659 3548">
    <p class='ocr_par' dir='ltr' id='par_1_78' title="bbox 2059 3474 3659 3548">
     <span class='ocr_line' id='line_1_78' title="bbox 2059 3474 3659 3548; baseline -0.009 -4"><span class='ocrx_word' id='word_1_658' title='bbox 2059 3489 2240 3544; x_wconf 86' lang='lat' dir='ltr'><strong><em>cedens</em></strong></span> <span class='ocrx_word' id='word_1_659' title='bbox 2254 3489 2306 3542; x_wconf 89' lang='lat' dir='ltr'><strong><em>in</em></strong></span> <span class='ocrx_word' id='word_1_660' title='bbox 2320 3486 2645 3542; x_wconf 85' lang='lat' dir='ltr'><strong><em>solitudinem</em></strong></span> <span class='ocrx_word' id='word_1_661' title='bbox 2672 3492 2719 3537; x_wconf 92' lang='lat' dir='ltr'><strong><em>et</em></strong></span> <span class='ocrx_word' id='word_1_662' title='bbox 2743 3482 2967 3536; x_wconf 84' lang='lat' dir='ltr'><strong><em>adorans</em></strong></span> <span class='ocrx_word' id='word_1_663' title='bbox 3004 3478 3025 3518; x_wconf 71' lang='grc' dir='ltr'>ί</span> <span class='ocrx_word' id='word_1_664' title='bbox 3050 3477 3200 3546; x_wconf 86' lang='lat' dir='ltr'><strong><em>(Luc.</em></strong></span> <span class='ocrx_word' id='word_1_665' title='bbox 3233 3493 3287 3544; x_wconf 92' lang='lat' dir='ltr'><strong><em>v,</em></strong></span> <span class='ocrx_word' id='word_1_666' title='bbox 3320 3474 3432 3548; x_wconf 77' lang='lat' dir='ltr'><strong>l6).</strong></span> <span class='ocrx_word' id='word_1_667' title='bbox 3459 3474 3527 3530; x_wconf 84' lang='lat' dir='ltr'><strong><em>Et</em></strong></span> <span class='ocrx_word' id='word_1_668' title='bbox 3557 3476 3659 3530; x_wconf 72' lang='lat' dir='ltr'><strong><em>itc-</em></strong></span> 
     </span>
    </p>
   </div>
   <div class='ocr_carea' id='block_1_79' title="bbox 2058 3567 3660 3644">
    <p class='ocr_par' dir='ltr' id='par_1_79' title="bbox 2058 3567 3660 3644">
     <span class='ocr_line' id='line_1_79' title="bbox 2058 3567 3660 3644; baseline -0.011 -7"><span class='ocrx_word' id='word_1_669' title='bbox 2058 3596 2208 3637; x_wconf 90' lang='lat' dir='ltr'><strong><em>rum:</em></strong></span> <span class='ocrx_word' id='word_1_670' title='bbox 2238 3579 2407 3634; x_wconf 69' lang='lat' dir='ltr'><strong><em>Exibit</em></strong></span> <span class='ocrx_word' id='word_1_671' title='bbox 2422 3580 2475 3632; x_wconf 87' lang='lat' dir='ltr'><strong><em>in</em></strong></span> <span class='ocrx_word' id='word_1_672' title='bbox 2489 3585 2657 3631; x_wconf 87' lang='lat' dir='ltr'><strong><em>monte</em></strong></span> <span class='ocrx_word' id='word_1_673' title='bbox 2675 3590 2839 3638; x_wconf 90' lang='lat' dir='ltr'><strong><em>orare,</em></strong></span> <span class='ocrx_word' id='word_1_674' title='bbox 2866 3582 2913 3626; x_wconf 88' lang='lat' dir='ltr'><strong><em>et</em></strong></span> <span class='ocrx_word' id='word_1_675' title='bbox 2929 3572 3025 3644; x_wconf 79' lang='lat' dir='ltr'><strong><em>fuit</em></strong></span> <span class='ocrx_word' id='word_1_676' title='bbox 3046 3578 3346 3642; x_wconf 81' lang='lat' dir='ltr'><strong><em>pernoctans</em></strong></span> <span class='ocrx_word' id='word_1_677' title='bbox 3360 3569 3410 3621; x_wconf 89' lang='lat' dir='ltr'><strong><em>in</em></strong></span> <span class='ocrx_word' id='word_1_678' title='bbox 3434 3567 3660 3621; x_wconf 86' lang='lat' dir='ltr'><strong><em>oratione</em></strong></span> 
     </span>
    </p>
   </div>
   <div class='ocr_carea' id='block_1_80' title="bbox 2062 3658 3660 3742">
    <p class='ocr_par' dir='ltr' id='par_1_80' title="bbox 2062 3658 3660 3742">
     <span class='ocr_line' id='line_1_80' title="bbox 2062 3658 3660 3742; baseline -0.011 -15"><span class='ocrx_word' id='word_1_679' title='bbox 2062 3671 2162 3727; x_wconf 87' lang='lat' dir='ltr'><strong><em>Dei</em></strong></span> <span class='ocrx_word' id='word_1_680' title='bbox 2189 3670 2339 3742; x_wconf 86' lang='lat' dir='ltr'><strong><em>(Luc.</em></strong></span> <span class='ocrx_word' id='word_1_681' title='bbox 2372 3685 2425 3724; x_wconf 81' lang='lat' dir='ltr'><strong><em>vr</em></strong></span> <span class='ocrx_word' id='word_1_682' title='bbox 2445 3711 2460 3735; x_wconf 92' lang='lat'><strong><em>,</em></strong></span> <span class='ocrx_word' id='word_1_683' title='bbox 2495 3665 2605 3737; x_wconf 73' lang='lat' dir='ltr'><strong>l2).</strong></span> <span class='ocrx_word' id='word_1_684' title='bbox 2639 3663 2793 3733; x_wconf 85' lang='lat' dir='ltr'><strong><em>Quod</em></strong></span> <span class='ocrx_word' id='word_1_685' title='bbox 2813 3664 2857 3717; x_wconf 93' lang='lat' dir='ltr'><strong><em>si</em></strong></span> <span class='ocrx_word' id='word_1_686' title='bbox 2887 3663 2979 3717; x_wconf 90' lang='lat' dir='ltr'><strong><em>ille</em></strong></span> <span class='ocrx_word' id='word_1_687' title='bbox 3002 3660 3194 3715; x_wconf 89' lang='lat' dir='ltr'><strong><em>orabat</em></strong></span> <span class='ocrx_word' id='word_1_688' title='bbox 3214 3658 3305 3728; x_wconf 92' lang='lat' dir='ltr'><strong>qui</strong></span> <span class='ocrx_word' id='word_1_689' title='bbox 3332 3658 3448 3712; x_wconf 92' lang='lat' dir='ltr'><strong><em>sine</em></strong></span> <span class='ocrx_word' id='word_1_690' title='bbox 3473 3670 3660 3724; x_wconf 88' lang='lat' dir='ltr'><strong><em>pecca-</em></strong></span> 
     </span>
    </p>
   </div>
   <div class='ocr_carea' id='block_1_81' title="bbox 2065 3745 3660 3832">
    <p class='ocr_par' dir='ltr' id='par_1_81' title="bbox 2065 3745 3660 3832">
     <span class='ocr_line' id='line_1_81' title="bbox 2065 3745 3660 3832; baseline -0.011 -13"><span class='ocrx_word' id='word_1_691' title='bbox 2065 3773 2122 3819; x_wconf 94' lang='lat' dir='ltr'><strong><em>to</em></strong></span> <span class='ocrx_word' id='word_1_692' title='bbox 2145 3772 2282 3826; x_wconf 90' lang='lat' dir='ltr'><strong><em>erat,</em></strong></span> <span class='ocrx_word' id='word_1_693' title='bbox 2313 3767 2514 3832; x_wconf 89' lang='lat' dir='ltr'><strong><em>quanto</em></strong></span> <span class='ocrx_word' id='word_1_694' title='bbox 2545 3757 2715 3826; x_wconf 86' lang='lat' dir='ltr'><strong><em>magis</em></strong></span> <span class='ocrx_word' id='word_1_695' title='bbox 2757 3762 3068 3824; x_wconf 90' lang='lat' dir='ltr'><strong><em>peccatores</em></strong></span> <span class='ocrx_word' id='word_1_696' title='bbox 3112 3756 3328 3820; x_wconf 88' lang='lat' dir='ltr'><strong><em>oportet</em></strong></span> <span class='ocrx_word' id='word_1_697' title='bbox 3349 3746 3538 3803; x_wconf 88' lang='lat' dir='ltr'><strong><em>orare?</em></strong></span> <span class='ocrx_word' id='word_1_698' title='bbox 3590 3745 3660 3802; x_wconf 86' lang='lat' dir='ltr'><strong><em>Et</em></strong></span> 
     </span>
    </p>
   </div>
   <div class='ocr_carea' id='block_1_82' title="bbox 2066 3838 3659 3922">
    <p class='ocr_par' dir='ltr' id='par_1_82' title="bbox 2066 3838 3659 3922">
     <span class='ocr_line' id='line_1_82' title="bbox 2066 3838 3659 3922; baseline -0.011 -12"><span class='ocrx_word' id='word_1_699' title='bbox 2066 3856 2111 3911; x_wconf 87' lang='lat' dir='ltr'><strong><em>si</em></strong></span> <span class='ocrx_word' id='word_1_700' title='bbox 2160 3854 2250 3909; x_wconf 90' lang='lat' dir='ltr'><strong><em>ille</em></strong></span> <span class='ocrx_word' id='word_1_701' title='bbox 2297 3867 2391 3922; x_wconf 85' lang='lat' dir='ltr'><strong><em>per</em></strong></span> <span class='ocrx_word' id='word_1_702' title='bbox 2419 3859 2586 3904; x_wconf 90' lang='lat' dir='ltr'><strong><em>totam</em></strong></span> <span class='ocrx_word' id='word_1_703' title='bbox 2612 3856 2825 3902; x_wconf 90' lang='lat' dir='ltr'><strong><em>noctem</em></strong></span> <span class='ocrx_word' id='word_1_704' title='bbox 2865 3842 3066 3914; x_wconf 73' lang='lat' dir='ltr'><strong><em>iugiter</em></strong></span> <span class='ocrx_word' id='word_1_705' title='bbox 3117 3840 3342 3912; x_wconf 85' lang='lat' dir='ltr'><strong><em>vigilans</em></strong></span> <span class='ocrx_word' id='word_1_706' title='bbox 3389 3838 3659 3894; x_wconf 87' lang='lat' dir='ltr'><strong><em>continuis</em></strong></span> 
     </span>
    </p>
   </div>
   <div class='ocr_carea' id='block_1_83' title="bbox 2065 3929 3659 4017">
    <p class='ocr_par' dir='ltr' id='par_1_83' title="bbox 2065 3929 3659 4017">
     <span class='ocr_line' id='line_1_83' title="bbox 2065 3929 3659 4017; baseline -0.011 -16"><span class='ocrx_word' id='word_1_707' title='bbox 2065 3944 2317 4017; x_wconf 91' lang='lat' dir='ltr'><strong><em>precibus</em></strong></span> <span class='ocrx_word' id='word_1_708' title='bbox 2341 3939 2552 4006; x_wconf 89' lang='lat' dir='ltr'><strong><em>orabat,</em></strong></span> <span class='ocrx_word' id='word_1_709' title='bbox 2603 3944 2805 4007; x_wconf 90' lang='lat' dir='ltr'><strong><em>quanto</em></strong></span> <span class='ocrx_word' id='word_1_710' title='bbox 2835 3949 2933 3990; x_wconf 91' lang='lat' dir='ltr'><strong><em>nos</em></strong></span> <span class='ocrx_word' id='word_1_711' title='bbox 2975 3932 3145 4003; x_wconf 87' lang='lat' dir='ltr'><strong><em>magis</em></strong></span> <span class='ocrx_word' id='word_1_712' title='bbox 3184 3932 3237 3987; x_wconf 89' lang='lat' dir='ltr'><strong><em>in</em></strong></span> <span class='ocrx_word' id='word_1_713' title='bbox 3274 3929 3659 4001; x_wconf 82' lang='lat' dir='ltr'><strong><em>frequentanda</em></strong></span> 
     </span>
    </p>
   </div>
   <div class='ocr_carea' id='block_1_84' title="bbox 2066 4026 3067 4097">
    <p class='ocr_par' dir='ltr' id='par_1_84' title="bbox 2066 4026 3067 4097">
     <span class='ocr_line' id='line_1_84' title="bbox 2066 4026 3067 4097; baseline -0.015 -3"><span class='ocrx_word' id='word_1_714' title='bbox 2066 4037 2311 4095; x_wconf 84' lang='lat' dir='ltr'><strong><em>oratione</em></strong></span> <span class='ocrx_word' id='word_1_715' title='bbox 2334 4033 2597 4090; x_wconf 87' lang='lat' dir='ltr'><strong><em>debemus</em></strong></span> <span class='ocrx_word' id='word_1_716' title='bbox 2622 4037 2781 4085; x_wconf 87' lang='lat' dir='ltr'><strong><em>nocte</em></strong></span> <span class='ocrx_word' id='word_1_717' title='bbox 2810 4026 3067 4097; x_wconf 82' lang='lat' dir='ltr'><strong><em>vigilare?</em></strong></span> 
     </span>
    </p>
   </div>
   <div class='ocr_carea' id='block_1_85' title="bbox 2138 4117 3659 4188">
    <p class='ocr_par' dir='ltr' id='par_1_85' title="bbox 2138 4117 3659 4188">
     <span class='ocr_line' id='line_1_85' title="bbox 2138 4117 3659 4188; baseline -0.009 -4"><span class='ocrx_word' id='word_1_718' title='bbox 2138 4127 2309 4184; x_wconf 85' lang='lat' dir='ltr'><strong>XXX.</strong></span> <span class='ocrx_word' id='word_1_719' title='bbox 2350 4125 2550 4181; x_wconf 90' lang='lat' dir='ltr'><strong><em>Orabat</em></strong></span> <span class='ocrx_word' id='word_1_720' title='bbox 2576 4130 2756 4178; x_wconf 88' lang='lat' dir='ltr'><strong><em>autem</em></strong></span> <span class='ocrx_word' id='word_1_721' title='bbox 2789 4120 3116 4174; x_wconf 88' lang='lat' dir='ltr'><strong><em>Dominuset</em></strong></span> <span class='ocrx_word' id='word_1_722' title='bbox 3144 4117 3385 4188; x_wconf 83' lang='lat' dir='ltr'><strong><em>rogabat,</em></strong></span> <span class='ocrx_word' id='word_1_723' title='bbox 3413 4130 3520 4171; x_wconf 86' lang='lat' dir='ltr'><strong><em>non</em></strong></span> <span class='ocrx_word' id='word_1_724' title='bbox 3559 4129 3659 4184; x_wconf 84' lang='lat' dir='ltr'><strong><em>pro</em></strong></span> 
     </span>
    </p>
   </div>
   <div class='ocr_carea' id='block_1_86' title="bbox 2063 4204 3660 4291">
    <p class='ocr_par' dir='ltr' id='par_1_86' title="bbox 2063 4204 3660 4291">
     <span class='ocr_line' id='line_1_86' title="bbox 2063 4204 3660 4291; baseline -0.012 -12"><span class='ocrx_word' id='word_1_725' title='bbox 2063 4237 2145 4291; x_wconf 87' lang='lat' dir='ltr'><strong><em>se,</em></strong></span> <span class='ocrx_word' id='word_1_726' title='bbox 2187 4220 2314 4291; x_wconf 90' lang='lat' dir='ltr'><strong><em>quid</em></strong></span> <span class='ocrx_word' id='word_1_727' title='bbox 2340 4218 2483 4274; x_wconf 90' lang='lat' dir='ltr'><strong><em>enim</em></strong></span> <span class='ocrx_word' id='word_1_728' title='bbox 2540 4231 2636 4286; x_wconf 89' lang='lat' dir='ltr'><strong><em>pro</em></strong></span> <span class='ocrx_word' id='word_1_729' title='bbox 2665 4228 2723 4269; x_wconf 91' lang='lat' dir='ltr'><strong><em>se</em></strong></span> <span class='ocrx_word' id='word_1_730' title='bbox 2748 4204 3012 4268; x_wconf 83' lang='lat' dir='ltr'><strong><em>innocens</em></strong></span> <span class='ocrx_word' id='word_1_731' title='bbox 3044 4208 3389 4281; x_wconf 76' lang='lat' dir='ltr'><strong><em>precaretur?</em></strong></span> <span class='ocrx_word' id='word_1_732' title='bbox 3437 4206 3529 4262; x_wconf 89' lang='lat' dir='ltr'><strong><em>sed</em></strong></span> <span class='ocrx_word' id='word_1_733' title='bbox 3564 4223 3660 4276; x_wconf 85' lang='lat' dir='ltr'><strong><em>pro</em></strong></span> 
     </span>
    </p>
   </div>
   <div class='ocr_carea' id='block_1_87' title="bbox 2064 4295 3659 4375">
    <p class='ocr_par' dir='ltr' id='par_1_87' title="bbox 2064 4295 3659 4375">
     <span class='ocr_line' id='line_1_87' title="bbox 2064 4295 3659 4375; baseline -0.013 -5"><span class='ocrx_word' id='word_1_734' title='bbox 2064 4315 2273 4373; x_wconf 90' lang='lat' dir='ltr'><strong><em>delictis</em></strong></span> <span class='ocrx_word' id='word_1_735' title='bbox 2319 4309 2539 4374; x_wconf 87' lang='lat' dir='ltr'><strong><em>nostris,</em></strong></span> <span class='ocrx_word' id='word_1_736' title='bbox 2584 4308 2722 4363; x_wconf 93' lang='lat' dir='ltr'><strong><em>sicut</em></strong></span> <span class='ocrx_word' id='word_1_737' title='bbox 2769 4313 2825 4362; x_wconf 90' lang='lat' dir='ltr'><strong><em>et</em></strong></span> <span class='ocrx_word' id='word_1_738' title='bbox 2872 4304 2988 4375; x_wconf 89' lang='lat' dir='ltr'><strong><em>ipse</em></strong></span> <span class='ocrx_word' id='word_1_739' title='bbox 3039 4302 3315 4367; x_wconf 87' lang='lat' dir='ltr'><strong><em>declarat,</em></strong></span> <span class='ocrx_word' id='word_1_740' title='bbox 3362 4313 3480 4354; x_wconf 91' lang='lat' dir='ltr'><strong><em>cum</em></strong></span> <span class='ocrx_word' id='word_1_741' title='bbox 3529 4295 3659 4351; x_wconf 89' lang='lat' dir='ltr'><strong><em>dicit</em></strong></span> 
     </span>
    </p>
   </div>
   <div class='ocr_carea' id='block_1_88' title="bbox 2064 4393 3659 4466">
    <p class='ocr_par' dir='ltr' id='par_1_88' title="bbox 2064 4393 3659 4466">
     <span class='ocr_line' id='line_1_88' title="bbox 2064 4393 3659 4466; baseline -0.014 -3"><span class='ocrx_word' id='word_1_742' title='bbox 2064 4409 2134 4464; x_wconf 87' lang='lat' dir='ltr'><strong><em>ad</em></strong></span> <span class='ocrx_word' id='word_1_743' title='bbox 2163 4406 2381 4462; x_wconf 86' lang='lat' dir='ltr'><strong><em>Petrum</em></strong></span> <span class='ocrx_word' id='word_1_744' title='bbox 2427 4420 2440 4456; x_wconf 88' lang='lat'><strong>:</strong></span> <span class='ocrx_word' id='word_1_745' title='bbox 2484 4398 2616 4455; x_wconf 86' lang='lat' dir='ltr'><strong><em>Ecce</em></strong></span> <span class='ocrx_word' id='word_1_746' title='bbox 2650 4397 2872 4454; x_wconf 88' lang='lat' dir='ltr'><strong><em>Satanas</em></strong></span> <span class='ocrx_word' id='word_1_747' title='bbox 2912 4393 3181 4466; x_wconf 83' lang='lat' dir='ltr'><strong><em>postulauit</em></strong></span> <span class='ocrx_word' id='word_1_748' title='bbox 3218 4401 3243 4438; x_wconf 70' lang='grc' dir='ltr'><strong>Β</strong></span> <span class='ocrx_word' id='word_1_749' title='bbox 3282 4399 3337 4444; x_wconf 89' lang='lat' dir='ltr'><strong><em>ut</em></strong></span> <span class='ocrx_word' id='word_1_750' title='bbox 3384 4404 3472 4444; x_wconf 81' lang='lat' dir='ltr'><strong><em>vos</em></strong></span> <span class='ocrx_word' id='word_1_751' title='bbox 3508 4404 3659 4442; x_wconf 74' lang='lat' dir='ltr'><strong><em>vexa-</em></strong></span> 
     </span>
    </p>
   </div>
   <div class='ocr_carea' id='block_1_89' title="bbox 1602 4543 2437 4611">
    <p class='ocr_par' dir='ltr' id='par_1_89' title="bbox 1602 4543 2437 4611">
     <span class='ocr_line' id='line_1_89' title="bbox 1602 4543 2437 4611; baseline -0.01 -6"><span class='ocrx_word' id='word_1_752' title='bbox 1602 4550 1984 4611; x_wconf 84' lang='lat' dir='ltr'><strong><em>LECTIONES</em></strong></span> <span class='ocrx_word' id='word_1_753' title='bbox 2020 4543 2437 4609; x_wconf 78' lang='lat' dir='ltr'><strong>VARIANTES.</strong></span> 
     </span>
    </p>
   </div>
   <div class='ocr_carea' id='block_1_90' title="bbox 427 4653 2036 4759">
    <p class='ocr_par' dir='ltr' id='par_1_90' title="bbox 427 4653 2036 4759">
     <span class='ocr_line' id='line_1_90' title="bbox 427 4653 2036 4759; baseline 0 0"><span class='ocrx_word' id='word_1_754' title='bbox 427 4680 455 4759; x_wconf 66' lang='grc' dir='ltr'>ἰ</span> <span class='ocrx_word' id='word_1_755' title='bbox 489 4679 1045 4759; x_wconf 26' lang='grc' dir='ltr'><strong><em>έᾉίιιιίιηιξξιρριρίιεει</em></strong></span> <span class='ocrx_word' id='word_1_756' title='bbox 1067 4696 1266 4759; x_wconf 61' lang='grc' dir='ltr'><strong><em>ρρτῑεπ-</em></strong></span> <span class='ocrx_word' id='word_1_757' title='bbox 1299 4687 1457 4737; x_wconf 69' lang='grc' dir='ltr'><strong><em>οποπ-</em></strong></span> <span class='ocrx_word' id='word_1_758' title='bbox 1482 4685 1617 4759; x_wconf 61' lang='lat' dir='ltr'><strong><em>ulla</em></strong></span> <span class='ocrx_word' id='word_1_759' title='bbox 1648 4686 1756 4759; x_wconf 72' lang='lat' dir='ltr'><strong><em>w4-</em></strong></span> <span class='ocrx_word' id='word_1_760' title='bbox 1788 4653 2036 4759; x_wconf 56' lang='lat' dir='ltr'><strong><em>allato-1)</em></strong></span> 
     </span>
    </p>
   </div>
   <div class='ocr_carea' id='block_1_91' title="bbox 362 4739 1959 4853">
    <p class='ocr_par' dir='ltr' id='par_1_91' title="bbox 362 4739 1959 4853">
     <span class='ocr_line' id='line_1_91' title="bbox 362 4739 1959 4853; baseline 0.009 -64"><span class='ocrx_word' id='word_1_761' title='bbox 362 4739 456 4853; x_wconf 60' lang='lat' dir='ltr'><strong><em>mh</em></strong></span> <span class='ocrx_word' id='word_1_762' title='bbox 489 4739 650 4792; x_wconf 77' lang='lat' dir='ltr'><strong><em>Nisi...</em></strong></span> <span class='ocrx_word' id='word_1_763' title='bbox 678 4739 1117 4808; x_wconf 68' lang='lat' dir='ltr'><strong><em>przestet&#39;correxit</em></strong></span> <span class='ocrx_word' id='word_1_764' title='bbox 1140 4749 1317 4808; x_wconf 73' lang='lat' dir='ltr'><strong><em>Oxon.,</em></strong></span> <span class='ocrx_word' id='word_1_765' title='bbox 1352 4760 1440 4798; x_wconf 85' lang='lat' dir='ltr'><strong><em>nec</em></strong></span> <span class='ocrx_word' id='word_1_766' title='bbox 1465 4746 1618 4800; x_wconf 89' lang='lat' dir='ltr'><strong><em>ullum</em></strong></span> <span class='ocrx_word' id='word_1_767' title='bbox 1637 4749 1747 4802; x_wconf 88' lang='lat' dir='ltr'><strong><em>cod.</em></strong></span> <span class='ocrx_word' id='word_1_768' title='bbox 1774 4739 1959 4803; x_wconf 74' lang='lat' dir='ltr'><strong><em>excita-</em></strong></span> 
     </span>
    </p>
   </div>
   <div class='ocr_carea' id='block_1_92' title="bbox 427 4842 1094 4919">
    <p class='ocr_par' dir='ltr' id='par_1_92' title="bbox 427 4842 1094 4919">
     <span class='ocr_line' id='line_1_92' title="bbox 427 4842 1094 4919; baseline 0.009 -6"><span class='ocrx_word' id='word_1_769' title='bbox 427 4842 449 4895; x_wconf 71' lang='grc' dir='ltr'><strong><em>ίτ</em></strong></span> <span class='ocrx_word' id='word_1_770' title='bbox 478 4865 698 4915; x_wconf 83' lang='lat' dir='ltr'><strong><em>Ecclesia</em></strong></span> <span class='ocrx_word' id='word_1_771' title='bbox 718 4867 934 4917; x_wconf 89' lang='lat' dir='ltr'><strong><em>disceret</em></strong></span> <span class='ocrx_word' id='word_1_772' title='bbox 954 4871 1094 4919; x_wconf 86' lang='lat' dir='ltr'><strong><em>Pem.</em></strong></span> 
     </span>
    </p>
   </div>
   <div class='ocr_carea' id='block_1_93' title="bbox 430 4927 1113 4983">
    <p class='ocr_par' dir='ltr' id='par_1_93' title="bbox 430 4927 1113 4983">
     <span class='ocr_line' id='line_1_93' title="bbox 430 4927 1113 4983; baseline 0.007 -7"><span class='ocrx_word' id='word_1_773' title='bbox 430 4929 457 4965; x_wconf 80' lang='grc' dir='ltr'><strong><em>σί</em></strong></span> <span class='ocrx_word' id='word_1_774' title='bbox 480 4927 553 4977; x_wconf 88' lang='lat' dir='ltr'><strong><em>&#39;l‘e</em></strong></span> <span class='ocrx_word' id='word_1_775' title='bbox 576 4929 731 4978; x_wconf 87' lang='lat' dir='ltr'><strong><em>solum</em></strong></span> <span class='ocrx_word' id='word_1_776' title='bbox 753 4942 924 4981; x_wconf 81' lang='lat' dir='ltr'><strong><em>verum</em></strong></span> <span class='ocrx_word' id='word_1_777' title='bbox 946 4930 1113 4983; x_wconf 88' lang='lat' dir='ltr'><strong><em>Paris.</em></strong></span> 
     </span>
    </p>
   </div>
   <div class='ocr_carea' id='block_1_94' title="bbox 2127 4666 3653 4733">
    <p class='ocr_par' dir='ltr' id='par_1_94' title="bbox 2127 4666 3653 4733">
     <span class='ocr_line' id='line_1_94' title="bbox 2127 4666 3653 4733; baseline -0.013 1"><span class='ocrx_word' id='word_1_778' title='bbox 2127 4688 2151 4717; x_wconf 78' lang='grc' dir='ltr'>θ</span> <span class='ocrx_word' id='word_1_779' title='bbox 2184 4682 2472 4733; x_wconf 81' lang='lat' dir='ltr'><strong><em>Proximum</em></strong></span> <span class='ocrx_word' id='word_1_780' title='bbox 2512 4684 2651 4728; x_wconf 89' lang='lat' dir='ltr'><strong><em>tuum</em></strong></span> <span class='ocrx_word' id='word_1_781' title='bbox 2675 4675 2832 4726; x_wconf 71' lang='lat' dir='ltr'><strong><em>Oxon.</em></strong></span> <span class='ocrx_word' id='word_1_782' title='bbox 2866 4670 2994 4721; x_wconf 90' lang='lat' dir='ltr'><strong>Tibi.</strong></span> <span class='ocrx_word' id='word_1_783' title='bbox 3027 4671 3146 4720; x_wconf 83' lang='lat' dir='ltr'><strong><em>Ver.</em></strong></span> <span class='ocrx_word' id='word_1_784' title='bbox 3174 4670 3287 4720; x_wconf 76' lang='grc' dir='ltr'><strong><em>ΜΗ.</em></strong></span> <span class='ocrx_word' id='word_1_785' title='bbox 3309 4669 3437 4718; x_wconf 84' lang='lat' dir='ltr'><strong><em>Lam.</em></strong></span> <span class='ocrx_word' id='word_1_786' title='bbox 3474 4666 3578 4718; x_wconf 72' lang='grc' dir='ltr'><strong><em>ΝΕ.</em></strong></span> <span class='ocrx_word' id='word_1_787' title='bbox 3610 4666 3653 4716; x_wconf 85' lang='grc'><strong><em>1.</em></strong></span> 
     </span>
    </p>
   </div>
   <div class='ocr_carea' id='block_1_95' title="bbox 2062 4738 3018 4857">
    <p class='ocr_par' dir='ltr' id='par_1_95' title="bbox 2062 4738 3018 4857">
     <span class='ocr_line' id='line_1_95' title="bbox 2062 4738 3018 4857; baseline -0.016 -58"><span class='ocrx_word' id='word_1_788' title='bbox 2062 4747 2332 4857; x_wconf 63' lang='grc' dir='ltr'>Τειῐιιὸιιτιω</span> <span class='ocrx_word' id='word_1_789' title='bbox 2349 4750 2402 4793; x_wconf 88' lang='lat' dir='ltr'><strong><em>te</em></strong></span> <span class='ocrx_word' id='word_1_790' title='bbox 2418 4738 2583 4792; x_wconf 85' lang='lat' dir='ltr'><strong><em>Paris.</em></strong></span> <span class='ocrx_word' id='word_1_791' title='bbox 2987 4792 3018 4811; x_wconf 47' lang='grc' dir='ltr'><strong>ρ</strong></span> 
     </span>
     <span class='ocr_line' id='line_1_96' title="bbox 2126 4793 3018 4857; baseline -0.002 -12"><span class='ocrx_word' id='word_1_792' title='bbox 2126 4806 2149 4845; x_wconf 76' lang='grc' dir='ltr'><strong><em>ι</em></strong></span> <span class='ocrx_word' id='word_1_793' title='bbox 2232 4818 2345 4857; x_wconf 82' lang='lat' dir='ltr'><strong><em>rans</em></strong></span> <span class='ocrx_word' id='word_1_794' title='bbox 2370 4806 2503 4855; x_wconf 86' lang='lat' dir='ltr'><strong><em>Lam.</em></strong></span> <span class='ocrx_word' id='word_1_795' title='bbox 2527 4800 2626 4851; x_wconf 84' lang='lat' dir='ltr'><strong><em>Ebr</em></strong></span> <span class='ocrx_word' id='word_1_796' title='bbox 2641 4800 2733 4849; x_wconf 78' lang='lat' dir='ltr'><strong><em>Ar.</em></strong></span> <span class='ocrx_word' id='word_1_797' title='bbox 2764 4796 2890 4847; x_wconf 86' lang='lat' dir='ltr'><strong><em>Bod.</em></strong></span> <span class='ocrx_word' id='word_1_798' title='bbox 2914 4793 2963 4855; x_wconf 79' lang='lat'><strong><em>2,</em></strong></span> <span class='ocrx_word' id='word_1_799' title='bbox 2988 4809 3018 4843; x_wconf 80' lang='grc' dir='ltr'>ο</span> 
     </span>
    </p>
   </div>
   <div class='ocr_carea' id='block_1_96' title="bbox 2126 4793 3035 4857">
    <p class='ocr_par' dir='ltr' id='par_1_96' title="bbox 2126 4793 3035 4857">
     <span class='ocr_line' id='line_1_97' title="bbox 2126 4793 3035 4857; baseline -0.017 0"><span class='ocrx_word' id='word_1_800' title='bbox 2126 4793 2345 4857; x_wconf 43' lang='lat' dir='ltr'><strong><em>(oms</em></strong></span> <span class='ocrx_word' id='word_1_801' title='bbox 2370 4806 2503 4855; x_wconf 85' lang='lat' dir='ltr'><strong><em>Lam.</em></strong></span> <span class='ocrx_word' id='word_1_802' title='bbox 2527 4800 2626 4851; x_wconf 84' lang='lat' dir='ltr'><strong><em>Ebr</em></strong></span> <span class='ocrx_word' id='word_1_803' title='bbox 2641 4800 2733 4849; x_wconf 78' lang='lat' dir='ltr'><strong><em>Ar.</em></strong></span> <span class='ocrx_word' id='word_1_804' title='bbox 2764 4796 2890 4847; x_wconf 87' lang='lat' dir='ltr'><strong><em>Bod.</em></strong></span> <span class='ocrx_word' id='word_1_805' title='bbox 2914 4793 2963 4855; x_wconf 80' lang='lat'><strong><em>2,</em></strong></span> <span class='ocrx_word' id='word_1_806' title='bbox 2987 4793 3035 4843; x_wconf 83' lang='lat'><strong>5.</strong></span> 
     </span>
    </p>
   </div>
   <div class='ocr_carea' id='block_1_97' title="bbox 2125 4857 2970 4931">
    <p class='ocr_par' dir='ltr' id='par_1_97' title="bbox 2125 4857 2970 4931">
     <span class='ocr_line' id='line_1_98' title="bbox 2125 4857 2970 4931; baseline -0.018 -10"><span class='ocrx_word' id='word_1_807' title='bbox 2125 4872 2151 4913; x_wconf 74' lang='grc' dir='ltr'><strong>Β</strong></span> <span class='ocrx_word' id='word_1_808' title='bbox 2185 4868 2439 4931; x_wconf 83' lang='lat' dir='ltr'><strong><em>Expetivit</em></strong></span> <span class='ocrx_word' id='word_1_809' title='bbox 2462 4865 2603 4918; x_wconf 71' lang='lat' dir='ltr'><strong><em>Oxon</em></strong></span> <span class='ocrx_word' id='word_1_810' title='bbox 2625 4867 2670 4912; x_wconf 90' lang='lat' dir='ltr'><strong><em>et</em></strong></span> <span class='ocrx_word' id='word_1_811' title='bbox 2695 4864 2802 4911; x_wconf 75' lang='lat' dir='ltr'><strong><em>reti.</em></strong></span> <span class='ocrx_word' id='word_1_812' title='bbox 2823 4857 2970 4921; x_wconf 87' lang='lat' dir='ltr'><strong><em>impr.</em></strong></span> 
     </span>
    </p>
   </div>
   <div class='ocr_carea' id='block_1_98' title="bbox 1603 5058 2428 5121">
    <p class='ocr_par' dir='ltr' id='par_1_98' title="bbox 1603 5058 2428 5121">
     <span class='ocr_line' id='line_1_99' title="bbox 1603 5058 2428 5121; baseline -0.001 -6"><span class='ocrx_word' id='word_1_813' title='bbox 1603 5059 1846 5118; x_wconf 87' lang='lat' dir='ltr'><strong><em>STEPH.</em></strong></span> <span class='ocrx_word' id='word_1_814' title='bbox 1887 5060 2163 5121; x_wconf 83' lang='lat' dir='ltr'><strong><em>BALUZII</em></strong></span> <span class='ocrx_word' id='word_1_815' title='bbox 2199 5058 2428 5118; x_wconf 65' lang='lat' dir='ltr'><strong><em>NOTAE.</em></strong></span> 
     </span>
    </p>
   </div>
   <div class='ocr_carea' id='block_1_99' title="bbox 437 5166 1958 5239">
    <p class='ocr_par' dir='ltr' id='par_1_99' title="bbox 437 5166 1958 5239">
     <span class='ocr_line' id='line_1_100' title="bbox 437 5166 1958 5239; baseline 0.006 -18"><span class='ocrx_word' id='word_1_816' title='bbox 437 5166 629 5222; x_wconf 85' lang='lat' dir='ltr'><strong>XXVI.</strong></span> <span class='ocrx_word' id='word_1_817' title='bbox 652 5198 725 5239; x_wconf 78' lang='lat'><strong><em>-—_—</em></strong></span> <span class='ocrx_word' id='word_1_818' title='bbox 748 5166 828 5222; x_wconf 88' lang='lat' dir='ltr'><strong><em>Ne</em></strong></span> <span class='ocrx_word' id='word_1_819' title='bbox 849 5175 1049 5239; x_wconf 87' lang='lat' dir='ltr'><strong><em>tangas.</em></strong></span> <span class='ocrx_word' id='word_1_820' title='bbox 1073 5168 1203 5224; x_wconf 82' lang='lat' dir='ltr'><strong><em>Post</em></strong></span> <span class='ocrx_word' id='word_1_821' title='bbox 1226 5169 1327 5225; x_wconf 84' lang='lat' dir='ltr'><strong><em>ista</em></strong></span> <span class='ocrx_word' id='word_1_822' title='bbox 1362 5170 1600 5226; x_wconf 85' lang='lat' dir='ltr'><strong><em>additum</em></strong></span> <span class='ocrx_word' id='word_1_823' title='bbox 1629 5183 1713 5229; x_wconf 90' lang='lat' dir='ltr'><strong><em>est</em></strong></span> <span class='ocrx_word' id='word_1_824' title='bbox 1738 5175 1789 5230; x_wconf 92' lang='lat' dir='ltr'><strong>in</strong></span> <span class='ocrx_word' id='word_1_825' title='bbox 1820 5175 1958 5230; x_wconf 87' lang='lat' dir='ltr'><strong><em>libro</em></strong></span> 
     </span>
    </p>
   </div>
   <div class='ocr_carea' id='block_1_100' title="bbox 364 5236 1957 5299">
    <p class='ocr_par' dir='ltr' id='par_1_100' title="bbox 364 5236 1957 5299">
     <span class='ocr_line' id='line_1_101' title="bbox 364 5236 1957 5299; baseline 0.004 -7"><span class='ocrx_word' id='word_1_826' title='bbox 364 5236 627 5292; x_wconf 74' lang='lat' dir='ltr'><strong><em>Fuxensi:</em></strong></span> <span class='ocrx_word' id='word_1_827' title='bbox 655 5237 721 5291; x_wconf 86' lang='lat' dir='ltr'><strong><em>Et</em></strong></span> <span class='ocrx_word' id='word_1_828' title='bbox 739 5240 841 5293; x_wconf 84' lang='lat' dir='ltr'><strong><em>alio</em></strong></span> <span class='ocrx_word' id='word_1_829' title='bbox 870 5236 981 5292; x_wconf 75' lang='lat' dir='ltr'><strong><em>loco</em></strong></span> <span class='ocrx_word' id='word_1_830' title='bbox 994 5240 1115 5293; x_wconf 88' lang='lat' dir='ltr'><strong><em>dicit</em></strong></span> <span class='ocrx_word' id='word_1_831' title='bbox 1139 5256 1157 5295; x_wconf 91' lang='lat'><strong><em>:</em></strong></span> <span class='ocrx_word' id='word_1_832' title='bbox 1184 5240 1316 5299; x_wconf 68' lang='lat' dir='ltr'><strong><em>Ecce</em></strong></span> <span class='ocrx_word' id='word_1_833' title='bbox 1345 5242 1491 5296; x_wconf 87' lang='lat' dir='ltr'><strong><em>trado</em></strong></span> <span class='ocrx_word' id='word_1_834' title='bbox 1515 5242 1661 5297; x_wconf 86' lang='lat' dir='ltr'><strong><em>illum</em></strong></span> <span class='ocrx_word' id='word_1_835' title='bbox 1683 5245 1790 5298; x_wconf 90' lang='lat' dir='ltr'><strong><em>tibi.</em></strong></span> <span class='ocrx_word' id='word_1_836' title='bbox 1821 5245 1957 5299; x_wconf 89' lang='lat' dir='ltr'><strong><em>Tan-</em></strong></span> 
     </span>
    </p>
   </div>
   <div class='ocr_carea' id='block_1_101' title="bbox 362 5310 1959 5383">
    <p class='ocr_par' dir='ltr' id='par_1_101' title="bbox 362 5310 1959 5383">
     <span class='ocr_line' id='line_1_102' title="bbox 362 5310 1959 5383; baseline 0.007 -23"><span class='ocrx_word' id='word_1_837' title='bbox 362 5317 468 5383; x_wconf 80' lang='lat' dir='ltr'><strong><em>tum</em></strong></span> <span class='ocrx_word' id='word_1_838' title='bbox 497 5310 720 5383; x_wconf 64' lang='lat' dir='ltr'><strong><em>annuam</em></strong></span> <span class='ocrx_word' id='word_1_839' title='bbox 738 5311 887 5383; x_wconf 57' lang='lat' dir='ltr'><strong><em>illius</em></strong></span> <span class='ocrx_word' id='word_1_840' title='bbox 913 5310 1129 5383; x_wconf 83' lang='lat' dir='ltr'><strong><em>custodi.</em></strong></span> <span class='ocrx_word' id='word_1_841' title='bbox 1155 5311 1326 5383; x_wconf 50' lang='lat' dir='ltr'><strong><em>Quoq</em></strong></span> <span class='ocrx_word' id='word_1_842' title='bbox 1332 5323 1602 5383; x_wconf 84' lang='lat' dir='ltr'><strong><em>sumptum</em></strong></span> <span class='ocrx_word' id='word_1_843' title='bbox 1647 5324 1729 5369; x_wconf 87' lang='lat' dir='ltr'><strong><em>est</em></strong></span> <span class='ocrx_word' id='word_1_844' title='bbox 1766 5331 1834 5370; x_wconf 85' lang='lat' dir='ltr'><strong><em>cx</em></strong></span> <span class='ocrx_word' id='word_1_845' title='bbox 1869 5331 1959 5370; x_wconf 86' lang='lat' dir='ltr'><strong><em>ca—</em></strong></span> 
     </span>
    </p>
   </div>
   <div class='ocr_carea' id='block_1_102' title="bbox 364 5378 1959 5447">
    <p class='ocr_par' dir='ltr' id='par_1_102' title="bbox 364 5378 1959 5447">
     <span class='ocr_line' id='line_1_103' title="bbox 364 5378 1959 5447; baseline 0.006 -17"><span class='ocrx_word' id='word_1_846' title='bbox 364 5381 471 5447; x_wconf 87' lang='lat' dir='ltr'><strong><em>pite</em></strong></span> <span class='ocrx_word' id='word_1_847' title='bbox 497 5395 532 5433; x_wconf 88' lang='grc' dir='ltr'><strong><em>ιι</em></strong></span> <span class='ocrx_word' id='word_1_848' title='bbox 561 5380 680 5433; x_wconf 84' lang='lat' dir='ltr'><strong><em>libri</em></strong></span> <span class='ocrx_word' id='word_1_849' title='bbox 729 5378 853 5445; x_wconf 83' lang='lat' dir='ltr'><strong><em>Job,</em></strong></span> <span class='ocrx_word' id='word_1_850' title='bbox 910 5389 966 5434; x_wconf 93' lang='lat' dir='ltr'><strong><em>ut</em></strong></span> <span class='ocrx_word' id='word_1_851' title='bbox 992 5378 1191 5436; x_wconf 83' lang='lat' dir='ltr'><strong><em>citatur</em></strong></span> <span class='ocrx_word' id='word_1_852' title='bbox 1214 5399 1242 5436; x_wconf 88' lang='lat' dir='ltr'><strong><em>a</em></strong></span> <span class='ocrx_word' id='word_1_853' title='bbox 1287 5378 1622 5439; x_wconf 86' lang='lat' dir='ltr'><strong><em>Tertulliano</em></strong></span> <span class='ocrx_word' id='word_1_854' title='bbox 1651 5385 1702 5440; x_wconf 93' lang='lat' dir='ltr'><strong><em>in</em></strong></span> <span class='ocrx_word' id='word_1_855' title='bbox 1732 5385 1871 5440; x_wconf 89' lang='lat' dir='ltr'><strong><em>libro</em></strong></span> <span class='ocrx_word' id='word_1_856' title='bbox 1896 5388 1959 5441; x_wconf 92' lang='lat' dir='ltr'><strong><em>de</em></strong></span> 
     </span>
    </p>
   </div>
   <div class='ocr_carea' id='block_1_103' title="bbox 362 5447 985 5517">
    <p class='ocr_par' dir='ltr' id='par_1_103' title="bbox 362 5447 985 5517">
     <span class='ocr_line' id='line_1_104' title="bbox 362 5447 985 5517; baseline 0 -14"><span class='ocrx_word' id='word_1_857' title='bbox 362 5447 514 5516; x_wconf 75' lang='lat' dir='ltr'><strong><em>Fuga</em></strong></span> <span class='ocrx_word' id='word_1_858' title='bbox 544 5451 596 5503; x_wconf 84' lang='lat' dir='ltr'><strong><em>in</em></strong></span> <span class='ocrx_word' id='word_1_859' title='bbox 623 5453 985 5517; x_wconf 76' lang='lat' dir='ltr'><strong><em>persecutione.</em></strong></span> 
     </span>
    </p>
   </div>
   <div class='ocr_carea' id='block_1_104' title="bbox 433 5519 1958 5596">
    <p class='ocr_par' dir='ltr' id='par_1_104' title="bbox 433 5519 1958 5596">
     <span class='ocr_line' id='line_1_105' title="bbox 433 5519 1958 5596; baseline 0.007 -24"><span class='ocrx_word' id='word_1_860' title='bbox 433 5519 683 5596; x_wconf 74' lang='lat' dir='ltr'><strong><em>Tempore</em></strong></span> <span class='ocrx_word' id='word_1_861' title='bbox 746 5522 1025 5596; x_wconf 55' lang='lat' dir='ltr'><strong><em>passionis.</em></strong></span> <span class='ocrx_word' id='word_1_862' title='bbox 1063 5523 1333 5596; x_wconf 75' lang='lat' dir='ltr'><strong><em>Pumclius</em></strong></span> <span class='ocrx_word' id='word_1_863' title='bbox 1380 5524 1576 5596; x_wconf 82' lang='lat' dir='ltr'><strong><em>adjecit</em></strong></span> <span class='ocrx_word' id='word_1_864' title='bbox 1605 5595 1608 5596; x_wconf 15' lang='grc' dir='ltr'><em>ν</em></span> <span class='ocrx_word' id='word_1_865' title='bbox 1639 5540 1702 5579; x_wconf 85' lang='lat' dir='ltr'><strong><em>ex</em></strong></span> <span class='ocrx_word' id='word_1_866' title='bbox 1772 5526 1958 5583; x_wconf 86' lang='lat' dir='ltr'><strong><em>codice</em></strong></span> 
     </span>
    </p>
   </div>
   <div class='ocr_carea' id='block_1_105' title="bbox 362 5588 1955 5666">
    <p class='ocr_par' dir='ltr' id='par_1_105' title="bbox 362 5588 1955 5666">
     <span class='ocr_line' id='line_1_106' title="bbox 362 5588 1955 5666; baseline 0.006 -24"><span class='ocrx_word' id='word_1_867' title='bbox 362 5588 798 5666; x_wconf 58' lang='lat' dir='ltr'><strong><em>Canibcroucnsi</em></strong></span> <span class='ocrx_word' id='word_1_868' title='bbox 822 5594 890 5645; x_wconf 87' lang='lat' dir='ltr'><strong><em>ad</em></strong></span> <span class='ocrx_word' id='word_1_869' title='bbox 938 5591 1185 5648; x_wconf 86' lang='lat' dir='ltr'><strong><em>Pilatum.</em></strong></span> <span class='ocrx_word' id='word_1_870' title='bbox 1216 5595 1318 5650; x_wconf 89' lang='lat' dir='ltr'><strong><em>Sed</em></strong></span> <span class='ocrx_word' id='word_1_871' title='bbox 1346 5588 1464 5664; x_wconf 60' lang='lat' dir='ltr'><strong><em>ego&#39;</em></strong></span> <span class='ocrx_word' id='word_1_872' title='bbox 1478 5595 1614 5650; x_wconf 91' lang='lat' dir='ltr'><strong><em>istud</em></strong></span> <span class='ocrx_word' id='word_1_873' title='bbox 1647 5610 1751 5649; x_wconf 89' lang='lat' dir='ltr'><strong><em>non</em></strong></span> <span class='ocrx_word' id='word_1_874' title='bbox 1781 5600 1955 5666; x_wconf 90' lang='lat' dir='ltr'><strong><em>reperi</em></strong></span> 
     </span>
    </p>
   </div>
   <div class='ocr_carea' id='block_1_106' title="bbox 362 5659 1958 5723">
    <p class='ocr_par' dir='ltr' id='par_1_106' title="bbox 362 5659 1958 5723">
     <span class='ocr_line' id='line_1_107' title="bbox 362 5659 1958 5723; baseline 0.006 -10"><span class='ocrx_word' id='word_1_875' title='bbox 362 5661 417 5713; x_wconf 88' lang='lat' dir='ltr'><strong><em>in</em></strong></span> <span class='ocrx_word' id='word_1_876' title='bbox 452 5659 606 5713; x_wconf 88' lang='lat' dir='ltr'><strong><em>libris</em></strong></span> <span class='ocrx_word' id='word_1_877' title='bbox 636 5663 852 5722; x_wconf 89' lang='lat' dir='ltr'><strong><em>nostris.</em></strong></span> <span class='ocrx_word' id='word_1_878' title='bbox 903 5673 957 5717; x_wconf 89' lang='lat' dir='ltr'><strong><em>et</em></strong></span> <span class='ocrx_word' id='word_1_879' title='bbox 1001 5666 1338 5718; x_wconf 78' lang='lat' dir='ltr'><strong><em>manifestum</em></strong></span> <span class='ocrx_word' id='word_1_880' title='bbox 1377 5659 1669 5722; x_wconf 70' lang='lat' dir='ltr'><strong><em>estdeeSsc</em></strong></span> <span class='ocrx_word' id='word_1_881' title='bbox 1695 5667 1745 5720; x_wconf 92' lang='lat' dir='ltr'><strong><em>in</em></strong></span> <span class='ocrx_word' id='word_1_882' title='bbox 1775 5659 1958 5723; x_wconf 76' lang='lat' dir='ltr'><strong><em>editio-</em></strong></span> 
     </span>
    </p>
   </div>
   <div class='ocr_carea' id='block_1_107' title="bbox 363 5729 1527 5797">
    <p class='ocr_par' dir='ltr' id='par_1_107' title="bbox 363 5729 1527 5797">
     <span class='ocr_line' id='line_1_108' title="bbox 363 5729 1527 5797; baseline 0.007 -13"><span class='ocrx_word' id='word_1_883' title='bbox 363 5729 661 5797; x_wconf 74' lang='lat' dir='ltr'><strong><em>nibtlsqtttc</em></strong></span> <span class='ocrx_word' id='word_1_884' title='bbox 701 5732 1061 5789; x_wconf 81' lang='lat' dir='ltr'><strong><em>Painelianam</em></strong></span> <span class='ocrx_word' id='word_1_885' title='bbox 1101 5746 1527 5793; x_wconf 80' lang='lat' dir='ltr'><strong><em>antecesserunt.</em></strong></span> 
     </span>
    </p>
   </div>
   <div class='ocr_carea' id='block_1_108' title="bbox 440 5800 1953 5875">
    <p class='ocr_par' dir='ltr' id='par_1_108' title="bbox 440 5800 1953 5875">
     <span class='ocr_line' id='line_1_109' title="bbox 440 5800 1953 5875; baseline 0.011 -24"><span class='ocrx_word' id='word_1_886' title='bbox 440 5800 658 5867; x_wconf 82' lang='lat' dir='ltr'><strong><em>Quando</em></strong></span> <span class='ocrx_word' id='word_1_887' title='bbox 685 5811 853 5857; x_wconf 88' lang='lat' dir='ltr'><strong><em>autem</em></strong></span> <span class='ocrx_word' id='word_1_888' title='bbox 882 5821 1141 5875; x_wconf 84' lang='lat' dir='ltr'><strong><em>rogamus.</em></strong></span> <span class='ocrx_word' id='word_1_889' title='bbox 1184 5805 1329 5859; x_wconf 81' lang='lat' dir='ltr'><strong><em>Citat</em></strong></span> <span class='ocrx_word' id='word_1_890' title='bbox 1367 5806 1507 5865; x_wconf 87' lang='lat' dir='ltr'><strong><em>hunc</em></strong></span> <span class='ocrx_word' id='word_1_891' title='bbox 1532 5806 1706 5863; x_wconf 88' lang='lat' dir='ltr'><strong><em>locum</em></strong></span> <span class='ocrx_word' id='word_1_892' title='bbox 1736 5818 1953 5867; x_wconf 83' lang='lat' dir='ltr'><strong><em>sanctus</em></strong></span> 
     </span>
    </p>
   </div>
   <div class='ocr_carea' id='block_1_109' title="bbox 2061 5165 3655 5248">
    <p class='ocr_par' dir='ltr' id='par_1_109' title="bbox 2061 5165 3655 5248">
     <span class='ocr_line' id='line_1_110' title="bbox 2061 5165 3655 5248; baseline -0.006 -17"><span class='ocrx_word' id='word_1_893' title='bbox 2061 5174 2389 5248; x_wconf 80' lang='lat' dir='ltr'><strong><em>Augustinus</em></strong></span> <span class='ocrx_word' id='word_1_894' title='bbox 2413 5172 2507 5227; x_wconf 89' lang='lat' dir='ltr'><strong><em>lib.</em></strong></span> <span class='ocrx_word' id='word_1_895' title='bbox 2530 5176 2785 5226; x_wconf 78' lang='lat' dir='ltr'><strong><em>tvcontra</em></strong></span> <span class='ocrx_word' id='word_1_896' title='bbox 2809 5167 2941 5224; x_wconf 88' lang='lat' dir='ltr'><strong><em>duas</em></strong></span> <span class='ocrx_word' id='word_1_897' title='bbox 2972 5166 3229 5239; x_wconf 86' lang='lat' dir='ltr'><strong><em>Epistolas</em></strong></span> <span class='ocrx_word' id='word_1_898' title='bbox 3258 5165 3655 5239; x_wconf 87' lang='lat' dir='ltr'><strong><em>Pelagianorum</em></strong></span> 
     </span>
    </p>
   </div>
   <div class='ocr_carea' id='block_1_110' title="bbox 2061 5246 3658 5371">
    <p class='ocr_par' dir='ltr' id='par_1_110' title="bbox 2061 5246 3658 5371">
     <span class='ocr_line' id='line_1_111' title="bbox 2061 5246 3658 5371; baseline -0.005 0"><span class='ocrx_word' id='word_1_899' title='bbox 2061 5246 2351 5371; x_wconf 48' lang='grc' dir='ltr'><strong><em>α’ῗξιῗύιι.</em></strong></span> <span class='ocrx_word' id='word_1_900' title='bbox 2380 5344 2451 5355; x_wconf 94' lang='grc'><strong><em>--</em></strong></span> <span class='ocrx_word' id='word_1_901' title='bbox 2485 5311 2630 5367; x_wconf 89' lang='lat' dir='ltr'><strong><em>Venit</em></strong></span> <span class='ocrx_word' id='word_1_902' title='bbox 2660 5310 2916 5365; x_wconf 88' lang='lat' dir='ltr'><strong><em>clausula.</em></strong></span> <span class='ocrx_word' id='word_1_903' title='bbox 2949 5307 3314 5363; x_wconf 84' lang='lat' dir='ltr'><strong><em>Tertulliauus</em></strong></span> <span class='ocrx_word' id='word_1_904' title='bbox 3345 5309 3396 5363; x_wconf 90' lang='lat' dir='ltr'><strong><em>in</em></strong></span> <span class='ocrx_word' id='word_1_905' title='bbox 3425 5309 3562 5363; x_wconf 84' lang='lat' dir='ltr'><strong><em>libro</em></strong></span> <span class='ocrx_word' id='word_1_906' title='bbox 3590 5309 3658 5363; x_wconf 91' lang='lat' dir='ltr'><strong><em>de</em></strong></span> 
     </span>
    </p>
   </div>
   <div class='ocr_carea' id='block_1_111' title="bbox 2061 5379 3657 5451">
    <p class='ocr_par' dir='ltr' id='par_1_111' title="bbox 2061 5379 3657 5451">
     <span class='ocr_line' id='line_1_112' title="bbox 2061 5379 3657 5451; baseline -0.004 -11"><span class='ocrx_word' id='word_1_907' title='bbox 2061 5386 2316 5441; x_wconf 86' lang='lat' dir='ltr'><strong><em>Oratione</em></strong></span> <span class='ocrx_word' id='word_1_908' title='bbox 2349 5402 2362 5438; x_wconf 87' lang='lat'><strong>:</strong></span> <span class='ocrx_word' id='word_1_909' title='bbox 2399 5384 2464 5439; x_wconf 88' lang='lat' dir='ltr'><strong><em>Et</em></strong></span> <span class='ocrx_word' id='word_1_910' title='bbox 2495 5381 2765 5451; x_wconf 86' lang='lat' dir='ltr'><strong><em>respondet</em></strong></span> <span class='ocrx_word' id='word_1_911' title='bbox 2811 5379 3046 5434; x_wconf 87' lang='lat' dir='ltr'><strong><em>clausula</em></strong></span> <span class='ocrx_word' id='word_1_912' title='bbox 3084 5380 3424 5447; x_wconf 83' lang='lat' dir='ltr'><strong><em>interpretans</em></strong></span> <span class='ocrx_word' id='word_1_913' title='bbox 3448 5381 3568 5450; x_wconf 85' lang='lat' dir='ltr'><strong><em>quid</em></strong></span> <span class='ocrx_word' id='word_1_914' title='bbox 3594 5382 3657 5434; x_wconf 90' lang='lat' dir='ltr'><strong><em>sit</em></strong></span> 
     </span>
    </p>
   </div>
   <div class='ocr_carea' id='block_1_112' title="bbox 2063 5452 2954 5512">
    <p class='ocr_par' dir='ltr' id='par_1_112' title="bbox 2063 5452 2954 5512">
     <span class='ocr_line' id='line_1_113' title="bbox 2063 5452 2954 5512; baseline -0.01 -2"><span class='ocrx_word' id='word_1_915' title='bbox 2063 5455 2149 5511; x_wconf 89' lang='lat' dir='ltr'><strong><em>Ne</em></strong></span> <span class='ocrx_word' id='word_1_916' title='bbox 2166 5475 2258 5512; x_wconf 87' lang='lat' dir='ltr'><strong><em>nos</em></strong></span> <span class='ocrx_word' id='word_1_917' title='bbox 2283 5456 2498 5509; x_wconf 86' lang='lat' dir='ltr'><strong><em>inducas</em></strong></span> <span class='ocrx_word' id='word_1_918' title='bbox 2526 5456 2579 5508; x_wconf 86' lang='lat' dir='ltr'><strong><em>in</em></strong></span> <span class='ocrx_word' id='word_1_919' title='bbox 2608 5452 2954 5506; x_wconf 88' lang='lat' dir='ltr'><strong><em>tentationem.</em></strong></span> 
     </span>
    </p>
   </div>
   <div class='ocr_carea' id='block_1_113' title="bbox 2134 5520 3657 5582">
    <p class='ocr_par' dir='ltr' id='par_1_113' title="bbox 2134 5520 3657 5582">
     <span class='ocr_line' id='line_1_114' title="bbox 2134 5520 3657 5582; baseline -0.005 0"><span class='ocrx_word' id='word_1_920' title='bbox 2134 5527 2242 5582; x_wconf 85' lang='lat' dir='ltr'><strong><em>Sed</em></strong></span> <span class='ocrx_word' id='word_1_921' title='bbox 2277 5526 2437 5581; x_wconf 89' lang='lat' dir='ltr'><strong><em>libera</em></strong></span> <span class='ocrx_word' id='word_1_922' title='bbox 2486 5540 2578 5579; x_wconf 92' lang='lat' dir='ltr'><strong><em>nos</em></strong></span> <span class='ocrx_word' id='word_1_923' title='bbox 2605 5540 2636 5576; x_wconf 89' lang='lat' dir='ltr'><strong><em>a</em></strong></span> <span class='ocrx_word' id='word_1_924' title='bbox 2665 5520 2821 5575; x_wconf 90' lang='lat' dir='ltr'><strong><em>malo.</em></strong></span> <span class='ocrx_word' id='word_1_925' title='bbox 2855 5520 2989 5575; x_wconf 89' lang='lat' dir='ltr'><strong><em>Vide</em></strong></span> <span class='ocrx_word' id='word_1_926' title='bbox 3036 5521 3409 5578; x_wconf 79' lang='lat' dir='ltr'><strong><em>annotationes</em></strong></span> <span class='ocrx_word' id='word_1_927' title='bbox 3453 5520 3657 5576; x_wconf 86' lang='lat' dir='ltr'><strong><em>Erasmi</em></strong></span> 
     </span>
    </p>
   </div>
   <div class='ocr_carea' id='block_1_114' title="bbox 2060 5596 3621 5675">
    <p class='ocr_par' dir='ltr' id='par_1_114' title="bbox 2060 5596 3621 5675">
     <span class='ocr_line' id='line_1_115' title="bbox 2060 5596 3621 5675; baseline -0.001 0"><span class='ocrx_word' id='word_1_928' title='bbox 2060 5596 2595 5675; x_wconf 49' lang='lat' dir='ltr'><strong><em>inmundam.</em></strong></span> <span class='ocrx_word' id='word_1_929' title='bbox 2664 5663 2695 5675; x_wconf 94' lang='lat'><strong><em>._</em></strong></span> <span class='ocrx_word' id='word_1_930' title='bbox 2926 5669 2935 5675; x_wconf 88' lang='lat'>_</span> <span class='ocrx_word' id='word_1_931' title='bbox 3266 5634 3273 5635; x_wconf 52' lang='grc' dir='ltr'>ί</span> <span class='ocrx_word' id='word_1_932' title='bbox 3496 5662 3508 5674; x_wconf 94' lang='grc'><strong><em>.</em></strong></span> <span class='ocrx_word' id='word_1_933' title='bbox 3609 5662 3621 5673; x_wconf 95' lang='grc'><strong><em>.</em></strong></span> 
     </span>
    </p>
   </div>
   <div class='ocr_carea' id='block_1_115' title="bbox 2135 5660 3663 5731">
    <p class='ocr_par' dir='ltr' id='par_1_115' title="bbox 2135 5660 3663 5731">
     <span class='ocr_line' id='line_1_116' title="bbox 2135 5660 3663 5731; baseline -0.004 -10"><span class='ocrx_word' id='word_1_934' title='bbox 2135 5660 2382 5721; x_wconf 81' lang='lat' dir='ltr'><strong>XXX.—</strong></span> <span class='ocrx_word' id='word_1_935' title='bbox 2408 5663 2715 5720; x_wconf 77' lang='lat' dir='ltr'><strong><em>Postulavit.</em></strong></span> <span class='ocrx_word' id='word_1_936' title='bbox 2753 5663 2991 5731; x_wconf 73' lang='lat' dir='ltr'><strong><em>Vulgata:</em></strong></span> <span class='ocrx_word' id='word_1_937' title='bbox 3019 5660 3283 5717; x_wconf 84' lang='lat' dir='ltr'><strong><em>editiones</em></strong></span> <span class='ocrx_word' id='word_1_938' title='bbox 3302 5704 3316 5725; x_wconf 86' lang='lat'><strong><em>,</em></strong></span> <span class='ocrx_word' id='word_1_939' title='bbox 3349 5662 3580 5716; x_wconf 83' lang='lat' dir='ltr'><strong><em>Hilarius</em></strong></span> <span class='ocrx_word' id='word_1_940' title='bbox 3609 5662 3663 5715; x_wconf 87' lang='lat' dir='ltr'><strong><em>in</em></strong></span> 
     </span>
    </p>
   </div>
   <div class='ocr_carea' id='block_1_116' title="bbox 2059 5732 3665 5803">
    <p class='ocr_par' dir='ltr' id='par_1_116' title="bbox 2059 5732 3665 5803">
     <span class='ocr_line' id='line_1_117' title="bbox 2059 5732 3665 5803; baseline -0.006 -11"><span class='ocrx_word' id='word_1_941' title='bbox 2059 5737 2199 5793; x_wconf 88' lang='lat' dir='ltr'><strong><em>libro</em></strong></span> <span class='ocrx_word' id='word_1_942' title='bbox 2242 5754 2270 5792; x_wconf 76' lang='grc' dir='ltr'><strong>κ</strong></span> <span class='ocrx_word' id='word_1_943' title='bbox 2298 5738 2360 5791; x_wconf 88' lang='lat' dir='ltr'><strong><em>de</em></strong></span> <span class='ocrx_word' id='word_1_944' title='bbox 2401 5735 2670 5801; x_wconf 80' lang='lat' dir='ltr'><strong><em>Trinitate,</em></strong></span> <span class='ocrx_word' id='word_1_945' title='bbox 2723 5754 2775 5792; x_wconf 88' lang='lat' dir='ltr'><strong><em>c.</em></strong></span> <span class='ocrx_word' id='word_1_946' title='bbox 2826 5733 2926 5795; x_wconf 69' lang='lat'><strong><em>38,</em></strong></span> <span class='ocrx_word' id='word_1_947' title='bbox 2978 5733 3432 5803; x_wconf 66' lang='lat' dir='ltr'><strong><em>ctllierouymus</em></strong></span> <span class='ocrx_word' id='word_1_948' title='bbox 3481 5732 3573 5785; x_wconf 86' lang='lat' dir='ltr'><strong><em>lib.</em></strong></span> <span class='ocrx_word' id='word_1_949' title='bbox 3627 5745 3665 5783; x_wconf 89' lang='grc' dir='ltr'><strong><em>ιι</em></strong></span> 
     </span>
    </p>
   </div>
   <div class='ocr_carea' id='block_1_117' title="bbox 2059 5802 3668 5878">
    <p class='ocr_par' dir='ltr' id='par_1_117' title="bbox 2059 5802 3668 5878">
     <span class='ocr_line' id='line_1_118' title="bbox 2059 5802 3668 5878; baseline -0.007 -15"><span class='ocrx_word' id='word_1_950' title='bbox 2059 5808 2299 5863; x_wconf 78' lang='lat' dir='ltr'><strong><em>adversus</em></strong></span> <span class='ocrx_word' id='word_1_951' title='bbox 2356 5806 2621 5878; x_wconf 85' lang='lat' dir='ltr'><strong><em>Pelagium</em></strong></span> <span class='ocrx_word' id='word_1_952' title='bbox 2650 5806 2877 5878; x_wconf 69' lang='lat' dir='ltr'><strong><em>habent</em></strong></span> <span class='ocrx_word' id='word_1_953' title='bbox 2906 5802 3156 5869; x_wconf 67' lang='lat' dir='ltr'><strong><em>expetivit,</em></strong></span> <span class='ocrx_word' id='word_1_954' title='bbox 3187 5803 3263 5855; x_wconf 81' lang='lat' dir='ltr'><strong><em>uti</em></strong></span> <span class='ocrx_word' id='word_1_955' title='bbox 3292 5802 3478 5872; x_wconf 84' lang='lat' dir='ltr'><strong><em>legitur</em></strong></span> <span class='ocrx_word' id='word_1_956' title='bbox 3506 5802 3557 5856; x_wconf 89' lang='lat' dir='ltr'><strong><em>in</em></strong></span> <span class='ocrx_word' id='word_1_957' title='bbox 3580 5813 3668 5852; x_wconf 73' lang='lat' dir='ltr'><strong><em>ca-</em></strong></span> 
     </span>
    </p>
   </div>
  </div>
