4332 6292
355 335 459 401 641

1500 320 1701 402 uasa
1739 342 1831 400 an
1867 343 2216 402 ORATIONE
2258 346 2597 407 DOMINICA.

3558 349 3667 415 ΜΞ

360 457 463 513 duc
491 456 545 521 in
589 457 796 512 domum
834 465 996 513 tatam.
1035 456 1097 513 Si
1139 457 1323 514 videris
1364 459 1579 525 nudum,
1622 460 1846 526 vesti;et
1875 459 1965 513 do-
1993 465 2043 525 Α
2072 471 2127 517 ut
2154 464 2479 519 resurrectio
2512 463 2719 520 Domini
2770 463 3023 521 matutina
3071 465 3315 523 oratione
3341 466 3662 525 celebretur.

365 551 599 613 mesticos
612 551 817 606 seminis
834 551 907 605 tui
927 566 1029 605 non
1044 551 1310 621 despicies.
1327 550 1471 605 Tunc
1485 554 1708 618 erumpet
1724 561 1969 621 tempora-

366 659 576 698 raneum
602 644 772 698 lumen
800 652 942 698 tuum
970 653 1017 697 et
1044 644 1339 698 vestimenta
1383 652 1469 698 tua
1497 644 1594 696 cita
1626 643 1881 708 orientur,
1921 652 1966 697 et

371 734 573 805 prteibit
597 744 714 790 ante
737 744 782 790 te
818 735 1041 806 justitia,
1074 743 1118 789 et
1156 736 1367 788 claritas
1408 734 1501 789 Dei
1532 734 1862 787 circumdabit
1898 743 1964 787 te.

372 826 517 882 Tunc
544 826 885 893 exclamabis,
927 837 972 881 et
1014 826 1153 882 Deus
1190 827 1425 880 exaudiet
1469 838 1537 893 te,
1586 835 1630 880 et
1657 827 1776 880 dant
1800 826 1967 879 adhuc

363 920 583 992 loqueris
618 912 750 974 ilicet
771 936 790 973 :
819 918 951 974 Ecce
988 922 1167 973 adsum
1215 918 1358 989 (lsa.
1390 935 1544 984 Lvttt,
1576 918 1723 989 6—9).
1764 919 1966 974 Adesse

360 1024 422 1066 se
450 1010 778 1080 repromittit
806 1021 858 1066 et
884 1010 1071 1079 audire
1102 1026 1164 1066 ac
1187 1020 1468 1091 protegere
1489 1025 1548 1066 se
1572 1026 1669 1075 eos
1698 1010 1825 1069 dicit
1850 1010 1962 1080 qui,

362 1103 638 1173 injustitite
672 1104 845 1159 nodos
890 1103 960 1163 de
1003 1103 1167 1165 corde
1195 1104 1467 1169 solventes
1496 1113 1550 1169 et
1595 1102 1965 1175 eleentosyoas

360 1196 501 1250 circa
524 1194 847 1250 domesticos
870 1194 983 1261 Dei,
1009 1194 1299 1249 secundum
1322 1195 1438 1265 ejus
1456 1204 1743 1264 prmeepta,
1766 1192 1966 1247 facien-

360 1297 463 1355 tes,
495 1288 620 1343 dum
643 1288 864 1342 audiunt
893 1286 1032 1357 quod
1066 1288 1208 1342 Deus
1247 1287 1492 1356 praecipit
1519 1285 1655 1349 ﬁeri,
1698 1285 1796 1359 ipsi
1830 1299 1964 1354 quo-

361 1394 466 1449 que
490 1394 518 1433 a
543 1379 652 1434 Deo
680 1386 955 1433 merentur
980 1377 1171 1432 audiri.
1232 1377 1424 1432 Beatus
1447 1376 1720 1447 apostolus
1746 1375 1961 1442 Paulus,

359 1472 413 1526 iu
442 1471 763 1526 necessitate
786 1484 1052 1539 pressura:
1080 1468 1295 1557 adjutus
1323 1484 1352 1523 a
1382 1470 1654 1536 fratribus,
1680 1483 1843 1539 opera
1870 1468 1965 1523 bo-

360 1579 427 1618 na
455 1573 482 1601 τι
507 1579 625 1635 qua:
671 1563 808 1619 ﬁunt
847 1561 1105 1618 sacriﬁcia
1158 1562 1251 1617 Dei
1299 1562 1436 1616 dixit
1480 1576 1601 1617 esse
1640 1579 1653 1615 :
1691 1560 1964 1616 Salut‘altts

361 1674 497 1726 sum,
542 1658 748 1727 inquit,
795 1656 1045 1727 recipiens
1067 1655 1129 1709 ab
1162 1653 1514 1727 Epaphrodito
1544 1670 1602 1708 ea
1631 1670 1744 1723 qua:
1771 1670 1801 1707 a
1827 1653 1964 1708 vobis

365 1750 523 1803 missa
554 1758 692 1816 sunt,
729 1749 935 1804 odorem
969 1749 1252 1812 suavitatis,
1281 1747 1589 1814 sacriﬁcium
1625 1756 1887 1816 acceptum
1916 1755 1964 1801 et

2070 554 2223 620 Quod
2258 556 2383 609 olim
2414 554 2645 625 Spiritus
2672 569 2888 613 sanctus
2908 548 3223 627 designabat
3250 561 3302 615 in
3327 558 3552 616 PSultttiS
3578 561 3663 616 di-

2068 660 2198 701 cens
2227 663 2239 699 :
2272 644 2385 703 Rea:
2405 663 2543 701 meus
2572 657 2618 701 et
2644 645 2783 702 Deus
2809 665 2966 718 incus,
2991 653 3228 718 quoniam
3256 652 3323 705 ad
3362 661 3408 706 te
3432 653 3584 706 orabo
3612 649 3661 721 ἀ,

2072 735 2304 802 Domine,
2335 753 2484 790 mane
2512 739 2754 793 exaudics
2782 757 2949 795 vocem
2980 758 3164 810 meam,
3193 760 3341 798 mane
3375 746 3613 799 assistam
3636 754 3661 783 ε

2070 828 2179 895 tibi,
2206 839 2251 882 et
2272 831 2650 899 contemplabor
2674 841 2721 886 le
2767 830 2938 903 (Psal.
2973 850 3027 898 ν,
3054 833 3148 905 ‘2).
3206 834 3272 893 Et
3320 839 3513 891 iterum
3564 851 3663 906 per

2070 919 2393 988 Prophetam
2422 921 2657 992 loquitur
2685 923 2943 978 Dominus
2968 942 2982 979 :
3014 924 3255 981 Diluculo
3292 928 3569 999 vigilabant
3595 929 3664 983 ad

2068 1028 2148 1073 me
2168 1012 2390 1068 dicentes
2419 1029 2438 1066 :
2466 1012 2659 1081 Eamus
2684 1025 2731 1079 et
2756 1026 3068 1083 revertamur
3088 1018 3156 1081 ad
3178 1016 3454 1073 Dominum
3496 1018 3664 1075 Deum

2067 1112 2295 1165 nostrum
2320 1104 2467 1174 (Ore.
2492 1122 2543 1160 vr
2563 1148 2577 1172 ,
2604 1105 2677 1177 l).
2703 1105 3011 1171 Recedeute
3040 1109 3167 1167 item
3199 1109 3312 1165 sole
3333 1125 3395 1164 ac
3430 1110 3516 1166 die
3540 1126 3660 1166 ces-

2067 1206 2221 1251 sante
2273 1197 2583 1252 necessario
2630 1212 2817 1253 rursus
2858 1199 3119 1254 orandum
3159 1208 3280 1255 est:
3327 1216 3486 1269 nam,
3538 1203 3662 1272 quia

2069 1286 2313 1349 Christus
2364 1288 2444 1343 sol
2486 1304 2645 1344 verus
2691 1300 2746 1344 et
2795 1289 2912 1345 dies
2966 1300 3049 1345 est
3070 1306 3253 1357 verus,
3321 1292 3433 1347 sole
3461 1307 3525 1348 ac
3576 1295 3663 1348 die.

2065 1380 2248 1435 szeculi
2275 1380 2579 1447 recedente,
2609 1381 2824 1452 quando
2849 1397 3063 1437 oramus
3077 1392 3133 1439 et
3157 1384 3388 1455 petimus
3419 1394 3477 1439 ut
3500 1400 3663 1457 super

2067 1488 2167 1527 nos
2199 1472 2290 1528 lux
2329 1473 2506 1529 denuo
2543 1474 2743 1542 veniat,
2796 1475 2993 1538 Christi
3038 1491 3323 1551 precamur
3371 1477 3660 1543 adventum

2067 1565 2204 1621 lucis
2244 1576 2458 1622 aeternae
2489 1569 2715 1639 gratiam
2766 1569 3135 1638 praebiturum.
3174 1568 3443 1637 Christum,
3480 1580 3660 1637 autem

2066 1656 2206 1713 diem
2235 1658 2435 1714 dictum
2476 1659 2712 1725 declarat
2749 1659 2801 1715 in
2841 1660 3069 1716 Psalmis
3110 1659 3339 1731 Spiritus
3394 1673 3613 1727 saucius
3645 1681 3658 1718 :

2066 1749 2246 1821 Lapis,
2280 1751 2470 1823 inquit,
2503 1768 2650 1825 quem
2674 1752 3416 1825 reprobaverunttt'diﬁcautes,
3440 1736 3529 1811 Iliic
3558 1759 3663 1829 [ac-

364 1842 606 1913 placitnm
646 1840 755 1895 Deo
797 1841 814 1913 (
840 1839 981 1895 Phil.
1027 1857 1097 1905 tv,
1143 1837 1271 1912 l8).
1300 1840 1452 1905 Nam,
1484 1837 1698 1909 quando
1719 1839 1838 1917 quis
1865 1839 1966 1893 mi-
1994 1853 2043 1913 Β
2070 1851 2150 1898 tus
2188 1853 2259 1896 est
2290 1842 2342 1895 in
2383 1852 2535 1912 caput
2579 1843 2775 1912 anguli.
2810 1843 2855 1905 Α
2884 1843 3101 1907 Domino
3142 1850 3305 1915 factus
3329 1854 3402 1900 est
3449 1847 3540 1906 iste
3568 1847 3585 1885 ί
3616 1857 3664 1903 et

362 1943 576 1989 seretur
606 1934 874 2003 pauperis,
910 1934 1074 1987 Deum
1100 1930 1325 1988 ﬂeuerat
1349 1948 1377 1996 ;ρ
1392 1940 1447 1986 et
1472 1930 1559 2001 qui
1590 1930 1679 1985 dat
1704 1930 1959 1998 minimis,

364 2028 475 2085 Deo
515 2028 711 2095 donat,
770 2027 1082 2099 spiritaliter
1132 2027 1241 2089 Deo
1290 2025 1568 2080 suavitatis
1609 2022 1831 2081 odorem
1878 2038 1963 2079 sa-

365 2120 590 2189 criﬁcat.
1226 2168 1229 2169 ν

433 2212 679 2268 XXXIV.
720 2212 777 2267 In
824 2210 1156 2267 orationibus
1205 2222 1334 2266 vero
1383 2207 1723 2270 celebrandis
1753 2205 1961 2265 inveni-

364 2320 484 2360 mus
513 2305 829 2361 observasse
854 2320 976 2361 cum
1008 2303 1225 2359 Daniele
1257 2314 1367 2359 tres
1398 2318 1591 2379 pueros
1623 2303 1675 2357 in
1707 2301 1811 2361 ﬁde
1838 2298 1963 2356 Tor-

364 2404 445 2452 tes
467 2407 521 2453 et
555 2397 607 2452 in
635 2396 947 2468 captivitate,
967 2397 1221 2478 victores,
1250 2395 1435 2451 horam
1468 2397 1702 2467 tertiam,
1734 2403 1960 2461 sextam,

363 2489 435 2520 ²¹⁵
480 2504 695 2558 nonam,
735 2486 1120 2546 sacramentob
1164 2487 1368 2542 scilicet
1408 2486 1705 2554 Trinitatis,
1744 2502 1863 2556 qua:
1907 2486 1960 2540 in

362 2568 672 2637 novissimis
713 2579 1041 2650 temporibus
1088 2578 1420 2634 manifestari
1452 2577 1702 2633 habebat.
1742 2576 1874 2632 Nam
1908 2584 1963 2631 et

362 2676 532 2743 prima
566 2673 694 2729 hora
720 2674 770 2726 in
817 2672 1029 2728 tertiam
1058 2671 1280 2727 veniens
1319 2678 1747 2724 consummatum
1775 2682 1963 2723 nome-

362 2779 481 2818 rum
518 2763 769 2820 trinitatis
816 2762 1093 2818 ostendit:
1130 2763 1365 2831 itemque
1409 2760 1477 2819 ad
1520 2770 1726 2815 sextam
1774 2768 1962 2830 quarta

360 2855 662 2925 procedens
700 2838 935 2909 declarat
978 2854 1199 2907 alteram
1228 2852 1550 2917 trinitatem;
1596 2859 1650 2909 et
1692 2849 1905 2925 quando
1932 2864 1963 2904 a

365 2944 594 3012 septima
636 2936 774 2998 noua
821 2944 1152 3014 completur,
1203 2958 1299 3013 per
1331 2951 1510 2998 ternas
1546 2942 1705 2997 horas
1755 2941 1963 2996 trinitas

362 3032 600 3106 perfecta
627 3044 960 3089 numeratur.
999 3034 1129 3102 Quae
1159 3034 1409 3088 horarum
1448 3033 1617 3103 Spatia
1639 3031 1961 3103 jampridem

362 3126 673 3197 spiritaliter
702 3125 1123 3180 deter-minantes
1171 3124 1484 3179 adoratores
1522 3124 1613 3179 Dei
1651 3123 1865 3178 statutis
1908 3133 1962 3178 et

2069 1943 2141 1987 est
2196 1932 2510 1997 admirabilis
2533 1943 2556 1981 Β
2588 1936 2643 1988 in
2682 1936 2842 1990 oculis
2888 1938 3092 1993 nostris.
3124 1935 3234 1997 Iste
3259 1948 3334 1995 est
3378 1937 3485 1995 dies
3518 1954 3664 2010 quem

2074 2026 2192 2097 fecit
2220 2024 2494 2097 Dominus,
2531 2025 2845 2083 ambulemus
2879 2036 2924 2082 et
2942 2027 3287 2099 jucundemur
3312 2029 3365 2083 in
3394 2044 3453 2083 eo
3483 2027 3662 2101 (Psal.

2067 2130 2235 2183 cxvu,
2256 2116 2346 2189 22,
2366 2115 2484 2189 25).
2505 2117 2656 2186 Item,
2676 2116 2816 2189 quod
2835 2119 2914 2174 sol
2938 2119 3235 2194 appellatus
3250 2109 3318 2185 sit
3335 2119 3621 2187 Malachias
3636 2118 3663 2157 ¹ι

2068 2210 2327 2280 propheta
2361 2219 2584 2269 testatur
2610 2209 2795 2269 dicens
2826 2228 2839 2265 :
2883 2210 3033 2271 Vobis
3054 2222 3220 2273 autem
3246 2215 3333 2283 qui
3363 2212 3548 2274 timetis
3572 2228 3663 2267 no-

2068 2316 2183 2355 men
2208 2296 2438 2369 Domini,
2466 2301 2657 2355 arietur
2677 2302 2754 2357 sol
2779 2302 3015 2373 justitite,
3041 2311 3088 2358 et
3117 2304 3170 2359 in
3201 2303 3300 2367 alis
3328 2304 3437 2367 eius
3467 2305 3662 2363 curatio

2068 2401 2139 2445 est
2171 2391 2425 2463 (Malacli.
2452 2408 2527 2459 tv,
2560 2392 2639 2464 2).
2672 2392 2826 2463 Quod
2853 2394 2897 2449 si
2938 2394 2991 2450 in
3019 2392 3312 2465 Scripturis
3353 2395 3553 2461 sanctis
3579 2395 3661 2449 sol

2066 2500 2226 2541 verus
2252 2494 2306 2540 et
2332 2486 2446 2541 dies
2469 2501 2626 2547 veros
2650 2496 2735 2542 est
2777 2487 3055 2559 Christus,
3107 2488 3236 2543 hora
3262 2487 3408 2553 nulla
3445 2502 3478 2547 a
3507 2486 3662 2551 Chri-

2068 2576 2258 2631 stianis
2281 2576 2547 2647 excipitur
2568 2578 2852 2647 quominus
2874 2575 3181 2649 ireqnenter
3203 2591 3266 2633 ac
3291 2591 3504 2647 semper
3525 2576 3664 2631 Deus

2067 2669 2260 2723 debeat
2286 2670 2528 2736 adorari;
2559 2679 2614 2724 ut
2643 2671 2733 2741 qui
2777 2670 2831 2729 in
2857 2670 3088 2737 Christo,
3125 2669 3226 2729 hoc
3254 2680 3338 2727 est
3377 2670 3430 2725 in
3459 2668 3578 2727 sole
3611 2677 3666 2724 et

2069 2761 2120 2815 in
2146 2758 2232 2814 die
2261 2774 2408 2825 vero,
2441 2775 2647 2827 sumus,
2670 2761 2979 2821 insistamus
3003 2777 3096 2837 per
3123 2770 3288 2818 totum
3319 2761 3459 2819 diem
3487 2762 3664 2832 preci-

2067 2850 2167 2905 bus
2194 2861 2245 2906 et
2270 2866 2507 2921 oremus,
2532 2860 2585 2905 et
2606 2850 2820 2923 quando
2844 2852 3026 2906 mundi
3058 2852 3176 2921 lege
3207 2851 3502 2907 decurrens
3535 2851 3665 2905 vici-

2067 2944 2165 2999 bus
2178 2944 2400 2998 alternis
2416 2958 2516 2998 nox
2538 2943 2774 2998 revoluta
2790 2944 3052 3009 succedit,
3074 2942 3277 2998 nullum
3296 2941 3364 2997 de
3386 2941 3664 2999 nocturnis

2068 3034 2303 3093 tenebris
2351 3048 2471 3088 esse
2519 3034 2799 3088 orantibus
2824 3030 3080 3088 damnum
3134 3041 3348 3104 potest,
3396 3032 3520 3103 quia
3542 3031 3665 3087 liliis

2068 3126 2208 3181 lucis
2241 3135 2296 3182 et
2325 3126 2377 3181 in
2407 3126 2654 3182 noctibus
2679 3127 2795 3189 dies
2825 3137 2928 3183 est.
2966 3125 3190 3194 Quando
3220 3126 3362 3182 enim
3413 3126 3534 3181 sine
3578 3125 3662 3179 lu-

362 3219 612 3291 legitimis
633 3219 697 3273 ad
731 3235 941 3290 precem
973 3219 1301 3289 temporibus
1325 3218 1675 3273 servabantC.
1703 3217 1765 3271 Et
1788 3217 1960 3271 maui-
1985 3232 2032 3299 ρ
2068 3221 2211 3275 mine
2241 3229 2324 3276 est
2351 3220 2435 3277 cui
2472 3220 2649 3275 lumen
2689 3220 2739 3273 in
2769 3217 2932 3275 corde
2978 3221 3097 3275 est?
3126 3230 3215 3274 aut
3262 3217 3476 3288 quando
3503 3217 3586 3274 sol
3611 3220 3662 3274 ei

366 3314 554 3370 testata
600 3318 937 3384 postmodum
980 3328 1067 3368 res
1108 3323 1192 3369 est
1244 3321 1579 3367 sacramenta
1620 3311 1747 3366 olim
1802 3311 1965 3366 fuisse

365 3408 505 3478 quod
543 3416 666 3462 ante
697 3408 773 3462 sic
821 3406 954 3476 justi
996 3404 1369 3476 precabantur.
1436 3403 1570 3459 Nam
1615 3416 1778 3471 super
1805 3402 1967 3459 disci-

364 3503 521 3573 pulos
579 3503 708 3556 hora
765 3501 920 3556 tertia
955 3499 1237 3555 descendit
1273 3498 1506 3570 Spiritus
1570 3504 1787 3550 sanctus
1815 3538 1827 3559 ,
1873 3494 1963 3565 qui

364 3594 590 3665 gratiam
621 3592 911 3657 Dominicre
934 3589 1366 3663 repromissionis
1392 3588 1652 3661 implevit.
1706 3587 1835 3650 Item
1870 3586 1966 3645 l‘eo

366 3696 499 3748 trus,
531 3689 659 3739 hora
681 3694 831 3740 sexta
864 3686 915 3739 in
951 3692 1147 3740 tectum
1178 3683 1423 3752 superius
1449 3681 1773 3747 ascendens,
1812 3682 1965 3750 signo

368 3780 567 3848 pariter
591 3786 644 3833 et
690 3793 823 3833 voce
850 3777 945 3845 Dei
971 3778 1240 3832 monentis
1266 3777 1558 3830 instructus
1584 3783 1666 3829 est
1694 3784 1747 3833 ut
1775 3790 1963 3829 omnes

367 3869 432 3923 ad
455 3870 681 3938 gratiam
729 3869 917 3925 salutis
960 3866 1290 3935 admitteret,
1343 3880 1465 3921 cum
1505 3864 1573 3921 de
1611 3864 1967 3925 emundaudis

367 3961 657 4031 gentilibus
687 3970 812 4018 ante
858 3961 1163 4019 tlubitat‘et.’
1210 3960 1276 4016 Et
1329 3960 1585 4015 Dominus
1639 3958 1767 4015 hora
1818 3968 1969 4014 sexta

368 4054 674 4120 cruciﬁxus,
700 4054 765 4107 ad
790 4069 983 4108 nonam
1016 4060 1232 4122 peccata
1269 4061 1446 4106 nostra
1470 4051 1728 4120 sanguine
1750 4066 1848 4105 suo
1877 4051 1970 4104 ab-

368 4146 483 4211 luit,
530 4154 585 4200 et
624 4156 681 4203 ut
704 4145 968 4201 redimere
1017 4152 1070 4199 ct
1119 4142 1389 4197 viviﬁcare
1441 4157 1537 4195 nos
1582 4150 1781 4210 posset,
1840 4150 1965 4197 tunc

368 4237 647 4293 victoriam
679 4250 832 4299 suam
867 4235 1114 4305 passione
1147 4232 1388 4305 perfecit.

440 4324 660 4380 XXXV.
693 4325 800 4380 Sed
829 4325 1002 4391 nobis,
1036 4325 1227 4381 fratres
1254 4324 1608 4387 dilectissimi,
1640 4330 1839 4393 praeter
1869 4323 1966 4376 Ito-

371 4431 460 4471 ras
503 4416 796 4488 antiquitus
820 4407 1151 4485 observatas,
1180 4417 1370 4473 orandi
1420 4431 1560 4471 nunc
1614 4424 1671 4471 et
1713 4415 1885 4485 Spatia
1912 4424 1967 4470 et

2067 3320 2121 3367 et
2146 3312 2261 3367 dies
2286 3329 2390 3367 non
2418 3323 2498 3368 est
2526 3314 2609 3367 cui
2637 3313 2717 3367 sol
2741 3322 2796 3368 et
2817 3312 2934 3367 dies
2971 3310 3217 3367 Christus
3242 3312 3366 3367 est?

2139 3402 2381 3460 XXXVI.
2411 3403 2511 3470 Qui
2536 3411 2715 3458 autem
2763 3405 2815 3458 iu
2843 3396 3082 3470 Chrisio,
3109 3405 3211 3458 hoc
3230 3413 3312 3459 est
3344 3403 3619 3460 inlumine
3645 3446 3662 3473 ,

2068 3508 2285 3565 semper
2309 3510 2516 3560 sumus,
2551 3511 2650 3550 nec
2690 3494 2940 3553 noctibus
2980 3495 3048 3551 ab
3073 3495 3319 3579 oratione
3359 3509 3659 3551 cessemus.

2069 3589 2160 3653 Sic
2190 3593 2343 3653 Anna
2370 3588 2525 3647 vidua
2555 3589 2674 3649 sine
2699 3588 3102 3647 intermissione
3136 3602 3332 3657 rogans
3355 3602 3571 3657 semper
3607 3596 3663 3642 et

2071 3683 2297 3752 vigilans
2357 3677 2732 3750 peiseverahat
2778 3680 2830 3745 in
2872 3678 3228 3746 promerendo
3278 3678 3406 3742 Deo,
3438 3678 3576 3731 sicut
3611 3679 3662 3729 in

2073 3774 2364 3843 Evangelio
2410 3774 2667 3840 scriptum
2696 3779 2814 3836 est:
2864 3768 2985 3822 Non
3015 3767 3309 3831 recedebat,
3357 3767 3564 3838 inquit,
3604 3767 3666 3821 de

2073 3866 2287 3949 templo,
2336 3865 2551 3937 jejuttiis
2583 3873 2629 3916 et
2671 3860 2980 3921 orationibus
3026 3860 3242 3917 serviens
3294 3869 3438 3914 nocte
3480 3875 3539 3914 ac
3582 3859 3665 3921 die

2075 3948 2226 4028 (Luc.
2274 3970 2331 4020 tt,
2362 3955 2473 4023 57).
2499 3952 2745 4011 Viderint
2772 3951 2855 4015 vel
2882 3952 3128 4020 gentiles,
3156 3953 3244 4021 qui
3278 3950 3503 4007 necdum
3542 3948 3663 4003 illu-

2076 4050 2258 4104 tniuati
2283 4056 2428 4112 situt,
2453 4047 2535 4101 vel
2561 4046 2751 4112 Judaei,
2782 4045 2893 4113 qui,
2922 4044 3149 4103 deserto,
3176 4045 3393 4106 lumine,
3421 4043 3473 4096 iu
3509 4052 3660 4097 tenea-

2070 4141 2182 4196 bris
2233 4149 2624 4205 remanserunt.
2675 4137 2804 4207 Nos,
2837 4136 3028 4192 fratres
3053 4136 3422 4201 dilectissimi,
3474 4136 3564 4209 qui
3611 4135 3665 4193 in

2072 4233 2285 4289 Dotnini
2317 4232 2436 4298 luce
2457 4246 2671 4302 semper
2700 4246 2906 4296 sumus,
2943 4231 3033 4303 qui
3058 4230 3401 4291 tueminitnos
3428 4237 3483 4282 et
3508 4236 3663 4282 tene-

2070 4340 2194 4381 mus
2216 4325 2341 4395 quid
2368 4339 2490 4380 esse
2536 4335 2755 4395 accepta
2794 4323 2963 4393 gratia
3005 4323 3349 4391 eruperimus,
3389 4327 3667 4387 compute-

2076 4431 2197 4483 mus
2227 4424 2438 4485 noctem
2462 4430 2557 4488 pro
2584 4413 2692 4469 die.
2718 4411 3008 4467 Ambulare
3026 4426 3124 4465 nos
3148 4409 3432 4464 credamus
3451 4421 3667 4476 semper

368 4518 708 4571 sacramenta
733 4520 1036 4577 creverunt.
1083 4511 1215 4568 Nam
1255 4520 1311 4567 et
1358 4527 1518 4571 mane
1571 4500 1834 4577 orandum
1858 4518 1962 4577 est,
1989 4500 2043 4561 D
2070 4508 2122 4565 in
2154 4507 2372 4577 lumine,
2408 4521 2512 4575 non
2558 4503 2966 4576 itupediamura
3014 4500 3248 4569 tenebris
3302 4513 3435 4573 quas
3492 4497 3667 4555 evasi-

430 4738 461 4837 ;
496 4737 659 4801 Opera
679 4751 791 4802 qute
812 4739 934 4791 ﬁunt
955 4738 1091 4849 Lais.
1118 4737 1264 4795 Ebor.
1292 4735 1396 4788 Lin.
1425 4740 1470 4788 Ν
1478 4738 1532 4788 C.
1571 4739 1617 4788 1.

494 4799 860 4849 Sacrameutum
890 4803 1009 4849 Ver.
1075 4807 1353 4849 acramenta
1383 4804 1491 4849 Vat.
1512 4800 1561 4849 Ξ.

494 4799 860 4863 Sacraméutum
890 4803 1009 4863 Fer.
1038 4799 1353 4863 Sacramenta
1370 4804 1491 4863 rat.
1512 4800 1561 4863 2.

434 4815 460 4837 υ
494 4815 860 4853 sacramentum
895 4815 1009 4853 rer.
1038 4815 1266 4855 aacrame
1303 4815 1353 4850 ta
1388 4815 1413 4863 γ
1458 4815 1491 4852 ι.
1512 4815 1561 4852 3.

434 4864 457 4893 ο
493 4861 702 4932 Domino
724 4862 1009 4919 serviebant
1034 4862 1167 4917 Lam.
1192 4815 1333 4924 Βρᾶ¹
1357 4862 1405 4916 2.
1427 4816 1541 4923 (ἃς.
1580 4863 1623 4912 l.
1667 4860 1964 4921 Serviebant

373 4924 530 4975 Oxon.
557 4922 685 4987 Lips.

433 4984 459 5024 ἀ
494 4986 722 5037 Adorabo
748 4988 865 5038 Ver.

1606 4621 1995 4681 LECTIONES
2033 4618 2444 4678 VARIANTES.
2516 4682 2523 4689 _

2139 4736 2163 4764 °
2188 4732 2371 4795 Astabo
2400 4733 2534 4783 Lam.
2562 4730 2746 4795 1114.)?
2755 4728 2807 4780 C.
2829 4727 2874 4795 l_,
2900 4722 3168 4795 Redige.

2140 4795 2159 4831 ί
2199 4794 2399 4853 Factum
2422 4802 2498 4845 est
2520 4793 2648 4849 istud
2667 4793 2805 4845 Pent.
2833 4790 3141 4841 Paris.Vict.

2134 4858 2159 4898 8
2196 4852 2428 4913 Mirabilis
2450 4859 2537 4907 Ar.
2565 4856 2684 4913 Ben.

2134 4918 2163 4960 h
2184 4911 2441 4978 Malaehiel
2471 4920 2586 4969 Ver.
2619 4911 2745 4966 Vict.

1606 5070 1848 5139 STEPiI.
1891 5070 2170 5133 BALUZII
2208 5070 2438 5137 NO'LE.

440 5187 765 5245 XXXIV.—-
782 5187 964 5244 Petrus
993 5190 1120 5243 liora
1143 5198 1303 5243 sexta.
1332 5188 1468 5243 Vide
1495 5187 1880 5242 Tertullianum
1907 5188 1958 5240 in

369 5261 520 5315 initio
552 5260 672 5313 libri
723 5260 790 5314 de
822 5258 1084 5330 jejuniis,
1115 5260 1498 5330 Hieronymum
1531 5259 1584 5313 in
1614 5256 1850 5330 Epistula
1893 5254 1960 5330 ad

370 5331 717 5385 Eustochium
729 5332 791 5383 de
805 5327 1059 5401 Custodit;
1079 5327 1402 5401 virginitatis,
1432 5340 1485 5383 et
1508 5327 1961 5401 Danielisﬂeiosii

370 5402 743 5456 annotationes
764 5402 817 5454 in
843 5399 1565 5456 Clementem'Alexandrinum
1589 5414 1711 5468 pag.
1743 5399 1830 5454 Π.

441 5470 658 5526 XXXV.
688 5501 759 5512 -—
786 5470 1105 5527 Observatas.
1133 5471 1385 5539 Quaedam
1410 5479 1604 5526 vetera
1638 5469 1964 5539 exemplaria

371 5543 569 5597 habent
599 5543 954 5605 observandas,
973 5558 1136 5597 unum
1164 5557 1340 5596 meum
1362 5543 1677 5595 constitutas.

448 5611 877 5684 Maneassislam.
923 5614 1101 5684 Codex
1141 5612 1538 5684 Seguierianus,
1566 5610 1963 5684 inanehatlstabo

372 5683 529 5807 tibtiret
566 5682 746 5737 videbo
785 5692 849 5739 te.
908 5682 1011 5739 Alii
1072 5680 1390 5751 lresfmane
1430 5681 1640 5736 adstabo
1670 5680 1757 5736 tibi
1802 5690 1848 5735 et
1873 5697 1966 5735 ea:-

372 5771 436 5807 au
476 5770 546 5807 tes
566 5770 666 5807 me.

369 5770 546 5809 anates
566 5770 666 5807 me.

442 5823 789 5881 Ambulemus.
817 5825 952 5885 Tres
970 5824 1093 5883 libri
1146 5831 1375 5892 veteres,
1407 5822 1688 5879 exultamus
1740 5829 1785 5877 et
1827 5823 1964 5879 hete-

2065 5204 2197 5243 mur.
2230 5189 2330 5243 Alii
2362 5195 2594 5257 quatuor
2636 5196 2689 5241 et
2739 5184 2903 5255 editio
2941 5182 3270 5257 Morelliana,
3303 5182 3583 5257 exaltemus
3624 5190 3671 5257 et

2069 5252 2424 5317 incunctanter.
2460 5252 2885 5327 Segnierianus',
2942 5255 3170 5310 laetemur
3216 5266 3261 5309 et
3307 5254 3593 5343 epulamur"
3619 5252 3670 5305 in

2070 5349 2130 5385 eu
2137 5348 2184 5384 m
2193 5371 2204 5384 .

2144 5420 2447 5477 Malae/tias.
2493 5415 2712 5477 Veteres
2742 5417 3003 5479 editiones
3050 5423 3103 5472 et
3151 5414 3403 5477 tredecim
3435 5412 3555 5475 libri
3578 5428 3671 5469 ve—

2073 5504 2213 5559 teres
2235 5492 2433 5550 habent
2459 5488 2758 5557 Malacltim,
2781 5487 3049 5543 Fuxensis
3081 5485 3363 5555 blalacltil,
3394 5485 3672 5547 Veronen-

2072 5564 2145 5629 sis
2171 5561 2460 5618 Malacltiel.

2143 5672 2990 5732 XXXVI.-—Deserto-lumine.lta
3023 5670 3192 5727 ferme
3217 5684 3404 5726 omnes
3436 5668 3551 5725 libri
3577 5682 3672 5723 ve-

2071 5757 2232 5805 teres.
2266 5748 2507 5814 Quatuor
2560 5754 2736 5800 tamen
2789 5742 2988 5799 habent
3039 5743 3222 5799 deserti
3254 5761 3286 5799 a
3314 5743 3518 5799 lumine.
3559 5738 3660 5797 Alii

2073 5832 2199 5886 tres,
2228 5816 2449 5874 derelicti
2471 5834 2502 5873 a
2534 5817 2745 5872 lumine.
