  <div class='ocr_page' id='page_1' title='image "/cluster/home/n/w/nwhite01/storage/ocr_20150623/4/hvd.32044048207708/277.png"; bbox 0 0 4302 6296; ppageno 0'>
   <div class='ocr_carea' id='block_1_1' title="bbox 626 314 735 373">
    <p class='ocr_par' dir='ltr' id='par_1_1' title="bbox 626 314 735 373">
     <span class='ocr_line' id='line_1_1' title="bbox 626 314 735 373; baseline 0.009 -1"><span class='ocrx_word' id='word_1_1' title='bbox 626 314 735 373; x_wconf 72' lang='grc'><strong>545</strong></span> 
     </span>
    </p>
   </div>
   <div class='ocr_carea' id='block_1_2' title="bbox 2032 321 2526 396">
    <p class='ocr_par' dir='ltr' id='par_1_2' title="bbox 2032 321 2526 396">
     <span class='ocr_line' id='line_1_2' title="bbox 2032 321 2526 396; baseline 0.012 -20"><span class='ocrx_word' id='word_1_2' title='bbox 2032 321 2526 396; x_wconf 64' lang='lat' dir='ltr'><strong>DIVLCYPRIANI</strong></span> 
     </span>
    </p>
   </div>
   <div class='ocr_carea' id='block_1_3' title="bbox 3815 344 3926 400">
    <p class='ocr_par' dir='ltr' id='par_1_3' title="bbox 3815 344 3926 400">
     <span class='ocr_line' id='line_1_3' title="bbox 3815 344 3926 400; baseline 0.018 -2"><span class='ocrx_word' id='word_1_3' title='bbox 3815 344 3926 400; x_wconf 69' lang='lat' dir='ltr'><strong>5M</strong></span> 
     </span>
    </p>
   </div>
   <div class='ocr_carea' id='block_1_4' title="bbox 628 432 3922 525">
    <p class='ocr_par' dir='ltr' id='par_1_4' title="bbox 628 432 3922 525">
     <span class='ocr_line' id='line_1_4' title="bbox 628 432 3922 525; baseline 0.006 -35"><span class='ocrx_word' id='word_1_4' title='bbox 628 448 771 490; x_wconf 92' lang='lat' dir='ltr'><strong>mus.</strong></span> <span class='ocrx_word' id='word_1_5' title='bbox 801 433 959 489; x_wconf 87' lang='lat' dir='ltr'><strong>Nulla</strong></span> <span class='ocrx_word' id='word_1_6' title='bbox 985 432 1095 490; x_wconf 91' lang='lat' dir='ltr'><strong>sint</strong></span> <span class='ocrx_word' id='word_1_7' title='bbox 1120 433 1268 489; x_wconf 85' lang='lat' dir='ltr'><strong>boris</strong></span> <span class='ocrx_word' id='word_1_8' title='bbox 1290 432 1566 490; x_wconf 77' lang='lat' dir='ltr'><strong>nocturnis</strong></span> <span class='ocrx_word' id='word_1_9' title='bbox 1588 447 1806 506; x_wconf 85' lang='lat' dir='ltr'><strong>precum</strong></span> <span class='ocrx_word' id='word_1_10' title='bbox 1830 434 2046 502; x_wconf 86' lang='lat' dir='ltr'><strong>damna,</strong></span> <span class='ocrx_word' id='word_1_11' title='bbox 2075 437 2217 492; x_wconf 89' lang='lat' dir='ltr'><strong>nulla</strong></span> <span class='ocrx_word' id='word_1_12' title='bbox 2244 455 2297 514; x_wconf 73' lang='grc' dir='ltr'>Α</span> <span class='ocrx_word' id='word_1_13' title='bbox 2322 440 2495 496; x_wconf 90' lang='lat' dir='ltr'><strong>solum</strong></span> <span class='ocrx_word' id='word_1_14' title='bbox 2544 442 2708 511; x_wconf 90' lang='lat' dir='ltr'><strong>diem,</strong></span> <span class='ocrx_word' id='word_1_15' title='bbox 2748 444 2827 502; x_wconf 91' lang='lat' dir='ltr'><strong>sic</strong></span> <span class='ocrx_word' id='word_1_16' title='bbox 2867 452 3026 502; x_wconf 91' lang='lat' dir='ltr'><strong>nocte</strong></span> <span class='ocrx_word' id='word_1_17' title='bbox 3065 446 3216 517; x_wconf 88' lang='lat' dir='ltr'><strong>quasi</strong></span> <span class='ocrx_word' id='word_1_18' title='bbox 3274 448 3329 505; x_wconf 91' lang='lat' dir='ltr'><strong>in</strong></span> <span class='ocrx_word' id='word_1_19' title='bbox 3374 448 3578 508; x_wconf 89' lang='lat' dir='ltr'><strong>lumine</strong></span> <span class='ocrx_word' id='word_1_20' title='bbox 3615 453 3922 525; x_wconf 73' lang='lat' dir='ltr'><strong>vigilemus.</strong></span> 
     </span>
    </p>
   </div>
   <div class='ocr_carea' id='block_1_5' title="bbox 629 527 2229 602">
    <p class='ocr_par' dir='ltr' id='par_1_5' title="bbox 629 527 2229 602">
     <span class='ocr_line' id='line_1_5' title="bbox 629 527 2229 602; baseline 0.001 -17"><span class='ocrx_word' id='word_1_21' title='bbox 629 527 932 585; x_wconf 91' lang='lat' dir='ltr'><strong>orationum</strong></span> <span class='ocrx_word' id='word_1_22' title='bbox 949 527 1097 598; x_wconf 87' lang='lat' dir='ltr'><strong>pigra</strong></span> <span class='ocrx_word' id='word_1_23' title='bbox 1114 535 1169 583; x_wconf 90' lang='lat' dir='ltr'><strong>et</strong></span> <span class='ocrx_word' id='word_1_24' title='bbox 1186 528 1371 598; x_wconf 84' lang='lat' dir='ltr'><strong>ignava</strong></span> <span class='ocrx_word' id='word_1_25' title='bbox 1397 527 1694 600; x_wconf 87' lang='lat' dir='ltr'><strong>dispendia.</strong></span> <span class='ocrx_word' id='word_1_26' title='bbox 1719 529 1822 585; x_wconf 88' lang='lat' dir='ltr'><strong>Per</strong></span> <span class='ocrx_word' id='word_1_27' title='bbox 1844 531 1936 586; x_wconf 86' lang='lat' dir='ltr'><strong>Dei</strong></span> <span class='ocrx_word' id='word_1_28' title='bbox 1960 529 2229 602; x_wconf 86' lang='lat' dir='ltr'><strong>indulgen-</strong></span> 
     </span>
    </p>
   </div>
   <div class='ocr_carea' id='block_1_6' title="bbox 630 619 2232 695">
    <p class='ocr_par' dir='ltr' id='par_1_6' title="bbox 630 619 2232 695">
     <span class='ocr_line' id='line_1_6' title="bbox 630 619 2232 695; baseline 0.002 -18"><span class='ocrx_word' id='word_1_29' title='bbox 630 621 759 678; x_wconf 88' lang='lat' dir='ltr'><strong>tiam</strong></span> <span class='ocrx_word' id='word_1_30' title='bbox 789 619 1017 675; x_wconf 87' lang='lat' dir='ltr'><strong>recreati</strong></span> <span class='ocrx_word' id='word_1_31' title='bbox 1049 619 1121 651; x_wconf 83' lang='grc'><strong>¹¹⁶</strong></span> <span class='ocrx_word' id='word_1_32' title='bbox 1147 620 1459 691; x_wconf 78' lang='lat' dir='ltr'><strong>spiritaliter</strong></span> <span class='ocrx_word' id='word_1_33' title='bbox 1486 629 1541 677; x_wconf 91' lang='lat' dir='ltr'><strong>et</strong></span> <span class='ocrx_word' id='word_1_34' title='bbox 1568 622 1763 690; x_wconf 83' lang='lat' dir='ltr'><strong>renati,</strong></span> <span class='ocrx_word' id='word_1_35' title='bbox 1790 623 2064 680; x_wconf 85' lang='lat' dir='ltr'><strong>imitemur</strong></span> <span class='ocrx_word' id='word_1_36' title='bbox 2088 625 2232 695; x_wconf 89' lang='lat' dir='ltr'><strong>quod</strong></span> 
     </span>
    </p>
   </div>
   <div class='ocr_carea' id='block_1_7' title="bbox 629 708 2226 785">
    <p class='ocr_par' dir='ltr' id='par_1_7' title="bbox 629 708 2226 785">
     <span class='ocr_line' id='line_1_7' title="bbox 629 708 2226 785; baseline 0.003 -18"><span class='ocrx_word' id='word_1_37' title='bbox 629 708 794 767; x_wconf 74' lang='lat' dir='ltr'><strong>futuri</strong></span> <span class='ocrx_word' id='word_1_38' title='bbox 817 724 1021 767; x_wconf 89' lang='lat' dir='ltr'><strong>sumus.</strong></span> <span class='ocrx_word' id='word_1_39' title='bbox 1038 709 1282 767; x_wconf 83' lang='lat' dir='ltr'><strong>Habituri</strong></span> <span class='ocrx_word' id='word_1_40' title='bbox 1306 710 1359 766; x_wconf 90' lang='lat' dir='ltr'><strong>in</strong></span> <span class='ocrx_word' id='word_1_41' title='bbox 1387 727 1553 784; x_wconf 89' lang='lat' dir='ltr'><strong>regno</strong></span> <span class='ocrx_word' id='word_1_42' title='bbox 1573 714 1692 770; x_wconf 90' lang='lat' dir='ltr'><strong>sine</strong></span> <span class='ocrx_word' id='word_1_43' title='bbox 1719 713 2226 785; x_wconf 70' lang='lat' dir='ltr'><strong>interventunoctis</strong></span> 
     </span>
    </p>
   </div>
   <div class='ocr_carea' id='block_1_8' title="bbox 2333 532 3926 618">
    <p class='ocr_par' dir='ltr' id='par_1_8' title="bbox 2333 532 3926 618">
     <span class='ocr_line' id='line_1_8' title="bbox 2333 532 3926 618; baseline 0.009 -28"><span class='ocrx_word' id='word_1_44' title='bbox 2333 532 2544 591; x_wconf 89' lang='lat' dir='ltr'><strong>Oraturi</strong></span> <span class='ocrx_word' id='word_1_45' title='bbox 2591 552 2805 608; x_wconf 82' lang='lat' dir='ltr'><strong>semper</strong></span> <span class='ocrx_word' id='word_1_46' title='bbox 2850 545 2906 593; x_wconf 91' lang='lat' dir='ltr'><strong>et</strong></span> <span class='ocrx_word' id='word_1_47' title='bbox 2953 539 3127 594; x_wconf 84' lang='lat' dir='ltr'><strong>acturi</strong></span> <span class='ocrx_word' id='word_1_48' title='bbox 3161 540 3359 610; x_wconf 81' lang='lat' dir='ltr'><strong>gratias</strong></span> <span class='ocrx_word' id='word_1_49' title='bbox 3410 541 3540 611; x_wconf 88' lang='lat' dir='ltr'><strong>Deo,</strong></span> <span class='ocrx_word' id='word_1_50' title='bbox 3574 542 3662 601; x_wconf 86' lang='lat' dir='ltr'><strong>hic</strong></span> <span class='ocrx_word' id='word_1_51' title='bbox 3711 559 3926 618; x_wconf 88' lang='lat' dir='ltr'><strong>quoque</strong></span> 
     </span>
    </p>
   </div>
   <div class='ocr_carea' id='block_1_9' title="bbox 2331 629 3468 701">
    <p class='ocr_par' dir='ltr' id='par_1_9' title="bbox 2331 629 3468 701">
     <span class='ocr_line' id='line_1_9' title="bbox 2331 629 3468 701; baseline 0.004 -17"><span class='ocrx_word' id='word_1_52' title='bbox 2331 643 2490 685; x_wconf 89' lang='lat' dir='ltr'><strong>orare</strong></span> <span class='ocrx_word' id='word_1_53' title='bbox 2510 637 2561 685; x_wconf 91' lang='lat' dir='ltr'><strong>et</strong></span> <span class='ocrx_word' id='word_1_54' title='bbox 2590 629 2789 701; x_wconf 84' lang='lat' dir='ltr'><strong>gratias</strong></span> <span class='ocrx_word' id='word_1_55' title='bbox 2817 643 2979 701; x_wconf 86' lang='lat' dir='ltr'><strong>agere</strong></span> <span class='ocrx_word' id='word_1_56' title='bbox 3004 644 3113 687; x_wconf 86' lang='lat' dir='ltr'><strong>non</strong></span> <span class='ocrx_word' id='word_1_57' title='bbox 3135 630 3468 691; x_wconf 83' lang='lat' dir='ltr'><strong>desinamus.</strong></span> 
     </span>
    </p>
   </div>
   <div class='ocr_carea' id='block_1_10' title="bbox 632 881 3926 920">
    <p class='ocr_par' dir='ltr' id='par_1_10' title="bbox 632 881 3926 920">
     <span class='ocr_line' id='line_1_10' title="bbox 632 881 3926 920; baseline 0 -17"><span class='ocrx_word' id='word_1_58' title='bbox 632 881 3926 920; x_wconf 51' lang='lat' dir='ltr'>MM</span> 
     </span>
    </p>
   </div>
   <div class='ocr_carea' id='block_1_11' title="bbox 1067 1027 3477 1188">
    <p class='ocr_par' dir='ltr' id='par_1_11' title="bbox 1067 1027 3477 1188">
     <span class='ocr_line' id='line_1_11' title="bbox 1067 1027 3477 1188; baseline 0.004 -14"><span class='ocrx_word' id='word_1_59' title='bbox 1067 1027 1633 1180; x_wconf 79' lang='lat' dir='ltr'><strong>LIBER</strong></span> <span class='ocrx_word' id='word_1_60' title='bbox 1736 1053 1984 1182; x_wconf 89' lang='lat' dir='ltr'><strong>AD</strong></span> <span class='ocrx_word' id='word_1_61' title='bbox 2077 1033 3477 1188; x_wconf 82' lang='lat' dir='ltr'><strong>DEMETRIANUM.</strong></span> 
     </span>
    </p>
   </div>
   <div class='ocr_carea' id='block_1_12' title="bbox 1656 1342 2227 1379">
    <p class='ocr_par' dir='ltr' id='par_1_12' title="bbox 1656 1342 2227 1379">
     <span class='ocr_line' id='line_1_12' title="bbox 1656 1342 2227 1379; baseline 0.002 -1"><span class='ocrx_word' id='word_1_62' title='bbox 1656 1342 2227 1379; x_wconf 66' lang='lat' dir='ltr'><strong>~————=a</strong></span> 
     </span>
    </p>
   </div>
   <div class='ocr_carea' id='block_1_13' title="bbox 574 1508 2238 1587">
    <p class='ocr_par' dir='ltr' id='par_1_13' title="bbox 574 1508 2238 1587">
     <span class='ocr_line' id='line_1_13' title="bbox 574 1508 2238 1587; baseline 0.005 -22"><span class='ocrx_word' id='word_1_63' title='bbox 574 1558 581 1565; x_wconf 91' lang='lat'><strong>.</strong></span> <span class='ocrx_word' id='word_1_64' title='bbox 639 1508 1107 1568; x_wconf 74' lang='lat' dir='ltr'><strong>Ausuuenruu.—</strong></span> <span class='ocrx_word' id='word_1_65' title='bbox 1125 1510 1462 1580; x_wconf 87' lang='lat' dir='ltr'><strong>Demetriano,</strong></span> <span class='ocrx_word' id='word_1_66' title='bbox 1486 1512 1676 1585; x_wconf 74' lang='lat' dir='ltr'><strong>Africa:</strong></span> <span class='ocrx_word' id='word_1_67' title='bbox 1700 1517 2011 1587; x_wconf 78' lang='lat' dir='ltr'><strong>proconsuli,</strong></span> <span class='ocrx_word' id='word_1_68' title='bbox 2035 1527 2238 1574; x_wconf 90' lang='lat' dir='ltr'><strong>conten-</strong></span> 
     </span>
    </p>
   </div>
   <div class='ocr_carea' id='block_1_14' title="bbox 709 1601 2235 1680">
    <p class='ocr_par' dir='ltr' id='par_1_14' title="bbox 709 1601 2235 1680">
     <span class='ocr_line' id='line_1_14' title="bbox 709 1601 2235 1680; baseline 0.006 -26"><span class='ocrx_word' id='word_1_69' title='bbox 709 1601 849 1656; x_wconf 81' lang='lat' dir='ltr'><strong>denti</strong></span> <span class='ocrx_word' id='word_1_70' title='bbox 893 1601 1193 1656; x_wconf 81' lang='lat' dir='ltr'><strong>Chrislianis</strong></span> <span class='ocrx_word' id='word_1_71' title='bbox 1236 1603 1480 1672; x_wconf 90' lang='lat' dir='ltr'><strong>imputari</strong></span> <span class='ocrx_word' id='word_1_72' title='bbox 1523 1605 1699 1660; x_wconf 82' lang='lat' dir='ltr'><strong>debere</strong></span> <span class='ocrx_word' id='word_1_73' title='bbox 1740 1605 1903 1673; x_wconf 89' lang='lat' dir='ltr'><strong>bella,</strong></span> <span class='ocrx_word' id='word_1_74' title='bbox 1949 1613 2135 1680; x_wconf 75' lang='lat' dir='ltr'><strong>{ament</strong></span> <span class='ocrx_word' id='word_1_75' title='bbox 2187 1618 2235 1665; x_wconf 90' lang='lat' dir='ltr'><strong>et</strong></span> 
     </span>
    </p>
   </div>
   <div class='ocr_carea' id='block_1_15' title="bbox 713 1692 2235 1769">
    <p class='ocr_par' dir='ltr' id='par_1_15' title="bbox 713 1692 2235 1769">
     <span class='ocr_line' id='line_1_15' title="bbox 713 1692 2235 1769; baseline 0.006 -24"><span class='ocrx_word' id='word_1_76' title='bbox 713 1701 901 1763; x_wconf 82' lang='lat' dir='ltr'><strong>pestem</strong></span> <span class='ocrx_word' id='word_1_77' title='bbox 937 1692 1118 1763; x_wconf 78' lang='lat' dir='ltr'><strong>quibus</strong></span> <span class='ocrx_word' id='word_1_78' title='bbox 1144 1703 1251 1746; x_wconf 88' lang='lat' dir='ltr'><strong>tum</strong></span> <span class='ocrx_word' id='word_1_79' title='bbox 1276 1693 1410 1747; x_wconf 80' lang='lat' dir='ltr'><strong>orbis</strong></span> <span class='ocrx_word' id='word_1_80' title='bbox 1451 1693 1795 1762; x_wconf 78' lang='lat' dir='ltr'><strong>divexabatur,</strong></span> <span class='ocrx_word' id='word_1_81' title='bbox 1836 1700 1972 1767; x_wconf 83' lang='lat' dir='ltr'><strong>quod</strong></span> <span class='ocrx_word' id='word_1_82' title='bbox 1999 1700 2062 1753; x_wconf 91' lang='lat' dir='ltr'><strong>ab</strong></span> <span class='ocrx_word' id='word_1_83' title='bbox 2108 1700 2235 1769; x_wconf 91' lang='lat' dir='ltr'><strong>ipsis</strong></span> 
     </span>
    </p>
   </div>
   <div class='ocr_carea' id='block_1_16' title="bbox 711 1783 2231 1861">
    <p class='ocr_par' dir='ltr' id='par_1_16' title="bbox 711 1783 2231 1861">
     <span class='ocr_line' id='line_1_16' title="bbox 711 1783 2231 1861; baseline 0.005 -25"><span class='ocrx_word' id='word_1_84' title='bbox 711 1783 784 1837; x_wconf 89' lang='lat' dir='ltr'><strong>dii</strong></span> <span class='ocrx_word' id='word_1_85' title='bbox 807 1800 914 1838; x_wconf 89' lang='lat' dir='ltr'><strong>non</strong></span> <span class='ocrx_word' id='word_1_86' title='bbox 934 1784 1248 1849; x_wconf 87' lang='lat' dir='ltr'><strong>colerentur;</strong></span> <span class='ocrx_word' id='word_1_87' title='bbox 1283 1784 1497 1854; x_wconf 80' lang='lat' dir='ltr'><strong>pulchre</strong></span> <span class='ocrx_word' id='word_1_88' title='bbox 1542 1787 1811 1856; x_wconf 89' lang='lat' dir='ltr'><strong>respondet</strong></span> <span class='ocrx_word' id='word_1_89' title='bbox 1859 1787 1986 1861; x_wconf 88' lang='lat' dir='ltr'><strong>(ubi</strong></span> <span class='ocrx_word' id='word_1_90' title='bbox 2023 1789 2231 1844; x_wconf 71' lang='lat' dir='ltr'><strong>deduxit</strong></span> 
     </span>
    </p>
   </div>
   <div class='ocr_carea' id='block_1_17' title="bbox 710 1875 2229 1951">
    <p class='ocr_par' dir='ltr' id='par_1_17' title="bbox 710 1875 2229 1951">
     <span class='ocr_line' id='line_1_17' title="bbox 710 1875 2229 1951; baseline 0.004 -22"><span class='ocrx_word' id='word_1_91' title='bbox 710 1875 889 1929; x_wconf 89' lang='lat' dir='ltr'><strong>mundi</strong></span> <span class='ocrx_word' id='word_1_92' title='bbox 952 1877 1093 1930; x_wconf 85' lang='lat' dir='ltr'><strong>senio</strong></span> <span class='ocrx_word' id='word_1_93' title='bbox 1143 1877 1314 1930; x_wconf 85' lang='lat' dir='ltr'><strong>omnia</strong></span> <span class='ocrx_word' id='word_1_94' title='bbox 1364 1878 1613 1932; x_wconf 85' lang='lat' dir='ltr'><strong>deteriora</strong></span> <span class='ocrx_word' id='word_1_95' title='bbox 1661 1879 1825 1951; x_wconf 81' lang='lat' dir='ltr'><strong>fieri)</strong></span> <span class='ocrx_word' id='word_1_96' title='bbox 1876 1881 2017 1951; x_wconf 88' lang='lat' dir='ltr'><strong>ipsos</strong></span> <span class='ocrx_word' id='word_1_97' title='bbox 2061 1882 2229 1947; x_wconf 86' lang='lat' dir='ltr'><strong>potius</strong></span> 
     </span>
    </p>
   </div>
   <div class='ocr_carea' id='block_1_18' title="bbox 708 1952 2313 2045">
    <p class='ocr_par' dir='ltr' id='par_1_18' title="bbox 708 1952 2313 2045">
     <span class='ocr_line' id='line_1_18' title="bbox 708 1952 2313 2045; baseline 0.004 -22"><span class='ocrx_word' id='word_1_98' title='bbox 708 1952 937 2035; x_wconf 78' lang='lat' dir='ltr'><strong>ethnicos</strong></span> <span class='ocrx_word' id='word_1_99' title='bbox 960 1979 1217 2024; x_wconf 88' lang='lat' dir='ltr'><strong>tantarum</strong></span> <span class='ocrx_word' id='word_1_100' title='bbox 1259 1971 1482 2025; x_wconf 86' lang='lat' dir='ltr'><strong>cladium</strong></span> <span class='ocrx_word' id='word_1_101' title='bbox 1508 1988 1715 2026; x_wconf 84' lang='lat' dir='ltr'><strong>causam</strong></span> <span class='ocrx_word' id='word_1_102' title='bbox 1739 1990 1879 2040; x_wconf 87' lang='lat' dir='ltr'><strong>esse,</strong></span> <span class='ocrx_word' id='word_1_103' title='bbox 1916 1974 2051 2045; x_wconf 88' lang='lat' dir='ltr'><strong>quod</strong></span> <span class='ocrx_word' id='word_1_104' title='bbox 2072 1972 2237 2029; x_wconf 84' lang='lat' dir='ltr'><strong>Deum</strong></span> <span class='ocrx_word' id='word_1_105' title='bbox 2268 1957 2313 2017; x_wconf 78' lang='grc' dir='ltr'><strong>Β</strong></span> 
     </span>
    </p>
   </div>
   <div class='ocr_carea' id='block_1_19' title="bbox 711 2060 2235 2135">
    <p class='ocr_par' dir='ltr' id='par_1_19' title="bbox 711 2060 2235 2135">
     <span class='ocr_line' id='line_1_19' title="bbox 711 2060 2235 2135; baseline 0.004 -21"><span class='ocrx_word' id='word_1_106' title='bbox 711 2075 814 2115; x_wconf 84' lang='lat' dir='ltr'><strong>non</strong></span> <span class='ocrx_word' id='word_1_107' title='bbox 864 2061 1083 2115; x_wconf 87' lang='lat' dir='ltr'><strong>colerent</strong></span> <span class='ocrx_word' id='word_1_108' title='bbox 1120 2072 1166 2115; x_wconf 88' lang='lat' dir='ltr'><strong>et</strong></span> <span class='ocrx_word' id='word_1_109' title='bbox 1204 2060 1522 2118; x_wconf 84' lang='lat' dir='ltr'><strong>Christianos</strong></span> <span class='ocrx_word' id='word_1_110' title='bbox 1560 2073 1801 2133; x_wconf 65' lang='lat' dir='ltr'><strong>praeterea</strong></span> <span class='ocrx_word' id='word_1_111' title='bbox 1828 2064 2032 2133; x_wconf 86' lang='lat' dir='ltr'><strong>injustis</strong></span> <span class='ocrx_word' id='word_1_112' title='bbox 2062 2081 2235 2135; x_wconf 85' lang='lat' dir='ltr'><strong>perse-</strong></span> 
     </span>
    </p>
   </div>
   <div class='ocr_carea' id='block_1_20' title="bbox 711 2151 2234 2227">
    <p class='ocr_par' dir='ltr' id='par_1_20' title="bbox 711 2151 2234 2227">
     <span class='ocr_line' id='line_1_20' title="bbox 711 2151 2234 2227; baseline 0.003 -21"><span class='ocrx_word' id='word_1_113' title='bbox 711 2151 995 2206; x_wconf 86' lang='lat' dir='ltr'><strong>cutionibus</strong></span> <span class='ocrx_word' id='word_1_114' title='bbox 1023 2152 1291 2223; x_wconf 85' lang='lat' dir='ltr'><strong>agitarent.</strong></span> <span class='ocrx_word' id='word_1_115' title='bbox 1322 2152 1538 2221; x_wconf 86' lang='lat' dir='ltr'><strong>Deinde,</strong></span> <span class='ocrx_word' id='word_1_116' title='bbox 1570 2154 1654 2208; x_wconf 90' lang='lat' dir='ltr'><strong>ubi</strong></span> <span class='ocrx_word' id='word_1_117' title='bbox 1673 2154 1752 2209; x_wconf 90' lang='lat' dir='ltr'><strong>illi</strong></span> <span class='ocrx_word' id='word_1_118' title='bbox 1776 2155 2097 2227; x_wconf 75' lang='lat' dir='ltr'><strong>exprobravit</strong></span> <span class='ocrx_word' id='word_1_119' title='bbox 2127 2166 2234 2211; x_wconf 77' lang='lat' dir='ltr'><strong>tor~</strong></span> 
     </span>
    </p>
   </div>
   <div class='ocr_carea' id='block_1_21' title="bbox 712 2244 2237 2317">
    <p class='ocr_par' dir='ltr' id='par_1_21' title="bbox 712 2244 2237 2317">
     <span class='ocr_line' id='line_1_21' title="bbox 712 2244 2237 2317; baseline 0.005 -21"><span class='ocrx_word' id='word_1_120' title='bbox 712 2252 993 2299; x_wconf 88' lang='lat' dir='ltr'><strong>mentorum</strong></span> <span class='ocrx_word' id='word_1_121' title='bbox 1039 2244 1285 2299; x_wconf 88' lang='lat' dir='ltr'><strong>inusitata</strong></span> <span class='ocrx_word' id='word_1_122' title='bbox 1321 2261 1504 2317; x_wconf 89' lang='lat' dir='ltr'><strong>genera</strong></span> <span class='ocrx_word' id='word_1_123' title='bbox 1542 2248 1723 2317; x_wconf 83' lang='lat' dir='ltr'><strong>quibus</strong></span> <span class='ocrx_word' id='word_1_124' title='bbox 1774 2246 2089 2303; x_wconf 83' lang='lat' dir='ltr'><strong>Christianos</strong></span> <span class='ocrx_word' id='word_1_125' title='bbox 2130 2266 2237 2316; x_wconf 79' lang='lat' dir='ltr'><strong>pra:</strong></span> 
     </span>
    </p>
   </div>
   <div class='ocr_carea' id='block_1_22' title="bbox 710 2335 2228 2409">
    <p class='ocr_par' dir='ltr' id='par_1_22' title="bbox 710 2335 2228 2409">
     <span class='ocr_line' id='line_1_22' title="bbox 710 2335 2228 2409; baseline 0.005 -20"><span class='ocrx_word' id='word_1_126' title='bbox 710 2335 948 2403; x_wconf 77' lang='lat' dir='ltr'><strong>aliisreis</strong></span> <span class='ocrx_word' id='word_1_127' title='bbox 968 2337 1249 2407; x_wconf 86' lang='lat' dir='ltr'><strong>torquebat,</strong></span> <span class='ocrx_word' id='word_1_128' title='bbox 1277 2354 1378 2392; x_wconf 90' lang='lat' dir='ltr'><strong>non</strong></span> <span class='ocrx_word' id='word_1_129' title='bbox 1402 2338 1472 2391; x_wconf 92' lang='lat' dir='ltr'><strong>ad</strong></span> <span class='ocrx_word' id='word_1_130' title='bbox 1496 2340 1884 2409; x_wconf 75' lang='lat' dir='ltr'><strong>confessionem,</strong></span> <span class='ocrx_word' id='word_1_131' title='bbox 1913 2340 2003 2395; x_wconf 88' lang='lat' dir='ltr'><strong>sed</strong></span> <span class='ocrx_word' id='word_1_132' title='bbox 2032 2343 2099 2396; x_wconf 88' lang='lat' dir='ltr'><strong>ad</strong></span> <span class='ocrx_word' id='word_1_133' title='bbox 2140 2359 2228 2396; x_wconf 42' lang='lat' dir='ltr'><strong>ne.</strong></span> 
     </span>
    </p>
   </div>
   <div class='ocr_carea' id='block_1_23' title="bbox 711 2430 2235 2505">
    <p class='ocr_par' dir='ltr' id='par_1_23' title="bbox 711 2430 2235 2505">
     <span class='ocr_line' id='line_1_23' title="bbox 711 2430 2235 2505; baseline 0.005 -22"><span class='ocrx_word' id='word_1_134' title='bbox 711 2430 987 2500; x_wconf 88' lang='lat' dir='ltr'><strong>gationem,</strong></span> <span class='ocrx_word' id='word_1_135' title='bbox 1015 2430 1224 2484; x_wconf 88' lang='lat' dir='ltr'><strong>deorum</strong></span> <span class='ocrx_word' id='word_1_136' title='bbox 1249 2431 1597 2502; x_wconf 82' lang='lat' dir='ltr'><strong>impotentiam</strong></span> <span class='ocrx_word' id='word_1_137' title='bbox 1617 2434 1819 2504; x_wconf 85' lang='lat' dir='ltr'><strong>arguit;</strong></span> <span class='ocrx_word' id='word_1_138' title='bbox 1850 2442 1956 2487; x_wconf 90' lang='lat' dir='ltr'><strong>tum</strong></span> <span class='ocrx_word' id='word_1_139' title='bbox 1981 2434 2118 2505; x_wconf 90' lang='lat' dir='ltr'><strong>quod</strong></span> <span class='ocrx_word' id='word_1_140' title='bbox 2134 2434 2235 2505; x_wconf 84' lang='lat' dir='ltr'><strong>ipsi</strong></span> 
     </span>
    </p>
   </div>
   <div class='ocr_carea' id='block_1_24' title="bbox 711 2524 2236 2600">
    <p class='ocr_par' dir='ltr' id='par_1_24' title="bbox 711 2524 2236 2600">
     <span class='ocr_line' id='line_1_24' title="bbox 711 2524 2236 2600; baseline 0.005 -23"><span class='ocrx_word' id='word_1_141' title='bbox 711 2540 766 2578; x_wconf 89' lang='lat' dir='ltr'><strong>se</strong></span> <span class='ocrx_word' id='word_1_142' title='bbox 785 2524 1051 2594; x_wconf 78' lang='lat' dir='ltr'><strong>defendere</strong></span> <span class='ocrx_word' id='word_1_143' title='bbox 1088 2535 1370 2596; x_wconf 87' lang='lat' dir='ltr'><strong>nequeant,</strong></span> <span class='ocrx_word' id='word_1_144' title='bbox 1402 2534 1550 2597; x_wconf 90' lang='lat' dir='ltr'><strong>atque</strong></span> <span class='ocrx_word' id='word_1_145' title='bbox 1575 2526 1702 2582; x_wconf 85' lang='lat' dir='ltr'><strong>adeo</strong></span> <span class='ocrx_word' id='word_1_146' title='bbox 1754 2525 2112 2584; x_wconf 88' lang='lat' dir='ltr'><strong>Demetrianus</strong></span> <span class='ocrx_word' id='word_1_147' title='bbox 2149 2531 2236 2600; x_wconf 85' lang='lat' dir='ltr'><strong>qui</strong></span> 
     </span>
    </p>
   </div>
   <div class='ocr_carea' id='block_1_25' title="bbox 711 2616 2237 2691">
    <p class='ocr_par' dir='ltr' id='par_1_25' title="bbox 711 2616 2237 2691">
     <span class='ocr_line' id='line_1_25' title="bbox 711 2616 2237 2691; baseline 0.005 -21"><span class='ocrx_word' id='word_1_148' title='bbox 711 2616 829 2671; x_wconf 87' lang='lat' dir='ltr'><strong>illos</strong></span> <span class='ocrx_word' id='word_1_149' title='bbox 855 2618 1161 2683; x_wconf 86' lang='lat' dir='ltr'><strong>vindicabat,</strong></span> <span class='ocrx_word' id='word_1_150' title='bbox 1193 2618 1256 2683; x_wconf 86' lang='lat' dir='ltr'><strong>ab</strong></span> <span class='ocrx_word' id='word_1_151' title='bbox 1303 2620 1430 2688; x_wconf 82' lang='lat' dir='ltr'><strong>ipsis</strong></span> <span class='ocrx_word' id='word_1_152' title='bbox 1477 2619 1643 2691; x_wconf 79' lang='lat' dir='ltr'><strong>potius</strong></span> <span class='ocrx_word' id='word_1_153' title='bbox 1672 2620 1770 2674; x_wconf 90' lang='lat' dir='ltr'><strong>coli</strong></span> <span class='ocrx_word' id='word_1_154' title='bbox 1819 2636 1967 2688; x_wconf 86' lang='lat' dir='ltr'><strong>quant</strong></span> <span class='ocrx_word' id='word_1_155' title='bbox 2019 2620 2127 2690; x_wconf 88' lang='lat' dir='ltr'><strong>ipse</strong></span> <span class='ocrx_word' id='word_1_156' title='bbox 2153 2638 2237 2677; x_wconf 90' lang='lat' dir='ltr'><strong>eos</strong></span> 
     </span>
    </p>
   </div>
   <div class='ocr_carea' id='block_1_26' title="bbox 712 2709 2237 2782">
    <p class='ocr_par' dir='ltr' id='par_1_26' title="bbox 712 2709 2237 2782">
     <span class='ocr_line' id='line_1_26' title="bbox 712 2709 2237 2782; baseline 0.003 -19"><span class='ocrx_word' id='word_1_157' title='bbox 712 2709 876 2763; x_wconf 88' lang='lat' dir='ltr'><strong>colere</strong></span> <span class='ocrx_word' id='word_1_158' title='bbox 913 2709 1142 2776; x_wconf 84' lang='lat' dir='ltr'><strong>deberet;</strong></span> <span class='ocrx_word' id='word_1_159' title='bbox 1185 2720 1291 2765; x_wconf 90' lang='lat' dir='ltr'><strong>tum</strong></span> <span class='ocrx_word' id='word_1_160' title='bbox 1340 2711 1477 2782; x_wconf 90' lang='lat' dir='ltr'><strong>quod</strong></span> <span class='ocrx_word' id='word_1_161' title='bbox 1525 2728 1557 2764; x_wconf 91' lang='lat' dir='ltr'><strong>a</strong></span> <span class='ocrx_word' id='word_1_162' title='bbox 1598 2710 1899 2766; x_wconf 81' lang='lat' dir='ltr'><strong>Christianis</strong></span> <span class='ocrx_word' id='word_1_163' title='bbox 1939 2712 2002 2765; x_wconf 88' lang='lat' dir='ltr'><strong>de</strong></span> <span class='ocrx_word' id='word_1_164' title='bbox 2025 2711 2237 2768; x_wconf 86' lang='lat' dir='ltr'><strong>obsessis</strong></span> 
     </span>
    </p>
   </div>
   <div class='ocr_carea' id='block_1_27' title="bbox 713 2802 2237 2875">
    <p class='ocr_par' dir='ltr' id='par_1_27' title="bbox 713 2802 2237 2875">
     <span class='ocr_line' id='line_1_27' title="bbox 713 2802 2237 2875; baseline 0.002 -19"><span class='ocrx_word' id='word_1_165' title='bbox 713 2803 1008 2872; x_wconf 85' lang='lat' dir='ltr'><strong>corporibus</strong></span> <span class='ocrx_word' id='word_1_166' title='bbox 1033 2804 1196 2875; x_wconf 84' lang='lat' dir='ltr'><strong>ejecti,</strong></span> <span class='ocrx_word' id='word_1_167' title='bbox 1229 2803 1353 2874; x_wconf 86' lang='lat' dir='ltr'><strong>quid</strong></span> <span class='ocrx_word' id='word_1_168' title='bbox 1379 2804 1478 2858; x_wconf 91' lang='lat' dir='ltr'><strong>sint</strong></span> <span class='ocrx_word' id='word_1_169' title='bbox 1509 2803 1609 2874; x_wconf 88' lang='lat' dir='ltr'><strong>ipsi</strong></span> <span class='ocrx_word' id='word_1_170' title='bbox 1653 2803 2013 2873; x_wconf 78' lang='lat' dir='ltr'><strong>conﬁteantur.</strong></span> <span class='ocrx_word' id='word_1_171' title='bbox 2057 2802 2237 2874; x_wconf 88' lang='lat' dir='ltr'><strong>Neque</strong></span> 
     </span>
    </p>
   </div>
   <div class='ocr_carea' id='block_1_28' title="bbox 710 2896 2237 2968">
    <p class='ocr_par' dir='ltr' id='par_1_28' title="bbox 710 2896 2237 2968">
     <span class='ocr_line' id='line_1_28' title="bbox 710 2896 2237 2968; baseline 0.002 -20"><span class='ocrx_word' id='word_1_172' title='bbox 710 2909 828 2948; x_wconf 86' lang='lat' dir='ltr'><strong>vero</strong></span> <span class='ocrx_word' id='word_1_173' title='bbox 853 2896 1027 2950; x_wconf 88' lang='lat' dir='ltr'><strong>ruinas</strong></span> <span class='ocrx_word' id='word_1_174' title='bbox 1064 2912 1275 2968; x_wconf 85' lang='lat' dir='ltr'><strong>regunt,</strong></span> <span class='ocrx_word' id='word_1_175' title='bbox 1295 2898 1531 2968; x_wconf 85' lang='lat' dir='ltr'><strong>jacturas</strong></span> <span class='ocrx_word' id='word_1_176' title='bbox 1573 2912 1729 2964; x_wconf 90' lang='lat' dir='ltr'><strong>opum</strong></span> <span class='ocrx_word' id='word_1_177' title='bbox 1765 2904 1811 2951; x_wconf 88' lang='lat' dir='ltr'><strong>et</strong></span> <span class='ocrx_word' id='word_1_178' title='bbox 1860 2896 2049 2951; x_wconf 86' lang='lat' dir='ltr'><strong>similia</strong></span> <span class='ocrx_word' id='word_1_179' title='bbox 2098 2899 2237 2951; x_wconf 87' lang='lat' dir='ltr'><strong>mala</strong></span> 
     </span>
    </p>
   </div>
   <div class='ocr_carea' id='block_1_29' title="bbox 707 2987 2237 3058">
    <p class='ocr_par' dir='ltr' id='par_1_29' title="bbox 707 2987 2237 3058">
     <span class='ocr_line' id='line_1_29' title="bbox 707 2987 2237 3058; baseline 0.001 -16"><span class='ocrx_word' id='word_1_180' title='bbox 707 3002 822 3056; x_wconf 78' lang='lat' dir='ltr'><strong>qua:</strong></span> <span class='ocrx_word' id='word_1_181' title='bbox 831 2989 1201 3058; x_wconf 86' lang='lat' dir='ltr'><strong>persecutiones</strong></span> <span class='ocrx_word' id='word_1_182' title='bbox 1213 2987 1618 3044; x_wconf 87' lang='lat' dir='ltr'><strong>Christianorum</strong></span> <span class='ocrx_word' id='word_1_183' title='bbox 1640 2988 1880 3043; x_wconf 83' lang='lat' dir='ltr'><strong>divinitus</strong></span> <span class='ocrx_word' id='word_1_184' title='bbox 1896 2990 1948 3043; x_wconf 90' lang='lat' dir='ltr'><strong>in</strong></span> <span class='ocrx_word' id='word_1_185' title='bbox 1964 2990 2237 3044; x_wconf 84' lang='lat' dir='ltr'><strong>vindictam</strong></span> 
     </span>
    </p>
   </div>
   <div class='ocr_carea' id='block_1_30' title="bbox 710 3081 2236 3154">
    <p class='ocr_par' dir='ltr' id='par_1_30' title="bbox 710 3081 2236 3154">
     <span class='ocr_line' id='line_1_30' title="bbox 710 3081 2236 3154; baseline 0.003 -22"><span class='ocrx_word' id='word_1_186' title='bbox 710 3081 1103 3147; x_wconf 88' lang='lat' dir='ltr'><strong>comitabantur,</strong></span> <span class='ocrx_word' id='word_1_187' title='bbox 1146 3082 1259 3135; x_wconf 82' lang='lat' dir='ltr'><strong>ideo</strong></span> <span class='ocrx_word' id='word_1_188' title='bbox 1310 3081 1562 3136; x_wconf 79' lang='lat' dir='ltr'><strong>vindictas</strong></span> <span class='ocrx_word' id='word_1_189' title='bbox 1594 3098 1695 3136; x_wconf 84' lang='lat' dir='ltr'><strong>non</strong></span> <span class='ocrx_word' id='word_1_190' title='bbox 1733 3083 1943 3150; x_wconf 87' lang='lat' dir='ltr'><strong>censeri,</strong></span> <span class='ocrx_word' id='word_1_191' title='bbox 1977 3082 2113 3154; x_wconf 88' lang='lat' dir='ltr'><strong>quod</strong></span> <span class='ocrx_word' id='word_1_192' title='bbox 2132 3084 2236 3137; x_wconf 89' lang='lat' dir='ltr'><strong>illis</strong></span> 
     </span>
    </p>
   </div>
   <div class='ocr_carea' id='block_1_31' title="bbox 711 3173 2237 3247">
    <p class='ocr_par' dir='ltr' id='par_1_31' title="bbox 711 3173 2237 3247">
     <span class='ocr_line' id='line_1_31' title="bbox 711 3173 2237 3247; baseline 0.003 -21"><span class='ocrx_word' id='word_1_193' title='bbox 711 3173 863 3227; x_wconf 90' lang='lat' dir='ltr'><strong>etiam</strong></span> <span class='ocrx_word' id='word_1_194' title='bbox 892 3189 1179 3229; x_wconf 85' lang='lat' dir='ltr'><strong>communes</strong></span> <span class='ocrx_word' id='word_1_195' title='bbox 1206 3183 1400 3242; x_wconf 89' lang='lat' dir='ltr'><strong>essent,</strong></span> <span class='ocrx_word' id='word_1_196' title='bbox 1431 3176 1843 3246; x_wconf 87' lang='lat' dir='ltr'><strong>quandoquidem</strong></span> <span class='ocrx_word' id='word_1_197' title='bbox 1890 3177 2135 3247; x_wconf 86' lang='lat' dir='ltr'><strong>gaudium</strong></span> <span class='ocrx_word' id='word_1_198' title='bbox 2172 3177 2237 3230; x_wconf 91' lang='lat' dir='ltr'><strong>iis</strong></span> 
     </span>
    </p>
   </div>
   <div class='ocr_carea' id='block_1_32' title="bbox 2338 1343 2909 1381">
    <p class='ocr_par' dir='ltr' id='par_1_32' title="bbox 2338 1343 2909 1381">
     <span class='ocr_line' id='line_1_32' title="bbox 2338 1343 2909 1381; baseline -0.005 0"><span class='ocrx_word' id='word_1_199' title='bbox 2338 1343 2909 1381; x_wconf 44' lang='grc' dir='ltr'><strong>μή</strong></span> 
     </span>
    </p>
   </div>
   <div class='ocr_carea' id='block_1_33' title="bbox 2413 1492 3933 1592">
    <p class='ocr_par' dir='ltr' id='par_1_33' title="bbox 2413 1492 3933 1592">
     <span class='ocr_line' id='line_1_33' title="bbox 2413 1492 3933 1592; baseline 0.003 -20"><span class='ocrx_word' id='word_1_200' title='bbox 2413 1530 2608 1592; x_wconf 87' lang='lat' dir='ltr'><strong>tempus</strong></span> <span class='ocrx_word' id='word_1_201' title='bbox 2626 1492 2730 1587; x_wconf 49' lang='lat' dir='ltr'><strong>.est,</strong></span> <span class='ocrx_word' id='word_1_202' title='bbox 2763 1517 2832 1572; x_wconf 87' lang='lat' dir='ltr'><strong>ad</strong></span> <span class='ocrx_word' id='word_1_203' title='bbox 2860 1527 3073 1572; x_wconf 88' lang='lat' dir='ltr'><strong>mentem</strong></span> <span class='ocrx_word' id='word_1_204' title='bbox 3112 1517 3282 1572; x_wconf 87' lang='lat' dir='ltr'><strong>redeat</strong></span> <span class='ocrx_word' id='word_1_205' title='bbox 3309 1518 3562 1584; x_wconf 89' lang='lat' dir='ltr'><strong>hortatur,</strong></span> <span class='ocrx_word' id='word_1_206' title='bbox 3616 1518 3695 1574; x_wconf 90' lang='lat' dir='ltr'><strong>vel</strong></span> <span class='ocrx_word' id='word_1_207' title='bbox 3750 1519 3933 1577; x_wconf 90' lang='lat' dir='ltr'><strong>saltem</strong></span> 
     </span>
    </p>
   </div>
   <div class='ocr_carea' id='block_1_34' title="bbox 2411 1611 3933 1685">
    <p class='ocr_par' dir='ltr' id='par_1_34' title="bbox 2411 1611 3933 1685">
     <span class='ocr_line' id='line_1_34' title="bbox 2411 1611 3933 1685; baseline 0.003 -19"><span class='ocrx_word' id='word_1_208' title='bbox 2411 1612 2747 1684; x_wconf 87' lang='lat' dir='ltr'><strong>melujudicii</strong></span> <span class='ocrx_word' id='word_1_209' title='bbox 2770 1622 2815 1667; x_wconf 90' lang='lat' dir='ltr'><strong>et</strong></span> <span class='ocrx_word' id='word_1_210' title='bbox 2854 1628 3052 1682; x_wconf 85' lang='lat' dir='ltr'><strong>semper</strong></span> <span class='ocrx_word' id='word_1_211' title='bbox 3077 1611 3301 1666; x_wconf 87' lang='lat' dir='ltr'><strong>ardentis</strong></span> <span class='ocrx_word' id='word_1_212' title='bbox 3342 1613 3586 1684; x_wconf 68' lang='lat' dir='ltr'><strong>gehennae</strong></span> <span class='ocrx_word' id='word_1_213' title='bbox 3610 1614 3762 1685; x_wconf 87' lang='lat' dir='ltr'><strong>ignis.</strong></span> <span class='ocrx_word' id='word_1_214' title='bbox 3796 1614 3933 1670; x_wconf 82' lang='lat' dir='ltr'><strong>lmi-</strong></span> 
     </span>
    </p>
   </div>
   <div class='ocr_carea' id='block_1_35' title="bbox 2410 1703 3933 1777">
    <p class='ocr_par' dir='ltr' id='par_1_35' title="bbox 2410 1703 3933 1777">
     <span class='ocr_line' id='line_1_35' title="bbox 2410 1703 3933 1777; baseline 0.001 -19"><span class='ocrx_word' id='word_1_215' title='bbox 2410 1713 2549 1758; x_wconf 90' lang='lat' dir='ltr'><strong>tatur</strong></span> <span class='ocrx_word' id='word_1_216' title='bbox 2575 1713 2741 1758; x_wconf 90' lang='lat' dir='ltr'><strong>autem</strong></span> <span class='ocrx_word' id='word_1_217' title='bbox 2778 1705 2890 1773; x_wconf 88' lang='lat' dir='ltr'><strong>ipse</strong></span> <span class='ocrx_word' id='word_1_218' title='bbox 2917 1704 3103 1774; x_wconf 87' lang='lat' dir='ltr'><strong>partim</strong></span> <span class='ocrx_word' id='word_1_219' title='bbox 3131 1703 3437 1758; x_wconf 85' lang='lat' dir='ltr'><strong>Tertulliani</strong></span> <span class='ocrx_word' id='word_1_220' title='bbox 3462 1705 3845 1777; x_wconf 80' lang='lat' dir='ltr'><strong>Apologcticum</strong></span> <span class='ocrx_word' id='word_1_221' title='bbox 3888 1716 3933 1764; x_wconf 85' lang='lat' dir='ltr'><strong>et</strong></span> 
     </span>
    </p>
   </div>
   <div class='ocr_carea' id='block_1_36' title="bbox 2410 1796 3933 1868">
    <p class='ocr_par' dir='ltr' id='par_1_36' title="bbox 2410 1796 3933 1868">
     <span class='ocr_line' id='line_1_36' title="bbox 2410 1796 3933 1868; baseline 0.003 -17"><span class='ocrx_word' id='word_1_222' title='bbox 2410 1796 2593 1851; x_wconf 86' lang='lat' dir='ltr'><strong>librum</strong></span> <span class='ocrx_word' id='word_1_223' title='bbox 2613 1797 2684 1850; x_wconf 90' lang='lat' dir='ltr'><strong>ad</strong></span> <span class='ocrx_word' id='word_1_224' title='bbox 2711 1796 3014 1866; x_wconf 87' lang='lat' dir='ltr'><strong>Scapulam,</strong></span> <span class='ocrx_word' id='word_1_225' title='bbox 3049 1797 3236 1868; x_wconf 89' lang='lat' dir='ltr'><strong>partim</strong></span> <span class='ocrx_word' id='word_1_226' title='bbox 3285 1796 3496 1852; x_wconf 81' lang='lat' dir='ltr'><strong>Minutii</strong></span> <span class='ocrx_word' id='word_1_227' title='bbox 3542 1796 3734 1855; x_wconf 84' lang='lat' dir='ltr'><strong>Felicis</strong></span> <span class='ocrx_word' id='word_1_228' title='bbox 3778 1797 3933 1855; x_wconf 86' lang='lat' dir='ltr'><strong>Octa-</strong></span> 
     </span>
    </p>
   </div>
   <div class='ocr_carea' id='block_1_37' title="bbox 2410 1889 2799 1946">
    <p class='ocr_par' dir='ltr' id='par_1_37' title="bbox 2410 1889 2799 1946">
     <span class='ocr_line' id='line_1_37' title="bbox 2410 1889 2799 1946; baseline -0.003 -2"><span class='ocrx_word' id='word_1_229' title='bbox 2410 1890 2566 1946; x_wconf 87' lang='lat' dir='ltr'><strong>vium.</strong></span> <span class='ocrx_word' id='word_1_230' title='bbox 2592 1889 2799 1944; x_wconf 76' lang='grc' dir='ltr'><strong>ΡΑιιει.</strong></span> 
     </span>
    </p>
   </div>
   <div class='ocr_carea' id='block_1_38' title="bbox 2413 2064 3933 2137">
    <p class='ocr_par' dir='ltr' id='par_1_38' title="bbox 2413 2064 3933 2137">
     <span class='ocr_line' id='line_1_38' title="bbox 2413 2064 3933 2137; baseline -0.001 -15"><span class='ocrx_word' id='word_1_231' title='bbox 2413 2067 2457 2122; x_wconf 91' lang='grc'><strong>1.</strong></span> <span class='ocrx_word' id='word_1_232' title='bbox 2496 2065 2899 2123; x_wconf 64' lang='lat' dir='ltr'><strong>Genumana</strong></span> <span class='ocrx_word' id='word_1_233' title='bbox 2928 2074 2978 2121; x_wconf 88' lang='lat' dir='ltr'><strong>te</strong></span> <span class='ocrx_word' id='word_1_234' title='bbox 3003 2073 3058 2121; x_wconf 88' lang='lat' dir='ltr'><strong>et</strong></span> <span class='ocrx_word' id='word_1_235' title='bbox 3085 2065 3341 2121; x_wconf 84' lang='lat' dir='ltr'><strong>adversus</strong></span> <span class='ocrx_word' id='word_1_236' title='bbox 3386 2065 3570 2130; x_wconf 88' lang='lat' dir='ltr'><strong>Deum,</strong></span> <span class='ocrx_word' id='word_1_237' title='bbox 3603 2064 3690 2137; x_wconf 89' lang='lat' dir='ltr'><strong>qui</strong></span> <span class='ocrx_word' id='word_1_238' title='bbox 3720 2079 3856 2120; x_wconf 88' lang='lat' dir='ltr'><strong>unus</strong></span> <span class='ocrx_word' id='word_1_239' title='bbox 3878 2073 3933 2121; x_wconf 86' lang='lat' dir='ltr'><strong>et</strong></span> 
     </span>
    </p>
   </div>
   <div class='ocr_carea' id='block_1_39' title="bbox 2341 2154 3928 2231">
    <p class='ocr_par' dir='ltr' id='par_1_39' title="bbox 2341 2154 3928 2231">
     <span class='ocr_line' id='line_1_39' title="bbox 2341 2154 3928 2231; baseline -0.002 -16"><span class='ocrx_word' id='word_1_240' title='bbox 2341 2174 2501 2215; x_wconf 89' lang='lat' dir='ltr'><strong>verus</strong></span> <span class='ocrx_word' id='word_1_241' title='bbox 2523 2170 2626 2226; x_wconf 89' lang='lat' dir='ltr'><strong>est,</strong></span> <span class='ocrx_word' id='word_1_242' title='bbox 2652 2174 2744 2215; x_wconf 90' lang='lat' dir='ltr'><strong>ore</strong></span> <span class='ocrx_word' id='word_1_243' title='bbox 2766 2158 3029 2230; x_wconf 88' lang='lat' dir='ltr'><strong>sacrilego</strong></span> <span class='ocrx_word' id='word_1_244' title='bbox 3052 2166 3107 2214; x_wconf 91' lang='lat' dir='ltr'><strong>et</strong></span> <span class='ocrx_word' id='word_1_245' title='bbox 3128 2159 3304 2213; x_wconf 86' lang='lat' dir='ltr'><strong>verbis</strong></span> <span class='ocrx_word' id='word_1_246' title='bbox 3331 2154 3508 2228; x_wconf 85' lang='lat' dir='ltr'><strong>impiis</strong></span> <span class='ocrx_word' id='word_1_247' title='bbox 3528 2156 3928 2231; x_wconf 86' lang='lat' dir='ltr'><strong>obstrepentem</strong></span> 
     </span>
    </p>
   </div>
   <div class='ocr_carea' id='block_1_40' title="bbox 2341 2250 3931 2324">
    <p class='ocr_par' dir='ltr' id='par_1_40' title="bbox 2341 2250 3931 2324">
     <span class='ocr_line' id='line_1_40' title="bbox 2341 2250 3931 2324; baseline -0.002 -15"><span class='ocrx_word' id='word_1_248' title='bbox 2341 2252 2667 2324; x_wconf 78' lang='lat' dir='ltr'><strong>frequenter,</strong></span> <span class='ocrx_word' id='word_1_249' title='bbox 2702 2252 3058 2318; x_wconf 87' lang='lat' dir='ltr'><strong>Demetriane,</strong></span> <span class='ocrx_word' id='word_1_250' title='bbox 3087 2259 3539 2321; x_wconf 82' lang='lat' dir='ltr'><strong>contempserant,</strong></span> <span class='ocrx_word' id='word_1_251' title='bbox 3571 2250 3931 2306; x_wconf 86' lang='lat' dir='ltr'><strong>verecundius</strong></span> 
     </span>
    </p>
   </div>
   <div class='ocr_carea' id='block_1_41' title="bbox 2338 2336 3929 2412">
    <p class='ocr_par' dir='ltr' id='par_1_41' title="bbox 2338 2336 3929 2412">
     <span class='ocr_line' id='line_1_41' title="bbox 2338 2336 3929 2412; baseline -0.004 -12"><span class='ocrx_word' id='word_1_252' title='bbox 2338 2359 2402 2400; x_wconf 91' lang='lat' dir='ltr'><strong>ac</strong></span> <span class='ocrx_word' id='word_1_253' title='bbox 2457 2344 2649 2399; x_wconf 85' lang='lat' dir='ltr'><strong>melius</strong></span> <span class='ocrx_word' id='word_1_254' title='bbox 2704 2345 3018 2399; x_wconf 83' lang='lat' dir='ltr'><strong>existimans</strong></span> <span class='ocrx_word' id='word_1_255' title='bbox 3064 2343 3292 2399; x_wconf 80' lang='lat' dir='ltr'><strong>errantis</strong></span> <span class='ocrx_word' id='word_1_256' title='bbox 3339 2341 3664 2412; x_wconf 83' lang='lat' dir='ltr'><strong>imperitiam</strong></span> <span class='ocrx_word' id='word_1_257' title='bbox 3704 2336 3929 2397; x_wconf 16' lang='lat' dir='ltr'><strong>Vsilentio</strong></span> 
     </span>
    </p>
   </div>
   <div class='ocr_carea' id='block_1_42' title="bbox 2340 2434 3928 2508">
    <p class='ocr_par' dir='ltr' id='par_1_42' title="bbox 2340 2434 3928 2508">
     <span class='ocr_line' id='line_1_42' title="bbox 2340 2434 3928 2508; baseline -0.002 -16"><span class='ocrx_word' id='word_1_258' title='bbox 2340 2451 2617 2508; x_wconf 88' lang='lat' dir='ltr'><strong>spernere,</strong></span> <span class='ocrx_word' id='word_1_259' title='bbox 2647 2451 2807 2507; x_wconf 89' lang='lat' dir='ltr'><strong>quam</strong></span> <span class='ocrx_word' id='word_1_260' title='bbox 2830 2434 3097 2507; x_wconf 89' lang='lat' dir='ltr'><strong>loquendo</strong></span> <span class='ocrx_word' id='word_1_261' title='bbox 3124 2435 3389 2491; x_wconf 85' lang='lat' dir='ltr'><strong>dementis</strong></span> <span class='ocrx_word' id='word_1_262' title='bbox 3430 2435 3689 2489; x_wconf 79' lang='lat' dir='ltr'><strong>insaniam</strong></span> <span class='ocrx_word' id='word_1_263' title='bbox 3732 2449 3928 2504; x_wconf 67' lang='lat' dir='ltr'><strong>proro-</strong></span> 
     </span>
    </p>
   </div>
   <div class='ocr_carea' id='block_1_43' title="bbox 2340 2525 3932 2598">
    <p class='ocr_par' dir='ltr' id='par_1_43' title="bbox 2340 2525 3932 2598">
     <span class='ocr_line' id='line_1_43' title="bbox 2340 2525 3932 2598; baseline -0.003 -14"><span class='ocrx_word' id='word_1_264' title='bbox 2340 2543 2483 2584; x_wconf 89' lang='lat' dir='ltr'><strong>care.</strong></span> <span class='ocrx_word' id='word_1_265' title='bbox 2507 2528 2617 2583; x_wconf 88' lang='lat' dir='ltr'><strong>Nec</strong></span> <span class='ocrx_word' id='word_1_266' title='bbox 2645 2527 2748 2583; x_wconf 89' lang='lat' dir='ltr'><strong>hoc</strong></span> <span class='ocrx_word' id='word_1_267' title='bbox 2774 2529 2890 2583; x_wconf 85' lang='lat' dir='ltr'><strong>sine</strong></span> <span class='ocrx_word' id='word_1_268' title='bbox 2920 2527 3207 2598; x_wconf 78' lang='lat' dir='ltr'><strong>magisterii</strong></span> <span class='ocrx_word' id='word_1_269' title='bbox 3238 2526 3401 2582; x_wconf 84' lang='lat' dir='ltr'><strong>divini</strong></span> <span class='ocrx_word' id='word_1_270' title='bbox 3427 2526 3740 2581; x_wconf 85' lang='lat' dir='ltr'><strong>auctoritate</strong></span> <span class='ocrx_word' id='word_1_271' title='bbox 3766 2525 3932 2580; x_wconf 84' lang='lat' dir='ltr'><strong>faeie-</strong></span> 
     </span>
    </p>
   </div>
   <div class='ocr_carea' id='block_1_44' title="bbox 2341 2618 3935 2690">
    <p class='ocr_par' dir='ltr' id='par_1_44' title="bbox 2341 2618 3935 2690">
     <span class='ocr_line' id='line_1_44' title="bbox 2341 2618 3935 2690; baseline -0.003 -12"><span class='ocrx_word' id='word_1_272' title='bbox 2341 2621 2485 2689; x_wconf 84' lang='lat' dir='ltr'><strong>bam,</strong></span> <span class='ocrx_word' id='word_1_273' title='bbox 2530 2635 2653 2676; x_wconf 91' lang='lat' dir='ltr'><strong>cum</strong></span> <span class='ocrx_word' id='word_1_274' title='bbox 2696 2621 2954 2690; x_wconf 89' lang='lat' dir='ltr'><strong>scriptum</strong></span> <span class='ocrx_word' id='word_1_275' title='bbox 2997 2620 3066 2675; x_wconf 88' lang='lat' dir='ltr'><strong>sit</strong></span> <span class='ocrx_word' id='word_1_276' title='bbox 3093 2637 3112 2672; x_wconf 89' lang='lat'><strong><em>:</em></strong></span> <span class='ocrx_word' id='word_1_277' title='bbox 3144 2618 3212 2674; x_wconf 85' lang='lat' dir='ltr'><strong>In</strong></span> <span class='ocrx_word' id='word_1_278' title='bbox 3257 2636 3405 2674; x_wconf 91' lang='lat' dir='ltr'><strong>aures</strong></span> <span class='ocrx_word' id='word_1_279' title='bbox 3450 2618 3784 2690; x_wconf 86' lang='lat' dir='ltr'><strong>imprudentis</strong></span> <span class='ocrx_word' id='word_1_280' title='bbox 3827 2619 3935 2681; x_wconf 74' lang='lat' dir='ltr'><strong>noli</strong></span> 
     </span>
    </p>
   </div>
   <div class='ocr_carea' id='block_1_45' title="bbox 2341 2694 3936 2786">
    <p class='ocr_par' dir='ltr' id='par_1_45' title="bbox 2341 2694 3936 2786">
     <span class='ocr_line' id='line_1_45' title="bbox 2341 2694 3936 2786; baseline -0.001 -19"><span class='ocrx_word' id='word_1_281' title='bbox 2341 2715 2610 2786; x_wconf 90' lang='lat' dir='ltr'><strong>quicquam</strong></span> <span class='ocrx_word' id='word_1_282' title='bbox 2639 2712 2835 2778; x_wconf 87' lang='lat' dir='ltr'><strong>dicere,</strong></span> <span class='ocrx_word' id='word_1_283' title='bbox 2874 2729 2955 2777; x_wconf 90' lang='lat' dir='ltr'><strong>ne,</strong></span> <span class='ocrx_word' id='word_1_284' title='bbox 2982 2712 3187 2782; x_wconf 86' lang='lat' dir='ltr'><strong>quando</strong></span> <span class='ocrx_word' id='word_1_285' title='bbox 3207 2696 3446 2776; x_wconf 84' lang='lat' dir='ltr'><strong>audierit,</strong></span> <span class='ocrx_word' id='word_1_286' title='bbox 3479 2694 3688 2785; x_wconf 80' lang='lat' dir='ltr'><strong>irrideat</strong></span> <span class='ocrx_word' id='word_1_287' title='bbox 3708 2721 3936 2765; x_wconf 88' lang='lat' dir='ltr'><strong>sensatos</strong></span> 
     </span>
    </p>
   </div>
   <div class='ocr_carea' id='block_1_46' title="bbox 2341 2802 3934 2876">
    <p class='ocr_par' dir='ltr' id='par_1_46' title="bbox 2341 2802 3934 2876">
     <span class='ocr_line' id='line_1_46' title="bbox 2341 2802 3934 2876; baseline -0.001 -15"><span class='ocrx_word' id='word_1_288' title='bbox 2341 2822 2595 2862; x_wconf 86' lang='lat' dir='ltr'><strong>sermones</strong></span> <span class='ocrx_word' id='word_1_289' title='bbox 2618 2815 2728 2859; x_wconf 89' lang='lat' dir='ltr'><strong>tuos</strong></span> <span class='ocrx_word' id='word_1_290' title='bbox 2753 2804 2934 2876; x_wconf 87' lang='lat' dir='ltr'><strong>(Prov.</strong></span> <span class='ocrx_word' id='word_1_291' title='bbox 2961 2820 3112 2871; x_wconf 64' lang='grc' dir='ltr'><strong>χχιιι,</strong></span> <span class='ocrx_word' id='word_1_292' title='bbox 3137 2804 3287 2875; x_wconf 85' lang='grc' dir='ltr'><strong>9).Ει</strong></span> <span class='ocrx_word' id='word_1_293' title='bbox 3313 2806 3505 2860; x_wconf 87' lang='lat' dir='ltr'><strong>iterum</strong></span> <span class='ocrx_word' id='word_1_294' title='bbox 3528 2822 3541 2858; x_wconf 88' lang='lat'><strong>:</strong></span> <span class='ocrx_word' id='word_1_295' title='bbox 3569 2802 3696 2858; x_wconf 77' lang='lat' dir='ltr'><strong>Noli</strong></span> <span class='ocrx_word' id='word_1_296' title='bbox 3721 2820 3934 2875; x_wconf 63' lang='lat' dir='ltr'><strong>respono</strong></span> 
     </span>
    </p>
   </div>
   <div class='ocr_carea' id='block_1_47' title="bbox 2342 2897 3936 2969">
    <p class='ocr_par' dir='ltr' id='par_1_47' title="bbox 2342 2897 3936 2969">
     <span class='ocr_line' id='line_1_47' title="bbox 2342 2897 3936 2969; baseline -0.002 -15"><span class='ocrx_word' id='word_1_297' title='bbox 2342 2900 2460 2955; x_wconf 90' lang='lat' dir='ltr'><strong>dere</strong></span> <span class='ocrx_word' id='word_1_298' title='bbox 2485 2897 2797 2969; x_wconf 85' lang='lat' dir='ltr'><strong>imprudenti</strong></span> <span class='ocrx_word' id='word_1_299' title='bbox 2826 2898 2893 2950; x_wconf 90' lang='lat' dir='ltr'><strong>ad</strong></span> <span class='ocrx_word' id='word_1_300' title='bbox 2938 2898 3330 2969; x_wconf 89' lang='lat' dir='ltr'><strong>imprudentiam</strong></span> <span class='ocrx_word' id='word_1_301' title='bbox 3361 2898 3493 2969; x_wconf 89' lang='lat' dir='ltr'><strong>ejus,</strong></span> <span class='ocrx_word' id='word_1_302' title='bbox 3545 2915 3607 2955; x_wconf 88' lang='lat' dir='ltr'><strong>ne</strong></span> <span class='ocrx_word' id='word_1_303' title='bbox 3627 2897 3810 2952; x_wconf 88' lang='lat' dir='ltr'><strong>similis</strong></span> <span class='ocrx_word' id='word_1_304' title='bbox 3838 2898 3936 2964; x_wconf 80' lang='lat' dir='ltr'><strong>ﬁas</strong></span> 
     </span>
    </p>
   </div>
   <div class='ocr_carea' id='block_1_48' title="bbox 2341 2990 3930 3065">
    <p class='ocr_par' dir='ltr' id='par_1_48' title="bbox 2341 2990 3930 3065">
     <span class='ocr_line' id='line_1_48' title="bbox 2341 2990 3930 3065; baseline -0.001 -17"><span class='ocrx_word' id='word_1_305' title='bbox 2341 2994 2420 3048; x_wconf 87' lang='lat' dir='ltr'><strong>illi</strong></span> <span class='ocrx_word' id='word_1_306' title='bbox 2446 2992 2464 3065; x_wconf 95' lang='lat'>(</span> <span class='ocrx_word' id='word_1_307' title='bbox 2495 2991 2652 3046; x_wconf 87' lang='lat' dir='ltr'><strong>Prov.</strong></span> <span class='ocrx_word' id='word_1_308' title='bbox 2681 3007 2832 3057; x_wconf 72' lang='lat' dir='ltr'><strong>XXVI,</strong></span> <span class='ocrx_word' id='word_1_309' title='bbox 2859 2990 2954 3065; x_wconf 65' lang='grc'><strong>4),</strong></span> <span class='ocrx_word' id='word_1_310' title='bbox 3003 2991 3069 3046; x_wconf 88' lang='lat' dir='ltr'><strong>Et</strong></span> <span class='ocrx_word' id='word_1_311' title='bbox 3114 3000 3357 3047; x_wconf 88' lang='lat' dir='ltr'><strong>sanctum</strong></span> <span class='ocrx_word' id='word_1_312' title='bbox 3411 3007 3622 3062; x_wconf 88' lang='lat' dir='ltr'><strong>quoque</strong></span> <span class='ocrx_word' id='word_1_313' title='bbox 3646 2991 3930 3062; x_wconf 87' lang='lat' dir='ltr'><strong>jubcaumr</strong></span> 
     </span>
    </p>
   </div>
   <div class='ocr_carea' id='block_1_49' title="bbox 2342 3085 3932 3151">
    <p class='ocr_par' dir='ltr' id='par_1_49' title="bbox 2342 3085 3932 3151">
     <span class='ocr_line' id='line_1_49' title="bbox 2342 3085 3932 3151; baseline -0.001 -9"><span class='ocrx_word' id='word_1_314' title='bbox 2342 3087 2480 3142; x_wconf 87' lang='lat' dir='ltr'><strong>intra</strong></span> <span class='ocrx_word' id='word_1_315' title='bbox 2509 3086 2889 3141; x_wconf 88' lang='lat' dir='ltr'><strong>conscientiam</strong></span> <span class='ocrx_word' id='word_1_316' title='bbox 2925 3094 3161 3140; x_wconf 83' lang='lat' dir='ltr'><strong>nostram</strong></span> <span class='ocrx_word' id='word_1_317' title='bbox 3193 3096 3401 3151; x_wconf 91' lang='lat' dir='ltr'><strong>tenere,</strong></span> <span class='ocrx_word' id='word_1_318' title='bbox 3438 3099 3538 3140; x_wconf 91' lang='lat' dir='ltr'><strong>nec</strong></span> <span class='ocrx_word' id='word_1_319' title='bbox 3563 3085 3932 3141; x_wconf 88' lang='lat' dir='ltr'><strong>inculcandnm</strong></span> 
     </span>
    </p>
   </div>
   <div class='ocr_carea' id='block_1_50' title="bbox 2343 3177 3932 3250">
    <p class='ocr_par' dir='ltr' id='par_1_50' title="bbox 2343 3177 3932 3250">
     <span class='ocr_line' id='line_1_50' title="bbox 2343 3177 3932 3250; baseline -0.001 -16"><span class='ocrx_word' id='word_1_320' title='bbox 2343 3179 2522 3250; x_wconf 88' lang='lat' dir='ltr'><strong>porcis</strong></span> <span class='ocrx_word' id='word_1_321' title='bbox 2550 3187 2604 3234; x_wconf 89' lang='lat' dir='ltr'><strong>et</strong></span> <span class='ocrx_word' id='word_1_322' title='bbox 2627 3178 2851 3234; x_wconf 88' lang='lat' dir='ltr'><strong>canibus</strong></span> <span class='ocrx_word' id='word_1_323' title='bbox 2892 3192 3182 3248; x_wconf 75' lang='lat' dir='ltr'><strong>exponere,</strong></span> <span class='ocrx_word' id='word_1_324' title='bbox 3212 3178 3465 3247; x_wconf 80' lang='lat' dir='ltr'><strong>loquente</strong></span> <span class='ocrx_word' id='word_1_325' title='bbox 3502 3177 3728 3232; x_wconf 89' lang='lat' dir='ltr'><strong>Domino</strong></span> <span class='ocrx_word' id='word_1_326' title='bbox 3768 3185 3823 3232; x_wconf 90' lang='lat' dir='ltr'><strong>et</strong></span> <span class='ocrx_word' id='word_1_327' title='bbox 3847 3177 3932 3232; x_wconf 64' lang='lat' dir='ltr'><strong>dio</strong></span> 
     </span>
    </p>
   </div>
   <div class='ocr_carea' id='block_1_51' title="bbox 710 3261 3933 3347">
    <p class='ocr_par' dir='ltr' id='par_1_51' title="bbox 710 3261 3933 3347">
     <span class='ocr_line' id='line_1_51' title="bbox 710 3261 3933 3347; baseline 0.001 -29"><span class='ocrx_word' id='word_1_328' title='bbox 710 3265 878 3335; x_wconf 88' lang='lat' dir='ltr'><strong>potius</strong></span> <span class='ocrx_word' id='word_1_329' title='bbox 904 3266 1003 3321; x_wconf 89' lang='lat' dir='ltr'><strong>sint</strong></span> <span class='ocrx_word' id='word_1_330' title='bbox 1042 3269 1212 3322; x_wconf 89' lang='lat' dir='ltr'><strong>omnia</strong></span> <span class='ocrx_word' id='word_1_331' title='bbox 1249 3268 1360 3335; x_wconf 90' lang='lat' dir='ltr'><strong>illa,</strong></span> <span class='ocrx_word' id='word_1_332' title='bbox 1411 3282 1565 3339; x_wconf 84' lang='lat' dir='ltr'><strong>quam</strong></span> <span class='ocrx_word' id='word_1_333' title='bbox 1612 3285 1781 3339; x_wconf 66' lang='lat' dir='ltr'><strong>poena.</strong></span> <span class='ocrx_word' id='word_1_334' title='bbox 1835 3268 2083 3337; x_wconf 83' lang='lat' dir='ltr'><strong>Proinde,</strong></span> <span class='ocrx_word' id='word_1_335' title='bbox 2117 3271 2238 3325; x_wconf 91' lang='lat' dir='ltr'><strong>dum</strong></span> <span class='ocrx_word' id='word_1_336' title='bbox 2264 3261 2309 3324; x_wconf 89' lang='lat' dir='ltr'>C</span> <span class='ocrx_word' id='word_1_337' title='bbox 2343 3278 2538 3326; x_wconf 87' lang='lat' dir='ltr'><strong>ccnte:</strong></span> <span class='ocrx_word' id='word_1_338' title='bbox 2569 3268 2653 3324; x_wconf 87' lang='lat' dir='ltr'><strong>Ne</strong></span> <span class='ocrx_word' id='word_1_339' title='bbox 2695 3269 2937 3325; x_wconf 87' lang='lat' dir='ltr'><strong>dederitis</strong></span> <span class='ocrx_word' id='word_1_340' title='bbox 2964 3278 3195 3347; x_wconf 84' lang='lat' dir='ltr'><strong>sanctum</strong></span> <span class='ocrx_word' id='word_1_341' title='bbox 3224 3268 3433 3323; x_wconf 87' lang='lat' dir='ltr'><strong>canibus</strong></span> <span class='ocrx_word' id='word_1_342' title='bbox 3459 3309 3473 3335; x_wconf 95' lang='lat'><strong>,</strong></span> <span class='ocrx_word' id='word_1_343' title='bbox 3503 3283 3669 3338; x_wconf 90' lang='lat' dir='ltr'><strong>neque</strong></span> <span class='ocrx_word' id='word_1_344' title='bbox 3696 3268 3933 3323; x_wconf 86' lang='lat' dir='ltr'><strong>miseritis</strong></span> 
     </span>
    </p>
   </div>
   <div class='ocr_carea' id='block_1_52' title="bbox 1870 3406 2701 3466">
    <p class='ocr_par' dir='ltr' id='par_1_52' title="bbox 1870 3406 2701 3466">
     <span class='ocr_line' id='line_1_52' title="bbox 1870 3406 2701 3466; baseline -0.006 0"><span class='ocrx_word' id='word_1_345' title='bbox 1870 3410 2115 3466; x_wconf 86' lang='lat' dir='ltr'><strong>STEPH.</strong></span> <span class='ocrx_word' id='word_1_346' title='bbox 2161 3408 2433 3466; x_wconf 85' lang='lat' dir='ltr'><strong>BALUle</strong></span> <span class='ocrx_word' id='word_1_347' title='bbox 2469 3406 2701 3463; x_wconf 63' lang='lat' dir='ltr'><strong>NOTAE.</strong></span> 
     </span>
    </p>
   </div>
   <div class='ocr_carea' id='block_1_53' title="bbox 711 3544 2231 3612">
    <p class='ocr_par' dir='ltr' id='par_1_53' title="bbox 711 3544 2231 3612">
     <span class='ocr_line' id='line_1_53' title="bbox 711 3544 2231 3612; baseline 0.001 -13"><span class='ocrx_word' id='word_1_348' title='bbox 711 3545 804 3601; x_wconf 85' lang='lat' dir='ltr'><strong>AD</strong></span> <span class='ocrx_word' id='word_1_349' title='bbox 842 3544 1361 3604; x_wconf 75' lang='lat' dir='ltr'><strong>DEMETM\NUM.</strong></span> <span class='ocrx_word' id='word_1_350' title='bbox 1405 3578 1477 3588; x_wconf 92' lang='lat'><strong><em>—</em></strong></span> <span class='ocrx_word' id='word_1_351' title='bbox 1505 3547 1643 3603; x_wconf 88' lang='lat' dir='ltr'><strong>Nihil</strong></span> <span class='ocrx_word' id='word_1_352' title='bbox 1687 3556 1770 3604; x_wconf 91' lang='lat' dir='ltr'><strong>est</strong></span> <span class='ocrx_word' id='word_1_353' title='bbox 1805 3547 2012 3604; x_wconf 78' lang='lat' dir='ltr'><strong>facilius</strong></span> <span class='ocrx_word' id='word_1_354' title='bbox 2036 3590 2050 3612; x_wconf 93' lang='lat'><strong>,</strong></span> <span class='ocrx_word' id='word_1_355' title='bbox 2095 3547 2231 3601; x_wconf 88' lang='lat' dir='ltr'><strong>nihil</strong></span> 
     </span>
    </p>
   </div>
   <div class='ocr_carea' id='block_1_54' title="bbox 639 3617 2231 3689">
    <p class='ocr_par' dir='ltr' id='par_1_54' title="bbox 639 3617 2231 3689">
     <span class='ocr_line' id='line_1_54' title="bbox 639 3617 2231 3689; baseline 0.004 -21"><span class='ocrx_word' id='word_1_356' title='bbox 639 3617 811 3689; x_wconf 8' lang='lat' dir='ltr'><strong>magis,</strong></span> <span class='ocrx_word' id='word_1_357' title='bbox 828 3617 1041 3689; x_wconf 92' lang='lat' dir='ltr'><strong>obvium</strong></span> <span class='ocrx_word' id='word_1_358' title='bbox 1062 3633 1220 3689; x_wconf 89' lang='lat' dir='ltr'><strong>quam</strong></span> <span class='ocrx_word' id='word_1_359' title='bbox 1245 3618 1638 3689; x_wconf 86' lang='lat' dir='ltr'><strong>reprehendere</strong></span> <span class='ocrx_word' id='word_1_360' title='bbox 1654 3620 1825 3675; x_wconf 88' lang='lat' dir='ltr'><strong>studia</strong></span> <span class='ocrx_word' id='word_1_361' title='bbox 1848 3619 2092 3687; x_wconf 83' lang='lat' dir='ltr'><strong>aliorum,</strong></span> <span class='ocrx_word' id='word_1_362' title='bbox 2109 3633 2231 3674; x_wconf 88' lang='lat' dir='ltr'><strong>cum</strong></span> 
     </span>
    </p>
   </div>
   <div class='ocr_carea' id='block_1_55' title="bbox 638 3686 2228 3761">
    <p class='ocr_par' dir='ltr' id='par_1_55' title="bbox 638 3686 2228 3761">
     <span class='ocr_line' id='line_1_55' title="bbox 638 3686 2228 3761; baseline 0.001 -21"><span class='ocrx_word' id='word_1_363' title='bbox 638 3686 850 3757; x_wconf 86' lang='lat' dir='ltr'><strong>ingenia</strong></span> <span class='ocrx_word' id='word_1_364' title='bbox 880 3686 1130 3761; x_wconf 79' lang='lat' dir='ltr'><strong>humana,</strong></span> <span class='ocrx_word' id='word_1_365' title='bbox 1152 3686 1321 3761; x_wconf 10' lang='lat' dir='ltr'><strong>utilib‘.</strong></span> <span class='ocrx_word' id='word_1_366' title='bbox 1346 3705 1401 3745; x_wconf 84' lang='lat' dir='ltr'><strong>tv</strong></span> <span class='ocrx_word' id='word_1_367' title='bbox 1429 3690 1595 3760; x_wconf 81' lang='lat' dir='ltr'><strong>Epist.</strong></span> <span class='ocrx_word' id='word_1_368' title='bbox 1618 3706 1729 3745; x_wconf 68' lang='grc' dir='ltr'><strong>χιιι</strong></span> <span class='ocrx_word' id='word_1_369' title='bbox 1757 3692 1831 3745; x_wconf 90' lang='lat' dir='ltr'><strong>ait</strong></span> <span class='ocrx_word' id='word_1_370' title='bbox 1854 3689 2228 3761; x_wconf 80' lang='lat' dir='ltr'><strong>Symmachus,</strong></span> 
     </span>
    </p>
   </div>
   <div class='ocr_carea' id='block_1_56' title="bbox 640 3759 2232 3844">
    <p class='ocr_par' dir='ltr' id='par_1_56' title="bbox 640 3759 2232 3844">
     <span class='ocr_line' id='line_1_56' title="bbox 640 3759 2232 3844; baseline 0.002 -32"><span class='ocrx_word' id='word_1_371' title='bbox 640 3769 887 3844; x_wconf 70' lang='lat' dir='ltr'><strong>prompta</strong></span> <span class='ocrx_word' id='word_1_372' title='bbox 911 3759 977 3814; x_wconf 88' lang='lat' dir='ltr'><strong>ad</strong></span> <span class='ocrx_word' id='word_1_373' title='bbox 995 3760 1323 3844; x_wconf 72' lang='lat' dir='ltr'><strong>urguendum</strong></span> <span class='ocrx_word' id='word_1_374' title='bbox 1342 3776 1463 3816; x_wconf 89' lang='lat' dir='ltr'><strong>esse</strong></span> <span class='ocrx_word' id='word_1_375' title='bbox 1474 3759 1722 3844; x_wconf 74' lang='lat' dir='ltr'><strong>omnibus</strong></span> <span class='ocrx_word' id='word_1_376' title='bbox 1740 3759 2132 3844; x_wconf 69' lang='lat' dir='ltr'><strong>liqtteat.(.‘ttjus</strong></span> <span class='ocrx_word' id='word_1_377' title='bbox 2155 3760 2232 3815; x_wconf 89' lang='lat' dir='ltr'><strong>rei</strong></span> 
     </span>
    </p>
   </div>
   <div class='ocr_carea' id='block_1_57' title="bbox 640 3830 2233 3899">
    <p class='ocr_par' dir='ltr' id='par_1_57' title="bbox 640 3830 2233 3899">
     <span class='ocr_line' id='line_1_57' title="bbox 640 3830 2233 3899; baseline 0.001 -16"><span class='ocrx_word' id='word_1_378' title='bbox 640 3830 944 3899; x_wconf 75' lang='lat' dir='ltr'><strong>exemplum</strong></span> <span class='ocrx_word' id='word_1_379' title='bbox 970 3846 1035 3885; x_wconf 85' lang='lat' dir='ltr'><strong>ex</strong></span> <span class='ocrx_word' id='word_1_380' title='bbox 1058 3831 1357 3899; x_wconf 77' lang='lat' dir='ltr'><strong>Augustino</strong></span> <span class='ocrx_word' id='word_1_381' title='bbox 1383 3833 1658 3887; x_wconf 88' lang='lat' dir='ltr'><strong>retulimus</strong></span> <span class='ocrx_word' id='word_1_382' title='bbox 1696 3836 1748 3887; x_wconf 91' lang='lat' dir='ltr'><strong>in</strong></span> <span class='ocrx_word' id='word_1_383' title='bbox 1794 3830 1947 3886; x_wconf 88' lang='lat' dir='ltr'><strong>initio</strong></span> <span class='ocrx_word' id='word_1_384' title='bbox 1988 3841 2233 3884; x_wconf 85' lang='lat' dir='ltr'><strong>notarunt</strong></span> 
     </span>
    </p>
   </div>
   <div class='ocr_carea' id='block_1_58' title="bbox 639 3872 2227 3974">
    <p class='ocr_par' dir='ltr' id='par_1_58' title="bbox 639 3872 2227 3974">
     <span class='ocr_line' id='line_1_58' title="bbox 639 3872 2227 3974; baseline 0.003 -23"><span class='ocrx_word' id='word_1_385' title='bbox 639 3872 957 3974; x_wconf 67' lang='grc' dir='ltr'><strong>ιιοειι-εἵιιιιιηΔ</strong></span> <span class='ocrx_word' id='word_1_386' title='bbox 970 3872 1036 3933; x_wconf 73' lang='grc' dir='ltr'><strong>ἴου</strong></span> <span class='ocrx_word' id='word_1_387' title='bbox 1049 3872 2020 3974; x_wconf 59' lang='grc' dir='ltr'><strong>ἑῖιᾜὶὖῖεᾎῖιιὶὗῖῗίἓέεἳὲιηὶίὐέἰῐῦῗιγ,</strong></span> <span class='ocrx_word' id='word_1_388' title='bbox 2036 3916 2154 3971; x_wconf 84' lang='lat' dir='ltr'><strong>cap.</strong></span> <span class='ocrx_word' id='word_1_389' title='bbox 2175 3905 2227 3967; x_wconf 74' lang='lat' dir='ltr'><strong>t,</strong></span> 
     </span>
    </p>
   </div>
   <div class='ocr_carea' id='block_1_59' title="bbox 641 3969 2233 4042">
    <p class='ocr_par' dir='ltr' id='par_1_59' title="bbox 641 3969 2233 4042">
     <span class='ocr_line' id='line_1_59' title="bbox 641 3969 2233 4042; baseline 0.004 -24"><span class='ocrx_word' id='word_1_390' title='bbox 641 3969 984 4042; x_wconf 66' lang='lat' dir='ltr'><strong>reprehendit</strong></span> <span class='ocrx_word' id='word_1_391' title='bbox 1002 3986 1094 4026; x_wconf 86' lang='lat' dir='ltr'><strong>Seu</strong></span> <span class='ocrx_word' id='word_1_392' title='bbox 1117 3969 1313 4041; x_wconf 75' lang='lat' dir='ltr'><strong>potius,</strong></span> <span class='ocrx_word' id='word_1_393' title='bbox 1333 3973 1711 4042; x_wconf 81' lang='lat' dir='ltr'><strong>utllieronymi</strong></span> <span class='ocrx_word' id='word_1_394' title='bbox 1736 3975 1902 4028; x_wconf 87' lang='lat' dir='ltr'><strong>verbo</strong></span> <span class='ocrx_word' id='word_1_395' title='bbox 1925 3981 2064 4039; x_wconf 85' lang='lat' dir='ltr'><strong>utar,</strong></span> <span class='ocrx_word' id='word_1_396' title='bbox 2092 3969 2233 4025; x_wconf 85' lang='lat' dir='ltr'><strong>mor-</strong></span> 
     </span>
    </p>
   </div>
   <div class='ocr_carea' id='block_1_60' title="bbox 640 4037 2234 4112">
    <p class='ocr_par' dir='ltr' id='par_1_60' title="bbox 640 4037 2234 4112">
     <span class='ocr_line' id='line_1_60' title="bbox 640 4037 2234 4112; baseline 0.001 -21"><span class='ocrx_word' id='word_1_397' title='bbox 640 4037 733 4112; x_wconf 75' lang='lat' dir='ltr'><strong>det</strong></span> <span class='ocrx_word' id='word_1_398' title='bbox 752 4038 1076 4112; x_wconf 81' lang='lat' dir='ltr'><strong>Cyprianum</strong></span> <span class='ocrx_word' id='word_1_399' title='bbox 1107 4037 1246 4112; x_wconf 82' lang='lat' dir='ltr'><strong>quod</strong></span> <span class='ocrx_word' id='word_1_400' title='bbox 1298 4037 1348 4096; x_wconf 88' lang='lat' dir='ltr'><strong>in</strong></span> <span class='ocrx_word' id='word_1_401' title='bbox 1378 4043 1475 4098; x_wconf 87' lang='lat' dir='ltr'><strong>hac</strong></span> <span class='ocrx_word' id='word_1_402' title='bbox 1498 4037 1760 4110; x_wconf 73' lang='lat' dir='ltr'><strong>oratione,</strong></span> <span class='ocrx_word' id='word_1_403' title='bbox 1785 4060 1903 4111; x_wconf 68' lang='lat' dir='ltr'><strong>qua:</strong></span> <span class='ocrx_word' id='word_1_404' title='bbox 1925 4037 2123 4112; x_wconf 85' lang='lat' dir='ltr'><strong>scripta</strong></span> <span class='ocrx_word' id='word_1_405' title='bbox 2151 4050 2234 4109; x_wconf 78' lang='lat' dir='ltr'><strong>est</strong></span> 
     </span>
    </p>
   </div>
   <div class='ocr_carea' id='block_1_61' title="bbox 640 4108 2234 4180">
    <p class='ocr_par' dir='ltr' id='par_1_61' title="bbox 640 4108 2234 4180">
     <span class='ocr_line' id='line_1_61' title="bbox 640 4108 2234 4180; baseline 0.003 -18"><span class='ocrx_word' id='word_1_406' title='bbox 640 4108 902 4180; x_wconf 82' lang='lat' dir='ltr'><strong>adversus</strong></span> <span class='ocrx_word' id='word_1_407' title='bbox 941 4108 1212 4166; x_wconf 76' lang='lat' dir='ltr'><strong>inimicum</strong></span> <span class='ocrx_word' id='word_1_408' title='bbox 1240 4112 1542 4167; x_wconf 67' lang='lat' dir='ltr'><strong>christianm</strong></span> <span class='ocrx_word' id='word_1_409' title='bbox 1572 4108 1862 4180; x_wconf 76' lang='lat' dir='ltr'><strong>religionis,</strong></span> <span class='ocrx_word' id='word_1_410' title='bbox 1884 4108 2065 4167; x_wconf 77' lang='lat' dir='ltr'><strong>utatur</strong></span> <span class='ocrx_word' id='word_1_411' title='bbox 2086 4108 2234 4166; x_wconf 51' lang='lat' dir='ltr'><strong>testi;</strong></span> 
     </span>
    </p>
   </div>
   <div class='ocr_carea' id='block_1_62' title="bbox 640 4179 2229 4253">
    <p class='ocr_par' dir='ltr' id='par_1_62' title="bbox 640 4179 2229 4253">
     <span class='ocr_line' id='line_1_62' title="bbox 640 4179 2229 4253; baseline 0.002 -22"><span class='ocrx_word' id='word_1_412' title='bbox 640 4179 836 4253; x_wconf 79' lang='lat' dir='ltr'><strong>r_noniis</strong></span> <span class='ocrx_word' id='word_1_413' title='bbox 880 4195 1048 4235; x_wconf 70' lang='lat' dir='ltr'><strong>sacrm</strong></span> <span class='ocrx_word' id='word_1_414' title='bbox 1097 4181 1405 4252; x_wconf 61' lang='lat' dir='ltr'><strong>Scriptura},</strong></span> <span class='ocrx_word' id='word_1_415' title='bbox 1449 4199 1608 4253; x_wconf 87' lang='lat' dir='ltr'><strong>quam</strong></span> <span class='ocrx_word' id='word_1_416' title='bbox 1648 4179 1737 4237; x_wconf 90' lang='lat' dir='ltr'><strong>illc</strong></span> <span class='ocrx_word' id='word_1_417' title='bbox 1788 4185 1972 4252; x_wconf 86' lang='lat' dir='ltr'><strong>utique</strong></span> <span class='ocrx_word' id='word_1_418' title='bbox 2016 4198 2229 4249; x_wconf 85' lang='lat' dir='ltr'><strong>vanam,</strong></span> 
     </span>
    </p>
   </div>
   <div class='ocr_carea' id='block_1_63' title="bbox 642 4248 2233 4323">
    <p class='ocr_par' dir='ltr' id='par_1_63' title="bbox 642 4248 2233 4323">
     <span class='ocr_line' id='line_1_63' title="bbox 642 4248 2233 4323; baseline 0.003 -21"><span class='ocrx_word' id='word_1_419' title='bbox 642 4248 842 4323; x_wconf 80' lang='lat' dir='ltr'><strong>lirtant,</strong></span> <span class='ocrx_word' id='word_1_420' title='bbox 876 4248 1405 4323; x_wconf 79' lang='lat' dir='ltr'><strong>commentitiamque</strong></span> <span class='ocrx_word' id='word_1_421' title='bbox 1456 4248 1691 4323; x_wconf 71' lang='lat' dir='ltr'><strong>putabat,</strong></span> <span class='ocrx_word' id='word_1_422' title='bbox 1719 4268 1839 4308; x_wconf 92' lang='lat' dir='ltr'><strong>cum</strong></span> <span class='ocrx_word' id='word_1_423' title='bbox 1872 4248 2047 4323; x_wconf 81' lang='lat' dir='ltr'><strong>potius</strong></span> <span class='ocrx_word' id='word_1_424' title='bbox 2074 4268 2233 4323; x_wconf 88' lang='lat' dir='ltr'><strong>argu-</strong></span> 
     </span>
    </p>
   </div>
   <div class='ocr_carea' id='block_1_64' title="bbox 641 4321 2230 4389">
    <p class='ocr_par' dir='ltr' id='par_1_64' title="bbox 641 4321 2230 4389">
     <span class='ocr_line' id='line_1_64' title="bbox 641 4321 2230 4389; baseline 0.004 -16"><span class='ocrx_word' id='word_1_425' title='bbox 641 4321 838 4376; x_wconf 89' lang='lat' dir='ltr'><strong>mentis</strong></span> <span class='ocrx_word' id='word_1_426' title='bbox 865 4331 920 4377; x_wconf 92' lang='lat' dir='ltr'><strong>et</strong></span> <span class='ocrx_word' id='word_1_427' title='bbox 944 4322 1151 4378; x_wconf 85' lang='lat' dir='ltr'><strong>ratione</strong></span> <span class='ocrx_word' id='word_1_428' title='bbox 1189 4322 1517 4378; x_wconf 81' lang='lat' dir='ltr'><strong>refellendus</strong></span> <span class='ocrx_word' id='word_1_429' title='bbox 1548 4322 1755 4389; x_wconf 82' lang='lat' dir='ltr'><strong>fuisset,</strong></span> <span class='ocrx_word' id='word_1_430' title='bbox 1798 4324 1848 4379; x_wconf 92' lang='lat' dir='ltr'><strong>id</strong></span> <span class='ocrx_word' id='word_1_431' title='bbox 1873 4321 1955 4379; x_wconf 82' lang='lat' dir='ltr'><strong>est</strong></span> <span class='ocrx_word' id='word_1_432' title='bbox 1986 4321 2230 4379; x_wconf 78' lang='lat' dir='ltr'><strong>humanis</strong></span> 
     </span>
    </p>
   </div>
   <div class='ocr_carea' id='block_1_65' title="bbox 643 4392 2227 4464">
    <p class='ocr_par' dir='ltr' id='par_1_65' title="bbox 643 4392 2227 4464">
     <span class='ocr_line' id='line_1_65' title="bbox 643 4392 2227 4464; baseline 0.003 -20"><span class='ocrx_word' id='word_1_433' title='bbox 643 4392 986 4464; x_wconf 86' lang='lat' dir='ltr'><strong>testimoniis,</strong></span> <span class='ocrx_word' id='word_1_434' title='bbox 1014 4393 1453 4464; x_wconf 87' lang='lat' dir='ltr'><strong>philosophorum</strong></span> <span class='ocrx_word' id='word_1_435' title='bbox 1496 4395 1741 4450; x_wconf 76' lang='lat' dir='ltr'><strong>videlicet</strong></span> <span class='ocrx_word' id='word_1_436' title='bbox 1756 4407 1809 4450; x_wconf 84' lang='lat' dir='ltr'><strong>et</strong></span> <span class='ocrx_word' id='word_1_437' title='bbox 1836 4395 2227 4460; x_wconf 89' lang='lat' dir='ltr'><strong>historicorum,</strong></span> 
     </span>
    </p>
   </div>
   <div class='ocr_carea' id='block_1_66' title="bbox 642 4463 2230 4532">
    <p class='ocr_par' dir='ltr' id='par_1_66' title="bbox 642 4463 2230 4532">
     <span class='ocr_line' id='line_1_66' title="bbox 642 4463 2230 4532; baseline 0.003 -18"><span class='ocrx_word' id='word_1_438' title='bbox 642 4469 701 4532; x_wconf 69' lang='lat' dir='ltr'><strong>ut</strong></span> <span class='ocrx_word' id='word_1_439' title='bbox 746 4463 857 4516; x_wconf 90' lang='lat' dir='ltr'><strong>suis</strong></span> <span class='ocrx_word' id='word_1_440' title='bbox 906 4463 1236 4532; x_wconf 91' lang='lat' dir='ltr'><strong>potissimum</strong></span> <span class='ocrx_word' id='word_1_441' title='bbox 1279 4464 1601 4521; x_wconf 82' lang='lat' dir='ltr'><strong>refutaretur</strong></span> <span class='ocrx_word' id='word_1_442' title='bbox 1656 4466 1980 4521; x_wconf 83' lang='lat' dir='ltr'><strong>auctoribus.</strong></span> <span class='ocrx_word' id='word_1_443' title='bbox 2011 4467 2230 4532; x_wconf 84' lang='lat' dir='ltr'><strong>Contra,</strong></span> 
     </span>
    </p>
   </div>
   <div class='ocr_carea' id='block_1_67' title="bbox 640 4530 2228 4591">
    <p class='ocr_par' dir='ltr' id='par_1_67' title="bbox 640 4530 2228 4591">
     <span class='ocr_line' id='line_1_67' title="bbox 640 4530 2228 4591; baseline 0.003 -6"><span class='ocrx_word' id='word_1_444' title='bbox 640 4530 1005 4589; x_wconf 81' lang='lat' dir='ltr'><strong>Tertullianus</strong></span> <span class='ocrx_word' id='word_1_445' title='bbox 1037 4536 1087 4588; x_wconf 91' lang='lat' dir='ltr'><strong>in</strong></span> <span class='ocrx_word' id='word_1_446' title='bbox 1120 4536 1270 4589; x_wconf 90' lang='lat' dir='ltr'><strong>initio</strong></span> <span class='ocrx_word' id='word_1_447' title='bbox 1311 4536 1429 4590; x_wconf 85' lang='lat' dir='ltr'><strong>libri</strong></span> <span class='ocrx_word' id='word_1_448' title='bbox 1456 4536 1519 4590; x_wconf 90' lang='lat' dir='ltr'><strong>de</strong></span> <span class='ocrx_word' id='word_1_449' title='bbox 1563 4534 1868 4591; x_wconf 78' lang='lat' dir='ltr'><strong>Testimonio</strong></span> <span class='ocrx_word' id='word_1_450' title='bbox 1894 4539 2079 4590; x_wconf 80' lang='lat' dir='ltr'><strong>anima:</strong></span> <span class='ocrx_word' id='word_1_451' title='bbox 2113 4536 2186 4590; x_wconf 85' lang='lat' dir='ltr'><strong>ait</strong></span> <span class='ocrx_word' id='word_1_452' title='bbox 2215 4530 2228 4590; x_wconf 73' lang='grc' dir='ltr'>ξ</span> 
     </span>
    </p>
   </div>
   <div class='ocr_carea' id='block_1_68' title="bbox 641 4600 2232 4678">
    <p class='ocr_par' dir='ltr' id='par_1_68' title="bbox 641 4600 2232 4678">
     <span class='ocr_line' id='line_1_68' title="bbox 641 4600 2232 4678; baseline 0.003 -23"><span class='ocrx_word' id='word_1_453' title='bbox 641 4600 838 4678; x_wconf 73' lang='lat' dir='ltr'><strong>Magna</strong></span> <span class='ocrx_word' id='word_1_454' title='bbox 851 4602 1153 4678; x_wconf 77' lang='lat' dir='ltr'><strong>curiositate</strong></span> <span class='ocrx_word' id='word_1_455' title='bbox 1168 4616 1216 4660; x_wconf 91' lang='lat' dir='ltr'><strong>et</strong></span> <span class='ocrx_word' id='word_1_456' title='bbox 1243 4607 1435 4673; x_wconf 83' lang='lat' dir='ltr'><strong>majore</strong></span> <span class='ocrx_word' id='word_1_457' title='bbox 1460 4606 1608 4678; x_wconf 87' lang='lat' dir='ltr'><strong>longe</strong></span> <span class='ocrx_word' id='word_1_458' title='bbox 1628 4602 1877 4661; x_wconf 69' lang='lat' dir='ltr'><strong>memoria&#39;</strong></span> <span class='ocrx_word' id='word_1_459' title='bbox 1897 4622 2024 4676; x_wconf 89' lang='lat' dir='ltr'><strong>opus</strong></span> <span class='ocrx_word' id='word_1_460' title='bbox 2067 4616 2139 4660; x_wconf 87' lang='lat' dir='ltr'><strong>est</strong></span> <span class='ocrx_word' id='word_1_461' title='bbox 2163 4605 2232 4660; x_wconf 86' lang='lat' dir='ltr'><strong>ad</strong></span> 
     </span>
    </p>
   </div>
   <div class='ocr_carea' id='block_1_69' title="bbox 639 4675 2231 4747">
    <p class='ocr_par' dir='ltr' id='par_1_69' title="bbox 639 4675 2231 4747">
     <span class='ocr_line' id='line_1_69' title="bbox 639 4675 2231 4747; baseline 0.003 -21"><span class='ocrx_word' id='word_1_462' title='bbox 639 4675 969 4747; x_wconf 83' lang='lat' dir='ltr'><strong>studendum,</strong></span> <span class='ocrx_word' id='word_1_463' title='bbox 996 4678 1040 4729; x_wconf 89' lang='lat' dir='ltr'><strong>si</strong></span> <span class='ocrx_word' id='word_1_464' title='bbox 1064 4678 1178 4745; x_wconf 84' lang='lat' dir='ltr'><strong>quis</strong></span> <span class='ocrx_word' id='word_1_465' title='bbox 1220 4677 1336 4731; x_wconf 89' lang='lat' dir='ltr'><strong>velit</strong></span> <span class='ocrx_word' id='word_1_466' title='bbox 1381 4693 1444 4730; x_wconf 81' lang='lat' dir='ltr'><strong>ea:</strong></span> <span class='ocrx_word' id='word_1_467' title='bbox 1470 4675 1645 4732; x_wconf 76' lang='lat' dir='ltr'><strong>litteris</strong></span> <span class='ocrx_word' id='word_1_468' title='bbox 1690 4675 2063 4747; x_wconf 85' lang='lat' dir='ltr'><strong>reccptissimis,</strong></span> <span class='ocrx_word' id='word_1_469' title='bbox 2116 4678 2231 4747; x_wconf 87' lang='lat' dir='ltr'><strong>qui—</strong></span> 
     </span>
    </p>
   </div>
   <div class='ocr_carea' id='block_1_70' title="bbox 2337 3539 3933 3614">
    <p class='ocr_par' dir='ltr' id='par_1_70' title="bbox 2337 3539 3933 3614">
     <span class='ocr_line' id='line_1_70' title="bbox 2337 3539 3933 3614; baseline -0.004 -13"><span class='ocrx_word' id='word_1_470' title='bbox 2337 3560 2466 3601; x_wconf 88' lang='lat' dir='ltr'><strong>vero</strong></span> <span class='ocrx_word' id='word_1_471' title='bbox 2524 3545 2880 3614; x_wconf 84' lang='lat' dir='ltr'><strong>Hieronymus</strong></span> <span class='ocrx_word' id='word_1_472' title='bbox 2931 3542 3002 3597; x_wconf 88' lang='lat' dir='ltr'><strong>ita</strong></span> <span class='ocrx_word' id='word_1_473' title='bbox 3049 3539 3380 3614; x_wconf 64' lang='lat' dir='ltr'><strong>faciebatet</strong></span> <span class='ocrx_word' id='word_1_474' title='bbox 3424 3541 3584 3595; x_wconf 87' lang='lat' dir='ltr'><strong>etiam</strong></span> <span class='ocrx_word' id='word_1_475' title='bbox 3626 3540 3933 3614; x_wconf 79' lang='lat' dir='ltr'><strong>testimonio</strong></span> 
     </span>
    </p>
   </div>
   <div class='ocr_carea' id='block_1_71' title="bbox 2336 3610 3933 3687">
    <p class='ocr_par' dir='ltr' id='par_1_71' title="bbox 2336 3610 3933 3687">
     <span class='ocr_line' id='line_1_71' title="bbox 2336 3610 3933 3687; baseline -0.003 -15"><span class='ocrx_word' id='word_1_476' title='bbox 2336 3616 2596 3673; x_wconf 87' lang='lat' dir='ltr'><strong>Lactantii</strong></span> <span class='ocrx_word' id='word_1_477' title='bbox 2650 3610 3167 3687; x_wconf 72' lang='lat' dir='ltr'><strong>ostenderet_posse</strong></span> <span class='ocrx_word' id='word_1_478' title='bbox 3206 3612 3497 3687; x_wconf 80' lang='lat' dir='ltr'><strong>scriptores</strong></span> <span class='ocrx_word' id='word_1_479' title='bbox 3537 3610 3933 3687; x_wconf 81' lang='lat' dir='ltr'><strong>ecclesiasticos</strong></span> 
     </span>
    </p>
   </div>
   <div class='ocr_carea' id='block_1_72' title="bbox 2338 3683 3936 3742">
    <p class='ocr_par' dir='ltr' id='par_1_72' title="bbox 2338 3683 3936 3742">
     <span class='ocr_line' id='line_1_72' title="bbox 2338 3683 3936 3742; baseline -0.003 0"><span class='ocrx_word' id='word_1_480' title='bbox 2338 3689 2412 3742; x_wconf 89' lang='lat' dir='ltr'><strong>uti</strong></span> <span class='ocrx_word' id='word_1_481' title='bbox 2461 3683 2780 3741; x_wconf 81' lang='lat' dir='ltr'><strong>tcStitnnniis</strong></span> <span class='ocrx_word' id='word_1_482' title='bbox 2832 3683 3168 3739; x_wconf 73' lang='lat' dir='ltr'><strong>smcularinm</strong></span> <span class='ocrx_word' id='word_1_483' title='bbox 3227 3684 3524 3738; x_wconf 87' lang='lat' dir='ltr'><strong>litterarum</strong></span> <span class='ocrx_word' id='word_1_484' title='bbox 3577 3683 3627 3736; x_wconf 89' lang='lat' dir='ltr'><strong>itt</strong></span> <span class='ocrx_word' id='word_1_485' title='bbox 3685 3683 3936 3738; x_wconf 88' lang='lat' dir='ltr'><strong>lucubra—</strong></span> 
     </span>
    </p>
   </div>
   <div class='ocr_carea' id='block_1_73' title="bbox 2340 3752 3929 3823">
    <p class='ocr_par' dir='ltr' id='par_1_73' title="bbox 2340 3752 3929 3823">
     <span class='ocr_line' id='line_1_73' title="bbox 2340 3752 3929 3823; baseline -0.003 -11"><span class='ocrx_word' id='word_1_486' title='bbox 2340 3757 2572 3812; x_wconf 85' lang='lat' dir='ltr'><strong>tionibus</strong></span> <span class='ocrx_word' id='word_1_487' title='bbox 2612 3760 2744 3809; x_wconf 89' lang='lat' dir='ltr'><strong>suis.</strong></span> <span class='ocrx_word' id='word_1_488' title='bbox 2786 3755 2930 3810; x_wconf 88' lang='lat' dir='ltr'><strong>Idem</strong></span> <span class='ocrx_word' id='word_1_489' title='bbox 2963 3756 3014 3810; x_wconf 91' lang='lat' dir='ltr'><strong>in</strong></span> <span class='ocrx_word' id='word_1_490' title='bbox 3062 3754 3295 3822; x_wconf 83' lang='lat' dir='ltr'><strong>Epistola</strong></span> <span class='ocrx_word' id='word_1_491' title='bbox 3323 3758 3389 3807; x_wconf 84' lang='lat' dir='ltr'><strong>ad</strong></span> <span class='ocrx_word' id='word_1_492' title='bbox 3419 3752 3789 3823; x_wconf 85' lang='lat' dir='ltr'><strong>Ctesiphontem</strong></span> <span class='ocrx_word' id='word_1_493' title='bbox 3830 3755 3929 3807; x_wconf 86' lang='lat' dir='ltr'><strong>ad-</strong></span> 
     </span>
    </p>
   </div>
   <div class='ocr_carea' id='block_1_74' title="bbox 2338 3824 3930 3896">
    <p class='ocr_par' dir='ltr' id='par_1_74' title="bbox 2338 3824 3930 3896">
     <span class='ocr_line' id='line_1_74' title="bbox 2338 3824 3930 3896; baseline -0.002 -14"><span class='ocrx_word' id='word_1_494' title='bbox 2338 3842 2526 3883; x_wconf 86' lang='lat' dir='ltr'><strong>versus</strong></span> <span class='ocrx_word' id='word_1_495' title='bbox 2559 3826 2871 3896; x_wconf 81' lang='lat' dir='ltr'><strong>Pelagianos</strong></span> <span class='ocrx_word' id='word_1_496' title='bbox 2911 3827 2984 3880; x_wconf 90' lang='lat' dir='ltr'><strong>ait</strong></span> <span class='ocrx_word' id='word_1_497' title='bbox 3020 3839 3181 3895; x_wconf 88' lang='lat' dir='ltr'><strong>posse</strong></span> <span class='ocrx_word' id='word_1_498' title='bbox 3209 3840 3329 3879; x_wconf 90' lang='lat' dir='ltr'><strong>cum</strong></span> <span class='ocrx_word' id='word_1_499' title='bbox 3370 3824 3930 3896; x_wconf 76' lang='lat' dir='ltr'><strong>paucissententiolis</strong></span> 
     </span>
    </p>
   </div>
   <div class='ocr_carea' id='block_1_75' title="bbox 2340 3893 3929 3968">
    <p class='ocr_par' dir='ltr' id='par_1_75' title="bbox 2340 3893 3929 3968">
     <span class='ocr_line' id='line_1_75' title="bbox 2340 3893 3929 3968; baseline -0.003 -15"><span class='ocrx_word' id='word_1_500' title='bbox 2340 3893 2738 3968; x_wconf 73' lang='lat' dir='ltr'><strong>Scripturaruin</strong></span> <span class='ocrx_word' id='word_1_501' title='bbox 2779 3893 3153 3968; x_wconf 72' lang='lat' dir='ltr'><strong>ltrercticorum</strong></span> <span class='ocrx_word' id='word_1_502' title='bbox 3186 3905 3242 3968; x_wconf 87' lang='lat' dir='ltr'><strong>et</strong></span> <span class='ocrx_word' id='word_1_503' title='bbox 3266 3910 3361 3965; x_wconf 92' lang='lat' dir='ltr'><strong>per</strong></span> <span class='ocrx_word' id='word_1_504' title='bbox 3382 3908 3474 3949; x_wconf 91' lang='lat' dir='ltr'><strong>eos</strong></span> <span class='ocrx_word' id='word_1_505' title='bbox 3488 3893 3929 3968; x_wconf 76' lang='lat' dir='ltr'><strong>philosophorum</strong></span> 
     </span>
    </p>
   </div>
   <div class='ocr_carea' id='block_1_76' title="bbox 2334 3965 3932 4038">
    <p class='ocr_par' dir='ltr' id='par_1_76' title="bbox 2334 3965 3932 4038">
     <span class='ocr_line' id='line_1_76' title="bbox 2334 3965 3932 4038; baseline -0.003 -14"><span class='ocrx_word' id='word_1_506' title='bbox 2334 3965 2645 4038; x_wconf 79' lang='lat' dir='ltr'><strong>argumenta</strong></span> <span class='ocrx_word' id='word_1_507' title='bbox 2674 3969 2942 4023; x_wconf 89' lang='lat' dir='ltr'><strong>convinci.</strong></span> <span class='ocrx_word' id='word_1_508' title='bbox 2970 3966 3337 4038; x_wconf 85' lang='lat' dir='ltr'><strong>Lttcil‘erianus</strong></span> <span class='ocrx_word' id='word_1_509' title='bbox 3363 3965 3500 4034; x_wconf 90' lang='lat' dir='ltr'><strong>apud</strong></span> <span class='ocrx_word' id='word_1_510' title='bbox 3531 3965 3778 4020; x_wconf 89' lang='lat' dir='ltr'><strong>eumdem</strong></span> <span class='ocrx_word' id='word_1_511' title='bbox 3807 3966 3932 4020; x_wconf 83' lang='lat' dir='ltr'><strong>Hic-</strong></span> 
     </span>
    </p>
   </div>
   <div class='ocr_carea' id='block_1_77' title="bbox 2338 4037 3936 4111">
    <p class='ocr_par' dir='ltr' id='par_1_77' title="bbox 2338 4037 3936 4111">
     <span class='ocr_line' id='line_1_77' title="bbox 2338 4037 3936 4111; baseline -0.003 -16"><span class='ocrx_word' id='word_1_512' title='bbox 2338 4037 2622 4111; x_wconf 86' lang='lat' dir='ltr'><strong>roitymum</strong></span> <span class='ocrx_word' id='word_1_513' title='bbox 2647 4039 2718 4093; x_wconf 90' lang='lat' dir='ltr'><strong>ait</strong></span> <span class='ocrx_word' id='word_1_514' title='bbox 2742 4056 2755 4090; x_wconf 75' lang='grc' dir='ltr'>ε</span> <span class='ocrx_word' id='word_1_515' title='bbox 2776 4038 2881 4111; x_wconf 84' lang='lat' dir='ltr'><strong>Oro</strong></span> <span class='ocrx_word' id='word_1_516' title='bbox 2909 4048 2956 4092; x_wconf 90' lang='lat' dir='ltr'><strong>te</strong></span> <span class='ocrx_word' id='word_1_517' title='bbox 2975 4048 3028 4092; x_wconf 90' lang='lat' dir='ltr'><strong>nt</strong></span> <span class='ocrx_word' id='word_1_518' title='bbox 3060 4037 3475 4111; x_wconf 70' lang='lat' dir='ltr'><strong>philosOphorum</strong></span> <span class='ocrx_word' id='word_1_519' title='bbox 3503 4038 3936 4111; x_wconf 75' lang='lat' dir='ltr'><strong>argumentatione</strong></span> 
     </span>
    </p>
   </div>
   <div class='ocr_carea' id='block_1_78' title="bbox 2337 4105 3933 4177">
    <p class='ocr_par' dir='ltr' id='par_1_78' title="bbox 2337 4105 3933 4177">
     <span class='ocr_line' id='line_1_78' title="bbox 2337 4105 3933 4177; baseline -0.005 -13"><span class='ocrx_word' id='word_1_520' title='bbox 2337 4105 2589 4175; x_wconf 79' lang='lat' dir='ltr'><strong>deposita,</strong></span> <span class='ocrx_word' id='word_1_521' title='bbox 2631 4110 2911 4164; x_wconf 89' lang='lat' dir='ltr'><strong>christiana</strong></span> <span class='ocrx_word' id='word_1_522' title='bbox 2951 4105 3144 4164; x_wconf 82' lang='lat' dir='ltr'><strong>mecum</strong></span> <span class='ocrx_word' id='word_1_523' title='bbox 3177 4105 3501 4177; x_wconf 87' lang='lat' dir='ltr'><strong>simplicitate</strong></span> <span class='ocrx_word' id='word_1_524' title='bbox 3541 4105 3784 4177; x_wconf 85' lang='lat' dir='ltr'><strong>loquaris.</strong></span> <span class='ocrx_word' id='word_1_525' title='bbox 3817 4106 3933 4163; x_wconf 83' lang='lat' dir='ltr'><strong>Ca:-</strong></span> 
     </span>
    </p>
   </div>
   <div class='ocr_carea' id='block_1_79' title="bbox 2339 4176 3933 4256">
    <p class='ocr_par' dir='ltr' id='par_1_79' title="bbox 2339 4176 3933 4256">
     <span class='ocr_line' id='line_1_79' title="bbox 2339 4176 3933 4256; baseline -0.003 -21"><span class='ocrx_word' id='word_1_526' title='bbox 2339 4190 2512 4256; x_wconf 72' lang='lat' dir='ltr'><strong>terum</strong></span> <span class='ocrx_word' id='word_1_527' title='bbox 2561 4181 2819 4256; x_wconf 80' lang='lat' dir='ltr'><strong>Baronins</strong></span> <span class='ocrx_word' id='word_1_528' title='bbox 2858 4179 3134 4256; x_wconf 71' lang='lat' dir='ltr'><strong>attno__25(i</strong></span> <span class='ocrx_word' id='word_1_529' title='bbox 3162 4176 3933 4256; x_wconf 38' lang='lat' dir='ltr'><strong>optimisprgnmentislostcn-</strong></span> 
     </span>
    </p>
   </div>
   <div class='ocr_carea' id='block_1_80' title="bbox 2337 4246 3929 4318">
    <p class='ocr_par' dir='ltr' id='par_1_80' title="bbox 2337 4246 3929 4318">
     <span class='ocr_line' id='line_1_80' title="bbox 2337 4246 3929 4318; baseline -0.003 -14"><span class='ocrx_word' id='word_1_530' title='bbox 2337 4251 2715 4305; x_wconf 82' lang='lat' dir='ltr'><strong>ditrensuram</strong></span> <span class='ocrx_word' id='word_1_531' title='bbox 2771 4246 3030 4305; x_wconf 82' lang='lat' dir='ltr'><strong>Lactantii</strong></span> <span class='ocrx_word' id='word_1_532' title='bbox 3079 4246 3211 4304; x_wconf 57' lang='lat' dir='ltr'><strong>non&#39;</strong></span> <span class='ocrx_word' id='word_1_533' title='bbox 3232 4263 3352 4304; x_wconf 83' lang='lat' dir='ltr'><strong>esse</strong></span> <span class='ocrx_word' id='word_1_534' title='bbox 3390 4246 3700 4318; x_wconf 78' lang='lat' dir='ltr'><strong>legitimam.</strong></span> <span class='ocrx_word' id='word_1_535' title='bbox 3729 4247 3833 4318; x_wconf 72' lang='lat' dir='ltr'><strong>(Cf.</strong></span> <span class='ocrx_word' id='word_1_536' title='bbox 3863 4246 3929 4300; x_wconf 91' lang='grc' dir='ltr'><strong>Ι).</strong></span> 
     </span>
    </p>
   </div>
   <div class='ocr_carea' id='block_1_81' title="bbox 2336 4316 3930 4393">
    <p class='ocr_par' dir='ltr' id='par_1_81' title="bbox 2336 4316 3930 4393">
     <span class='ocr_line' id='line_1_81' title="bbox 2336 4316 3930 4393; baseline -0.003 -19"><span class='ocrx_word' id='word_1_537' title='bbox 2336 4320 2411 4375; x_wconf 86' lang='lat' dir='ltr'><strong>Le</strong></span> <span class='ocrx_word' id='word_1_538' title='bbox 2440 4321 2647 4393; x_wconf 82' lang='lat' dir='ltr'><strong>Nourrg</strong></span> <span class='ocrx_word' id='word_1_539' title='bbox 2677 4322 3075 4393; x_wconf 87' lang='lat' dir='ltr'><strong>dissertationem</strong></span> <span class='ocrx_word' id='word_1_540' title='bbox 3102 4321 3164 4371; x_wconf 90' lang='lat' dir='ltr'><strong>de</strong></span> <span class='ocrx_word' id='word_1_541' title='bbox 3183 4320 3277 4373; x_wconf 91' lang='lat' dir='ltr'><strong>hoc</strong></span> <span class='ocrx_word' id='word_1_542' title='bbox 3299 4316 3626 4393; x_wconf 82' lang='lat' dir='ltr'><strong>S._Cypriani</strong></span> <span class='ocrx_word' id='word_1_543' title='bbox 3654 4316 3824 4388; x_wconf 83' lang='lat' dir='ltr'><strong>apere,</strong></span> <span class='ocrx_word' id='word_1_544' title='bbox 3849 4318 3930 4371; x_wconf 83' lang='lat' dir='ltr'><strong>in-</strong></span> 
     </span>
    </p>
   </div>
   <div class='ocr_carea' id='block_1_82' title="bbox 2338 4387 3415 4462">
    <p class='ocr_par' dir='ltr' id='par_1_82' title="bbox 2338 4387 3415 4462">
     <span class='ocr_line' id='line_1_82' title="bbox 2338 4387 3415 4462; baseline -0.005 -17"><span class='ocrx_word' id='word_1_545' title='bbox 2338 4395 2427 4462; x_wconf 76' lang='lat' dir='ltr'><strong>fra</strong></span> <span class='ocrx_word' id='word_1_546' title='bbox 2445 4393 2498 4446; x_wconf 89' lang='lat' dir='ltr'><strong>in</strong></span> <span class='ocrx_word' id='word_1_547' title='bbox 2526 4387 2635 4446; x_wconf 55' lang='lat' dir='ltr'><strong>hoc&#39;</strong></span> <span class='ocrx_word' id='word_1_548' title='bbox 2659 4403 2796 4445; x_wconf 91' lang='lat' dir='ltr'><strong>tomo</strong></span> <span class='ocrx_word' id='word_1_549' title='bbox 2836 4406 2899 4446; x_wconf 85' lang='lat' dir='ltr'><strong>ea;</strong></span> <span class='ocrx_word' id='word_1_550' title='bbox 2922 4392 3116 4462; x_wconf 70' lang='lat' dir='ltr'><strong>integro</strong></span> <span class='ocrx_word' id='word_1_551' title='bbox 3142 4387 3415 4462; x_wconf 74' lang='lat' dir='ltr'><strong>recusant).</strong></span> 
     </span>
    </p>
   </div>
   <div class='ocr_carea' id='block_1_83' title="bbox 2407 4457 3926 4516">
    <p class='ocr_par' dir='ltr' id='par_1_83' title="bbox 2407 4457 3926 4516">
     <span class='ocr_line' id='line_1_83' title="bbox 2407 4457 3926 4516; baseline -0.004 0"><span class='ocrx_word' id='word_1_552' title='bbox 2407 4460 2427 4515; x_wconf 87' lang='grc'><strong>1</strong></span> <span class='ocrx_word' id='word_1_553' title='bbox 2437 4493 2525 4516; x_wconf 89' lang='grc'><strong>.-</strong></span> <span class='ocrx_word' id='word_1_554' title='bbox 2539 4463 2617 4515; x_wconf 85' lang='lat' dir='ltr'><strong>Ad</strong></span> <span class='ocrx_word' id='word_1_555' title='bbox 2637 4457 3046 4516; x_wconf 55' lang='lat' dir='ltr'><strong>Demetriannm:</strong></span> <span class='ocrx_word' id='word_1_556' title='bbox 3051 4461 3107 4515; x_wconf 90' lang='lat' dir='ltr'><strong>In</strong></span> <span class='ocrx_word' id='word_1_557' title='bbox 3125 4460 3309 4515; x_wconf 85' lang='lat' dir='ltr'><strong>codice</strong></span> <span class='ocrx_word' id='word_1_558' title='bbox 3320 4457 3630 4515; x_wconf 72' lang='lat' dir='ltr'><strong>Cbrbeiensi</strong></span> <span class='ocrx_word' id='word_1_559' title='bbox 3645 4459 3721 4513; x_wconf 91' lang='lat' dir='ltr'><strong>sic</strong></span> <span class='ocrx_word' id='word_1_560' title='bbox 3736 4458 3926 4513; x_wconf 75' lang='lat' dir='ltr'><strong>inseri-</strong></span> 
     </span>
    </p>
   </div>
   <div class='ocr_carea' id='block_1_84' title="bbox 2337 4527 3929 4603">
    <p class='ocr_par' dir='ltr' id='par_1_84' title="bbox 2337 4527 3929 4603">
     <span class='ocr_line' id='line_1_84' title="bbox 2337 4527 3929 4603; baseline -0.004 -16"><span class='ocrx_word' id='word_1_561' title='bbox 2337 4542 2458 4603; x_wconf 84' lang='lat' dir='ltr'><strong>ptus</strong></span> <span class='ocrx_word' id='word_1_562' title='bbox 2483 4541 2566 4588; x_wconf 89' lang='lat' dir='ltr'><strong>est</strong></span> <span class='ocrx_word' id='word_1_563' title='bbox 2593 4532 2679 4587; x_wconf 90' lang='lat' dir='ltr'><strong>hic</strong></span> <span class='ocrx_word' id='word_1_564' title='bbox 2706 4533 2841 4587; x_wconf 82' lang='lat' dir='ltr'><strong>liber</strong></span> <span class='ocrx_word' id='word_1_565' title='bbox 2869 4549 2883 4586; x_wconf 89' lang='lat'><strong>:</strong></span> <span class='ocrx_word' id='word_1_566' title='bbox 2919 4532 3108 4600; x_wconf 89' lang='lat' dir='ltr'><strong>Incipit</strong></span> <span class='ocrx_word' id='word_1_567' title='bbox 3141 4530 3378 4603; x_wconf 71' lang='lat' dir='ltr'><strong>Epistolu</strong></span> <span class='ocrx_word' id='word_1_568' title='bbox 3402 4530 3567 4586; x_wconf 86' lang='lat' dir='ltr'><strong>sancti</strong></span> <span class='ocrx_word' id='word_1_569' title='bbox 3592 4527 3845 4603; x_wconf 69' lang='lat' dir='ltr'><strong>Cypriani</strong></span> <span class='ocrx_word' id='word_1_570' title='bbox 3860 4530 3929 4582; x_wconf 88' lang='lat' dir='ltr'><strong>ad</strong></span> 
     </span>
    </p>
   </div>
   <div class='ocr_carea' id='block_1_85' title="bbox 2337 4598 3931 4673">
    <p class='ocr_par' dir='ltr' id='par_1_85' title="bbox 2337 4598 3931 4673">
     <span class='ocr_line' id='line_1_85' title="bbox 2337 4598 3931 4673; baseline -0.002 -16"><span class='ocrx_word' id='word_1_571' title='bbox 2337 4598 2716 4658; x_wconf 81' lang='lat' dir='ltr'><strong>Demetrianum</strong></span> <span class='ocrx_word' id='word_1_572' title='bbox 2738 4619 2995 4673; x_wconf 88' lang='lat' dir='ltr'><strong>paganum</strong></span> <span class='ocrx_word' id='word_1_573' title='bbox 3018 4598 3325 4673; x_wconf 70' lang='lat' dir='ltr'><strong>episcopum.</strong></span> <span class='ocrx_word' id='word_1_574' title='bbox 3338 4598 3717 4673; x_wconf 72' lang='lat' dir='ltr'><strong>I’ruconsnletn</strong></span> <span class='ocrx_word' id='word_1_575' title='bbox 3735 4598 3931 4673; x_wconf 70' lang='lat' dir='ltr'><strong>Alricm</strong></span> 
     </span>
    </p>
   </div>
   <div class='ocr_carea' id='block_1_86' title="bbox 2334 4668 3927 4742">
    <p class='ocr_par' dir='ltr' id='par_1_86' title="bbox 2334 4668 3927 4742">
     <span class='ocr_line' id='line_1_86' title="bbox 2334 4668 3927 4742; baseline -0.003 -14"><span class='ocrx_word' id='word_1_576' title='bbox 2334 4673 2499 4729; x_wconf 81' lang='lat' dir='ltr'><strong>fuisse</strong></span> <span class='ocrx_word' id='word_1_577' title='bbox 2547 4668 2756 4729; x_wconf 78' lang='lat' dir='ltr'><strong>censuit</strong></span> <span class='ocrx_word' id='word_1_578' title='bbox 2786 4668 3365 4742; x_wconf 58' lang='lat' dir='ltr'><strong>Nicolaus&#39;Vignierius</strong></span> <span class='ocrx_word' id='word_1_579' title='bbox 3391 4673 3441 4727; x_wconf 90' lang='lat' dir='ltr'><strong>iu</strong></span> <span class='ocrx_word' id='word_1_580' title='bbox 3468 4685 3562 4726; x_wconf 86' lang='lat' dir='ltr'><strong>sua</strong></span> <span class='ocrx_word' id='word_1_581' title='bbox 3593 4668 3813 4742; x_wconf 85' lang='lat' dir='ltr'><strong>historia</strong></span> <span class='ocrx_word' id='word_1_582' title='bbox 3835 4685 3927 4724; x_wconf 88' lang='lat' dir='ltr'><strong>ec-</strong></span> 
     </span>
    </p>
   </div>
   <div class='ocr_carea' id='block_1_87' title="bbox 640 4740 3921 4824">
    <p class='ocr_par' dir='ltr' id='par_1_87' title="bbox 640 4740 3921 4824">
     <span class='ocr_line' id='line_1_87' title="bbox 640 4740 3921 4824; baseline -0.002 -26"><span class='ocrx_word' id='word_1_583' title='bbox 640 4744 830 4824; x_wconf 72' lang='lat' dir='ltr'><strong>busque</strong></span> <span class='ocrx_word' id='word_1_584' title='bbox 854 4740 1269 4824; x_wconf 76' lang='lat' dir='ltr'><strong>philosophorum</strong></span> <span class='ocrx_word' id='word_1_585' title='bbox 1296 4749 1651 4824; x_wconf 68' lang='lat' dir='ltr'><strong>pelpoetarum</strong></span> <span class='ocrx_word' id='word_1_586' title='bbox 1674 4748 1751 4801; x_wconf 87' lang='lat' dir='ltr'><strong>vel</strong></span> <span class='ocrx_word' id='word_1_587' title='bbox 1773 4740 2108 4824; x_wconf 74' lang='lat' dir='ltr'><strong>quorumlibet</strong></span> <span class='ocrx_word' id='word_1_588' title='bbox 2128 4740 2231 4801; x_wconf 65' lang='lat' dir='ltr'><strong>&#39;do-</strong></span> <span class='ocrx_word' id='word_1_589' title='bbox 2260 4763 2313 4824; x_wconf 78' lang='grc' dir='ltr'><strong>Ι)</strong></span> <span class='ocrx_word' id='word_1_590' title='bbox 2338 4745 2663 4824; x_wconf 80' lang='lat' dir='ltr'><strong>clesiastica.</strong></span> <span class='ocrx_word' id='word_1_591' title='bbox 2695 4745 2827 4824; x_wconf 72' lang='lat' dir='ltr'><strong>Quis</strong></span> <span class='ocrx_word' id='word_1_592' title='bbox 2871 4756 3050 4824; x_wconf 76' lang='lat' dir='ltr'><strong>autem</strong></span> <span class='ocrx_word' id='word_1_593' title='bbox 3089 4740 3184 4824; x_wconf 83' lang='lat' dir='ltr'><strong>_i_lle</strong></span> <span class='ocrx_word' id='word_1_594' title='bbox 3217 4743 3375 4824; x_wconf 70' lang='lat' dir='ltr'><strong>fuerit</strong></span> <span class='ocrx_word' id='word_1_595' title='bbox 3398 4751 3552 4824; x_wconf 69' lang='lat' dir='ltr'><strong>recte</strong></span> <span class='ocrx_word' id='word_1_596' title='bbox 3583 4740 3921 4824; x_wconf 76' lang='lat' dir='ltr'><strong>disputatum</strong></span> 
     </span>
    </p>
   </div>
   <div class='ocr_carea' id='block_1_88' title="bbox 639 4815 2237 4891">
    <p class='ocr_par' dir='ltr' id='par_1_88' title="bbox 639 4815 2237 4891">
     <span class='ocr_line' id='line_1_88' title="bbox 639 4815 2237 4891; baseline 0.001 -22"><span class='ocrx_word' id='word_1_597' title='bbox 639 4815 804 4869; x_wconf 88' lang='lat' dir='ltr'><strong>ctrina</strong></span> <span class='ocrx_word' id='word_1_598' title='bbox 843 4815 1107 4891; x_wconf 76' lang='lat' dir='ltr'><strong>sapientia:</strong></span> <span class='ocrx_word' id='word_1_599' title='bbox 1152 4815 1411 4891; x_wconf 64' lang='lat' dir='ltr'><strong>saecularis</strong></span> <span class='ocrx_word' id='word_1_600' title='bbox 1450 4820 1810 4891; x_wconf 79' lang='lat' dir='ltr'><strong>magistrorum</strong></span> <span class='ocrx_word' id='word_1_601' title='bbox 1834 4819 2116 4872; x_wconf 87' lang='lat' dir='ltr'><strong>testimonia</strong></span> <span class='ocrx_word' id='word_1_602' title='bbox 2145 4834 2237 4871; x_wconf 76' lang='lat' dir='ltr'><strong>ex-</strong></span> 
     </span>
    </p>
   </div>
   <div class='ocr_carea' id='block_1_89' title="bbox 639 4888 2236 4957">
    <p class='ocr_par' dir='ltr' id='par_1_89' title="bbox 639 4888 2236 4957">
     <span class='ocr_line' id='line_1_89' title="bbox 639 4888 2236 4957; baseline 0.002 -18"><span class='ocrx_word' id='word_1_603' title='bbox 639 4901 843 4955; x_wconf 89' lang='lat' dir='ltr'><strong>cerpere</strong></span> <span class='ocrx_word' id='word_1_604' title='bbox 868 4888 1160 4942; x_wconf 83' lang='lat' dir='ltr'><strong>christiana:</strong></span> <span class='ocrx_word' id='word_1_605' title='bbox 1205 4889 1447 4956; x_wconf 87' lang='lat' dir='ltr'><strong>veritatis,</strong></span> <span class='ocrx_word' id='word_1_606' title='bbox 1472 4888 1739 4943; x_wconf 57' lang='lat' dir='ltr'><strong>ut&#39;wntnli</strong></span> <span class='ocrx_word' id='word_1_607' title='bbox 1796 4900 2236 4957; x_wconf 86' lang='lat' dir='ltr'><strong>persecutoresque</strong></span> 
     </span>
    </p>
   </div>
   <div class='ocr_carea' id='block_1_90' title="bbox 639 4957 2235 5026">
    <p class='ocr_par' dir='ltr' id='par_1_90' title="bbox 639 4957 2235 5026">
     <span class='ocr_line' id='line_1_90' title="bbox 639 4957 2235 5026; baseline 0 -15"><span class='ocrx_word' id='word_1_608' title='bbox 639 4957 751 5024; x_wconf 83' lang='lat' dir='ltr'><strong>ejus</strong></span> <span class='ocrx_word' id='word_1_609' title='bbox 775 4957 839 5010; x_wconf 89' lang='lat' dir='ltr'><strong>de</strong></span> <span class='ocrx_word' id='word_1_610' title='bbox 864 4973 959 5011; x_wconf 87' lang='lat' dir='ltr'><strong>suo</strong></span> <span class='ocrx_word' id='word_1_611' title='bbox 1000 4960 1206 5026; x_wconf 88' lang='lat' dir='ltr'><strong>proprio</strong></span> <span class='ocrx_word' id='word_1_612' title='bbox 1235 4959 1564 5014; x_wconf 90' lang='lat' dir='ltr'><strong>instrumento</strong></span> <span class='ocrx_word' id='word_1_613' title='bbox 1607 4968 1653 5013; x_wconf 89' lang='lat' dir='ltr'><strong>et</strong></span> <span class='ocrx_word' id='word_1_614' title='bbox 1679 4959 1864 5013; x_wconf 89' lang='lat' dir='ltr'><strong>erroris</strong></span> <span class='ocrx_word' id='word_1_615' title='bbox 1899 4960 1953 5011; x_wconf 87' lang='lat' dir='ltr'><strong>in</strong></span> <span class='ocrx_word' id='word_1_616' title='bbox 1986 4975 2040 5011; x_wconf 89' lang='lat' dir='ltr'><strong>se</strong></span> <span class='ocrx_word' id='word_1_617' title='bbox 2060 4968 2105 5012; x_wconf 88' lang='lat' dir='ltr'><strong>et</strong></span> <span class='ocrx_word' id='word_1_618' title='bbox 2131 4959 2235 5011; x_wconf 85' lang='lat' dir='ltr'><strong>ini-</strong></span> 
     </span>
    </p>
   </div>
   <div class='ocr_carea' id='block_1_91' title="bbox 639 5027 2236 5100">
    <p class='ocr_par' dir='ltr' id='par_1_91' title="bbox 639 5027 2236 5100">
     <span class='ocr_line' id='line_1_91' title="bbox 639 5027 2236 5100; baseline 0.003 -21"><span class='ocrx_word' id='word_1_619' title='bbox 639 5027 849 5095; x_wconf 86' lang='lat' dir='ltr'><strong>quitatis</strong></span> <span class='ocrx_word' id='word_1_620' title='bbox 877 5028 931 5080; x_wconf 89' lang='lat' dir='ltr'><strong>in</strong></span> <span class='ocrx_word' id='word_1_621' title='bbox 954 5043 1045 5081; x_wconf 89' lang='lat' dir='ltr'><strong>nos</strong></span> <span class='ocrx_word' id='word_1_622' title='bbox 1074 5029 1146 5081; x_wconf 86' lang='lat' dir='ltr'><strong>rei</strong></span> <span class='ocrx_word' id='word_1_623' title='bbox 1171 5030 1506 5100; x_wconf 72' lang='lat' dir='ltr'><strong>revincuntur.</strong></span> <span class='ocrx_word' id='word_1_624' title='bbox 1524 5030 1800 5100; x_wconf 73' lang='lat' dir='ltr'><strong>Exstitere</strong></span> <span class='ocrx_word' id='word_1_625' title='bbox 1823 5028 1914 5100; x_wconf 90' lang='lat' dir='ltr'><strong>qui</strong></span> <span class='ocrx_word' id='word_1_626' title='bbox 1951 5029 2236 5100; x_wconf 76' lang='lat' dir='ltr'><strong>crederent</strong></span> 
     </span>
    </p>
   </div>
   <div class='ocr_carea' id='block_1_92' title="bbox 639 5098 2236 5171">
    <p class='ocr_par' dir='ltr' id='par_1_92' title="bbox 639 5098 2236 5171">
     <span class='ocr_line' id='line_1_92' title="bbox 639 5098 2236 5171; baseline 0.002 -21"><span class='ocrx_word' id='word_1_627' title='bbox 639 5107 885 5153; x_wconf 84' lang='lat' dir='ltr'><strong>sanctum</strong></span> <span class='ocrx_word' id='word_1_628' title='bbox 937 5113 1149 5171; x_wconf 90' lang='lat' dir='ltr'><strong>quoque</strong></span> <span class='ocrx_word' id='word_1_629' title='bbox 1191 5098 1576 5171; x_wconf 66' lang='lat' dir='ltr'><strong>llicroaymum</strong></span> <span class='ocrx_word' id='word_1_630' title='bbox 1622 5102 1673 5154; x_wconf 90' lang='lat' dir='ltr'><strong>in</strong></span> <span class='ocrx_word' id='word_1_631' title='bbox 1716 5098 1903 5171; x_wconf 76' lang='lat' dir='ltr'><strong>eadem</strong></span> <span class='ocrx_word' id='word_1_632' title='bbox 1958 5113 2086 5171; x_wconf 9' lang='lat' dir='ltr'><strong>cum,</strong></span> <span class='ocrx_word' id='word_1_633' title='bbox 2133 5099 2236 5171; x_wconf 73' lang='lat' dir='ltr'><strong>La-</strong></span> 
     </span>
    </p>
   </div>
   <div class='ocr_carea' id='block_1_93' title="bbox 639 5168 2235 5240">
    <p class='ocr_par' dir='ltr' id='par_1_93' title="bbox 639 5168 2235 5240">
     <span class='ocr_line' id='line_1_93' title="bbox 639 5168 2235 5240; baseline 0.001 -18"><span class='ocrx_word' id='word_1_634' title='bbox 639 5171 841 5237; x_wconf 74' lang='lat' dir='ltr'><strong>cutntio</strong></span> <span class='ocrx_word' id='word_1_635' title='bbox 884 5170 1151 5240; x_wconf 79' lang='lat' dir='ltr'><strong>sententia</strong></span> <span class='ocrx_word' id='word_1_636' title='bbox 1180 5168 1368 5240; x_wconf 79' lang='lat' dir='ltr'><strong>fuisse,</strong></span> <span class='ocrx_word' id='word_1_637' title='bbox 1397 5168 1520 5240; x_wconf 82' lang='lat' dir='ltr'><strong>quia</strong></span> <span class='ocrx_word' id='word_1_638' title='bbox 1554 5170 1610 5240; x_wconf 89' lang='lat' dir='ltr'><strong>_is</strong></span> <span class='ocrx_word' id='word_1_639' title='bbox 1659 5171 1711 5225; x_wconf 93' lang='lat' dir='ltr'><strong>in</strong></span> <span class='ocrx_word' id='word_1_640' title='bbox 1754 5170 1991 5240; x_wconf 86' lang='lat' dir='ltr'><strong>Epistola</strong></span> <span class='ocrx_word' id='word_1_641' title='bbox 2019 5169 2088 5222; x_wconf 89' lang='lat' dir='ltr'><strong>ad</strong></span> <span class='ocrx_word' id='word_1_642' title='bbox 2121 5169 2235 5224; x_wconf 82' lang='lat' dir='ltr'><strong>Ma-</strong></span> 
     </span>
    </p>
   </div>
   <div class='ocr_carea' id='block_1_94' title="bbox 639 5238 2233 5310">
    <p class='ocr_par' dir='ltr' id='par_1_94' title="bbox 639 5238 2233 5310">
     <span class='ocr_line' id='line_1_94' title="bbox 639 5238 2233 5310; baseline 0.003 -19"><span class='ocrx_word' id='word_1_643' title='bbox 639 5254 795 5309; x_wconf 84' lang='lat' dir='ltr'><strong>gnum</strong></span> <span class='ocrx_word' id='word_1_644' title='bbox 839 5238 1004 5310; x_wconf 78' lang='lat' dir='ltr'><strong>refert</strong></span> <span class='ocrx_word' id='word_1_645' title='bbox 1054 5239 1192 5295; x_wconf 89' lang='lat' dir='ltr'><strong>istud</strong></span> <span class='ocrx_word' id='word_1_646' title='bbox 1240 5238 1499 5307; x_wconf 81' lang='lat' dir='ltr'><strong>judicium</strong></span> <span class='ocrx_word' id='word_1_647' title='bbox 1551 5238 1813 5296; x_wconf 87' lang='lat' dir='ltr'><strong>Lactantii</strong></span> <span class='ocrx_word' id='word_1_648' title='bbox 1843 5241 1909 5295; x_wconf 93' lang='lat' dir='ltr'><strong>de</strong></span> <span class='ocrx_word' id='word_1_649' title='bbox 1939 5241 2041 5295; x_wconf 86' lang='lat' dir='ltr'><strong>hoc</strong></span> <span class='ocrx_word' id='word_1_650' title='bbox 2069 5254 2233 5310; x_wconf 89' lang='lat' dir='ltr'><strong>opere</strong></span> 
     </span>
    </p>
   </div>
   <div class='ocr_carea' id='block_1_95' title="bbox 639 5309 2233 5380">
    <p class='ocr_par' dir='ltr' id='par_1_95' title="bbox 639 5309 2233 5380">
     <span class='ocr_line' id='line_1_95' title="bbox 639 5309 2233 5380; baseline 0.001 -17"><span class='ocrx_word' id='word_1_651' title='bbox 639 5311 810 5380; x_wconf 86' lang='lat' dir='ltr'><strong>sancti</strong></span> <span class='ocrx_word' id='word_1_652' title='bbox 856 5309 1108 5380; x_wconf 88' lang='lat' dir='ltr'><strong>Cypriani</strong></span> <span class='ocrx_word' id='word_1_653' title='bbox 1147 5310 1404 5366; x_wconf 84' lang='lat' dir='ltr'><strong>adversus</strong></span> <span class='ocrx_word' id='word_1_654' title='bbox 1453 5312 1870 5367; x_wconf 86' lang='lat' dir='ltr'><strong>Demetrianttm.</strong></span> <span class='ocrx_word' id='word_1_655' title='bbox 1930 5309 2124 5365; x_wconf 83' lang='lat' dir='ltr'><strong>Verum</strong></span> <span class='ocrx_word' id='word_1_656' title='bbox 2157 5310 2233 5365; x_wconf 90' lang='lat' dir='ltr'><strong>illi</strong></span> 
     </span>
    </p>
   </div>
   <div class='ocr_carea' id='block_1_96' title="bbox 639 5379 2231 5451">
    <p class='ocr_par' dir='ltr' id='par_1_96' title="bbox 639 5379 2231 5451">
     <span class='ocr_line' id='line_1_96' title="bbox 639 5379 2231 5451; baseline 0.001 -19"><span class='ocrx_word' id='word_1_657' title='bbox 639 5379 1009 5445; x_wconf 82' lang='lat' dir='ltr'><strong>vehementer,</strong></span> <span class='ocrx_word' id='word_1_658' title='bbox 1032 5396 1153 5437; x_wconf 90' lang='lat' dir='ltr'><strong>meo</strong></span> <span class='ocrx_word' id='word_1_659' title='bbox 1181 5380 1394 5451; x_wconf 87' lang='lat' dir='ltr'><strong>quidem</strong></span> <span class='ocrx_word' id='word_1_660' title='bbox 1433 5380 2012 5451; x_wconf 82' lang='lat' dir='ltr'><strong>judicio,&#39;erraverunt.</strong></span> <span class='ocrx_word' id='word_1_661' title='bbox 2045 5380 2231 5435; x_wconf 86' lang='lat' dir='ltr'><strong>Hiero-</strong></span> 
     </span>
    </p>
   </div>
   <div class='ocr_carea' id='block_1_97' title="bbox 638 5451 2232 5522">
    <p class='ocr_par' dir='ltr' id='par_1_97' title="bbox 638 5451 2232 5522">
     <span class='ocr_line' id='line_1_97' title="bbox 638 5451 2232 5522; baseline 0 -17"><span class='ocrx_word' id='word_1_662' title='bbox 638 5466 834 5520; x_wconf 89' lang='lat' dir='ltr'><strong>nymus</strong></span> <span class='ocrx_word' id='word_1_663' title='bbox 864 5451 1005 5504; x_wconf 88' lang='lat' dir='ltr'><strong>enim</strong></span> <span class='ocrx_word' id='word_1_664' title='bbox 1033 5468 1138 5507; x_wconf 82' lang='lat' dir='ltr'><strong>non</strong></span> <span class='ocrx_word' id='word_1_665' title='bbox 1167 5452 1329 5507; x_wconf 82' lang='lat' dir='ltr'><strong>refert</strong></span> <span class='ocrx_word' id='word_1_666' title='bbox 1351 5452 1477 5507; x_wconf 88' lang='lat' dir='ltr'><strong>illud</strong></span> <span class='ocrx_word' id='word_1_667' title='bbox 1507 5452 1763 5508; x_wconf 75' lang='lat' dir='ltr'><strong>Lactantii</strong></span> <span class='ocrx_word' id='word_1_668' title='bbox 1792 5452 2051 5522; x_wconf 87' lang='lat' dir='ltr'><strong>judicium</strong></span> <span class='ocrx_word' id='word_1_669' title='bbox 2092 5461 2232 5505; x_wconf 91' lang='lat' dir='ltr'><strong>tam-</strong></span> 
     </span>
    </p>
   </div>
   <div class='ocr_carea' id='block_1_98' title="bbox 637 5522 2232 5591">
    <p class='ocr_par' dir='ltr' id='par_1_98' title="bbox 637 5522 2232 5591">
     <span class='ocr_line' id='line_1_98' title="bbox 637 5522 2232 5591; baseline 0.001 -19"><span class='ocrx_word' id='word_1_670' title='bbox 637 5536 799 5591; x_wconf 87' lang='lat' dir='ltr'><strong>quam</strong></span> <span class='ocrx_word' id='word_1_671' title='bbox 830 5524 1155 5590; x_wconf 86' lang='lat' dir='ltr'><strong>approbans,</strong></span> <span class='ocrx_word' id='word_1_672' title='bbox 1202 5524 1296 5577; x_wconf 87' lang='lat' dir='ltr'><strong>sed</strong></span> <span class='ocrx_word' id='word_1_673' title='bbox 1326 5522 1714 5579; x_wconf 89' lang='lat' dir='ltr'><strong>utostenderet</strong></span> <span class='ocrx_word' id='word_1_674' title='bbox 1754 5522 2087 5578; x_wconf 89' lang='lat' dir='ltr'><strong>Lactantium</strong></span> <span class='ocrx_word' id='word_1_675' title='bbox 2134 5536 2232 5591; x_wconf 84' lang='lat' dir='ltr'><strong>pu-</strong></span> 
     </span>
    </p>
   </div>
   <div class='ocr_carea' id='block_1_99' title="bbox 636 5592 2232 5666">
    <p class='ocr_par' dir='ltr' id='par_1_99' title="bbox 636 5592 2232 5666">
     <span class='ocr_line' id='line_1_99' title="bbox 636 5592 2232 5666; baseline 0.003 -23"><span class='ocrx_word' id='word_1_676' title='bbox 636 5602 786 5666; x_wconf 71' lang='lat' dir='ltr'><strong>tasse</strong></span> <span class='ocrx_word' id='word_1_677' title='bbox 808 5592 998 5666; x_wconf 85' lang='lat' dir='ltr'><strong>melius</strong></span> <span class='ocrx_word' id='word_1_678' title='bbox 1029 5592 1290 5666; x_wconf 79' lang='lat' dir='ltr'><strong>facturum</strong></span> <span class='ocrx_word' id='word_1_679' title='bbox 1336 5594 1501 5650; x_wconf 84' lang='lat' dir='ltr'><strong>fuisse</strong></span> <span class='ocrx_word' id='word_1_680' title='bbox 1527 5594 1873 5666; x_wconf 86' lang='lat' dir='ltr'><strong>Cyprianum,</strong></span> <span class='ocrx_word' id='word_1_681' title='bbox 1903 5595 1947 5666; x_wconf 85' lang='lat' dir='ltr'><strong>si</strong></span> <span class='ocrx_word' id='word_1_682' title='bbox 1968 5593 2047 5666; x_wconf 25' lang='lat' dir='ltr'><strong>hin</strong></span> <span class='ocrx_word' id='word_1_683' title='bbox 2070 5592 2232 5666; x_wconf 74' lang='lat' dir='ltr'><strong>refel-</strong></span> 
     </span>
    </p>
   </div>
   <div class='ocr_carea' id='block_1_100' title="bbox 631 5661 2229 5732">
    <p class='ocr_par' dir='ltr' id='par_1_100' title="bbox 631 5661 2229 5732">
     <span class='ocr_line' id='line_1_100' title="bbox 631 5661 2229 5732; baseline 0 -15"><span class='ocrx_word' id='word_1_684' title='bbox 631 5661 800 5717; x_wconf 84' lang='lat' dir='ltr'><strong>lendo</strong></span> <span class='ocrx_word' id='word_1_685' title='bbox 832 5664 1177 5720; x_wconf 88' lang='lat' dir='ltr'><strong>Demetriano</strong></span> <span class='ocrx_word' id='word_1_686' title='bbox 1207 5679 1338 5721; x_wconf 91' lang='lat' dir='ltr'><strong>usus</strong></span> <span class='ocrx_word' id='word_1_687' title='bbox 1368 5673 1514 5720; x_wconf 87' lang='lat' dir='ltr'><strong>esset</strong></span> <span class='ocrx_word' id='word_1_688' title='bbox 1545 5661 1863 5721; x_wconf 76' lang='lat' dir='ltr'><strong>testimoniis</strong></span> <span class='ocrx_word' id='word_1_689' title='bbox 1891 5662 2229 5732; x_wconf 83' lang='lat' dir='ltr'><strong>philosopho-</strong></span> 
     </span>
    </p>
   </div>
   <div class='ocr_carea' id='block_1_101' title="bbox 624 5734 2230 5802">
    <p class='ocr_par' dir='ltr' id='par_1_101' title="bbox 624 5734 2230 5802">
     <span class='ocr_line' id='line_1_101' title="bbox 624 5734 2230 5802; baseline 0.003 -18"><span class='ocrx_word' id='word_1_690' title='bbox 624 5744 748 5785; x_wconf 88' lang='lat' dir='ltr'><strong>rum</strong></span> <span class='ocrx_word' id='word_1_691' title='bbox 793 5740 872 5802; x_wconf 33' lang='lat' dir='ltr'><strong>et‘</strong></span> <span class='ocrx_word' id='word_1_692' title='bbox 897 5740 1200 5801; x_wconf 87' lang='lat' dir='ltr'><strong>poetarum,</strong></span> <span class='ocrx_word' id='word_1_693' title='bbox 1234 5751 1417 5802; x_wconf 76' lang='lat' dir='ltr'><strong>quam</strong></span> <span class='ocrx_word' id='word_1_694' title='bbox 1469 5750 1590 5791; x_wconf 90' lang='lat' dir='ltr'><strong>cum</strong></span> <span class='ocrx_word' id='word_1_695' title='bbox 1621 5750 1747 5789; x_wconf 90' lang='lat' dir='ltr'><strong>usus</strong></span> <span class='ocrx_word' id='word_1_696' title='bbox 1782 5746 1864 5791; x_wconf 86' lang='lat' dir='ltr'><strong>est</strong></span> <span class='ocrx_word' id='word_1_697' title='bbox 1908 5734 2230 5789; x_wconf 75' lang='lat' dir='ltr'><strong>testimoniis</strong></span> 
     </span>
    </p>
   </div>
   <div class='ocr_carea' id='block_1_102' title="bbox 620 5799 2224 5873">
    <p class='ocr_par' dir='ltr' id='par_1_102' title="bbox 620 5799 2224 5873">
     <span class='ocr_line' id='line_1_102' title="bbox 620 5799 2224 5873; baseline 0.006 -22"><span class='ocrx_word' id='word_1_698' title='bbox 620 5812 790 5852; x_wconf 71' lang='lat' dir='ltr'><strong>sacra:</strong></span> <span class='ocrx_word' id='word_1_699' title='bbox 838 5799 1132 5873; x_wconf 54' lang='lat' dir='ltr'><strong>Scriptura:</strong></span> <span class='ocrx_word' id='word_1_700' title='bbox 1176 5799 1447 5869; x_wconf 76' lang='lat' dir='ltr'><strong>atlrersns</strong></span> <span class='ocrx_word' id='word_1_701' title='bbox 1495 5803 1768 5865; x_wconf 58' lang='lat' dir='ltr'><strong>hominem</strong></span> <span class='ocrx_word' id='word_1_702' title='bbox 1827 5804 2121 5862; x_wconf 88' lang='lat' dir='ltr'><strong>cthnicum.</strong></span> <span class='ocrx_word' id='word_1_703' title='bbox 2170 5804 2224 5860; x_wconf 87' lang='lat' dir='ltr'><strong>ld</strong></span> 
     </span>
    </p>
   </div>
   <div class='ocr_carea' id='block_1_103' title="bbox 2340 4812 3927 4893">
    <p class='ocr_par' dir='ltr' id='par_1_103' title="bbox 2340 4812 3927 4893">
     <span class='ocr_line' id='line_1_103' title="bbox 2340 4812 3927 4893; baseline -0.003 -24"><span class='ocrx_word' id='word_1_704' title='bbox 2340 4824 2424 4893; x_wconf 79' lang='lat' dir='ltr'><strong>est</strong></span> <span class='ocrx_word' id='word_1_705' title='bbox 2447 4816 2506 4893; x_wconf 67' lang='lat' dir='ltr'><strong>in</strong></span> <span class='ocrx_word' id='word_1_706' title='bbox 2531 4816 2670 4872; x_wconf 91' lang='lat' dir='ltr'><strong>notis</strong></span> <span class='ocrx_word' id='word_1_707' title='bbox 2690 4816 2949 4893; x_wconf 87' lang='lat' dir='ltr'><strong>ed_i_t_ionis_</strong></span> <span class='ocrx_word' id='word_1_708' title='bbox 2968 4814 3296 4893; x_wconf 54' lang='lat' dir='ltr'><strong>Anglicanm,</strong></span> <span class='ocrx_word' id='word_1_709' title='bbox 3325 4813 3411 4893; x_wconf 76' lang='lat' dir='ltr'><strong>ubi</strong></span> <span class='ocrx_word' id='word_1_710' title='bbox 3436 4812 3691 4893; x_wconf 74' lang='lat' dir='ltr'><strong>scriptum</strong></span> <span class='ocrx_word' id='word_1_711' title='bbox 3710 4821 3799 4893; x_wconf 57' lang='lat' dir='ltr'><strong>est</strong></span> <span class='ocrx_word' id='word_1_712' title='bbox 3837 4827 3927 4893; x_wconf 66' lang='lat' dir='ltr'><strong>ye-</strong></span> 
     </span>
    </p>
   </div>
   <div class='ocr_carea' id='block_1_104' title="bbox 2340 4880 3930 4954">
    <p class='ocr_par' dir='ltr' id='par_1_104' title="bbox 2340 4880 3930 4954">
     <span class='ocr_line' id='line_1_104' title="bbox 2340 4880 3930 4954; baseline -0.004 -15"><span class='ocrx_word' id='word_1_713' title='bbox 2340 4887 2564 4940; x_wconf 90' lang='lat' dir='ltr'><strong>similius</strong></span> <span class='ocrx_word' id='word_1_714' title='bbox 2589 4900 2713 4942; x_wconf 87' lang='lat' dir='ltr'><strong>esse</strong></span> <span class='ocrx_word' id='word_1_715' title='bbox 2754 4887 2900 4941; x_wconf 91' lang='lat' dir='ltr'><strong>illum</strong></span> <span class='ocrx_word' id='word_1_716' title='bbox 2929 4880 3090 4939; x_wconf 76' lang='lat' dir='ltr'><strong>fuisse</strong></span> <span class='ocrx_word' id='word_1_717' title='bbox 3117 4884 3349 4954; x_wconf 76' lang='lat' dir='ltr'><strong>iudicem</strong></span> <span class='ocrx_word' id='word_1_718' title='bbox 3380 4883 3433 4938; x_wconf 88' lang='lat' dir='ltr'><strong>in</strong></span> <span class='ocrx_word' id='word_1_719' title='bbox 3460 4880 3677 4954; x_wconf 78' lang='lat' dir='ltr'><strong>civitate</strong></span> <span class='ocrx_word' id='word_1_720' title='bbox 3706 4880 3930 4954; x_wconf 77' lang='lat' dir='ltr'><strong>cartha-</strong></span> 
     </span>
    </p>
   </div>
   <div class='ocr_carea' id='block_1_105' title="bbox 2337 4951 3931 5027">
    <p class='ocr_par' dir='ltr' id='par_1_105' title="bbox 2337 4951 3931 5027">
     <span class='ocr_line' id='line_1_105' title="bbox 2337 4951 3931 5027; baseline -0.002 -19"><span class='ocrx_word' id='word_1_721' title='bbox 2337 4956 2545 5027; x_wconf 86' lang='lat' dir='ltr'><strong>ginensi</strong></span> <span class='ocrx_word' id='word_1_722' title='bbox 2573 4966 2665 5027; x_wconf 88' lang='lat' dir='ltr'><strong>aut</strong></span> <span class='ocrx_word' id='word_1_723' title='bbox 2684 4956 2916 5027; x_wconf 88' lang='lat' dir='ltr'><strong>aliquem</strong></span> <span class='ocrx_word' id='word_1_724' title='bbox 2939 4966 2994 5010; x_wconf 90' lang='lat' dir='ltr'><strong>et</strong></span> <span class='ocrx_word' id='word_1_725' title='bbox 3013 4951 3314 5010; x_wconf 80' lang='lat' dir='ltr'><strong>consiliaris</strong></span> <span class='ocrx_word' id='word_1_726' title='bbox 3332 4954 3424 5025; x_wconf 85' lang='lat' dir='ltr'><strong>qui</strong></span> <span class='ocrx_word' id='word_1_727' title='bbox 3445 4951 3657 5024; x_wconf 70' lang='lat' dir='ltr'><strong>praesidi</strong></span> <span class='ocrx_word' id='word_1_728' title='bbox 3685 4952 3931 5007; x_wconf 87' lang='lat' dir='ltr'><strong>solebant</strong></span> 
     </span>
    </p>
   </div>
   <div class='ocr_carea' id='block_1_106' title="bbox 2338 5025 3172 5095">
    <p class='ocr_par' dir='ltr' id='par_1_106' title="bbox 2338 5025 3172 5095">
     <span class='ocr_line' id='line_1_106' title="bbox 2338 5025 3172 5095; baseline -0.004 -14"><span class='ocrx_word' id='word_1_729' title='bbox 2338 5025 2615 5095; x_wconf 89' lang='lat' dir='ltr'><strong>injudiciis</strong></span> <span class='ocrx_word' id='word_1_730' title='bbox 2638 5025 2911 5083; x_wconf 81' lang='lat' dir='ltr'><strong>assistere.</strong></span> <span class='ocrx_word' id='word_1_731' title='bbox 3160 5088 3172 5094; x_wconf 88' lang='lat'><strong><em>_</em></strong></span> 
     </span>
    </p>
   </div>
   <div class='ocr_carea' id='block_1_107' title="bbox 2413 5093 3931 5168">
    <p class='ocr_par' dir='ltr' id='par_1_107' title="bbox 2413 5093 3931 5168">
     <span class='ocr_line' id='line_1_107' title="bbox 2413 5093 3931 5168; baseline 0 -19"><span class='ocrx_word' id='word_1_732' title='bbox 2413 5093 2524 5168; x_wconf 73' lang='lat' dir='ltr'><strong>Nec</strong></span> <span class='ocrx_word' id='word_1_733' title='bbox 2563 5096 2658 5150; x_wconf 92' lang='lat' dir='ltr'><strong>hoc</strong></span> <span class='ocrx_word' id='word_1_734' title='bbox 2682 5098 2790 5152; x_wconf 88' lang='lat' dir='ltr'><strong>sine</strong></span> <span class='ocrx_word' id='word_1_735' title='bbox 2819 5096 3096 5168; x_wconf 88' lang='lat' dir='ltr'><strong>magisterii</strong></span> <span class='ocrx_word' id='word_1_736' title='bbox 3131 5095 3309 5150; x_wconf 85' lang='lat' dir='ltr'><strong>divini.</strong></span> <span class='ocrx_word' id='word_1_737' title='bbox 3343 5095 3470 5151; x_wconf 84' lang='lat' dir='ltr'><strong>Post</strong></span> <span class='ocrx_word' id='word_1_738' title='bbox 3519 5094 3633 5150; x_wconf 61' lang='lat' dir='ltr'><strong>haec</strong></span> <span class='ocrx_word' id='word_1_739' title='bbox 3660 5093 3931 5168; x_wconf 84' lang='lat' dir='ltr'><strong>Patnelitts</strong></span> 
     </span>
    </p>
   </div>
   <div class='ocr_carea' id='block_1_108' title="bbox 2337 5166 3929 5238">
    <p class='ocr_par' dir='ltr' id='par_1_108' title="bbox 2337 5166 3929 5238">
     <span class='ocr_line' id='line_1_108' title="bbox 2337 5166 3929 5238; baseline -0.003 -16"><span class='ocrx_word' id='word_1_740' title='bbox 2337 5166 2538 5236; x_wconf 86' lang='lat' dir='ltr'><strong>adjecit</strong></span> <span class='ocrx_word' id='word_1_741' title='bbox 2560 5177 2608 5220; x_wconf 89' lang='lat' dir='ltr'><strong>et</strong></span> <span class='ocrx_word' id='word_1_742' title='bbox 2639 5168 2875 5234; x_wconf 88' lang='lat' dir='ltr'><strong>nominis,</strong></span> <span class='ocrx_word' id='word_1_743' title='bbox 2908 5166 3051 5238; x_wconf 78' lang='lat' dir='ltr'><strong>quod</strong></span> <span class='ocrx_word' id='word_1_744' title='bbox 3097 5167 3519 5222; x_wconf 85' lang='lat' dir='ltr'><strong>additamentum</strong></span> <span class='ocrx_word' id='word_1_745' title='bbox 3540 5179 3641 5237; x_wconf 90' lang='lat' dir='ltr'><strong>ego</strong></span> <span class='ocrx_word' id='word_1_746' title='bbox 3669 5167 3845 5238; x_wconf 82' lang='lat' dir='ltr'><strong>reperi</strong></span> <span class='ocrx_word' id='word_1_747' title='bbox 3876 5166 3929 5238; x_wconf 84' lang='lat' dir='ltr'><strong>in</strong></span> 
     </span>
    </p>
   </div>
   <div class='ocr_carea' id='block_1_109' title="bbox 2339 5236 3933 5309">
    <p class='ocr_par' dir='ltr' id='par_1_109' title="bbox 2339 5236 3933 5309">
     <span class='ocr_line' id='line_1_109' title="bbox 2339 5236 3933 5309; baseline -0.001 -16"><span class='ocrx_word' id='word_1_748' title='bbox 2339 5238 2511 5294; x_wconf 88' lang='lat' dir='ltr'><strong>tribus</strong></span> <span class='ocrx_word' id='word_1_749' title='bbox 2537 5238 2768 5309; x_wconf 89' lang='lat' dir='ltr'><strong>antiquis</strong></span> <span class='ocrx_word' id='word_1_750' title='bbox 2818 5236 3115 5309; x_wconf 86' lang='lat' dir='ltr'><strong>codicibus.</strong></span> <span class='ocrx_word' id='word_1_751' title='bbox 3160 5238 3320 5294; x_wconf 88' lang='lat' dir='ltr'><strong>Deest</strong></span> <span class='ocrx_word' id='word_1_752' title='bbox 3365 5247 3543 5293; x_wconf 87' lang='lat' dir='ltr'><strong>autem</strong></span> <span class='ocrx_word' id='word_1_753' title='bbox 3584 5236 3646 5291; x_wconf 88' lang='lat' dir='ltr'><strong>in</strong></span> <span class='ocrx_word' id='word_1_754' title='bbox 3699 5236 3933 5309; x_wconf 80' lang='lat' dir='ltr'><strong>antiquis</strong></span> 
     </span>
    </p>
   </div>
   <div class='ocr_carea' id='block_1_110' title="bbox 2337 5308 3932 5378">
    <p class='ocr_par' dir='ltr' id='par_1_110' title="bbox 2337 5308 3932 5378">
     <span class='ocr_line' id='line_1_110' title="bbox 2337 5308 3932 5378; baseline -0.003 -14"><span class='ocrx_word' id='word_1_755' title='bbox 2337 5308 2680 5375; x_wconf 81' lang='lat' dir='ltr'><strong>editionihus,</strong></span> <span class='ocrx_word' id='word_1_756' title='bbox 2729 5310 2781 5364; x_wconf 91' lang='lat' dir='ltr'><strong>in</strong></span> <span class='ocrx_word' id='word_1_757' title='bbox 2828 5324 2917 5364; x_wconf 67' lang='grc' dir='ltr'><strong>χχι</strong></span> <span class='ocrx_word' id='word_1_758' title='bbox 2949 5308 3099 5378; x_wconf 78' lang='lat' dir='ltr'><strong>libris</strong></span> <span class='ocrx_word' id='word_1_759' title='bbox 3146 5309 3366 5373; x_wconf 81' lang='lat' dir='ltr'><strong>nostris,</strong></span> <span class='ocrx_word' id='word_1_760' title='bbox 3390 5310 3527 5364; x_wconf 86' lang='lat' dir='ltr'><strong>etin</strong></span> <span class='ocrx_word' id='word_1_761' title='bbox 3560 5308 3932 5378; x_wconf 75' lang='lat' dir='ltr'><strong>quatuor&#39;Au-</strong></span> 
     </span>
    </p>
   </div>
   <div class='ocr_carea' id='block_1_111' title="bbox 2336 5377 3931 5450">
    <p class='ocr_par' dir='ltr' id='par_1_111' title="bbox 2336 5377 3931 5450">
     <span class='ocr_line' id='line_1_111' title="bbox 2336 5377 3931 5450; baseline -0.002 -17"><span class='ocrx_word' id='word_1_762' title='bbox 2336 5379 2579 5450; x_wconf 88' lang='lat' dir='ltr'><strong>glicanis.</strong></span> <span class='ocrx_word' id='word_1_763' title='bbox 2611 5379 2667 5433; x_wconf 87' lang='lat' dir='ltr'><strong>In</strong></span> <span class='ocrx_word' id='word_1_764' title='bbox 2698 5379 2820 5434; x_wconf 91' lang='lat' dir='ltr'><strong>aliis</strong></span> <span class='ocrx_word' id='word_1_765' title='bbox 2859 5377 3067 5434; x_wconf 88' lang='lat' dir='ltr'><strong>duobus</strong></span> <span class='ocrx_word' id='word_1_766' title='bbox 3121 5380 3319 5437; x_wconf 89' lang='lat' dir='ltr'><strong>nostris</strong></span> <span class='ocrx_word' id='word_1_767' title='bbox 3348 5379 3562 5447; x_wconf 85' lang='lat' dir='ltr'><strong>legitur,</strong></span> <span class='ocrx_word' id='word_1_768' title='bbox 3581 5377 3722 5450; x_wconf 26' lang='lat' dir='ltr'><strong>lsine</strong></span> <span class='ocrx_word' id='word_1_769' title='bbox 3763 5378 3931 5450; x_wconf 76' lang='lat' dir='ltr'><strong>magi-</strong></span> 
     </span>
    </p>
   </div>
   <div class='ocr_carea' id='block_1_112' title="bbox 2336 5447 3931 5518">
    <p class='ocr_par' dir='ltr' id='par_1_112' title="bbox 2336 5447 3931 5518">
     <span class='ocr_line' id='line_1_112' title="bbox 2336 5447 3931 5518; baseline -0.003 -13"><span class='ocrx_word' id='word_1_770' title='bbox 2336 5447 2487 5505; x_wconf 72' lang='lat' dir='ltr'><strong>sterio</strong></span> <span class='ocrx_word' id='word_1_771' title='bbox 2517 5450 2702 5504; x_wconf 76' lang='lat' dir='ltr'><strong>divina:</strong></span> <span class='ocrx_word' id='word_1_772' title='bbox 2738 5450 3079 5504; x_wconf 87' lang='lat' dir='ltr'><strong>auctoritatis.</strong></span> <span class='ocrx_word' id='word_1_773' title='bbox 3116 5450 3235 5518; x_wconf 82' lang='lat' dir='ltr'><strong>Quo</strong></span> <span class='ocrx_word' id='word_1_774' title='bbox 3276 5450 3438 5505; x_wconf 84' lang='lat' dir='ltr'><strong>etiam</strong></span> <span class='ocrx_word' id='word_1_775' title='bbox 3481 5447 3643 5505; x_wconf 88' lang='lat' dir='ltr'><strong>modo</strong></span> <span class='ocrx_word' id='word_1_776' title='bbox 3671 5448 3931 5518; x_wconf 81' lang='lat' dir='ltr'><strong>scriptum</strong></span> 
     </span>
    </p>
   </div>
   <div class='ocr_carea' id='block_1_113' title="bbox 2337 5518 3935 5591">
    <p class='ocr_par' dir='ltr' id='par_1_113' title="bbox 2337 5518 3935 5591">
     <span class='ocr_line' id='line_1_113' title="bbox 2337 5518 3935 5591; baseline -0.002 -15"><span class='ocrx_word' id='word_1_777' title='bbox 2337 5529 2421 5576; x_wconf 86' lang='lat' dir='ltr'><strong>est</strong></span> <span class='ocrx_word' id='word_1_778' title='bbox 2468 5522 2519 5575; x_wconf 92' lang='lat' dir='ltr'><strong>in</strong></span> <span class='ocrx_word' id='word_1_779' title='bbox 2551 5519 2794 5591; x_wconf 80' lang='lat' dir='ltr'><strong>margine</strong></span> <span class='ocrx_word' id='word_1_780' title='bbox 2840 5520 3092 5576; x_wconf 89' lang='lat' dir='ltr'><strong>editionis</strong></span> <span class='ocrx_word' id='word_1_781' title='bbox 3135 5536 3255 5591; x_wconf 69' lang='lat' dir='ltr'><strong>qua:</strong></span> <span class='ocrx_word' id='word_1_782' title='bbox 3307 5519 3503 5576; x_wconf 86' lang='lat' dir='ltr'><strong>dicitur</strong></span> <span class='ocrx_word' id='word_1_783' title='bbox 3550 5518 3935 5591; x_wconf 31' lang='lat' dir='ltr'><strong>Graviisllanc</strong></span> 
     </span>
    </p>
   </div>
   <div class='ocr_carea' id='block_1_114' title="bbox 2338 5590 3934 5661">
    <p class='ocr_par' dir='ltr' id='par_1_114' title="bbox 2338 5590 3934 5661">
     <span class='ocr_line' id='line_1_114' title="bbox 2338 5590 3934 5661; baseline 0 -17"><span class='ocrx_word' id='word_1_784' title='bbox 2338 5606 2468 5646; x_wconf 83' lang='lat' dir='ltr'><strong>vero</strong></span> <span class='ocrx_word' id='word_1_785' title='bbox 2498 5590 2780 5646; x_wconf 85' lang='lat' dir='ltr'><strong>lectionem</strong></span> <span class='ocrx_word' id='word_1_786' title='bbox 2830 5592 2999 5660; x_wconf 86' lang='lat' dir='ltr'><strong>magis</strong></span> <span class='ocrx_word' id='word_1_787' title='bbox 3054 5590 3240 5660; x_wconf 80' lang='lat' dir='ltr'><strong>probat</strong></span> <span class='ocrx_word' id='word_1_788' title='bbox 3273 5591 3561 5661; x_wconf 85' lang='lat' dir='ltr'><strong>Pamclius.</strong></span> <span class='ocrx_word' id='word_1_789' title='bbox 3595 5590 3856 5661; x_wconf 74' lang='lat' dir='ltr'><strong>Rigaltius</strong></span> <span class='ocrx_word' id='word_1_790' title='bbox 3879 5599 3934 5661; x_wconf 78' lang='lat' dir='ltr'><strong>et</strong></span> 
     </span>
    </p>
   </div>
   <div class='ocr_carea' id='block_1_115' title="bbox 2334 5660 3928 5730">
    <p class='ocr_par' dir='ltr' id='par_1_115' title="bbox 2334 5660 3928 5730">
     <span class='ocr_line' id='line_1_115' title="bbox 2334 5660 3928 5730; baseline -0.003 -14"><span class='ocrx_word' id='word_1_791' title='bbox 2334 5662 2490 5730; x_wconf 83' lang='lat' dir='ltr'><strong>Angli</strong></span> <span class='ocrx_word' id='word_1_792' title='bbox 2539 5661 2877 5717; x_wconf 88' lang='lat' dir='ltr'><strong>retinuerunt</strong></span> <span class='ocrx_word' id='word_1_793' title='bbox 2921 5666 2972 5715; x_wconf 85' lang='lat' dir='ltr'><strong>in</strong></span> <span class='ocrx_word' id='word_1_794' title='bbox 3003 5671 3260 5716; x_wconf 80' lang='lat' dir='ltr'><strong>contextu</strong></span> <span class='ocrx_word' id='word_1_795' title='bbox 3313 5660 3641 5717; x_wconf 87' lang='lat' dir='ltr'><strong>additionem</strong></span> <span class='ocrx_word' id='word_1_796' title='bbox 3674 5660 3928 5715; x_wconf 28' lang='lat' dir='ltr'><strong>’I&#39;amelii.</strong></span> 
     </span>
    </p>
   </div>
   <div class='ocr_carea' id='block_1_116' title="bbox 2331 5730 3930 5805">
    <p class='ocr_par' dir='ltr' id='par_1_116' title="bbox 2331 5730 3930 5805">
     <span class='ocr_line' id='line_1_116' title="bbox 2331 5730 3930 5805; baseline -0.002 -20"><span class='ocrx_word' id='word_1_797' title='bbox 2331 5732 2447 5801; x_wconf 85' lang='lat' dir='ltr'><strong>Ego</strong></span> <span class='ocrx_word' id='word_1_798' title='bbox 2474 5730 2685 5805; x_wconf 70' lang='lat' dir='ltr'><strong>delevi,</strong></span> <span class='ocrx_word' id='word_1_799' title='bbox 2705 5733 2831 5805; x_wconf 81' lang='lat' dir='ltr'><strong>quia</strong></span> <span class='ocrx_word' id='word_1_800' title='bbox 2875 5731 3143 5803; x_wconf 79' lang='lat' dir='ltr'><strong>superﬂua</strong></span> <span class='ocrx_word' id='word_1_801' title='bbox 3179 5741 3295 5805; x_wconf 78' lang='lat' dir='ltr'><strong>est,</strong></span> <span class='ocrx_word' id='word_1_802' title='bbox 3325 5741 3383 5788; x_wconf 88' lang='lat' dir='ltr'><strong>et</strong></span> <span class='ocrx_word' id='word_1_803' title='bbox 3427 5732 3598 5805; x_wconf 86' lang='lat' dir='ltr'><strong>major</strong></span> <span class='ocrx_word' id='word_1_804' title='bbox 3625 5732 3750 5805; x_wconf 82' lang='lat' dir='ltr'><strong>pars</strong></span> <span class='ocrx_word' id='word_1_805' title='bbox 3777 5738 3930 5785; x_wconf 64' lang='lat' dir='ltr'><strong>vete-</strong></span> 
     </span>
    </p>
   </div>
   <div class='ocr_carea' id='block_1_117' title="bbox 2329 5801 3359 5877">
    <p class='ocr_par' dir='ltr' id='par_1_117' title="bbox 2329 5801 3359 5877">
     <span class='ocr_line' id='line_1_117' title="bbox 2329 5801 3359 5877; baseline -0.002 -21"><span class='ocrx_word' id='word_1_806' title='bbox 2329 5816 2450 5856; x_wconf 90' lang='lat' dir='ltr'><strong>rum</strong></span> <span class='ocrx_word' id='word_1_807' title='bbox 2477 5801 2864 5877; x_wconf 71' lang='lat' dir='ltr'><strong>exemplarium</strong></span> <span class='ocrx_word' id='word_1_808' title='bbox 2897 5801 3014 5859; x_wconf 67' lang='lat' dir='ltr'><strong>e-im</strong></span> <span class='ocrx_word' id='word_1_809' title='bbox 3044 5819 3150 5859; x_wconf 87' lang='lat' dir='ltr'><strong>non</strong></span> <span class='ocrx_word' id='word_1_810' title='bbox 3179 5801 3359 5859; x_wconf 84' lang='lat' dir='ltr'><strong>habet.</strong></span> 
     </span>
    </p>
   </div>
  </div>
