4302 6296
299 350 411 411 545

1456 347 1657 406 LIBER
1697 347 1787 405 AD
1830 344 2379 406 DEMETRIANDM.‘

3494 346 3601 404 546

301 459 607 533 margaritas
641 466 830 514 vestras
851 466 968 515 ante
1015 474 1214 529 porcos,
1240 474 1302 514 ne
1342 460 1595 517 ineuleent
1641 478 1726 539 eas
1749 462 1895 534 pedi—
1920 464 1969 523 Α
2000 477 2121 517 nam
2166 464 2255 534 qui
2295 462 2359 518 ad
2407 460 2605 518 malum
2649 453 2824 518 motus
2877 470 2961 519 est
3018 461 3297 517 mendacio
3350 460 3600 530 fallente,

306 555 395 609 bus
412 562 459 617 α,
479 561 525 606 et
547 550 772 605 conversi
788 550 976 604 elidant
991 567 1075 605 τοι
1097 549 1414 621 (Molliunt,
1429 549 1509 621 ϐ).
1529 550 1808 619 Nam,cum
1831 551 1897 607 ad

315 661 401 700 me
424 658 589 714 sa'pc,
622 642 799 698 studio
825 643 995 713 magis
1024 641 1423 697 contradicendi
1478 658 1637 712 quam
1663 653 1787 699 voto
1811 642 1896 697 di-

307 737 512 805 scendi,
528 737 760 803 venires,
779 743 852 801 et,
867 734 1115 792 clamosis
1137 735 1354 794 vocibus
1374 750 1691 809 personans,
1714 735 1902 791 malles

313 840 400 885 tua
432 828 772 897 impudenter
799 827 1043 899 ingerere
1070 843 1228 898 quam
1276 839 1455 885 noSlra
1513 830 1780 900 patienter
1803 842 1902 883 au-

315 918 452 984 dire,
487 919 725 989 ineptum
750 917 1030 974 videbatur
1057 919 1310 990 congredi
1348 928 1545 985 tecum,
1575 920 1789 990 quando
1818 921 1902 976 fa-

312 1012 469 1069 cilius
498 1020 641 1067 esset
680 1020 735 1066 et.
786 1010 956 1066 levius
982 1011 1271 1067 turbulenti
1314 1013 1476 1068 maris
1501 1013 1741 1069 concitos
1770 1014 1905 1071 fluc-

308 1114 403 1162 tus
427 1104 755 1161 clamoribus
781 1103 1069 1161 retundere
1094 1120 1251 1174 quam
1283 1113 1439 1161 tuam.
1464 1107 1666 1162 rabiem
1709 1115 1906 1163 tracta—

316 1201 456 1256 tibus
481 1213 751 1255 coercere.
775 1198 935 1254 Certe
955 1206 1010 1253 et
1033 1197 1186 1254 labor
1204 1197 1639 1254 irritusetnullus
1665 1197 1908 1263 eﬂ‘ectus,

321 1291 517 1348 offerre
562 1290 743 1346 lumen
790 1304 953 1355 caeco,
1013 1304 1319 1345 sermonem
1350 1289 1540 1357 surdo,
1589 1290 1907 1362 sapientiam

318 1383 478 1440 bruto
503 1399 518 1450 ;
546 1399 667 1440 cum
699 1398 798 1440 nec
823 1382 1026 1439 sentire
1050 1381 1237 1439 brutus
1262 1384 1454 1454 possit,
1486 1399 1587 1440 nec
1612 1398 1787 1442 creetis
1827 1384 1911 1439 lu-

323 1491 447 1533 men
475 1474 781 1541 admittere,
810 1488 909 1530 nec
928 1473 1124 1529 surdus
1150 1474 1357 1530 audire.

392 1566 589 1623 ll.ll'.cc
600 1565 1116 1637 considerans,sa:pe
1126 1567 1438 1631 conticui,et
1454 1568 1522 1622 im
1531 1568 1815 1638 patientem
1832 1583 1916 1639 pa-

325 1660 505 1714 tientia
527 1657 651 1722 vici,
667 1673 786 1713 eum
813 1672 912 1713 nec
927 1656 1120 1712 docere
1144 1657 1426 1714 indocilem
1447 1674 1679 1729 possem,
1707 1675 1805 1716 nec
1826 1660 1920 1716 im-

322 1754 467 1825 pium
484 1751 739 1823 religione
759 1749 1135 1820 comprimere,
1150 1766 1250 1806 nec
1267 1749 1531 1807 furentem
1546 1752 1764 1808 lenitate
1778 1753 1921 1810 cohi-

2002 554 2172 608 multo
2200 553 2368 624 magis
2393 552 2457 607 ad
2481 553 2677 607 bonum
2705 553 3006 609 movebitur
3035 553 3260 609 veritate
3277 560 3524 623 cogente.

2076 644 2165 699 ΙΙΙ.
2200 644 2390 700 Dixisti
2416 659 2515 717 per
2541 659 2639 701 nos
2671 646 2786 702 ﬁeri
2814 655 2868 702 et
2888 645 3030 717 quod
3066 647 3219 702 nobis
3245 645 3474 702 debeant
3502 644 3601 699 im-

1981 719 2180 805 putari
2236 734 2415 791 omnia
2458 735 2559 791 ista
2584 736 2778 806 quibus
2809 752 2948 791 nunc
3002 735 3236 792 mundus
3281 736 3516 806 quatitur
3550 741 3607 792 et.

2016 837 2257 897 urgetur,
2289 826 2430 899 quod
2476 827 2548 882 dii
2580 829 2741 883 vestri
2767 843 2797 882 a
2840 828 2995 883 nobis
3035 843 3140 884 non
3178 827 3440 884 colantur.
3490 826 3606 894 Qua

2009 919 2062 973 in
2094 928 2268 989 parte,
2307 910 2477 989 quiah
2509 921 2724 989 ignarus
2752 919 2947 975 divinae
2969 920 3286 991 cognitionis
3317 927 3372 975 et
3412 918 3611 974 verita-

2013 1009 2082 1065 tis
2103 1010 2309 1065 alienus
2330 1025 2409 1076 es,
2425 1009 2554 1066 illud
2576 1011 2751 1082 primo
2771 1010 2824 1066 in
2850 1010 2971 1066 loco
2995 1010 3136 1067 scire
3160 1009 3346 1077 debes,
3370 1008 3613 1065 senuisse

2006 1101 2117 1172 jam
2147 1101 2427 1169 mundum,
2458 1118 2565 1158 non
2595 1102 2699 1158 illis
2719 1102 2920 1158 viribus
2945 1111 3090 1159 stare
3109 1101 3304 1173 quibus
3330 1101 3480 1173 prius
3503 1109 3614 1157 ste—

2015 1201 2170 1258 terat,
2194 1208 2297 1250 nec
2317 1194 2497 1265 vigore
2512 1202 2567 1251 et
2586 1194 2779 1250 robore
2803 1209 2869 1251 eo
2887 1194 3069 1251 valere
3085 1209 3192 1265 quo
3204 1194 3273 1226 ’³⁷
3296 1202 3452 1250 antea
3470 1208 3613 1264 prte-

2016 1288 2246 1344 valebat.
2267 1287 2380 1344 Hoc
2409 1288 2594 1353 etiam,
2629 1288 2782 1343 nobis
2805 1289 3103 1344 tacentibus
3133 1296 3187 1343 et
3214 1287 3359 1343 nulla
3381 1288 3447 1343 de
3471 1284 3618 1343 Scri-

2019 1380 2189 1450 pturis
2233 1381 2432 1435 sanctis
2478 1380 3051 1453 praedicationibusque
3079 1380 3272 1436 divinis
3299 1379 3618 1435 documenta

2021 1472 2411 1541 promentihus,
2452 1470 2686 1526 mundus
2711 1472 2825 1541 ipse
2876 1470 2987 1541 jam
3018 1471 3254 1541 loquitur
3277 1478 3332 1525 et
3368 1484 3619 1526 occasum

2021 1563 2103 1617 sui
2130 1578 2308 1618 rerum
2334 1563 2628 1618 labentium
2663 1563 2980 1633 probatione
3008 1572 3252 1619 testatur.
3280 1560 3396 1617 Non
3427 1562 3622 1633 hyeme

2024 1653 2322 1717 nutriendis
2364 1653 2660 1709 seminibus
2708 1663 2854 1708 tanta
2895 1653 3148 1710 imbrium
3189 1654 3342 1726 copia
3373 1665 3484 1720 est,
3513 1669 3624 1712 non

2023 1743 2264 1816 frugibus
2289 1752 2477 1800 testate
2506 1744 2774 1801 torrendis
2798 1745 2929 1802 solis
2958 1755 3104 1803 tanta
3137 1758 3159 1786 ο
3191 1745 3469 1819 ﬂagrantia
3515 1756 3622 1817 est,

324 1848 470 1903 bere.
490 1844 911 1911 Sedenim,cum
933 1843 1081 1899 dicas
1094 1844 1351 1915 plurimas
1367 1846 1776 1917 conqueriquod
1789 1848 1926 1904 bella
1954 1849 2002 1909 B
2031 1852 2131 1892 11οο
2153 1838 2232 1893 Sic
2260 1847 2516 1893 vernanle
2559 1838 2820 1909 temperie
2864 1848 2978 1894 sala
3022 1839 3145 1895 Ιεειει
3172 1849 3318 1904 ευηῑ,
3356 1855 3461 1905 nec
3488 1842 3626 1899 adeo

324 1937 563 1995 crebrius
579 1944 819 2007 surgant,
833 1934 974 2006 quod
994 1935 1129 2001 lues,
1145 1934 1287 2006 quod
1311 1935 1479 1992 fames
1494 1938 1738 2004 sreviant,
1755 1940 1927 2010 quod-

325 2046 427 2103 que
443 2028 641 2084 imbres
662 2037 715 2083 et
732 2027 937 2098 pluvias
948 2042 1135 2084 serena
1151 2029 1304 2099 longa
1318 2028 1644 2098 suspendant
1658 2029 1813 2085 nobis
1832 2030 1932 2086 im-

326 2123 522 2192 putari,
539 2114 716 2174 tacere
732 2119 869 2173 ultra
883 2132 986 2173 non
1005 2128 1236 2189 oportet;
1258 2135 1324 2174 ne
1336 2119 1444 2187 jam
1461 2135 1578 2175 non
1587 2121 1924 2178 verecundiae

327 2210 422 2268 sed
448 2209 756 2265 diffidentia:
772 2223 893 2264 esse
919 2210 1135 2280 incipiat
1152 2210 1294 2281 quod
1318 2220 1573 2279 tacemus,
1593 2223 1645 2268 et
1666 2213 1793 2269 dum
1815 2212 1923 2270 cri-

328 2306 647 2362 minationes
663 2304 820 2359 falsas
844 2304 1238 2361 contemnimus
1249 2304 1505 2371 refutare,
1523 2306 1801 2362 videamur
1822 2307 1920 2363 eri-

328 2383 452 2453 tuen
476 2410 785 2467 agnoscere.
800 2394 1124 2466 ReSpondeo
1146 2394 1307 2466 igitur
1330 2404 1386 2451 et
1414 2396 1527 2458 tibi.
1561 2398 1924 2467 Demetriane,

331 2490 531 2561 pariter
545 2495 599 2543 et
611 2487 820 2542 carteris
832 2501 963 2557 quos
978 2495 1031 2541 tu
1043 2485 1265 2541 forsitan
1278 2487 1928 2553 concitasti,etadvcrsum

332 2598 432 2638 nos
460 2579 580 2636 odia
613 2580 717 2634 tuis
748 2562 1021 2635 maledicis
1062 2578 1282 2634 vocibus
1322 2579 1637 2634 seminando
1658 2623 1673 2647 ,
1703 2583 1931 2637 comites

334 2675 426 2730 tibi
444 2674 622 2744 plures
640 2672 836 2728 radicis
847 2680 1006 2742 atque
1019 2670 1239 2742 originis
1254 2678 1355 2725 tuae
1377 2670 1722 2741 pullulatione
1737 2670 1931 2740 fecisti;

333 2778 659 2837 quostamett
680 2762 945 2819 sermonis
969 2762 1136 2818 nostri
1152 2761 1433 2818 admittere
1455 2761 1616 2818 credo
1632 2762 1887 2818 rationem
1916 2779 1932 2816 :

2026 1930 2266 1985 arboreis
2281 1929 2497 1985 fmtibus
2511 1939 2766 1986 autumna
2782 1930 3031 1987 ftecunda
3045 1942 3190 1987 sunt.
3208 1929 3384 1987 Minus
3395 1931 3462 1988 de
3476 1931 3631 1989 effos-

2025 2026 2099 2081 sis
2117 2033 2171 2081 et
2189 2023 2418 2095 fatigatis
2439 2023 2708 2080 montibus
2723 2034 2982 2081 eruuntur
3022 2040 3350 2082 marmorum
3391 2036 3586 2083 crustae
3608 2069 3624 2095 ,

2026 2119 2202 2174 minus
2217 2119 2421 2190 argenti
2451 2126 2506 2175 et
2524 2118 2641 2176 auri
2659 2134 2792 2190 opes
2806 2129 3096 2192 suggerunt
3109 2118 3367 2176 exhausta
3383 2120 3495 2192 jam
3517 2136 3629 2179 me-

2027 2210 2168 2278 talla,
2196 2219 2251 2266 et
2273 2225 2533 2281 pauperes
2561 2226 2713 2267 vente
2734 2211 3041 2267 breviantur
3068 2212 3120 2266 in
3141 2210 3258 2267 dies
3283 2213 3522 2283 singulos
3573 2221 3631 2269 et

2024 2300 2365 2369 decrescunt,
2382 2301 2563 2359 deﬁcit
2578 2302 2629 2357 in
2644 2303 2785 2359 arvis
2796 2303 3048 2373 agricola,
3062 2304 3114 2358 in
3128 2304 3263 2359 mari
3279 2315 3459 2372 nauta,
3476 2304 3629 2362 miles

2037 2396 2088 2451 in
2133 2397 2346 2461 castris,
2381 2398 2685 2453 innocentia
2714 2398 2769 2453 in
2811 2398 2948 2464 foro,
2992 2396 3198 2468 justitia
3238 2400 3291 2454 in
3320 2398 3544 2469 judicio,
3575 2399 3629 2455 in

2034 2488 2285 2543 amicitiis
2308 2488 2615 2554 concordia,
2645 2490 2696 2544 in
2724 2490 2928 2547 artibus
2957 2491 3171 2562 peritia,
3196 2489 3249 2546 in
3282 2492 3521 2548 moribus
3545 2491 3629 2548 di-

2036 2578 2281 2650 sciplina.
2314 2580 2549 2637 Putasne
2594 2590 2792 2637 tantam
2821 2598 2978 2653 posse
3021 2585 3375 2642 substantiam
3418 2586 3494 2641 rei
3544 2601 3632 2643 se-

2035 2672 2309 2729 nescentis
2360 2673 2888 2747 existere-quantum
2958 2679 3106 2749 prius
3161 2680 3333 2749 potuit
3404 2682 3625 2737 novelln

2037 2763 2214 2820 adhuc
2260 2774 2312 2820 et
2338 2775 2527 2837 vegeta
2576 2765 2796 2837 juventa
2834 2768 3073 2840 pollere?
3114 2770 3382 2828 Minuatur
3412 2788 3634 2831 necesse

1568 2877 1954 2937 LECTIONES
1989 2878 2409 2938 VARIANTES.

399 3000 426 3029 α
465 2994 680 3048 Pedibus
699 2993 802 3047 suis
822 2992 951 3044 Bod.
980 2992 1029 3054 l,
1052 2992 1100 3056 2,
1122 2992 1171 3055 ‘5,
1197 2992 1245 3044 4.
1268 2992 1399 3044 Suis.
1421 2991 1542 3044 Nam
1560 2980 1675 3043 cum
1694 2993 1786 3043 Ar.
1806 2994 1937 3045 Lam.

341 3060 661 3115 Ebor.Woss.
684 3058 735 3107 2.
1392 3115 1402 3127 .

404 3120 434 3162 δ
467 3123 559 3185 Qui
585 3121 786 3185 ignarus
806 3116 927 3172 Bod.
961 3118 1007 3181 1,
1036 3119 1086 3181 5,
1112 3117 1161 3167 4.
1182 3116 1306 3168 Tltu.
1338 3120 1467 3169 Vict.

2043 2983 2159 3109 ἔρξε
2159 2994 2316 3048 Solita
2353 2995 2610 3059 ﬂagrantia
2634 2996 2765 3049 Bod.
2795 2998 2915 3060 1,2,
2938 2999 2987 3061 δ,
3026 2999 3075 3050 4.
3121 3001 3259 3052 Lam.
3304 3002 3450 3055 Ebor.
3500 3004 3629 3058 Tha.

1575 3220 1814 3278 STEPH.
1856 3221 2134 3280 BALUZII
2172 3223 2398 3281 NOTAE.

413 3337 943 3423 Incate'ent.Praefer_o
958 3335 1932 3423 hanelectionem,quia.illaminveni
1958 3338 2003 3401 C
2237 3341 2495 3399 adversus
2532 3342 2915 3423 Symmachum
2963 3363 2976 3400 :
3007 3347 3269 3423 Turbidus
3298 3368 3387 3408 aer
3419 3356 3637 3423 ponebat

343 3415 394 3470 in
426 3412 655 3482 antiquis
681 3409 1005 3482 editionibus
1048 3416 1105 3464 et
1147 3407 1200 3462 in
1247 3407 1629 3482 septemdecim
1651 3406 1929 3482 codicibus

343 3477 741 3551 litantiscriptis.
766 3480 897 3535 Eam
928 3494 1141 3549 quoque
1145 3480 1509 3605 1pmtulerunt
1532 3477 1708 3566 Angli.
1738 3479 1816 3533 Eo
1835 3494 1930 3534 vo-

346 3555 537 3605 calmlo
562 3554 869 3605 frenuenter
899 3559 1119 3605 utuntur
1192 3550 1508 3604 ertulltantts
1535 3558 1590 3604 et
1607 3550 1926 3605 Lvnrianus.

346 3555 537 3610 cabulo
562 3548 869 3623 frequenter
899 3548 1119 3623 utuntur
1145 3548 1508 3605 Tertulli-anus
1532 3558 1590 3623 et
1607 3548 1926 3623 Cyprianus.

343 3624 643 3681 Concilium
664 3621 998 3677 'Arelalense
1025 3622 1253 3691 primum
1293 3634 1509 3691 canone
1524 3621 1613 3691 l7.

347 3697 611 3764 episcopus
636 3694 794 3748 alium
831 3690 1124 3764 episcopum
1150 3690 1550 3764 inculcet._Vide
1591 3690 1774 3764 Jacobi
1802 3690 1931 3764 oGo-

348 3760 580 3821 tlmfredi
632 3773 784 3821 notas
812 3763 879 3818 ad
935 3760 1173 3817 librumt
1231 3760 1536 3816 Tertulliani
1562 3762 1630 3815 ad
1682 3760 1933 3817 Nationes

346 3853 468 3894 can.
502 3836 589 3892 lt).

415 3853 486 3961 ῐὲι
502 3853 754 3961 1«tiburtini
805 3904 997 3959 elidant
1048 3918 1155 3959 vos.
1202 3903 1602 3972 Quamvisista
1645 3911 1856 3959 exstent
1881 3903 1934 3957 in

350 3978 600 4034 omnibus
639 3976 964 4032 editionibus
1002 3985 1058 4030 et
1093 3975 1147 4030 in
1190 3976 1425 4046 quinque
1469 3974 1703 4046 antiquis
1744 3988 1935 4046 exem-

388 4050 606 4126 laribus,
635 4048 790 4126 facile
818 4046 1078 4126 delerent,
1109 4044 1230 4126 cum
1252 4046 1429 4126 desint
1466 4045 1520 4099 in
1542 4044 1841 4126 quindecim
1867 4045 1937 4126 li-

389 4068 606 4115 mrtuus,
638 4068 790 4103 tacut?
818 4068 1078 4112 UBICI'CI",
1109 4068 1230 4101 CIII"
1252 4068 1429 4101 υυδιιιι
1466 4068 1520 4099 111
1542 4068 1841 4126 ιιυιιιυεειιιιι
1867 4068 1937 4099 ιι-

350 4068 463 4175 [iris
484 4119 747 4174 nostriset
763 4129 996 4189 quatuor
1010 4117 1338 4189 Auglicanis,
1359 4125 1471 4189 tum
1496 4125 1795 4189 etiamnum
1818 4115 1937 4189 nul-

351 4191 453 4247 lius
497 4190 751 4246 momenti
782 4186 908 4244 Sunt
934 4187 1002 4244 ad
1051 4186 1434 4245 adstruendum
1459 4186 1511 4241 id
1539 4186 1680 4256 quod
1710 4186 1939 4258 Cypria-

354 4277 457 4318 nus
482 4261 756 4315 insinuare
775 4259 1005 4314 volebat.
1730 4304 1735 4309 .

426 4332 489 4386 ll.
507 4360 580 4371 —-
608 4328 859 4383 Patientia
882 4330 996 4383 vici.
1029 4328 1121 4400 Sic
1142 4328 1496 4400 Hieronymus
1524 4328 1574 4383 in
1604 4328 1840 4399 Epistula
1871 4329 1941 4382 ad

352 4400 766 4472 Parumne/tium
782 4400 1036 4472 adversus
1065 4399 1892 4472 Joannemjlierosolymitanum
1924 4414 1937 4451 :

328 4472 633 4529 ‘Noluimus
679 4470 767 4524 tibi
799 4470 1110 4525 occasionem
1137 4470 1278 4524 dare.
1317 4469 1623 4526 Videbamus
1648 4470 1780 4526 enim
1811 4479 1942 4525 stro-

353 4547 512 4617 pham
534 4541 818 4617 dilectionis
853 4549 974 4617 tuor.
1000 4540 1520 4617 lltjuriampatientia
1545 4542 1776 4617 uicimus.

431 4613 580 4738 Q’uod
604 4612 736 4668 bella
756 4612 1003 4676 crebrius.
1019 4610 1361 4680 Prudentius,
1379 4612 1478 4668 lib.
1493 4627 1531 4667 tt
1556 4613 1771 4669 adverus
1787 4610 1943 4684 Sym-

431 4701 468 4738 γε
488 4702 591 4738 tum
621 4700 637 4737 ἶ
733 4703 737 4707 ’

355 4700 591 4743 macnum
621 4700 637 4737 ἶ
733 4703 737 4707 ’

478 4799 541 4873 lit
561 4801 778 4873 suntqui
800 4799 947 4873 nobis
963 4798 1097 4849 bella
1119 4797 1616 4873 exprobaresinistra

477 4862 588 4915 Non
607 4859 830 4913 dubitant
849 4870 1103 4925 postquam
1127 4859 1423 4923 templorum
1446 4861 1718 4924 sprevimus
1741 4872 1865 4910 aras.

429 4966 625 5023 Imbres
647 4973 693 5022 et
721 4966 941 5038 pluvias.
982 4964 1206 5021 Novella
1228 4963 1519 5038 Theodosii
1544 4963 1631 5038 de,
1655 4965 1853 5023 Judaais
1893 4976 1949 5024 et

355 5039 705 5097 Samaritanis
723 5036 749 5094 7:
777 5037 859 5092 An
884 5037 1075 5091 diutius
1103 5036 1404 5107 perferimus
1449 5037 1633 5089 mutari
1664 5042 1948 5108 temporum

359 5113 506 5175 vices,
529 5117 662 5164 irata
698 5108 812 5164 coeli
854 5108 1094 5178 temperie
1115 5148 1129 5167 ,
1157 5121 1270 5176 quae
1311 5123 1626 5178 paganorum
1654 5109 1949 5178 exacerbata

356 5180 548 5251 peﬁdia
582 5180 737 5235 nescit
789 5188 990 5251 natura:
1009 5177 1309 5251 libramenta
1342 5194 1556 5251 _servare
1583 5179 1608 5231 ?
1643 5177 1789 5233 Unde
1816 5181 1948 5234 enim

356 5247 442 5306 uer
466 5252 667 5306 solitam
704 5254 921 5320 gratiam
941 5248 1217 5320 abjuravit,
1243 5247 1381 5320 unde
1404 5257 1554 5320 uastas
1593 5265 1752 5304 messe
1766 5250 1951 5320 jejuna

357 5323 663 5377 laboriosum
703 5317 983 5390 agricolam
1002 5317 1079 5372 'in
1107 5335 1194 5389 spe
1217 5317 1439 5390 destituit
1491 5317 1785 5385 aristarum,
1816 5317 1952 5376 unde

359 5394 553 5464 hycmis
579 5388 911 5464 intemperata
937 5390 1176 5464 ferocitas
1188 5388 1566 5464 omubertatem
1591 5401 1837 5464 terrarum
1865 5407 1952 5464 pe-

358 5460 593 5520 nétrabili
636 5460 829 5534 frigore
870 5460 1150 5534 sterilitatis
1180 5460 1386 5534 laesione
1406 5460 1685 5524 damnavit,
1710 5462 1808 5514 nisi
1837 5462 1954 5534 quia

358 5535 429 5589 ad
475 5532 750 5605 impietatis
794 5532 1065 5588 vindictam
1122 5533 1303 5586 transit
1350 5532 1457 5603 lege
1489 5548 1583 5586 sua
1629 5541 1827 5587 natura
1868 5532 1956 5586 de-

360 5615 553 5660 cretum
581 5606 606 5658 'l

435 5675 630 5730 Sereno
654 5675 825 5747 longa.
866 5674 1098 5747 Mattltmj
1130 5680 1215 5729 xvi
1242 5691 1255 5727 :
1290 5672 1537 5747 Serenum
1566 5674 1680 5739 erit,
1722 5674 1961 5747 rubicun-

362 5747 487 5803 dum
524 5755 598 5800 est
634 5744 767 5800 enim
803 5747 1005 5801 caelum.
1045 5744 1403 5814 Hieronymus
1441 5744 1531 5799 lib.
1558 5760 1597 5799 tt
1635 5755 1821 5801 contra
1860 5745 1958 5802 Pe-

363 5817 624 5891 lagianos,
664 5818 718 5885 in
754 5833 930 5874 sereno
969 5817 1191 5889 patimur
1226 5822 1590 5888 tempestatem.
1617 5816 1960 5889 Prudentius,

1707 3630 1725 3674 t
1760 3621 1929 3675 nullus
1960 3680 1968 3687 ,

1968 4731 2023 4792 Β

2035 3413 2283 3493 liguidum
2319 3429 2385 3468 ea:
2410 3429 2530 3468 area
2559 3413 2811 3493 serenum.
2842 3416 2986 3474 Idem
3015 3419 3071 3475 in
3109 3420 3310 3493 hymno
3338 3413 3635 3486 matutino:

2037 3481 2164 3559 Haec
2190 3484 2283 3538 tua:
2309 3488 2822 3559 serenumconferat.

2118 3554 2477 3638 Verecundius.
2504 3554 2863 3638 Hieronymus
2899 3559 2953 3638 in
2995 3561 3230 3632 Epistola
3270 3565 3336 3620 ad
3366 3566 3638 3638 Theophi-

2034 3624 2143 3702 lum
2174 3624 2631 3702 Alexandrinum;
2675 3624 2843 3699 Macte
2882 3624 3100 3699 uirtute,
3144 3644 3304 3690 macte
3340 3637 3452 3691 zelo
3492 3624 3632 3702 fidei.

2038 3696 2317 3777 patertdisti
2364 3699 2500 3767 quod
2556 3698 2662 3777 huc
2678 3696 3279 3777 '_usque__tacitur_nitatis
3326 3696 3637 3777 dispensatio

2034 3768 2165 3838 fuit,
2194 3783 2296 3821 non
2325 3766 2617 3823 consensus.
2644 3766 2811 3837 Idem,
2854 3770 2946 3825 lib.
2992 3787 3010 3824 1
3046 3772 3303 3829 adversus
3340 3766 3636 3837 Ruﬁnum:

2036 3835 2104 3890 Et
2130 3838 2391 3918 ostendam
2419 3838 2555 3918 quod
2585 3838 2684 3918 liae
2702 3835 2866 3918 usque
2892 3842 3145 3918 silentium
3174 3845 3436 3918 modestia:
3460 3835 3636 3918 fuerit,

2037 3924 2139 3990 non
2166 3908 2316 3962 mala:
2340 3909 2677 3990 conscientiae.
2689 3908 2929 3990 §anctus
2945 3912 3292 3990 _A_mb_t_'os_ius,
3315 3918 3368 3972 in
3397 3908 3638 3990 Epistola

2037 3979 2295 4033 adversus
2319 3978 2649 4064 relationem
2688 3979 3031 4052 Symmachi,
3063 3978 3517 4046 dissimulationem
3544 4010 3639 4064 pro

2038 4065 2285 4121 consensu
2312 4059 2723 4121 interpretantes.

2111 4118 2665 4200 liesponileoJCodex
2716 4125 2888 4180 sancti
2937 4125 3201 4200 Arnulpbi
3230 4141 3286 4187 et
3334 4133 3499 4190 editio
3527 4134 3645 4192 Mo-

2043 4191 2271 4268 relliana
2293 4192 2705 4268 ﬂesponodemus.

2111 4262 2429 4344 ΙΙΙέ-ςέριιρά
2459 4264 2533 4344 dii
2554 4266 2726 4344 uestri.
2757 4265 3067 4344 Lactantius
3095 4270 3188 4344 lib.
3213 4288 3268 4333 γ.
3292 4288 3411 4343 cap.
3436 4274 3489 4329 8.
3518 4272 3642 4330 Dis-

2041 4333 2319 4410 cite-igitur
2349 4336 2577 4390 homines
2596 4335 2719 4410 ideo
2750 4340 2913 4394 malos
2944 4356 3051 4396 esse
3073 4342 3193 4410 quia
3222 4344 3295 4396 dii
3324 4333 3583 4399 coluntur.

2077 4476 2088 4485 .
2124 4402 2375 4459 Vérnante
2402 4406 2655 4486 temperie.
2681 4407 2853 4486 Antea
2883 4402 3159 4486 legebatur
3185 4427 3338 4486 uerna
3365 4413 3428 4468 de
3450 4424 3639 4486 tempe-

2044 4476 2118 4528 rie
2147 4490 2241 4528 sua
2270 4486 2383 4529 sata
2407 4476 2523 4531 fleta
2548 4488 2687 4532 sunt.
2718 4478 2915 4537 Veram
2940 4476 3231 4537 lectionem
3260 4476 3562 4541 invenimus
3588 4488 3641 4543 in

2044 4554 2274 4627 quatuor
2298 4546 2527 4627 antiquis
2550 4550 2947 4627 esemplaribus
2963 4591 2979 4616 ,
3001 4566 3228 4627 ea_m_que
3250 4567 3311 4627 se
3337 4555 3390 4609 in
3420 4556 3642 4627 antiquo

2045 4614 2182 4671 libro
2208 4614 2476 4672 invenisse
2501 4619 2687 4675 scribit
2714 4614 3007 4676 Morellius.
3040 4614 3213 4676 Etiam
3242 4623 3374 4679 falsa
3404 4614 3639 4684 osten'd'tt

2049 4686 2220 4767 istam_
2235 4701 2357 4743 esse
2381 4702 2582 4743 veram.
2608 4689 2738 4744 Nam
2762 4705 2884 4745 eum
2907 4689 3099 4747 habeat
3124 4709 3275 4747 uerna
3296 4696 3361 4751 de
3382 4700 3641 4767 temperie,

2049 4757 2388 4834 manifestum
2412 4768 2492 4834 est
2511 4775 2748 4834 errorem
2774 4771 2949 4834 ortum
2977 4777 3099 4818 esse
3118 4778 3183 4818 ex
3214 4780 3345 4821 voce
3370 4757 3640 4834 vern'ante,

2050 4843 2210 4902 quam
2260 4827 2512 4902 librarius
2560 4847 2663 4886 non
2694 4831 2994 4902 intelligens
3031 4834 3207 4902 posuit
3241 4838 3457 4893 vernade
3487 4827 3644 4893 unico

2051 4900 2310 4986 v‘ocabulo
2346 4915 2453 4986 pro
2482 4910 2765 4986 seruante.
2812 4900 3008 4986 supra,
3031 4900 3209 4975 Epist.
3257 4922 3349 4976 xv,
3392 4924 3511 4980 pag.
3547 4911 3640 4966 ‘25:

2053 4968 2308 5043 Successit
2335 4970 2491 5043 hiemi
2514 4986 2666 5043 uerna
2693 4968 2973 5043 temperies.

2125 5041 2289 5121 areis.
2332 5039 2641 5121 Tamenctsi
2666 5039 2832 5121 sciam
2860 5044 3143 5121 lectionem
3178 5050 3441 5121 vulgatam
3470 5091 3485 5115 ,
3526 5067 3646 5120 qute

2053 5111 2396 5193 habetagris,
2414 5125 2549 5193 esse
2570 5113 2827 5193 optimam
2845 5156 2861 5182 ,
2891 5116 3046 5193 istaut
3077 5111 3324 5193 pra-fero,
3347 5111 3481 5193 quia,
3498 5111 3645 5180 illaut

2055 5182 2230 5264 inveni
2258 5182 2315 5264 in
2339 5181 2640 5263 quindecim
2669 5181 3053 5264 librisénostris
3073 5181 3389 5264 ,'__etiau_i5iu
3423 5192 3648 5264 oSeguie-

2053 5254 2240 5334 pinno,
2270 5254 2417 5334 et.in
2441 5264 2674 5334 quatuor
2711 5254 3035 5334 Bodleianis.
3075 5254 3174 5334 βία
3212 5261 3373 5317 etiam
3419 5254 3649 5322 habebat

2055 5322 2400 5378 Veronensis.
2441 5324 2518 5379 Ita
2548 5326 2709 5380 etiam
2734 5326 2904 5383 editio
2925 5329 3253 5387 Morelliana.

2126 5392 2364 5470 Iuventa.
2408 5394 2590 5470 Facile
2608 5405 2700 5470 est
2729 5398 2980 5470 praeferre
3013 5402 3152 5456 hanc
3179 5401 3499 5470 lectionem,
3526 5421 3648 5464 cum

2059 5464 2201 5546 illam
2247 5464 2476 5546 habeant
2517 5464 2859 5546 vigintin'libri
2904 5472 3074 5546 nostri
3114 5481 3169 5546 et
3210 5488 3305 5529 sex
3329 5464 3650 5546 Anglicani,

2061 5543 2170 5617 tum
2217 5537 2377 5617 etiam
2416 5551 2605 5617 omnes
2647 5537 3647 5617 editionesPamelianaautiquiores:

2062 5605 2329 5688 .Pameli‘us
2358 5608 2534 5688 posuit
2550 5609 2849 5688 juventute,
2879 5609 3150 5688 professus
3174 5630 3236 5688 se
3274 5614 3344 5669 ita
3386 5605 3658 5676 invenisse

2064 5677 2117 5757 in
2148 5684 2375 5746 quatuor
2400 5677 2633 5757 antiquis
2659 5677 2954 5757 codicibus.
2997 5682 3267 5757 Memoriae
3296 5697 3475 5744 autem
3505 5689 3660 5757 lapsu

2307 5758 2390 5806 est
2425 5754 2485 5805 ut
2528 5745 2805 5828 monuerit
2850 5751 3149 5811 Morelliutn
3189 5755 3265 5813 ita
3310 5772 3523 5833 quoque
