4302 6296
598 276 705 345 54⁸1

1993 270 2131 333 DIVI
2167 262 2487 333 CYPRIANI

3788 268 3905 336 3&8“

599 412 682 460 est
706 399 957 474 quicquid
986 399 1095 455 line
1121 398 1232 469 jam
1259 395 1504 468 proximo
1530 395 1581 452 in
1612 392 1831 451 occidua
1864 400 1918 450 et
1946 402 2189 449 extrema
2217 392 2268 452 Α
2295 389 2518 447 adversa
2551 390 2768 465 variari,
2817 396 2871 445 et
2923 386 3385 462 appropinquante
3431 386 3540 460 jam
3588 386 3775 461 indicii
3805 389 3897 448 die

598 494 855 566 devergit.
885 493 975 547 Sic
1004 492 1087 547 soi
1107 490 1167 546 in
1191 504 1391 546 occasu
1410 503 1509 545 suo
1538 487 1723 544 radios
1744 486 1919 540 mimis
1961 484 2111 539 claro
2140 491 2196 537 et

600 588 756 657 igneo
780 584 1066 656 splendore
1083 583 1370 653 iaculatur;
1398 582 1499 646 sic,
1528 580 1833 636 declinante
1857 578 1967 649 iam
1990 586 2149 632 cursu
2176 617 2191 643 ,

592 677 830 735 exoletis
856 676 1112 731 cornibus
1140 675 1264 730 luna
1310 682 1578 739 teauatur,
1602 680 1658 727 et
1683 670 1845 726 arbor
1872 682 1990 739 qute
2020 666 2201 722 fuerat

602 778 728 825 ante
754 765 946 823 viridis
972 778 1025 822 et
1055 765 1266 831 fertilis,
1299 764 1672 820 arescentibus
1690 762 1854 816 ramis
1876 760 1932 814 iit
1962 768 2201 829 postmo-

603 862 729 914 dum
755 857 922 919 sterili
943 864 1218 912 senectute
1238 853 1516 918 deformis;
1542 863 1598 909 et
1628 852 1747 906 fons
1779 852 1891 921 qui,
1923 849 2200 923 exundan-

606 953 746 1007 tibus
776 951 919 1023 prius
947 951 1118 1018 venis,
1147 948 1364 1019 largiter
1385 945 1701 1017 proﬂuebit,
1739 953 2025 1000 senectute
2070 941 2202 996 deli—

605 1046 753 1100 ciens
780 1085 799 1110 ,
842 1042 929 1098 vix
980 1042 1191 1098 modico
1225 1039 1423 1097 sudore
1474 1037 1714 1094 di5tiliat.
1768 1035 1892 1091 llaec
1938 1035 2203 1091 sententia

607 1134 805 1190 ιιιιιηιΙο
821 1134 942 1189 data
954 1142 1057 1200 est,
1082 1132 1198 1187 haec
1212 1129 1410 1187 Deilex
1426 1139 1528 1195 est,
1553 1137 1609 1182 ut
1629 1126 1811 1181 omnia
1821 1136 1937 1181 orta
1960 1125 2210 1181 occidant

609 1236 664 1281 ct
695 1234 847 1281 aucta
868 1236 1170 1292 senescant,
1190 1234 1244 1279 et
1272 1221 1609 1277 inﬁrmentur
1633 1219 1811 1285 fortia,
1828 1228 1881 1273 et
1908 1230 2103 1288 magna
2116 1218 2208 1272 mi-

610 1328 865 1381 nuantur,
883 1330 1071 1374 etcum
1086 1316 1415 1371 inﬁrmataet
1428 1312 1684 1367 diminuta
1700 1310 1921 1377 fuerint,
1935 1309 2205 1363 linianttm

683 1408 1111 1465 lV.Cbristianis
1159 1410 1388 1476 imputas
1426 1402 1569 1473 quod
1620 1402 1930 1456 minuantur
1976 1402 2207 1469 singula,

613 1501 811 1559 tnundo
863 1505 1199 1555 senescente.
1234 1494 1372 1561 Quid
1407 1495 1451 1548 si
1482 1502 1535 1548 et
1559 1507 1716 1546 senes
1760 1492 2019 1561 imputant
2049 1489 2211 1545 Citri-

613 1594 802 1653 stianis
847 1592 991 1665 quod
1047 1590 1223 1645 minus
1256 1588 1469 1643 valeant
1497 1586 1548 1640 in
1596 1592 1895 1649 senectute,
1929 1582 2070 1654 quod
2106 1596 2210 1636 non

615 1686 840 1759 perinde
894 1695 953 1740 ut
1005 1669 1153 1755 prius
1197 1678 1412 1751 vigeant
1454 1678 1639 1733 auditu
1659 1678 1894 1743 aurium,
1920 1688 2081 1731 cursu
2115 1690 2211 1745 pe-

2297 484 2470 555 magis
2514 497 2579 538 ac
2605 484 2773 555 magis
2821 485 2873 538 in
2913 483 3093 554 plagas
3122 483 3331 555 generis
3364 483 3581 538 humani
3609 498 3892 541 censuram

2300 576 2393 631 Dei
2431 575 2753 647 indignantis
2800 576 3043 631 accendi.
3073 574 3187 631 Non
3242 576 3406 641 enim,
3454 577 3592 631 sicut
3648 585 3734 631 tua
3767 576 3898 632 falsa

2299 668 2633 736 querimonia
2654 677 2710 722 et
2736 667 3005 737 imperitia
3032 667 3277 722 veritatis
3308 667 3490 738 ignara
3514 667 3681 738 jactat
3707 678 3758 723 et
3787 668 3901 724 cla-

2301 759 2475 823 mitat,
2501 758 2600 812 ista
2630 758 2886 813 accidunt
2932 759 3081 829 quod
3110 758 3187 814 dii
3235 759 3399 814 chtri
3427 774 3455 813 a
3487 759 3641 815 nobis
3671 774 3777 815 non
3803 773 3898 816 co-

2304 849 2499 915 lantur,
2527 851 2622 905 sed
2643 850 2785 920 quod
2810 864 2841 906 a
2870 852 3021 907 vobis
3046 866 3150 907 non
3167 851 3374 907 colatur
3404 851 3563 908 Dens.
3587 848 3744 918 Nam,
3770 864 3890 907 cum

2305 942 2418 1011 ipse
2444 942 2514 997 sit
2558 943 2738 997 mundi
2768 943 3017 999 dominus
3052 952 3106 1000 et
3144 953 3339 1007 rector.
3384 954 3441 1002 et
3468 950 3657 1002 cn‘ncta
3683 946 3903 1002 arbitrio

2304 1034 2425 1103 ejus
2449 1042 2507 1089 et
2533 1045 2661 1090 nutu
2700 1044 2971 1106 gerantur,
3002 1042 3106 1093 nec
3142 1038 3431 1109 quicquam
3473 1034 3587 1095 ﬁeri
3612 1041 3779 1110 possit
3800 1039 3905 1096 nisi

2306 1128 2447 1195 quod
2496 1135 2586 1183 aut
2640 1126 2829 1184 fecerit
2874 1136 2969 1183 aut
3013 1130 3132 1185 ﬁeri
3174 1131 3288 1201 ipse
3335 1130 3665 1201 permiserit,
3720 1131 3904 1202 utique

2308 1220 2524 1290 quando
2552 1234 2614 1275 ea
2662 1219 2801 1275 tiens
2841 1230 2962 1291 quia
3009 1220 3167 1276 iram.
3204 1221 3299 1276 Dei
3343 1221 3667 1292 indignantis
3720 1231 3905 1279 osten-

2314 1312 2447 1365 dunt
2476 1320 2525 1389 ﬂ,
2555 1323 2661 1366 non
2684 1320 2907 1382 propter
2941 1324 3040 1366 nos
3064 1311 3212 1378 tium,
3245 1328 3275 1367 a
3303 1313 3496 1383 quibus
3529 1314 3669 1369 Deus
3692 1315 3908 1383 colitur,

2312 1401 2407 1456 sed
2435 1402 2642 1457 delictis
2692 1411 2747 1458 et
2796 1403 3002 1459 meritis
3052 1406 3244 1461 vestris
3296 1405 3617 1475 irrogantur,
3647 1420 3675 1459 a
3717 1405 3912 1476 quibus

2315 1493 2459 1548 Dens
2496 1496 2717 1549 omnino
2747 1508 2845 1550 nec
2871 1496 3129 1565 quaeritur
3153 1510 3252 1550 nec
3289 1496 3526 1563 timetur,
3559 1511 3677 1564 nec,
3711 1480 3914 1555 relictis

2314 1587 2467 1641 vanis
2487 1588 2974 1657 superstitionibus,
2998 1588 3185 1659 religio
3205 1603 3328 1643 vera
3346 1589 3705 1659 cognoscitur,
3721 1598 3800 1656 ut,
3820 1580 3915 1660 qui

2326 1681 2463 1735 Deus
2480 1692 2617 1736 uitus
2638 1692 2720 1735 eet
2740 1682 3008 1747 omnibus,
3027 1694 3162 1736 unus
3182 1682 3387 1736 colatur
3404 1682 3472 1738 ab
3487 1682 3733 1738 omnibus
3748 1690 3802 1737 et
3830 1696 3919 1738 ro-

617 1780 767 1845 dum,
799 1778 1076 1834 oculorum
1124 1774 1261 1839 acie,
1317 1772 1513 1827 virium
1567 1771 1785 1837 robore,
1835 1784 1997 1826 succo
2046 1770 2291 1838 visae-3
2326 1780 2501 1843 getur.

617 1886 759 1937 rum,
785 1869 928 1925 mole
953 1866 1312 1921 membrorum
1337 1881 1352 1931 ;
1385 1871 1439 1919 et
1462 1877 1584 1918 cum
1613 1863 1739 1919 olim
1771 1860 1906 1917 ultra
1930 1862 2211 1932 octingen-

619 1973 702 2018 tos
721 1971 775 2017 et
798 1967 1094 2032 nongentos
1118 1971 1293 2037 annos
1315 1956 1426 2011 vita
1456 1954 1731 2010 hominum
1762 1955 1999 2025 longteva
2021 1966 2214 2022 proce—

617 2056 790 2121 deret,
821 2053 909 2108 vix
938 2066 1079 2107 nunc
1108 2050 1279 2122 possit
1301 2048 1367 2104 ad
1390 2046 1756 2113 centenarium
1781 2062 2061 2101 numerum
2091 2061 2214 2116 per-

623 2132 835 2204 veniri?
884 2144 1061 2201 Canos
1105 2142 1354 2199 videmus
1398 2142 1457 2196 in
1513 2140 1710 2210 pueris,
1738 2139 1917 2209 capilli
1960 2138 2217 2196 deﬁciunt

629 2249 914 2311 antequam
964 2245 1373 2302 crescant;nec
1412 2242 1542 2288 tetas
1583 2232 1635 2286 in
1678 2239 1954 2288 senectute
1997 2230 2215 2298 desinit,

627 2322 722 2391 sed
751 2332 935 2402 incipit
960 2346 990 2386 a
1013 2337 1313 2386 senectute.
1354 2326 1443 2382 Sic
1488 2326 1539 2380 in
1581 2332 1700 2380 ortu
1729 2324 1902 2379 adhuc
1931 2338 2031 2379 suo
2059 2322 2123 2377 ad
2156 2322 2219 2377 li-

626 2441 746 2480 nem
777 2422 1025 2477 nativitas
1058 2426 1310 2491 properat
1336 2434 1352 2482 ;
1380 2418 1461 2472 sic
1487 2414 1863 2486 quodcumque
1888 2428 2030 2469 nunc
2054 2415 2222 2468 nasci-

626 2526 732 2584 tur,
758 2516 939 2572 mundi
968 2513 1134 2585 ipsius
1176 2518 1451 2569 senectute
1502 2508 1828 2579 degenerat:
1855 2516 1913 2562 ut
1933 2518 2095 2570 nemo
2122 2506 2223 2560 mi-

626 2609 730 2664 rari
752 2608 943 2687 debeat
965 2607 1169 2678 singula
1191 2606 1245 2659 in
1269 2602 1468 2659 mundo
1481 2602 1709 2673 coepisse
1729 2599 1979 2687 deiicere,
2008 2598 2223 2669 quando

631 2681 921 2770 totns'ipse
944 2700 1052 2769 jam
1082 2697 1318 2753 mundus
1368 2695 1422 2750 in
1452 2692 1751 2753 defectione
1772 2694 1840 2747 sit
1870 2681 2002 2748 et°in
2026 2691 2149 2747 line.

708 2794 950 2863 V.Quod
1005 2803 1184 2849 autem
1239 2792 1481 2847 crebrius
1531 2789 1665 2845 bella
1719 2790 2053 2854 continuant,
2083 2789 2226 2860 quod

630 2885 881 2941 sterilitas
901 2891 955 2939 et
974 2883 1141 2939 fames
1168 2881 1583 2938 sollicitudinem
1604 2881 1896 2946 cumulant,
1925 2882 2092 2953 quod,
2118 2897 2222 2941 sm.-

630 2978 901 3033 vientibus
926 2975 1149 3041 morbis,
1178 2972 1424 3029 valetudo
1451 2971 1728 3043 frangitur,
1758 2971 1907 3043 quod
1940 2972 2227 3029 linmannm

633 3072 920 3144 genusluis
945 3071 1287 3143 populatione
1305 3067 1749 3135 vastatur,ethoc
1771 3068 1911 3122 scias
1944 3081 2063 3123 esse
2093 3084 2229 3138 pra:-

2388 1862 2477 1917 γι.
2508 1862 2685 1933 ipsum
2713 1863 2951 1934 denique
2997 1865 3121 1920 audi
3175 1865 3503 1936 loquentem,
3552 1866 3724 1937 ipsum
3770 1880 3906 1925 voce

2315 1958 2494 2012 divina
2552 1958 2907 2015 instruentem
2960 1970 3056 2014 nos
3084 1961 3284 2030 pariter
3318 1972 3380 2016 ac
3418 1970 3723 2017 manentem
3756 1978 3768 2015 :
3802 1960 3912 2015 Do-

2316 2052 2510 2104 minum
2537 2050 2703 2107 Deum
2736 2061 2880 2105 tuum
2916 2053 3175 2121 adorabis,
3210 2053 3401 2124 inquit,
3427 2056 3474 2109 et
3496 2055 3575 2109 illi
3610 2055 3709 2109 soli
3732 2055 3916 2110 servies

2319 2140 2496 2211 θῦσαι.
2527 2152 2600 2209 Vt,
2637 2144 2752 2214 l5).
2814 2144 2881 2199 Et
2933 2145 3168 2200 iterum:
3201 2143 3323 2200 Non
3367 2148 3515 2199 erant
3567 2147 3659 2200 tibi
3710 2144 3784 2200 dii
3829 2145 3922 2201 alii

2319 2237 2504 2305 absque
2522 2251 2599 2291 me
2617 2235 2809 2308 (Exod.
2834 2252 2926 2304 xx,
2943 2238 3020 2309 3).
3052 2238 3115 2292 Et
3141 2237 3330 2293 iterum
3351 2254 3364 2292 :
3384 2234 3455 2270 ¹¹⁶
3474 2235 3648 2293 Nolite
3663 2237 3925 2293 ambulare

2321 2339 2435 2397 post
2458 2330 2579 2383 deos
2607 2327 2799 2384 alienos
2821 2338 2879 2383 ut
2900 2331 3127 2384 servietis
3152 2331 3240 2392 eis.
3264 2334 3311 2385 ei
3335 2340 3397 2384 ne
3418 2330 3748 2385 adoraveritis
3780 2347 3863 2386 eos
3887 2345 3909 2393 ;

2321 2430 2369 2473 et
2399 2435 2463 2473 ne
2504 2421 2719 2474 incitetis
2740 2419 2767 2458 δ
2799 2436 2879 2475 me
2908 2423 2960 2475 in
2991 2421 3229 2488 operibus
3272 2431 3514 2476 uiantium
3543 2431 3822 2477 vestrarum
3850 2421 3919 2477 ad

2324 2514 2687 2584 disperdendos
2710 2531 2794 2569 vos
2817 2514 3070 2585 (Hiercm.
3095 2528 3230 2580 xxv,
3266 2515 3341 2586 6).
3372 2512 3634 2587 Propheta
3667 2514 3791 2571 item
3815 2513 3928 2586 Spi-

2325 2608 2430 2662 ritu
2458 2617 2648 2662 saneto
2673 2605 2869 2674 plenus
2918 2616 3257 2663 contestatur
3277 2618 3331 2661 et
3357 2607 3641 2662 denuntiat
3668 2610 3800 2662 iram
3832 2607 3926 2663 Dei

2326 2698 2513 2754 dicens
2537 2712 2549 2748 :
2585 2696 2711 2751 Hac
2738 2698 2857 2752 dicit
2882 2697 3135 2753 Dominus
3172 2700 3491 2767 omnipatens
3519 2714 3538 2752 :
3563 2697 3642 2753 Eo
3671 2699 3805 2769 quod
3831 2698 3928 2752 ito-

2328 2809 2442 2848 mus
2479 2807 2592 2847 mea
2620 2794 2818 2849 deserta
2848 2804 2939 2857 est,
2971 2807 3059 2845 vos
3111 2800 3277 2863 autem
3305 2792 3568 2845 sectamini
3592 2791 3932 2861 unusquisque

2329 2885 2380 2939 in
2402 2885 2607 2938 domum
2647 2901 2813 2951 suam,
2838 2893 3103 2955 propterea
3146 2882 3413 2936 abstinebit
3438 2883 3619 2937 caelum
3660 2898 3694 2935 ιι
3719 2898 3852 2947 rore,
3884 2890 3931 2936 et

2331 2988 2465 3033 terra
2495 2978 2753 3035 subtrahet
2781 2989 2802 3015 θ
2838 2977 3208 3047 procreationes
3253 2991 3406 3039 suas,
3439 2985 3483 3029 et
3537 2976 3776 3030 inducam
3814 2975 3931 3046 gla-

2333 3072 2474 3125 dium
2494 3086 2655 3141 ‘super
2701 3076 2885 3123 terram
2927 3076 2974 3122 et
3003 3074 3155 3134 super
3185 3068 3495 3136 frumentum
3523 3074 3569 3119 et
3591 3082 3743 3134 super
3762 3067 3932 3119 vinum

633 3165 857 3233 dictum,
883 3165 937 3220 in
961 3162 1266 3219 novissimis
1288 3150 1618 3232 temporibus
1641 3160 1976 3230 multiplicari
2001 3162 2145 3216 mala
2172 3169 2227 3217 et
2252 3157 2311 3221 C.
2330 3176 2385 3221 at
2402 3180 2557 3236 super
2568 3164 2753 3228 oleum,
2773 3170 2821 3216 et
2839 3174 2991 3230 super
3004 3158 3230 3212 homines
3257 3166 3303 3211 et
3323 3173 3475 3228 super
3491 3172 3691 3227 pecora,
3717 3166 3764 3211 et
3776 3172 3932 3227 super

1865 3276 2243 3341 LECTIONES
2281 3274 2698 3341 YARIANTES.

701 3372 726 3403 ⁸
747 3371 1034 3422 Αωριιᾱιιιιι
1052 3372 1143 3421 Ar.
1164 3371 1285 3421 Bois.

698 3432 728 3473 Β
763 3435 978 3487 Irritetis
1009 3433 1056 3485 Ν
1064 3434 1117 3484 C.
1140 3433 1190 3480 2.

2407 3379 2431 3408 ο
2465 3374 2707 3426 Retrahet
2723 3373 2812 3423 Ar.

1874 3518 2115 3576 STEPH‘.
2155 3521 2427 3580 BALUZII
2460 3518 2687 3577 NOTAE.

714 3614 1034 3682 iV.-—-Quod
1044 3614 1338 3683 minuantur
1348 3611 1567 3683 singula.
1587 3611 1650 3667 Et
1676 3618 1850 3667 tamen
1876 3613 2064 3669 eadem
2094 3614 2234 3670 mala

642 3688 888 3745 ercuisse
906 3680 965 3741 in
991 3685 1215 3756 imperio
1237 3680 1478 3738 Romano
1502 3692 1624 3737 ante
1645 3699 1802 3753 quam
1829 3684 2128 3756 christiana
2147 3701 2235 3739 re-

648 3762 772 3832 ligio
797 3760 851 3813 in
876 3772 945 3832 eo
976 3754 1189 3811 fundata
1220 3761 1364 3832 esset
1392 3762 1597 3810 certum
1629 3764 1709 3832 est
1736 3754 1977 3832 et_facile
2017 3754 2234 3832 probiri

646 3824 1006 3903 posset._Utar
1026 3837 1201 3903 tamen
1223 3826 1289 3903 ad
1314 3842 1431 3903 eam
1454 3840 1564 3880 rem
1582 3824 1906 3895 probandam
1931 3826 2239 3881 testimonio

651 3896 805 3957 unius
832 3899 1171 3963 Columellas,
1204 3897 1292 3966 qui
1325 3896 1528 3950 vicinos
1556 3904 1671 3951 erat
1702 3904 2002 3951 nostrorum
2031 3906 2236 3965 tempo-

650 3984 788 4027 rum.
842 3970 892 4025 ls
929 3982 1059 4038 ergo
1099 3969 1150 4021 in
1188 3965 1500 4038 przefatione
1539 3965 1795 4038 librorum
1823 3982 2039 4022 suorum
2069 3969 2132 4021 de
2166 3967 2238 4022 lie

652 4044 839 4096 rustica
881 4041 954 4093 ait
988 4034 1627 4108 stupentimeroicivitatis
1671 4034 1929 4108 Romana:
1964 4038 2238 4108 principes

652 4113 902 4181 culpasse
939 4124 1031 4165 sua
1072 4117 1229 4181 actate
1267 4107 1427 4181 modo
1464 4118 1710 4175 agrorum
1755 4107 2234 4181 iniaecunditatem,

657 4174 817 4238 modo
845 4182 964 4237 coeli
998 4194 1095 4249 per
1121 4179 1283 4250 multa
1308 4178 1416 4247 jam
1441 4174 1953 4250 temporahnoxiam
1992 4174 2234 4250 trugibns

657 4247 1028 4324 intemperiem
1050 4292 1065 4317 ,
1095 4248 1541 4324 quosdametiam
1570 4247 1849 4324 praedictas
1878 4247 2243 4324 querimonias

655 4319 1059 4381 velut'ratione
1111 4319 1256 4377 certa
1307 4320 1617 4389 mitigasse,
1676 4319 1817 4389 quod
1868 4321 2241 4376 existimarent

658 4397 899 4452 ubertate
950 4394 1112 4448 nimia
1159 4391 1353 4463 prioris
1388 4388 1888 4463 :evidetatigatum
1914 4399 1968 4444 et
2000 4390 2241 4459 emetnm

2338 3627 2392 3669 et
2418 3613 2776 3669 accusandum
2795 3654 2809 3678 ,
2838 3610 3186 3680 sequentibus
3210 3612 3423 3667 smcuiis
3446 3625 3505 3666 ea
3535 3612 3790 3668 translata
3813 3621 3941 3668 sunt

2339 3687 2476 3745 alio.
2512 3695 2564 3739 nt
2597 3683 2714 3739 arvo
2741 3684 3030 3739 Theodosii
3058 3682 3126 3738 A.
3158 3683 3556 3752 imputabantnr
3576 3683 3773 3739 Jud:eis
3797 3726 3810 3747 ,
3840 3684 3940 3739 Sa-

2341 3756 2581 3812 marilis.
2614 3766 2667 3809 et
2700 3756 2959 3824 Paganis,
2994 3762 3052 3807 ιιι
3081 3761 3225 3822 patet
3252 3769 3318 3808 ex
3348 3753 3568 3809 Novella
3600 3754 3715 3824 ejus
3747 3756 3898 3809 tertia
3920 3797 3935 3821 ,

2341 3770 2581 3812 manus.
2614 3770 2667 3809 et
2700 3770 2768 3809 ra
2808 3770 2959 3820 anis,
2994 3770 3052 3807 ιιι
3081 3770 3225 3822 patet
3252 3770 3318 3808 ex
3348 3770 3568 3809 novena
3600 3771 3715 3824 ομις
3747 3770 3898 3809 terna
3920 3797 3935 3821 ,

2341 3839 2395 3907 et
2422 3841 2539 3907 auo
2566 3770 2848 3907 Karoliil.
2880 3824 3261 3907 Tempestariis
3282 3866 3295 3887 ,
3324 3824 3583 3907 adversus
3603 3838 3738 3907 quos
3766 3834 3942 3879 exstat

2344 3900 2478 3953 liber
2501 3897 2770 3967 Agohardi
2793 3895 3185 3965 archiepiscopi
3210 3895 3595 3967 Lugdunensis.
3622 3896 3691 3950 Λι
3717 3909 3943 3967 sequen-

2314 3971 2487 4037 -_tibus
2520 3966 2849 4037 temporibus
2877 3982 2937 4022 ea
2971 3967 3373 4037 imputabantur
3395 3966 3567 4035 culpis
3595 3966 3942 4022 sacerdotum

2334 4035 2394 4095 in
2427 4040 2614 4094 Dania.
2637 4035 2813 4108 Hujus
2838 4039 2915 4105 rei
2941 4039 3092 4092 testis
3115 4046 3197 4092 est
3220 4035 3510 4107 Gregorius
3540 4037 3678 4106 Papa
3709 4036 3798 4108 Vl_l
3828 4038 3941 4106 qui,

2342 4112 2431 4166 lib.
2465 4127 2480 4164 ι
2513 4110 2708 4180 Ερίδιη
2728 4106 2855 4174 ‘xxt,
2886 4109 3128 4163 scribens
3152 4108 3217 4161 ad
3247 4120 3423 4178 regem
3442 4115 3497 4161 et
3520 4117 3727 4180 gentem
3762 4106 3942 4161 Dano~

2342 4196 2462 4235 rum
2492 4178 2593 4236 ait:
2629 4179 2774 4233 Illud
2800 4181 2998 4232 interim
3026 4195 3125 4231 non
3153 4182 3581 4247 praetereundum,
3612 4178 3702 4231 sed
3728 4194 3944 4248 magno-

2346 4268 2463 4321 pere
2498 4251 2778 4319 apostaiiea
2807 4250 3163 4321 interdictione
3187 4248 3557 4321 prohibendum
3587 4248 3784 4321 videtur
3807 4248 3943 4321 quod

2344 4320 2407 4376 de
2431 4333 2581 4391 gente
2607 4331 2771 4375 vestra
2799 4321 2942 4373 nobis
2968 4320 3219 4391 innotuit,
3253 4320 3443 4372 scilicet
3485 4332 3569 4373 ros
3601 4320 3946 4391 intemperiem

2345 4389 2653 4463 tertiporum,
2700 4390 3049 4463 corruption“
3093 4390 3256 4463 aeris,
3302 4400 3643 4460 quascumque
3687 4389 3946 4444 molestias

657 4467 829 4521 solum
871 4465 1092 4535 nequire
1130 4460 1350 4535 pristina
1380 4461 1737 4535 benignitate
1762 4460 2000 4535 prtcbere
2038 4469 2242 4535 morla-
2263 4468 2318 4528 D
2344 4460 2612 4534 corporum
2636 4464 2703 4515 ad
2728 4460 3045 4515 sacerdotum
3070 4462 3246 4528 culpas
3271 4464 3562 4531 transferre.

659 4538 796 4593 libus
826 4529 1164 4600 alimoniam;
1197 4534 1354 4604 idque
1380 4529 1538 4604 iibit,‘
1568 4546 1686 4601 cap.
1718 4532 1769 4590 l.
1798 4533 1870 4585 ait
1898 4548 2001 4604 non
2029 4548 2092 4587 ex
2124 4529 2245 4584 fati-

658 4610 871 4678 gatione
910 4616 1094 4671 terrm,
1125 4602 1573 4678 quemadmodum
1620 4604 1835 4678 plurimi
1862 4602 2242 4678 crediderunt,

660 4670 754 4733 sed
786 4678 1061 4733 hominum
1084 4670 1281 4730 inertia
1314 4676 1576 4729 evenisse.
1618 4670 1685 4727 Et
1731 4674 1843 4726 haec
1878 4673 2093 4741 quidem
2122 4670 2249 4727 ante

662 4748 933 4804 fundatam
982 4748 1292 4811 religionem
1340 4742 1574 4801 Christi:
1617 4754 1733 4811 qtae
1776 4758 1900 4796 cum
1944 4744 2248 4799 introducta

661 4832 804 4875 esset
830 4821 879 4873 in
908 4813 1287 4889 rempublicam
1306 4857 1319 4879 ,
1353 4826 1406 4868 et
1433 4815 1609 4889 gravis
1636 4813 1925 4889 odiosaqne
1952 4823 2097 4889 esset
2120 4827 2251 4889 gen-

663 4891 862 4953 tilibus.
889 4890 960 4944 illi
984 4883 1073 4943 eas
1096 4887 1426 4944 calamitates
1443 4883 1778 4954 imputabant
1798 4884 1995 4938 nostris
2024 4883 2253 4938 homini-

661 4961 790 5027 bus,
821 4950 891 5016 ob
918 4976 1041 5015 eam.
1076 4959 1337 5027 rationem
1378 4950 1537 5027 qttodr’
1563 4956 1630 5009 ab
1675 4950 1775 5009 illis
1814 4954 1887 5009 dii
1926 4969 2112 5027 eorum
2150 4968 2256 5008 non

661 5018 985 5088 colerentur.
1028 5028 1182 5097 Apud
1220 5018 1473 5097 Ruﬁnum
1516 5026 1605 5097 lib.
1637 5036 1713 5091 tv,
1746 5039 1862 5095 cap.
1904 5018 1988 5097 l3,
2019 5023 2260 5097 refertur

663 5105 977 5173 rescriptum
1006 5092 1242 5173 An'onini
1277 5096 1471 5173 Pii_ad‘
1503 5095 1731 5173 Asianos
1771 5092 1866 5166 pro
1904 5092 2256 5173 Christianis,

664 5174 716 5227 in
744 5160 851 5245 quo
878 5173 1172 5243 Imperator
1197 5169 1304 5224 ait:
1343 5165 1431 5245 De
1463 5167 1677 5245 motibus
1702 5160 1867 5245 auiam
1894 5176 2041 5220 terra:
2063 5166 2153 5245 qui
2180 5160 2261 5233 vel

664 5233 787 5314 facii
810 5254 924 5300 sunt
949 5233 1025 5298 vel
1050 5245 1202 5299 etiam
1229 5254 1364 5295 nunc
1393 5240 1534 5314 ﬁunt
1549 5234 1826 5314 absurdum
1864 5253 1964 5290 non
2002 5233 2097 5314 erit
2135 5233 2283 5314 true!

664 5308 829 5371 rorem
849 5325 1064 5370 vestrum
1082 5316 1225 5385 justo
1247 5310 1632 5385 commonitione
1658 5308 1816 5385 solari
1829 5308 2259 5385 “quoniam-qui.—

662 5386 777 5441 dcm
804 5388 1026 5455 comperi
1050 5377 1185 5456 quod
1214 5385 1267 5437 in
1298 5378 1593 5456 hujusmodi
1623 5380 1769 5456 rebus
1798 5378 1867 5432 ad
1891 5377 2258 5456 itiorunrinci-g

660 5458 801 5512 diam
828 5446 1115 5512 communes
1142 5468 1290 5510 casus
1314 5446 1622 5524 transfertis.
1648 5450 1835 5524 Postea
1858 5448 1978 5504 cum
2006 5446 2261 5524 desiisset

660 5528 994 5594 idololatria,
1027 5517 1661 5597 susceptalapudcmnes
1705 5522 1900 5597 ubique
1937 5529 2124 5597 gentes
2163 5517 2258 5573 Dei

653 5601 865 5670 religio,
895 5608 949 5655 et
978 5592 1418 5670 tota‘res’publiea
1452 5595 1589 5670 facta
1617 5602 1763 5670 esset
1787 5592 2102 5670 christiana,
2132 5604 2255 5670 cum

650 5683 716 5720 ca
740 5660 877 5723 maia
903 5660 1221 5726 evcnieiiani
1241 5682 1360 5736 qua»
1389 5664 1549 5724 nobis
1575 5668 1798 5731 gentiles
1826 5665 2088 5736 imputare
2115 5660 2260 5736 sole-

644 5737 807 5804 bant,
843 5745 899 5792 ut
924 5748 1012 5802 est
1042 5732 1269 5796 humana
1296 5746 1498 5803 nawra
1534 5742 1778 5811 prompta
1819 5734 1883 5791 ad
1904 5732 2258 5804 ’argnendum

2226 5864 2246 5890 ἢ

2418 4552 2577 4610 £tds
2612 4556 2787 4621 inciyﬁt
2826 4570 2857 4606 a
2897 4560 3164 4607 senectute.
3209 4552 3410 4608 Seneca
3446 4552 3615 4622 Epist.
3649 4569 3773 4608 xut:
3812 4550 3950 4622 Quid

2349 4638 2419 4683 cet
2467 4640 2636 4681 autem
2675 4620 2874 4695 turpius
2913 4641 3065 4693 quam
3106 4640 3258 4678 senex
3295 4626 3456 4678 vivere
3489 4620 3779 4694 incipiens?
3815 4620 3947 4678 item

2353 4699 2521 4770 Epist.
2557 4712 2718 4770 xxut:
2759 4694 2901 4770 Male
2926 4695 3092 4770 vivunt
3129 4697 3227 4770 qui
3249 4708 3445 4770 semper
3479 4695 3640 4749 vicere
3666 4695 3945 4770 incipiunt.

2356 4764 2577 4835 Quidam
2602 4768 2761 4821 vivere
2786 4767 3032 4834 incipiunt
3057 4781 3172 4818 cum
3194 4764 3523 4818 desinendum
3545 4776 3637 4819 est.
3665 4764 3797 4819 nem
3826 4779 3947 4833 cap.

2354 4841 2387 4894 Ιι
2414 4839 2481 4893 de
2511 4840 2776 4891 Brevitate
2804 4837 2922 4889 vita:
2946 4853 2957 4888 :
2996 4836 3161 4907 Audio
3188 4837 3451 4907 plerosque
3480 4836 3776 4900 dicentes,.a
3802 4836 3952 4907 quin:

2358 4910 2648 4979 qungesimo
2682 4909 2733 4979 in
2773 4904 3228 4979 otiunrs'uccedam
3250 4947 3263 4972 ,
3308 4904 3649 4979 s_e_;ragesintus
3687 4922 3852 4979 annus
3875 4904 3952 4979 ab

2361 4976 2535 5051 ofﬁciis
2556 4994 2632 5033 me
2654 4978 2887 5051 dimittet.
2914 4976 3079 5051 Quam
3119 4992 3283 5051 serum
3326 4976 3409 5051 “’7
3434 4976 3502 5031 est
3535 4987 3654 5030 tunc
3685 4977 3848 5030 vivere
3868 4976 3951 5051 in:

2360 5045 2545 5119 cipere,
2570 5064 2682 5103 cum
2712 5049 3038 5103 desinendum
3067 5057 3158 5100 est.
3192 5049 3540 5111 Censorinus,
3564 5063 3681 5116 cap.
3726 5060 3841 5112 xtv,
3879 5045 3957 5119 ait

2362 5117 2502 5177 anno
2542 5121 2875 5190 sexagesimo
2918 5119 3307 5190 tuneprimunt
3338 5133 3619 5190 senescere
3648 5132 3846 5186 corpus
3871 5117 3958 5190 in-

2363 5195 2562 5261 cipere.
2609 5188 2899 5244 Et'Cicero
2941 5189 2991 5242 in
3033 5188 3295 5261 Oratione
3329 5204 3422 5256 pro
3465 5189 3657 5261 llosciu
3700 5189 3957 5261 Amerino

2362 5256 2470 5317 ali:
2501 5263 2659 5316 Senes
2686 5262 3003 5329 secugauarii
3033 5275 3170 5313 more
3199 5260 3445 5329 majorum
3477 5260 3539 5313 de
3579 5268 3728 5328 ponte
3765 5259 3817 5312 in
3852 5256 3959 5328 Ty-

2364 5333 2517 5386 berim
2546 5324 2932 5401 dejia’ebantur.
2963 5324 3181 5383 Tacitus
3210 5324 3287 5383 ait
3312 5324 3615 5399 Agricolam
3635 5371 3648 5392 ,
3686 5330 3774 5399 qui
3814 5324 3958 5401 anno

2362 5398 2803 5473 quinquagesimo
2831 5411 2984 5455 sexto
3012 5403 3184 5457 rotatis
3211 5417 3320 5454 sua:
3351 5401 3618 5473 extinctus
3646 5398 3748 5466 est,
3770 5398 3957 5473 medio

2365 5469 2417 5528 in
2437 5469 2853 5542 spatio‘integrm
2879 5473 3049 5525 aetatis
3076 5483 3317 5540 ereptum
3349 5470 3527 5525 inisse.
3560 5469 3704 5525 idem
3736 5471 3857 5542 alibi
3886 5469 3961 5524 ait

2362 5540 2663 5615 quindecim
2692 5540 2861 5597 annos
2892 5557 3012 5597 esse
3038 5542 3238 5612 grande.
3269 5542 3507 5596 mortalis
3542 5542 3638 5596 :evi
3666 5540 3919 5611 spatium.

2439 5655 2580 5709 V.-—
2603 5653 2736 5715 Deus"
2771 5654 3087 5713 omniuouec
3122 5654 3383 5718 qutcrilur.
3420 5652 3473 5708 III
3510 5628 3696 5709 codice
3736 5649 3965 5723 Segnie'o

2364 5729 2515 5786 riauo
2545 5723 2799 5801 srripltim
2825 5735 2908 5782 est
2931 5724 3134 5781 colitur.
