4272 6278
317 339 430 404 549

1502 335 1707 394 LIBER
1747 339 1838 394 AD
1881 329 2412 432 ῡΕΜΕΤωΑΝυΜ.

3508 331 3613 393 5'50

321 477 414 530 per
455 473 628 515 omnes
666 457 863 512 labores
911 469 1156 509 manuum
1207 470 1377 508 eorum
1433 454 1588 525 (Agg.
1639 471 1686 517 l,
1742 456 1922 524 9-H).
1953 457 2003 515 Α
2032 458 2220 521 servis,
2253 473 2347 527 per
2377 469 2535 525 quem
2587 454 2680 508 tibi
2727 461 2917 510 cuncta
2945 451 3294 517 deserviunt;
3343 449 3613 507 latnularis

324 553 456 608 Item
505 549 769 620 Propheta
817 549 953 601 alios
983 547 1176 616 repetit
1205 554 1258 601 et
1299 543 1425 601 dicit
1459 564 1472 598 :
1517 546 1582 599 Et
1630 546 1800 617 pluam
1832 562 1924 599 su-

325 663 412 716 per
438 661 594 700 unum
621 643 890 707 civitatein,
923 650 967 695 et
1005 657 1158 710 super
1185 640 1338 694 aliam
1364 649 1387 678 ⁸
1421 657 1520 694 non
1563 641 1758 711 pinam.
1791 641 1926 694 Pars

325 753 424 790 una
451 735 789 805 compluetur,
811 743 856 784 et
886 748 1004 802 pars
1033 747 1183 802 super
1209 747 1364 795 quam
1391 747 1490 784 non
1518 731 1694 799 pluere
1724 733 1920 798 are/iet.

329 827 392 884 Et
415 825 852 898 congregabantur
869 825 983 878 dua:
999 835 1042 877 et
1064 835 1162 877 tres
1186 825 1407 878 civitates
1430 826 1478 876 in
1506 840 1660 877 unam
1677 825 1926 898 civitatem

328 919 566 989 potandi:
593 932 739 987 aqum
781 933 954 981 causa,
982 931 1072 968 nec
1099 917 1416 969 satiabuntur
1443 934 1460 982 ;
1493 928 1538 970 et
1569 934 1669 970 non
1713 893 1924 972 conver-

329 1010 493 1070 timiui
530 1010 599 1062 ad
628 1025 729 1072 nte,
760 1007 880 1060 dicit
910 1006 1158 1060 Dominus
1185 1005 1363 1077 (Amos
1391 1023 1461 1071 tv,
1491 1009 1541 1072 '7,
1561 1007 1640 1076 8).

409 1099 522 1157 νυ.
553 1100 861 1170 Indignatur
895 1114 1022 1154 ecce
1044 1099 1301 1153 Dominus
1327 1109 1381 1153 et
1412 1101 1676 1167 irascitur,
1701 1110 1754 1155 et
1782 1099 1926 1168 quod

336 1194 404 1248 ad
427 1208 554 1248 eum
580 1206 684 1246 non
720 1191 1104 1244 convertamini
1145 1191 1536 1254 comminatur;
1569 1202 1620 1246 et
1660 1199 1716 1246 tu
1768 1192 1929 1244 mira-

331 1285 406 1339 ris
461 1292 554 1338 aut
592 1282 857 1351 quereris,
915 1274 967 1334 in
1003 1280 1100 1334 hac
1147 1282 1506 1336 obstinatione
1533 1292 1587 1336 et
1615 1290 1928 1351 contemptu

330 1385 532 1443 vestro,
567 1376 610 1429 si
639 1389 757 1429 rara
789 1373 1022 1441 desuper
1050 1373 1228 1442 pluvia
1253 1374 1561 1439 descendat,
1592 1375 1636 1428 si
1663 1383 1802 1428 terra
1821 1378 1927 1428 situ

331 1470 568 1540 pulveris
589 1467 855 1538 squaleat,
873 1466 918 1520 si
934 1467 1018 1520 vix
1036 1466 1246 1535 jejunas
1273 1477 1326 1520 et
1346 1465 1566 1534 pallidas
1595 1465 1786 1521 herbas
1814 1474 1927 1520 ste-

334 1563 448 1618 rilis
472 1560 622 1631 gleba
655 1558 932 1628 producat,
964 1559 1008 1612 si
1050 1559 1257 1611 vineam
1287 1557 1527 1612 debilitet
1571 1557 1777 1627 grando
1818 1571 1928 1610 ete-

334 1655 492 1718 tlcns,
521 1654 566 1708 si
595 1653 764 1707 oleam
795 1652 1076 1706 detruncat
1109 1651 1264 1704 turbo
1295 1651 1629 1717 subvertens,
1655 1651 1696 1702 si
1728 1649 1932 1703 fontem

335 1746 548 1801 siccitas
570 1752 788 1806 statuat,
819 1757 997 1797 aerem
1049 1743 1303 1810 pestilens
1323 1758 1448 1794 aura
1478 1752 1804 1810 corrumpat,
1836 1741 1932 1793 ho-

2028 546 2102 600 illi
2151 547 2301 614 cujus
2349 557 2479 600 nutu
2537 546 2629 600 tibi
2683 547 2928 601 universa
2983 545 3326 598 famulantur.
3378 543 3497 612 Ipse
3550 543 3617 598 de

2027 649 2183 690 servo
2229 647 2317 690 tuo
2369 636 2537 705 exigis
2577 637 2912 700 servitutem,
2937 645 2990 689 et
3018 638 3182 689 homo
3209 633 3478 688 hominem
3526 647 3620 703 pa—

2032 741 2154 784 rere
2189 729 2283 783 tibi
2312 737 2364 783 et
2389 729 2608 784 obedire
2637 728 2937 798 compellis.
2970 729 3036 783 Et
3065 744 3184 783 cum
3226 727 3294 782 sit
3344 727 3496 782 vobis
3526 742 3620 782 ea-

2029 823 2149 878 dem
2183 838 2300 878 sors
2331 822 2607 888 nascendi,
2638 823 2874 878 conditio
2900 837 3002 877 una
3025 821 3307 889 moriendi,
3333 833 3619 892 corporum

2030 917 2251 969 materia
2309 914 2607 968 consimilis
2645 956 2660 979 ,
2729 914 3027 967 animarum
3081 913 3218 968 ratio
3272 913 3618 981 communis,

2031 1009 2362 1077 mqtialijnre
2393 1015 2445 1062 et
2476 1008 2587 1077 pari
2620 1007 2737 1077 lege
2779 1007 2862 1062 vel
2887 1008 3134 1062 veniatur
3171 1007 3221 1060 in
3266 1008 3424 1061 istum
3466 1022 3623 1061 mun—

2030 1100 2157 1154 dum
2182 1100 2264 1154 vel
2295 1100 2361 1154 dc
2383 1100 2581 1154 mundo
2602 1099 2941 1168 postmodum
2987 1097 3288 1162 recedatur,
3319 1105 3492 1152 tamen
3522 1099 3625 1152 nisi

2032 1191 2124 1246 tibi
2155 1206 2253 1262 pro
2281 1191 2504 1245 arbitrio
2536 1199 2628 1244 tuo
2651 1191 2939 1254 serviatur,
2969 1189 3070 1244 nisi
3101 1188 3167 1243 ad
3214 1188 3503 1243 voluntatis
3526 1188 3623 1244 ob-

2032 1285 2273 1354 sequium
2323 1293 2594 1353 pareatur,
2645 1284 2964 1352 imperiosus
3005 1295 3058 1338 et
3113 1283 3306 1338 nimius
3355 1282 3626 1337 servitutis

2032 1386 2272 1443 exactor,
2328 1377 2585 1447 ﬂagellas,
2639 1378 2929 1441 verberas,
2981 1376 3142 1442 fame,
3202 1378 3311 1444 siti,
3364 1377 3624 1446 nuditate,

2035 1468 2174 1522 ferro
2214 1469 2373 1523 etiam
2402 1468 2710 1538 frequenter
2751 1479 2801 1523 et
2829 1483 3046 1524 carcere
3085 1467 3276 1540 al‘t'ligis
3298 1477 3353 1523 et
3378 1469 3628 1535 crucias;

2032 1568 2086 1613 et
2113 1575 2216 1612 non
2233 1561 2499 1629 agnoscis,
2527 1561 2707 1626 miser,
2737 1560 3015 1614 Dominum
3035 1561 3198 1614 Deum
3223 1569 3390 1626 tuum,
3409 1573 3531 1615 cum
3552 1560 3629 1616 sic

1973 1714 1977 1717 ,
2033 1663 2288 1706 exerceas
2318 1655 2430 1722 ipse
2451 1652 2784 1706 dominatum
2815 1652 2837 1691 ’ν

2111 1744 2197 1797 lx.
2231 1744 2417 1799 Merito
2447 1760 2575 1815 ergo
2624 1743 3022 1799 incursantibus
3077 1745 3247 1815 plagis
3299 1761 3405 1801 non
3434 1745 3630 1802 desunt

340 1839 538 1892 minem
582 1832 823 1888 morbida
876 1831 1123 1886 valetudo
1150 1841 1451 1897 consumat,
1476 1848 1595 1886 cum
1619 1833 1800 1886 omnia
1833 1833 1930 1887 ista
1963 1841 2008 1900 Β
2043 1837 2132 1889 Dei
2164 1837 2372 1906 ﬂagella
2403 1851 2500 1890 nec
2523 1837 2741 1892 verbera
2772 1854 2784 1888 :
2810 1851 2928 1904 qua:
2957 1845 3077 1890 eum
3108 1836 3240 1891 nihil
3270 1837 3388 1892 istic
3417 1849 3632 1907 promo-

345 1927 575 1994 peccatis
605 1924 1020 1994 provocantibus
1047 1925 1280 1988 veniant,
1307 1932 1358 1976 et
1387 1924 1502 1992 plus
1526 1922 1876 1978 exacerbetur
1903 1923 1931 1961 Β

341 2018 493 2073 Deus.
526 2016 738 2087 quando
798 2016 930 2070 nihil
989 2016 1110 2069 talia
1156 2024 1211 2070 et
1243 2024 1384 2069 tanta
1437 2016 1758 2084 proliciaut?
1790 2015 1934 2070 Fieri

338 2112 480 2166 enim
502 2111 602 2164 ista
631 2109 712 2164 vel
735 2108 799 2162 ad
821 2108 1154 2176 disciplinam
1182 2107 1578 2162 contumacium
1608 2108 1694 2161 vel
1729 2107 1794 2161 ad
1822 2123 1934 2176 pte-

340 2217 464 2256 nam
507 2201 770 2255 malorum
826 2198 1062 2253 declarat
1107 2198 1158 2251 in
1207 2198 1496 2266 Scripturis
1545 2198 1745 2252 sanctis
1793 2198 1931 2252 idem

349 2294 491 2348 Deus
533 2293 755 2348 dicens:
789 2291 914 2346 Sine
939 2308 1090 2345 causa
1116 2291 1338 2360 percussi
1374 2291 1509 2359 ﬁlios
1537 2301 1744 2354 vestros,
1775 2292 1934 2345 disci-

341 2388 535 2459 plinam
565 2403 668 2440 non
695 2382 996 2453 exceperunt
1026 2382 1274 2453 (Hierem.
1309 2398 1378 2446 ιι,
1424 2381 1539 2452 50).
1576 2382 1641 2436 Ει
1668 2383 1936 2452 PrOpheta.

319 2482 571 2536 .devotus
596 2494 658 2534 ac
694 2477 901 2532 dicatus
933 2477 1043 2531 Deo
1095 2474 1160 2529 ad
1192 2476 1305 2529 haec
1347 2473 1534 2530 eadem
1565 2474 1855 2542 respondet
1881 2483 1937 2529 et

341 2574 510 2629 dicit:
554 2571 838 2626 Verberasti
868 2586 970 2632 eos,
1017 2584 1106 2622 nec
1155 2568 1469 2630 doluerunt;
1506 2566 1782 2636 ﬂagellasti
1827 2583 1934 2632 eos,

342 2681 433 2719 nec
459 2664 722 2718 voluerunt
751 2661 984 2728 accipere
1011 2671 1031 2698 ο
1057 2658 1389 2727 disciplinam
1411 2655 1586 2725 (Hier.
1614 2673 1665 2720 v,
1685 2658 1765 2727 ὅ).
1797 2657 1939 2713 Ecce

342 2759 647 2826 irrogantur
667 2753 922 2808 divinitus
970 2752 1162 2821 plagas,
1189 2760 1246 2805 et
1267 2750 1446 2804 nullus
1479 2750 1570 2803 Dei
1605 2759 1780 2804 metus
1807 2761 1890 2805 est
1918 2766 1932 2802 :

341 2863 469 2904 ecce
513 2845 733 2900 verbera
764 2845 993 2912 desuper
1036 2851 1086 2896 ct
1116 2841 1320 2911 ﬂagella
1349 2857 1453 2896 non
1482 2841 1696 2908 desunt,
1731 2851 1783 2897 et
1833 2855 1939 2896 tre-

343 2937 552 3009 pidatio
592 2934 735 2989 nulla
759 2975 772 2998 ,
805 2932 948 2987 nulla
999 2930 1339 2986 formidotest
1363 2929 1416 2984 ἀ.
1451 2931 1588 2998 Quid
1627 2933 1670 2986 si
1724 2947 1826 2986 non
1859 2934 1938 2987 in-
1997 2944 2000 2948 '

345 3026 644 3084 tcrcederet
675 3025 837 3080 rebus
891 3024 1138 3078 humanis
1181 3023 1264 3078 vel
1313 3023 1414 3076 ista
1467 3038 1713 3091 censura,
1741 3034 1943 3092 quanto

345 3121 521 3176 adhuc
544 3119 712 3188 major
740 3118 790 3171 in
836 3117 1144 3173 hominibus
1177 3126 1320 3172 esset
1363 3116 1606 3184 audacia,
1637 3117 1938 3173 facinorum

347 3213 660 3283 impunitate
686 3226 871 3268 secura
902 3210 926 3263 ?

419 3303 552 3358 Vlll.
581 3302 833 3370 Quereris
855 3299 995 3370 quod
1025 3300 1201 3355 minus
1231 3316 1374 3356 nunc
1406 3300 1498 3355 tibi
1533 3300 1727 3356 uberes
1761 3300 1940 3358 fontes

349 3403 404 3450 et
427 3409 574 3449 aurae
619 3393 860 3447 salubres
905 3399 960 3444 et
997 3390 1248 3460 frequens
1277 3391 1454 3460 pluvia
1485 3400 1540 3445 et
1581 3391 1773 3446 fertilis
1803 3402 1942 3449 terra

350 3486 668 3554 obsequium
696 3484 991 3553 praebeant,
1023 3482 1167 3551 quod
1223 3499 1328 3536 non
1388 3483 1458 3536 ita
1488 3474 1809 3538 utilitatibus
1841 3487 1943 3541 tuis

357 3587 413 3634 ct
435 3576 796 3647 voluptatibus
852 3574 1116 3628 elementa
1165 3573 1493 3628 deserviant.
1537 3571 1614 3626 Tu
1658 3577 1802 3629 enim
1837 3576 1947 3632 Deo

2006 1973 2008 1975 .
2037 1938 2213 1992 veant,
2248 1944 2346 1983 nec
2398 1930 2464 1982 ad
2517 1930 2682 1982 Deum
2729 1917 2966 1999 singulos
2999 1937 3144 1984 tanto
3170 1929 3404 1984 cladium
3434 1939 3638 1985 terrore

2037 2031 2351 2075 Convertant
2376 2064 2388 2085 ,
2420 2031 2603 2076 manet
2635 2021 2975 2090 postmodum
2995 2037 3180 2078 career
3205 2031 3442 2078 tet-eratis
3472 2025 3528 2078 ei
3547 2024 3637 2093 jn-

2037 2116 2118 2184 gis
2149 2116 2362 2169 ﬂainiua
2397 2123 2450 2168 et
2480 2129 2635 2184 ptena
2670 2123 2950 2183 perpetua.
3001 2114 3111 2170 Nec
3136 2115 3383 2169 audietur
3415 2115 3523 2170 illic
3549 2129 3636 2170 ro-

2039 2207 2279 2276 gantium
2305 2206 2553 2276 gemitus,
2585 2205 2705 2274 quia
2736 2219 2833 2259 nec
2861 2205 2948 2259 hic
2979 2205 3071 2259 Dei
3103 2205 3428 2275 indignantis
3458 2213 3638 2261 terror

2037 2299 2250 2353 auditus
2280 2307 2380 2365 est,
2409 2299 2498 2368 qui
2529 2312 2622 2366 per
2662 2297 2981 2367 Prophetam
3011 2297 3206 2351 clamat
3245 2307 3298 2351 et-
3320 2298 3450 2351 dicit
3481 2316 3493 2350 :
3526 2298 3635 2350 Au~

2039 2391 2142 2443 dite
2170 2405 2448 2444 sermonem
2499 2389 2721 2452 Domini,
2757 2389 2853 2457 [ilii
2895 2387 3081 2454 Israel,
3112 2389 3232 2457 quia
3267 2388 3521 2457 judicium
3566 2396 3639 2441 est

2040 2480 2249 2534 Domini
2287 2481 2528 2534 adversus
2558 2480 2753 2534 incolas
2792 2490 2956 2543 terra,
2998 2495 3056 2532 eo
3097 2480 3234 2548 quod
3262 2493 3419 2547 neque
3445 2478 3641 2531 miseri-

2041 2575 2234 2636 cordia,
2272 2589 2430 2639 neque
2454 2573 2658 2637 veritas,
2703 2587 2862 2641 neque
2885 2572 3078 2642 agnitio
3110 2569 3202 2624 Dei
3224 2581 3246 2607 θ
3276 2571 3342 2624 sit
3365 2584 3516 2640 super
3535 2576 3640 2621 lcr-

2040 2682 2174 2726 ram,
2206 2667 2291 2718 sed
2320 2664 2594 2731 execratio,
2623 2675 2670 2717 et
2693 2664 3036 2728 mendacium,
3065 2672 3111 2716 et
3135 2663 3316 2727 cades,
3348 2672 3393 2715 et
3423 2667 3634 2732 furtum,

2043 2763 2086 2807 et
2114 2755 2424 2808 adulterium
2451 2752 2693 2818 di/fusmn
2723 2763 2798 2806 est
2826 2769 2978 2822 super
3000 2763 3222 2817 terram;
3250 2753 3319 2785 “9
3346 2751 3643 2821 sanguinem

2042 2845 2278 2914 sanguini
2327 2843 2705 2912 supermisccnt.
2759 2842 2964 2896 Idcirco
2995 2853 3128 2895 terra
3167 2841 3356 2910 lugebit
3381 2857 3495 2892 cum
3527 2841 3644 2892 uni-

2042 2937 2198 2991 versis
2246 2935 2425 2988 incolis
2470 2935 2595 2997 suis,
2653 2935 2766 2986 cum
2792 2933 2962 2987 bestiis
3001 2933 3133 3000 agri,
3163 2944 3282 2984 cum
3332 2930 3644 3000 serpentibus

2045 3027 2358 3095 terras,‘cum
2379 3025 2665 3081 volucribus
2683 3027 2818 3091 cmli,
2850 3035 2895 3079 et
2925 3026 3158 3093 deficient
3185 3025 3344 3094 pisces
3384 3024 3558 3088 maris,
3590 3033 3645 3077 ut

2045 3137 2194 3174 neruo
2247 3120 2466 3190 judicet,
2511 3135 2657 3173 nemo
2708 3120 2938 3174 revincac
2989 3118 3137 3188 (08c.
3182 3133 3252 3183 iv,
3289 3115 3474 3186 1,4).
3503 3113 3646 3170 Iudi-

1967 3219 2012 3282 C
2045 3216 2194 3287 gnari
2220 3232 2276 3270 se
2299 3215 2441 3268 Deus
2469 3214 2599 3268 dicit
2628 3224 2683 3275 et
2709 3213 2866 3268 irasci
2907 3214 3047 3282 quod
3086 3213 3286 3284 agnitio
3315 3213 3406 3267 Dei
3440 3227 3546 3268 non
3576 3211 3646 3266 sit

2052 3308 2103 3361 in
2135 3306 2310 3370 terris,
2337 3314 2390 3359 et
2422 3305 2557 3359 Deus
2603 3320 2706 3358 non
2748 3304 3058 3372 agnoscitur
3095 3319 3194 3357 nec
3247 3304 3482 3358 timetur.
3511 3301 3646 3355 Deli-

2048 3407 2131 3452 cta
2191 3394 2614 3458 mendaciorum,
2665 3392 2979 3462 libidinum,
3008 3392 3312 3456 fraudium,
3359 3391 3646 3446 crudelita-

2051 3490 2138 3553 tis,
2171 3483 2482 3554 impietatis,
2515 3482 2712 3536 furoris
2742 3483 2882 3536 Deus
2908 3483 3148 3552 increpat
3175 3492 3228 3537 et
3250 3483 3473 3558 incusat,
3501 3492 3553 3537 et
3577 3482 3646 3537 ad

2054 3579 2414 3634 innocentiam
2456 3590 2615 3630 nemo
2656 3575 3007 3629 convertitur.
3039 3573 3196 3629 Fiunt
3224 3589 3348 3631 ecce
3392 3589 3512 3643 quae
3533 3587 3652 3627 ver-

1581 3711 1967 3776 LECTIONES
2005 3713 2416 3776 VARIANTES.

421 3833 449 3861 ⁸
482 3829 638 3880 Unam
662 3828 958 3878 Latialiter.
985 3829 1124 3876 Pent.
1153 3824 1256 3876 Lin.
1281 3827 1388 3877 NG.
1411 3829 1453 3877 l.
1487 3829 1645 3879 Wess.
1667 3830 1715 3878 2.
1743 3828 1870 3880 Bod.
1896 3831 1942 3890 1,

356 3894 810 4005 2,155'I‘Iiilcel‘belul‘
831 3951 1032 4004 οὲϊθιιείδ
1061 3954 1196 4003 Rem.
1231 3955 1368 4003 Voss.
1394 3953 1444 4002 2.

2122 3832 2144 3860 ο
2182 3827 2243 3877 Et
2267 3837 2362 3876 non
2380 3825 2618 3886 accipiunt
2647 3823 2772 3874 Bod.
2796 3825 2844 3872 3.

2120 3890 2148 3929 ιι
2181 3889 2324 3939 Nulla
2357 3885 2601 3936 euxretatio
2626 3894 2701 3935 est
2727 3889 2862 3935 Voss.
2889 3886 2938 3946 1,
2965 3885 3010 3935 2.
3040 3887 3185 3937 Grav.

2127 3958 2150 3985 ε’
2175 3952 2351 4013 Neque
2375 3949 2557 3999 auditio
2578 3949 2672 3998 Dei
2696 3951 2741 3998 Ν
2749 3949 2785 3998 C
2794 3989 2802 3998 .
2820 3948 2866 3998 2.

1589 4075 1830 4135 STEPH.
1876 4079 2147 4138 BALUle
2188 4077 2415 4134 norm.
2462 4061 2468 4066 ’

422 4198 723 4254 “L—Nec
741 4196 1003 4251 voluerunt
1016 4193 1255 4262 accipere.
1268 4193 1490 4249 Veteres
1507 4194 1956 4260 editiones,etiam

359 4271 759 4330 Manutiana,ct
777 4275 1009 4337 quatuor
1037 4264 1154 4320 libri
1186 4276 1394 4320 veteres
1423 4267 1626 4320 addunt
1658 4284 1748 4321 nec
1778 4269 1954 4321 volue-

360 4353 478 4396 runt
509 4339 710 4394 credere
747 4336 837 4391 nec
878 4336 1103 4403 accipere
1141 4337 1484 4406 disciplinam.
1527 4338 1719 4392 Verum
1765 4353 1955 4394 euntes

361 4413 450 4467 alii
481 4411 601 4465 libri
632 4419 844 4463 veteres
872 4406 1066 4460 habent
1097 4409 1168 4461 uti
1203 4423 1299 4462 nos
1327 4407 1611 4462 edidimus.

435 4482 484 4535 F
486 4484 746 4535 acinorum
776 4478 1092 4548 impunitate.
1121 4480 1308 4533 Cicero
1349 4480 1398 4532 in
1437 4481 1688 4534 ()ratiune
1735 4495 1828 4549 pro
1860 4478 1953 4534 Ml-

365 4555 515 4608 lone:
541 4553 698 4617 Quid,
717 4552 849 4621 quod
872 4558 1022 4614 caput
1039 4550 1268 4603 audacite
1279 4560 1370 4612 est,
1393 4551 1602 4618 iudices,
1623 4551 1734 4621 quis
1752 4553 1952 4620 ignorat

364 4626 639 4708 mutantem
673 4623 1106 4708 illecebramlesse
1153 4621 1394 4708 peccandi
1435 4623 1752 4702 impunitatis
1787 4638 1946 4708 spagit.
1977 4649 2028 4708 D

369 4697 500 4750 Vide
521 4706 672 4748 notas
694 4689 985 4762 nostras‘ad
1008 4690 1212 4760 Lupum
1236 4689 1658 4756 Ferrariensem,
1687 4689 1947 4762 pagatim.

443 4763 730 4819 “IL—Tu
742 4763 873 4816 enim
892 4759 996 4812 Deo
1013 4759 1186 4816 servis.
1207 4761 1276 4814 Ita
1299 4762 1549 4816 tredecim
1580 4759 1700 4815 libri
1723 4759 1950 4817 veteres.

370 4837 473 4892 Alii
504 4846 557 4891 et
581 4835 899 4890 vetustiores
920 4830 1181 4886 editiones
1207 4833 1497 4900 praeferunt
1517 4831 1628 4888 Deo
1658 4850 1756 4887 non
1778 4837 1952 4901 servis,

369 4906 895 4976 Gratianopolittqlus
927 4901 1146 4957 Domino
1172 4920 1272 4956 non
1302 4905 1473 4957 servis.

440 4974 757 5030 Famutaris.
790 4974 914 5027 Haec
937 4984 1019 5044 est
1042 4977 1300 5044 scriptura
1326 4974 1692 5028 novemdccim
1719 4986 1956 5030 veterum

369 5049 771 5117 exemplarium.
805 5043 1062 5100 Eamdem
1104 5043 1263 5102 habet
1300 5045 1464 5099 editio
1493 5045 1822 5117 Moreﬂiaua.
1863 5047 1961 5099 Vc-

370 5115 624 5174 tustio'res
667 5127 721 5173 et
757 5117 997 5187 quinque
1037 5125 1213 5172 vetera
1244 5117 1604 5186 exemplaria:
1638 5115 1716 5169 Tu
1744 5133 1843 5170 non
1877 5121 1959 5186 μι-
2007 5145 2012 5150 λ

371 5191 598 5244 mularis.

444 5262 740 5314 Animarum
783 5258 915 5310 ratio
951 5259 1248 5326 communis.
1279 5256 1412 5313 Vide
1452 5257 1612 5312 Vettii
1655 5259 1964 5312 Praetextati

373 5331 805 5385 dissertatioucm
845 5330 907 5381 de
941 5330 1114 5385 Servis
1161 5329 1302 5398 apud
1333 5328 1656 5383 Macrubium
1690 5329 1779 5383 lib.
1816 5345 1830 5382 ι
1861 5329 1964 5383 Su-

375 5401 561 5455 turnal.
587 5443 601 5468 ,
635 5415 750 5467 cap.
789 5400 874 5454 Η.
1105 5423 1114 5432 ·

448 5471 474 5524 1
482 5489 567 5541 pse
596 5473 928 5525 dominatum.
964 5471 1088 5526 Huic
1119 5479 1318 5524 tantum
1347 5469 1862 5541 veteresrcditiones,
1891 5471 1968 5524 vi-

375 5540 506 5613 ginti
557 5552 612 5616 et
657 5543 774 5616 duo
817 5543 937 5616 libri
986 5544 1278 5616 nustri,_et
1316 5543 1501 5616 decem
1547 5540 1844 5616 Anglicani.
1890 5541 1967 5597 lla

378 5616 539 5667 etiam
570 5614 699 5683 legit
736 5613 1048 5668 Goulartius
1087 5616 1137 5666 in
1181 5613 1314 5683 libro
1345 5613 1576 5683 episc0pi
1614 5613 1964 5683 Acconensis.

379 5681 645 5737 ll'lanutins
669 5683 866 5752 primus
885 5686 1122 5738 omnium
1149 5682 1346 5735 invexit
1368 5681 1648 5752 lectionem
1671 5695 1789 5750 qua:
1812 5681 1971 5738 habet

381 5755 567 5824 ipsein
599 5754 798 5806 neruine
823 5755 1159 5808 dominatum.
1196 5752 1432 5807 lletinuit
1471 5751 1618 5806 illam
1660 5753 1925 5807 Patnelius
1952 5796 1968 5820 ,

385 5827 679 5884 admonens
710 5836 886 5882 tamen
918 5827 1092 5884 solum
1123 5824 1657 5896 Mauonuurjliabere
1686 5825 1781 5879 has
1809 5837 1969 5881 voces

2063 4200 2113 4252 in
2147 4197 2377 4260 nomine,
2409 4203 2460 4251 et
2492 4195 2650 4250 malle
2680 4210 2740 4249 se
2767 4193 2865 4265 legi
2896 4197 2947 4248 in
2977 4194 3250 4249 hominem.
3291 4193 3526 4249 Joannes
3554 4199 3652 4252 Sa-

2062 4269 2436 4334 resberiensis,
2469 4266 2559 4320 lib.
2594 4283 2681 4319 vnt
2708 4266 3032 4328 Policratici,
3063 4281 3181 4332 cap.
3215 4266 3310 4319 ηε
3342 4265 3495 4318 Domi
3521 4271 3653 4321 enim

2061 4341 2204 4396 nobis
2232 4340 2426 4392 animos
2453 4338 2710 4390 induimus
2733 4348 3086 4408 tyrannorum,
3111 4345 3156 4390 et
3179 4354 3277 4408 non
3299 4346 3540 4404 quantum
3564 4339 3652 4390 dc—

2058 4424 2153 4476 cet,
2183 4414 2272 4464 sed
2296 4418 2536 4480 quantum
2556 4408 2935 4475 licel,ea:crcere
2958 4409 3186 4460 volumus
3209 4407 3260 4459 in
3283 4423 3468 4460 servos.
3494 4408 3654 4464 Juve-

2059 4485 2193 4538 nalis
2217 4482 2393 4537 Satira
2419 4495 2502 4533 vr:

2183 4577 2319 4625 Pone
2335 4583 2531 4621 erucem
2556 4582 2717 4620 servo.
2744 4569 2924 4617 Meruit
2948 4580 3045 4629 quo
3069 4568 3272 4616 crimine
3288 4580 3470 4629 servus

2179 4631 2518 4700 Supplicium?
2543 4632 2664 4700 Quis
2688 4633 2829 4680 testis
2851 4628 3143 4700 adesttquis
3163 4628 3377 4700 detulit?
3401 4631 3541 4678 Audi.

2177 4691 2321 4749 Nulla
2343 4709 2556 4759 unquam
2580 4696 2640 4742 de
2670 4701 2822 4759 morte
2851 4691 3068 4759 hominis;
3082 4693 3341 4759 cunctatio
3361 4691 3506 4754 longa
3531 4701 3620 4742 est.

2183 4761 2222 4810 Ο
2249 4751 2472 4814 demens,
2500 4758 2564 4804 ila
2586 4765 2761 4803 servus
2786 4754 2928 4802 homo
2955 4751 3069 4800 eSt?
3090 4751 3165 4800 Nil
3192 4752 3386 4812 fecerit,
3414 4751 3535 4804 esto.

2183 4823 2288 4873 Hoc
2313 4820 2438 4880 volo,
2466 4813 2538 4867 Sic
2551 4817 2723 4878 jubeo,
2747 4819 2808 4864 sit
2829 4827 2916 4877 pro
2939 4816 3131 4863 ratione
3157 4813 3394 4864 voluntas.

2133 4905 2223 4959 lx,
2243 4935 2314 4944 ..-
2345 4902 2515 4955 Manet
2542 4898 2883 4966 postmodum.
2909 4895 3043 4950 Tres
3083 4895 3201 4950 libri
3227 4907 3466 4961 veteres,
3490 4907 3657 4952 manet

2064 4993 2182 5046 ergo
2211 4990 2418 5046 necesse
2453 4979 2523 5023 est
2565 4968 2902 5046 irostittorlunt.
2939 4968 3023 5046 ita
3067 4969 3230 5046 etiam
3273 4970 3465 5038 legisse
3503 4983 3559 5023 se
3603 4973 3654 5024 in

2066 5038 2276 5101 duobus
2306 5045 2454 5098 libris
2483 5040 2716 5109 antiquis
2750 5040 2906 5092 tradit
2938 5038 3223 5092 Morellius.

2141 5117 2264 5170 Cum
2291 5112 2592 5168 volucribus.
2642 5110 2864 5164 Veteres
2908 5111 3170 5164 editiones
3211 5122 3258 5163 et
3301 5109 3534 5179 quinque
3566 5125 3659 5164 vc-

2070 5199 2180 5242 tera
2209 5180 2547 5252 exemplaria.
2572 5181 2750 5252 legunt
2791 5194 2918 5252 cuni
2944 5179 3226 5252 volucribus
3265 5191 3308 5233 et
3347 5180 3656 5235 volatilibus.

2069 5257 2348 5321 Fuxeuse,
2376 5250 2495 5307 cum
2538 5250 2846 5305 volatilibus.
2890 5250 2997 5305 Sed
3043 5252 3155 5304 base
3193 5251 3564 5305 desiderantur
3605 5253 3660 5307 in

2071 5331 2319 5384 omuilms
2347 5325 2467 5378 aliis
2499 5324 2766 5378 veteribus
2793 5330 2847 5376 et
2874 5323 2924 5374 in
2955 5321 3019 5374 iis
3055 5335 3188 5391 quos
3221 5321 3492 5376 Morcllius
3529 5322 3662 5379 vidit

2071 5411 2123 5455 ct
2157 5403 2208 5452 in
2239 5400 2394 5453 Osee.

2146 5469 2210 5522 Et
2262 5470 2430 5522 irasci.
2468 5467 2565 5519 Ista
2611 5463 2889 5518 exstabant
2938 5463 2988 5514 in
3033 5461 3266 5531 antiquis
3313 5459 3660 5519 editionibus.

2075 5541 2372 5594 illanuliaua
2406 5537 2633 5589 sustulit.
2671 5533 2982 5596 Mureniana
3012 5535 3264 5602 reposuit.
3299 5533 3530 5589 Rursum
3565 5535 3666 5588 Pa-

2073 5612 2264 5666 tnclzus
2292 5608 2572 5677 cxpuuxit.
2607 5608 2714 5673 Ego
2745 5619 2965 5677 repono,
2996 5618 3112 5672 qum
3139 5607 3378 5677 quantivis
3405 5605 3579 5659 desint
3611 5607 3664 5662 in

2074 5683 2250 5735 multis
2282 5675 2429 5733 libris
2460 5680 2756 5740 veteribus,
2791 5675 3255 5744 ltabenturtzumen
3287 5675 3336 5728 in
3366 5677 3668 5744 scplenule-

2073 5754 2196 5806 cim.
2228 5751 2360 5806 Nam
2383 5750 2678 5819 Cyprianus
2703 5746 2860 5817 paulo
2888 5756 3012 5802 ante
3041 5741 3202 5801 dixit:
3231 5741 3537 5820 Indignatur
3555 5763 3672 5810 ecce

2076 5821 2328 5878 Dominus
2355 5830 2400 5878 et
2429 5820 2684 5876 irascitur.
3007 5825 3012 5828 ’
