4302 6296
631 403 728 463 551
1656 413 1658 416 '
2009 396 2146 453 DIVI
2193 393 2516 452 CYPRIANI
3819 397 3935 453 552

630 517 713 573 bis
743 513 833 571 Dei
854 520 981 570 ante
1008 511 1262 584 pra-dicta
1286 517 1431 578 sunt,
1479 524 1580 567 nec
1618 509 1897 582 quisquam
1948 510 2055 567 ftde
2081 526 2217 581 prae—
2244 514 2294 573 Α
2322 511 2433 580 ipsa
2465 517 2520 565 et
2568 508 2653 565 lue
2702 508 2784 564 vel
2813 507 3021 565 detecta
3059 507 3167 564 sint
3195 507 3277 565 vel
3304 516 3459 565 aucta
3484 508 3709 564 crimina
3734 508 3923 581 singu-

630 606 861 662 sentium
913 614 972 660 ut
1022 605 1076 659 in
1128 603 1363 659 futurum
1404 602 1651 658 consulat
1692 601 2030 659 admonetur.
2077 602 2221 658 Inter
2321 600 2515 667 lorum,
2547 600 2673 655 dum
2706 614 2808 656 nec
2847 600 3076 656 inﬁrmis
3122 601 3412 657 exhibetur
3443 601 3836 669 misericordia,
3869 612 3928 659 et

633 696 749 767 ipsa
775 695 1022 762 adversa,
1055 696 1249 767 quibus
1271 695 1358 751 vix
1387 703 1625 751 coactata
1665 705 1719 750 et
1764 695 2015 751 conclusa
2043 696 2220 751 anima

633 790 881 861 reSpirat,
912 798 1062 846 vacat
1093 790 1263 846 malos
1279 805 1399 846 esse
1416 801 1468 845 et
1488 790 1539 844 in
1561 789 1813 861 periculis
1834 792 1996 846 tantis
2025 806 2130 845 non
2152 790 2222 845 de

632 897 692 941 se
711 881 879 955 magis
904 881 997 939 sed
1026 882 1094 939 de
1122 882 1567 952 alterojudicare.
1589 882 1937 954 Indignamini
1959 882 2223 953 indignari

633 975 822 1053 Deum,
845 975 999 1045 quasi
1028 974 1230 1045 aliquid
1281 974 1405 1030 boni
1453 975 1593 1029 male
1620 974 1848 1029 vivendo
1888 974 2220 1040 mereamini,

631 1067 783 1138 quasi
829 1082 937 1122 non
964 1067 1143 1122 omnia
1188 1067 1289 1121 ista
1332 1082 1453 1137 qum
1499 1065 1997 1146 accidunt_minora
2049 1064 2224 1120 adhuc

631 1157 739 1214 sint
764 1167 815 1213 et
847 1158 1047 1214 leviora
1070 1157 1305 1229 peccatis
1334 1158 1546 1213 vestris.

703 1250 772 1304 Χ.
788 1250 888 1317 Qui
915 1250 1049 1305 alios
1058 1249 1287 1319 judicas,
1315 1248 1602 1320 aliquando
1623 1259 1676 1304 et
1706 1258 1761 1304 tu
1784 1257 1902 1305 esto
1928 1249 2000 1304 tui
2017 1249 2223 1319 judex;

632 1342 972 1401 conscientim
1001 1351 1103 1397 tua!
1146 1341 1376 1397 latebras
1408 1343 1637 1406 intuere,
1684 1341 1869 1406 immo,
1898 1342 2019 1411 quia
2051 1341 2226 1396 nullus

627 1439 738 1510 jam
768 1434 1113 1506 delinquendi
1141 1447 1317 1490 metus
1345 1434 1428 1489 vel
1457 1434 1629 1504 pudor
1655 1442 1757 1500 est,
1778 1442 1832 1489 et
1867 1433 1944 1487 sic
1974 1443 2227 1502 peccatur

632 1530 783 1601 quasi
810 1528 978 1598 magis
1018 1541 1113 1598 per
1159 1526 1272 1597 ipsa
1304 1533 1525 1596 peccata
1556 1524 1846 1595 placentur,
1884 1525 1973 1595 qui
2021 1524 2231 1594 perspi-

632 1636 764 1678 cuus
806 1630 858 1676 et
888 1618 1060 1674 nudus
1090 1616 1289 1673 videris
1316 1632 1347 1671 a
1371 1617 1600 1682 cunctis,
1646 1625 1703 1672 et
1748 1616 1860 1686 ipse
1897 1624 1948 1671 te
1996 1616 2224 1685 respice.

632 1715 741 1771 Aut
764 1712 907 1769 enim
935 1711 1186 1782 superbia
1217 1710 1433 1765 inﬂatus
1459 1724 1541 1777 es,
1572 1718 1663 1764 aut
1683 1710 1907 1766 avaritia
1929 1724 2118 1779 rapax,
2138 1719 2230 1765 aut

632 1803 907 1862 iracundia
951 1818 1147 1870 saevus,
1202 1810 1297 1857 aut
1341 1802 1457 1858 alea
1497 1802 1773 1873 prodigus,
1807 1812 1899 1856 aut
1941 1802 2227 1858 vinolentia

2322 691 2587 748 defunctis
2612 692 2834 749 avaritia
2862 693 3031 749 inhiat
3057 709 3122 750 ac
3172 696 3377 766 rapina.
3412 693 3577 751 Iidem
3617 695 3684 751 ad
3712 696 3928 768 pietatis

2325 783 2644 854 obsequium
2662 784 2939 853 timidi,ad
2969 785 3125 856 impia
3155 787 3303 842 lucra
3332 788 3625 856 temerarii,
3659 788 3923 860 fugientes

2325 878 2665 933 morientium
2701 878 2907 947 funera,
2937 890 3329 951 etappetentes
3356 882 3524 952 spolia
3555 891 3887 938 mortuorum
3906 927 3923 954 ,

2325 980 2384 1025 ut
2412 986 2663 1042 appareat
2695 973 2748 1047 in
2772 974 3086 1044 tegritudine
3109 990 3205 1032 sua
3235 975 3464 1032 miseros
3484 977 3552 1032 ad
3579 978 3681 1034 hoc
3703 978 3926 1037 forsitan

2325 1062 2612 1119 derelictos
2640 1079 2790 1133 esse,
2842 1082 2908 1122 ne
2936 1067 3155 1137 possint,
3190 1068 3317 1124 dum
3346 1079 3621 1138 curantur,
3652 1072 3880 1131 evadere
3907 1091 3922 1129 :

2327 1169 2448 1226 nam
2478 1156 2654 1225 perire
2674 1173 2877 1228 tegrum
2895 1159 3060 1215 voluit
3075 1161 3165 1232 qui
3180 1176 3399 1218 censum
3418 1165 3925 1234 pereuntisinvadit.

2400 1246 2492 1302 XI.
2524 1247 2728 1304 Tantus
2775 1250 3008 1307 cladium
3040 1262 3215 1310 terror
3241 1254 3372 1312 dare
3408 1273 3512 1312 non
3566 1269 3743 1329 potest
3772 1260 3927 1317 inuo—

2328 1341 2520 1395 centiae
2567 1340 2905 1412 disciplinam
2954 1342 3005 1411 δ,
3053 1355 3108 1400 et
3162 1346 3302 1402 inter
3349 1348 3604 1419 populum
3655 1350 3926 1421 frequenti

2328 1439 2506 1501 strage
2527 1432 2866 1501 morientem,
2893 1449 3053 1491 nemo
3073 1437 3451 1494 conmderatse
3478 1456 3596 1497 esse
3619 1444 3924 1499 mortalem.

2329 1521 2532 1577 PaSsitn
2607 1523 2947 1589 discurritur,
3000 1528 3225 1597 rapitur,
3276 1541 3589 1602 occupatur.
3640 1532 3933 1607 Prmdaudi

2330 1614 2686 1672 dissimulatio
2733 1619 2914 1685 nulla,
2970 1620 3114 1675 nulla
3179 1624 3472 1680 cunctatio.
3514 1626 3680 1694 Quasi
3728 1628 3922 1696 liceat,

2329 1714 2481 1784 quasi
2522 1723 2787 1783 oporteat,
2814 1717 2969 1786 quasi
3012 1717 3100 1773 ille
3138 1721 3228 1791 qui
3268 1736 3375 1777 non
3420 1723 3562 1794 rapit
3590 1723 3844 1781 damnum
3871 1732 3928 1781 et

2331 1802 2670 1875 dispendium
2720 1810 2994 1878 proprium
3045 1813 3268 1879 sentiat,
3312 1814 3391 1870 sic
3439 1818 3804 1890 unusquisque
3836 1834 3927 1875 ra-

635 1898 981 1966 temulentus,
1026 1905 1117 1952 aut
1142 1896 1312 1951 livore
1347 1895 1578 1963 invidus,
1602 1904 1693 1950 aut
1717 1894 1935 1949 libidine
1968 1895 2223 1962 incestus,
2255 1897 2304 1957 B
2333 1911 2459 1967 pere
2489 1899 2723 1954 festinat.
2754 1900 2811 1955 In
2843 1900 3143 1959 latronibus
3170 1913 3252 1961 est
3280 1914 3567 1979 utcumque
3602 1910 3779 1982 aliqua
3807 1927 3927 1969 sce-

631 1981 726 2049 aut
747 1990 1066 2048 crudelitate
1094 1988 1360 2046 violentus
1385 2007 1398 2045 :
1429 1998 1485 2044 et
1524 1988 1738 2044 miraris
1762 1987 1816 2042 in
1838 1986 2037 2058 poenas
2062 2004 2227 2059 gene-

629 2092 709 2149 ris
736 2087 958 2146 humani
986 2088 1122 2143 iram
1156 2086 1247 2142 Dei
1270 2099 1538 2152 crescere,
1570 2099 1691 2139 cum
1741 2092 1951 2139 crescat
1993 2082 2230 2154 quotidie

632 2182 773 2255 quod
814 2180 1090 2253 puniatur?
1136 2178 1355 2235 Hostem
1394 2177 1640 2247 quereris
1681 2189 2006 2245 exsurgere,
2039 2174 2225 2244 quasi,

564 2289 576 2298 ‘
631 2254 732 2332 etsi
759 2274 928 2330 hostis
962 2272 1123 2338 desit,
1167 2286 1288 2327 esse
1316 2285 1419 2341 pax
1456 2254 1596 2324 inter
1623 2268 1767 2338 ipsas
1793 2276 1945 2338 togas
1974 2276 1999 2304 ει
2036 2267 2225 2337 possit.

634 2368 854 2425 Hostem
881 2365 1121 2439 quereris
1152 2376 1463 2434 exsurgere,
1492 2363 1643 2433 quasi
1693 2377 1822 2427 non,
1853 2362 1953 2416 etsi
2005 2372 2225 2416 externa

633 2459 702 2516 de
729 2459 972 2516 barbaris
996 2472 1142 2513 arma
1175 2464 1230 2512 et
1256 2454 1489 2526 pericula
1516 2453 1960 2523 comprimantur,
1991 2452 2228 2509 ferocius

633 2553 777 2610 intus
799 2562 855 2611 et
871 2551 1086 2623 gravius
1111 2550 1176 2606 de
1200 2549 1486 2605 calumniis
1507 2555 1561 2603 et
1590 2547 1799 2617 injuriis
1825 2546 2123 2617 potentium
2152 2545 2229 2601 ci-

633 2645 777 2700 vium
807 2643 1116 2700 domestica:
1164 2639 1581 2713 impugnatiouis
1622 2638 1724 2694 tela
1769 2647 2102 2709 grasseutur.
2151 2639 2227 2694 De

633 2737 915 2795 sterilitate
959 2744 1014 2792 et
1040 2735 1182 2791 fame
1223 2733 1488 2806 quereris,
1533 2731 1687 2803 quasi
1725 2730 1922 2787 famem
1965 2733 2226 2804 majorem

632 2831 845 2889 siccitas
870 2846 1030 2901 quam
1059 2828 1324 2900 rapacitas
1370 2826 1551 2893 faciat,
1583 2825 1734 2896 quasi
1764 2840 1870 2881 non
1910 2824 1978 2881 de
2004 2826 2228 2897 captatis

633 2938 967 2980 annonarum
983 2920 1328 2978 incrementis
1352 2928 1406 2976 et
1426 2919 1720 2991 pretiorum
1749 2917 1976 2974 cumulis
1998 2918 2227 2988 ﬂagran-

635 3017 739 3072 tior
759 3014 953 3086 inopiae
978 3014 1139 3069 ardor
1162 3020 1459 3069 excrescat.
1488 3011 1743 3080 Quereris
1769 3008 1942 3066 claudi
1968 3011 2226 3068 imbribus

638 3109 854 3177 caelum,
884 3122 1007 3163 cum
1038 3106 1117 3163 sic
1141 3105 1335 3161 horrea
1357 3104 1674 3160 claudantur
1694 3104 1746 3161 in
1777 3106 1952 3161 terris.
1975 3098 2227 3173 Qu‘creris

633 3188 777 3258 nunc
802 3204 979 3256 minus
1004 3199 1174 3264 nasci,
1205 3196 1358 3269 quasi
1398 3210 1519 3267 qua:
1547 3205 1669 3251 nata
1698 3206 1824 3251 sunt
1867 3196 2227 3267 indigentibus

2334 1988 2506 2045 lerum
2538 1993 2858 2049 verecundia
2882 2012 2897 2062 ;
2924 1994 3083 2052 avias'
3102 1997 3284 2055 fauces
3325 2009 3380 2056 et
3409 2000 3651 2057 desertas
3677 2004 3927 2061 solitudi-

2332 2094 2429 2136 nes
2463 2081 2706 2153 diligunt,
2737 2095 2793 2140 et.
2820 2085 2900 2141 sic
2925 2086 3037 2142 illic
3064 2088 3410 2160 delinquitur,
3454 2101 3515 2148 ut
3545 2103 3723 2152 tamen
3754 2096 3927 2153 delin-

2331 2176 2605 2243 quentium
2652 2176 2857 2233 facinus
2889 2180 3125 2237 tenebris
3154 2191 3209 2237 et
3237 2194 3394 2240 nocte
3422 2186 3652 2242 veletur.
3684 2176 3947 2245 Avaritia

2332 2265 2508 2334 palam
2551 2268 2727 2334 saevit,
2756 2277 2827 2333 et,
2864 2269 2978 2340 ipsa
3020 2271 3238 2354 audacia
3264 2289 3360 2330 sua
3392 2284 3536 2342 tuta,
3566 2277 3621 2333 in
3665 2278 3764 2334 fori
3804 2280 3927 2338 luce

2333 2357 2575 2428 abrupta:
2601 2361 2912 2431 cupiditatis
2937 2377 3084 2419 arma
3110 2366 3403 2434 prostituit.
3429 2368 3560 2425 lude
3591 2370 3816 2441 falsarii,
3845 2373 3928 2428 in-

2330 2448 2399 2525 de
2438 2452 2681 2521 venefici,
2735 2455 2860 2511 inde
2890 2456 2942 2510 in
2987 2458 3163 2513 media
3201 2459 3415 2517 civitate
3451 2462 3652 2531 sicarii,
3701 2476 3807 2520 tam
3858 2465 3928 2523 ad

2333 2542 2663 2612 peccandum
2714 2546 3021 2618 praecipites
3070 2564 3228 2620 quam
3277 2550 3496 2621 impune
3533 2565 3836 2624 peccantes.
3877 2558 3924 2613 A

2332 2651 2562 2697 nocente
2587 2642 2790 2697 crimen
2818 2643 3142 2712 admittitur,
3171 2661 3272 2702 nec
3319 2647 3579 2706 innocens
3625 2652 3715 2722 qui
3743 2652 3924 2708 vindi-

2331 2741 2418 2788 cet
2442 2734 2729 2791 invenitur.
2756 2736 2831 2792 De
2847 2748 3161 2796 accusatore
3181 2741 3265 2797 vel
3281 2741 3462 2812 judice
3478 2755 3652 2801 metus
3679 2747 3860 2804 nullus
3876 2758 3923 2803 ο.

2332 2832 2708 2904 lmpunilatem
2746 2824 3156 2908 consequuntur
3198 2840 3359 2908 mali,
3390 2841 3517 2898 dum
3570 2844 3799 2900 modesti
3849 2854 3928 2902 ta-

2332 2934 2476 2992 cent,
2524 2926 2717 2981 timent
2743 2928 2968 2996 conscii,
3001 2940 3237 2986 veneunt
3279 2931 3589 3001 judicaturi.
3621 2934 3687 2989 Et
3728 2934 3929 2993 idcirco

2332 3036 2429 3092 per
2462 3021 2783 3091 Prophetam
2801 3023 2985 3080 divino
3011 3023 3217 3095 Spiritu
3248 3035 3304 3083 et
3332 3027 3586 3084 instinctu
3616 3031 3691 3085 rei
3723 3031 3924 3087 veritas

2332 3111 2596 3181 promitur
2625 3110 2676 3180 ά,
2706 3123 2851 3169 certa
2879 3124 2934 3171 et
2963 3116 3032 3147 ¹²⁰
3061 3106 3340 3174 manifesta
3366 3121 3572 3176 ratione
3601 3131 3929 3176 monstratur

2334 3204 2505 3260 Deum
2535 3220 2693 3275 posse
2721 3205 2943 3263 adversa
2967 3207 3274 3279 prohibere,
3309 3210 3403 3265 sed
3434 3226 3503 3265 ne
3530 3211 3619 3268 ille
3644 3212 3925 3268 subveniat

634 3295 996 3368 prtebeantur.
1026 3290 1242 3348 Pestem
1277 3296 1334 3346 et
1361 3288 1502 3346 luem
1529 3288 1854 3355 criminaris,
1907 3304 2031 3344 cum
2076 3299 2228 3359 peste
2254 3285 2299 3349 C
2334 3295 2525 3351 merita
2556 3296 2888 3366 peccantium
2935 3298 3113 3355 facere
3160 3316 3173 3353 :
3218 3298 3505 3370 Numquid,
3540 3302 3634 3369 ait,
3667 3319 3768 3358 non
3800 3303 3930 3359 valet

1866 3427 2247 3490 LECTIONES
2285 3404 2700 3492 VARIANTiES.

697 3547 724 3608 _°
756 3544 935 3608 Togas,
956 3544 1140 3608 eultum
1160 3545 1293 3608 pacis
1307 3534 1435 3608 Bod.
1461 3545 1485 3593 1
1550 3572 1553 3575 -

697 3606 727 3648 ι)
759 3606 934 3662 Potest
954 3606 1257 3671 disciplinam
1278 3609 1368 3657 Ar.
1389 3607 1512 3657 Ben.

2396 3551 2420 3613 (ξ
2454 3546 2645 3613 ISullus,
2664 3549 2984 3613 quodipqtest
3005 3550 3181 3602 redimi
3204 3561 3300 3603 non
3325 3554 3525 3605 timetur
3566 3553 3693 3608 Bod.
3718 3557 3768 3607 5.

2394 3609 2421 3649 ιι
2457 3608 2689 3662 Cernitur
2710 3608 2837 3690 BodI
2858 3610 2908 3662 2.
2948 3614 3062 3666 ΜΗ.

1870 3735 2112 3794 STEPH.
2152 3736 2428 3829 βΑιυζιι
2462 3739 2692 3797 NOTAE.

701 3882 1037 3940 X.-—Metus.
1059 3880 1208 3937 Hanc
1234 3894 1419 3937 vocem
1444 3893 1544 3935 nos
1564 3878 1867 3935 addidimus
1892 3895 1957 3937 ex
1986 3895 2098 3937 uno
2122 3896 2218 3937 co-

629 3955 752 4012 dice
777 3954 945 4026 regio.
975 3952 1242 4026 Fuxensis
1270 3952 1429 4026 habet
1455 3951 1596 4006 locus
1625 3951 1702 4005 vel
1732 3950 1919 4026 pudor.
1946 3952 2222 4009 Morellius

630 4027 708 4081 ait
734 4041 794 4080 se
822 4021 874 4080 in
904 4039 1012 4079 uno
1038 4024 1256 4094 antiquo
1287 4023 1480 4092 legisse
1506 4036 1685 4094 pavor.
1729 4021 2063 4094 Quamquam
2091 4039 2221 4079 vero

631 4095 802 4151 codex
829 4094 1092 4149 Fuxensis
1118 4093 1396 4164 dissentiat
1423 4108 1453 4147 a
1483 4093 1632 4164 regio
1652 4134 1666 4158 ,
1697 4093 1895 4147 indicat
1922 4103 2101 4150 tamen
2128 4094 2223 4150 de-

633 4166 750 4222 ﬁeri
781 4166 901 4221 istic
931 4163 1152 4233 aliquid.
1196 4163 1251 4218 In
1283 4178 1390 4234 uno
1416 4164 1587 4234 veteri
1616 4163 1807 4233 legitur
1833 4174 1995 4219 metus
2020 4167 2097 4220 vet
2127 4182 2225 4234 pu-

634 4236 748 4293 dor.
802 4236 862 4291 ln
915 4232 1101 4290 codice
1150 4235 1319 4290 sancti
1366 4232 1628 4305 Arnulphi
1674 4232 1760 4305 uel
1807 4233 1971 4303 pudor
2021 4232 2224 4293 tantum

634 4308 839 4378 absque
868 4315 1051 4378 metus.
1081 4304 1172 4378 Sic
1196 4302 1555 4378 etiameditio
1578 4302 1906 4360 “orelliana.
1956 4305 2110 4374 Quod
2152 4308 2234 4361 in-

634 4374 778 4436 dicat
805 4378 998 4434 deesse
1031 4376 1147 4431 heic
1178 4374 1402 4446 aliquid.

704 4448 771 4504 In
802 4463 1010 4519 pmnas._
1044 4446 1222 4519 Editio
1260 4444 1379 4519 qua:
1417 4444 1613 4519 dicitur
1651 4445 1929 4519 G_ravii_et
1966 4445 2073 4519 duo
2103 4446 2226 4519 libri

630 4504 844 4576 veteres
874 4517 1165 4590 praeferunt
1201 4517 1255 4571 in
1278 4504 1483 4590 'plagas.
1514 4516 1604 4573 Sic
1643 4517 1804 4572 etiam
1844 4515 2080 4590 habebat
2120 4516 2227 4590 Ve—
2251 4504 2305 4565 D

630 4587 900 4670 ronensis'.
943 4587 1312 4670 Paulo_supra
1350 4587 1609 4670 scriptum
1652 4595 1735 4643 est
1774 4587 1936 4670 magis
1977 4597 2025 4670 ei
2066 4588 2230 4670 magis

631 4663 685 4717 in
732 4663 914 4744 plagas
962 4660 1162 4732 generis
1213 4659 1425 4714 humani
1465 4657 1740 4712 censuram
1780 4657 1877 4713 Dei
1915 4657 2231 4730 indignantis

630 4733 989 4859 aegile‘i'iiitate
1039 4818 1099 4858 ac
1153 4805 1311 4874 fame.
1364 4799 1687 4856 Prudentius
1730 4798 1824 4857 lib.
1874 4816 1941 4866 ll,
1989 4801 2231 4856 adversus

633 4874 1005 4947 Symmachum
1032 4889 1051 4928 :

755 4986 885 5038 Hinc
907 4987 977 5037 ait
999 4993 1052 5036 et
1072 4985 1272 5049 steriles
1292 4983 1583 5049 frugescere
1602 4984 1764 5033 rarius
1785 4994 1931 5049 agros

757 5050 822 5101 Et
844 5050 1034 5100 tristem
1055 5048 1232 5109 saevire
1252 5045 1451 5109 fame'tn,
1476 5054 1733 5109 totumque
1757 5045 1847 5109 per
1870 5045 2043 5095 orbem

757 5110 993 5163 Mortales
1014 5108 1204 5173 pallere
1228 5111 1402 5170 inopes
1425 5108 1483 5158 ac
1507 5108 1875 5172 panis’egenos.

632 5235 851 5296 Dixerat
872 5236 1016 5293 enim
1048 5232 1440 5306 Symmachus:
1466 5232 1655 5289 Secuta
1680 5243 1752 5288 est
1772 5237 1932 5306 [ames
1956 5230 2159 5306 publica
2183 5239 2229 5284 et

630 5327 771 5382 apem
792 5300 1610 5382 provinciarumomniummessis
1629 5300 2007 5382 (egra'decepit.
2027 5300 2229 5382 contra

631 5374 753 5438 c'utn
784 5374 883 5436 sub
911 5377 1137 5449 imperio
1162 5375 1435 5449 Maximini
1466 5389 1660 5449 magna
1680 5374 1935 5449 fertilitas
1956 5374 2233 5449 evenisset

631 5455 685 5509 in
739 5442 1041 5523 republica,
1086 5449 1156 5480 ⁸⁸³
1197 5445 1425 5523 gentiles
1474 5442 1624 5523 illam
1666 5443 1974 5523 referebant
2002 5442 2067 5523 ad
2100 5442 2231 5523 deo-

630 5539 749 5597 rum
778 5512 1159 5597 licniguitatem
1187 5512 1628 5597 t'estantiumsmi
1652 5516 1862 5597 placere
1882 5512 2232 5597 qureiiebant

627 5596 889 5653 adversus
905 5584 1275 5648 'Christianos.
1310 5590 1447 5645 Hinc
1474 5584 1704 5658 gloriam
1736 5596 1958 5658 captans
1990 5584 2229 5658 Maximi.

625 5680 732 5725 nus
771 5661 1208 5721 constitutionem
1254 5659 1424 5717 edidit
1466 5656 1570 5728 qua
1624 5656 1765 5712 hanc
1809 5656 2105 5728 ubertatem
2137 5656 2232 5728 ju-

622 5746 821 5793 ctanler
844 5734 971 5790 satis
995 5748 1056 5785 ac
1083 5730 1299 5804 superbe
1317 5774 1334 5802 ,
1362 5739 1421 5785 ut
1445 5725 1521 5804 ait
1545 5728 1774 5804 iiulinus
1790 5768 1805 5793 ,
1828 5726 2136 5804 extollebat.
2164 5725 2237 5804 _Et

621 5820 749 5863 mox
778 5807 1029 5863 saevitum
1059 5797 1435 5865 est'atroc'itcr
1460 5798 1516 5855 in
1537 5797 1893 5856 Christianos.
1924 5797 2030 5854 Sed
2056 5797 2235 5853 statim

616 5874 762 5935 Deus
788 5870 994 5933 famem
1024 5881 1078 5930 et
1118 5878 1331 5947 pestem
1353 5867 2239 5930 vehementissimas.etacerrimas

2327 3858 2551 3940 immisit
2594 3884 2647 3940 in
2688 3882 3696 3955 rempublicam,__ut_constaretibona
3725 3899 3843 3953 qua:
3873 3882 3927 3940 in

2286 3982 2289 3983 ν
2325 3970 2388 4010 ea
2419 3956 2740 4012 eveniebant
2780 3952 2886 4011 n'on
2917 3954 3040 4010 ideo
3068 3952 3227 4024 tribui
3261 3968 3291 4007 a
3319 3953 3424 4024 diis
3465 3954 3613 4008 velut
3651 3952 3931 4024 praemium

2326 4026 2761 4097 persecutionum
2779 4067 2793 4089 .
2821 4025 2915 4081 sed
2944 4033 3131 4097 contra
3160 4023 3328 4097 Deum
3346 4023 3785 4097 Christianorum
3813 4027 3932 4080 vin-

2327 4094 2509 4153 ilicare
2554 4112 2651 4153 eos
2694 4097 2786 4167 qui
2833 4111 2928 4167 pro
2966 4096 3182 4151 nomine
3210 4094 3325 4167 ejus
3343 4095 3538 4166 injusta
3569 4096 3927 4165 patiebantur.

2328 4167 2464 4223 Vide
2492 4165 2805 4235 Eusebium,
2837 4166 2931 4222 lib.
2966 4183 3045 4232 Ix,
3068 4180 3187 4237 cap.
3217 4166 3272 4232 7,
3301 4165 3353 4221 8.

2413 4238 2756 4308 XL—Nu’lla
2800 4238 3073 4293 cunctatio.
3134 4236 3335 4308 Postea
3390 4236 3659 4292 Pamelius
3735 4237 3934 4308 adjecit

2338 4324 2404 4365 ex
2432 4310 2619 4366 codice
2659 4307 3105 4380 Camberonensi,
3146 4306 3289 4380 nulla
3323 4307 3557 4380 formido
3580 4317 3675 4362 est.
3713 4306 3932 4380 Atiego

2338 4380 2532 4450 delevi,
2559 4380 2684 4450 quia
2706 4378 3129 4450 additamentum
3153 4376 3257 4433 hoc
3276 4376 3521 4448 nuspiam
3545 4378 3725 4434 inveni
3753 4376 3933 4435 nisiin

2336 4446 2523 4507 codice
2551 4446 2829 4506 Beccensi.
2858 4450 2973 4516 Qua
3007 4448 3059 4503 in
3111 4462 3173 4503 re
3212 4446 3429 4519 secutus
3474 4463 3590 4503 sum
3621 4450 3932 4519 exemplum

2332 4521 2551 4591 Pamelii
2578 4538 2592 4586 ;
2622 4520 2712 4591 qui
2753 4534 2874 4574 cum
2908 4521 2962 4575 in
2993 4519 3229 4591 editione
3260 4534 3379 4591 quae
3400 4518 3597 4574 dicitur
3626 4518 3810 4591 Gravii
3842 4521 3926 4575 vi-

2335 4590 2488 4647 deret
2518 4589 2779 4660 scriptum
2816 4605 2937 4645 esse
2977 4590 3122 4660 nulla
3148 4589 3401 4643 cunctatio
3424 4604 3521 4658 pro
3555 4604 3621 4645 eo
3646 4590 3792 4660 qttod
3818 4593 3933 4660 ipse

2336 4663 2515 4731 posuit
2551 4659 2821 4730 trepidatio
2852 4660 3017 4725 nulla,
3040 4659 3103 4731 id
3130 4675 3198 4731 se
3218 4659 3544 4731 expunxisse
3568 4661 3642 4731 ait
3665 4659 3791 4728 quia
3820 4659 3932 4715 ma-

2336 4730 2591 4802 nuscripti
2618 4735 2739 4801 {non
2768 4731 2988 4787 habent.
3014 4730 3158 4787 Sane
3187 4730 3304 4802 hzec
3329 4730 3438 4802 duo
3472 4730 3727 4802 vocabula
3755 4748 3874 4801 qua:
3900 4748 3932 4788 a

2337 4819 2424 4859 me
2453 4800 2716 4874 expuncta
2750 4811 2877 4857 sunt
2903 4811 3120 4857 exstant
3144 4802 3207 4874 in_
3225 4800 3461 4874 editione
3492 4801 3604 4874 illa,
3633 4802 3728 4874 sed
3755 4800 3933 4874 minu-

2339 4876 2475 4930 tiore
2517 4871 2828 4931 charactere
2878 4888 3032 4937 cusa,
3078 4881 3137 4943 ut
3178 4871 3400 4926 daretur
3437 4872 3664 4943 intelligi
3697 4872 3932 4928 dubitari

2337 4958 2494 5014 posse
2532 4960 2598 4999 an
2640 4945 2743 4999 sint
2771 4944 3045 5015 Cypriani.
3076 4942 3937 5015 _C:cteru_mvetustioreseditio-

2332 5013 2430 5070 nes
2457 5015 2744 5085 praeferunt
2774 5032 2787 5069 :
2819 5013 3105 5085 Prwdandi
3150 5013 3411 5085 simulatio
3440 5013 3607 5085 nulla,
3641 5013 3785 5085 nulla
3808 5030 3938 5068 cun-

2329 5083 2483 5140 ctatio
2505 5097 2597 5140 est.
2623 5086 2727 5140 Pro
2747 5100 2854 5155 quo
2877 5086 2928 5138 in
2955 5084 3139 5139 codice
3162 5083 3451 5155 Pithmanoﬁ
3465 5092 3519 5155 et
3539 5084 3591 5137 in
3614 5084 3936 5154 quibusdam

2330 5157 2556 5219 aliis.‘in
2581 5153 2818 5227 editione
2834 5155 3003 5227 etiam
3037 5155 3245 5227 Erasini
3270 5163 3325 5227 et
3354 5154 3407 5209 in
3438 5153 3768 5227 Manutiana,
3804 5156 3939 5227 legi-

2333 5237 2419 5282 tur
2445 5226 2803 5282 dissimulatio.
2828 5225 3032 5296 rVucem
3057 5224 3348 5294 trepidatio,
3372 5240 3532 5296 quam
3559 5225 3681 5281 huic
3712 5224 3931 5282 lectioni

2334 5298 2608 5354 substituit
2635 5295 2931 5364 Pamelius,
2962 5298 3206 5367 nuspiam
3234 5294 3440 5351 inveni.
3472 5294 3658 5367 Neque
3696 5296 3811 5367 ipse
3836 5312 3934 5352 an-

2333 5378 2482 5423 notat
2507 5369 2596 5424 ubi
2622 5368 2904 5424 invenerit.

2414 5438 2640 5507 Veneunt
2656 5438 2970 5509 judicaturi.
2997 5437 3073 5493 Ita
3110 5437 3401 5509 ediderunt
3438 5436 3717 5509 Erasmus,
3749 5437 3940 5495 Manu-

2333 5510 2439 5566 tius
2482 5520 2536 5566 et
2564 5508 2875 5575 Morellius;
2911 5509 3155 5579 hancque
3195 5508 3484 5564 lectionem
3531 5508 3706 5563 inveni
3739 5510 3791 5563 in
3835 5525 3934 5564 ttu-

2337 5582 2512 5637 decim
2530 5581 2803 5637 codicibus
2829 5579 3086 5649 antiquis.
3126 5579 3304 5634 Aliam
3336 5595 3454 5649 qua:
3499 5579 3657 5635 habet
3706 5581 3935 5647 ueniunt,

2338 5595 2512 5637 acetm
2530 5595 2803 5637 COGICIDUS
2829 5595 2939 5634 anu
2984 5596 3086 5634 ms.
3126 5595 3304 5634 Allam
3336 5595 3454 5649 qua:
3499 5595 3657 5635 nanet
3706 5595 3935 5647 vomunt,

2338 5652 2517 5707 inveni
2545 5653 2598 5708 in
2626 5651 2904 5707 tredecim.
2937 5595 3006 5705 at
3032 5650 3086 5705 in
3114 5649 3284 5707 tribus
3314 5649 3541 5705 istorum
3571 5650 3827 5705 tredecim
3861 5652 3940 5706 le-

2338 5723 2484 5794 gitur
2508 5724 2726 5794 perversi
2753 5722 2957 5794 veniunt
2988 5721 3294 5794 judicaturi.
3330 5719 3389 5775 ln
3415 5720 3600 5794 codice
3624 5722 3804 5776 sancti
3828 5721 3933 5775 Ar-

2343 5790 2528 5863 itulplti
2571 5792 2828 5863 scriptum
2856 5790 3045 5863 primo
3070 5792 3170 5847 fuit
3195 5800 3425 5846 veneunt.
3473 5790 3580 5848 Sed
3624 5806 3815 5849 manus
3847 5804 3937 5854 reo

2344 5862 2552 5929 ccn’tior
2578 5862 2893 5924 emendavit
2915 5873 2973 5920 ut
3000 5864 3205 5921 veniunt
3231 5863 3515 5937 legeretur.
