4302 6296
397 280 506 338 553

1588 280 1793 336 LIBER
1832 279 1924 337 AD
1962 276 2485 340 DEMETRIANUM.

3586 283 3697 341 554

397 411 580 450 manus
611 393 818 450 Domini
836 401 893 451 ut
918 397 1085 453 salvos
1124 411 1212 452 vos
1237 397 1439 468 faciat?
1464 407 1551 452 aut
1579 400 1803 470 gravavit
1825 413 1997 453 aurem
2023 399 2074 460 A
2103 399 2335 463 mentis;
2362 396 2629 469 excogitat
2661 391 2828 455 novas
2858 409 3043 469 pmnas
3072 397 3347 468 ingeniosa
3373 396 3686 455 crudelitas.

397 500 453 544 ut
480 506 583 544 non
612 489 904 544 exaudiat?
930 491 1035 547 Sed
1063 501 1270 560 peccata
1297 500 1459 546 vestra
1487 492 1617 546 inter
1636 509 1722 547 vos
1745 502 1793 546 et
1828 491 1992 546 Deum

395 591 657 653 separant,
690 590 737 635 et
764 590 970 653 prapter
991 582 1178 637 delicta
1202 592 1368 637 vestra
1386 582 1560 637 avertit
1588 582 1769 652 faciem
1795 598 1939 637 suam
1960 598 1992 636 a

396 675 560 740 nobis,
601 690 665 728 ne
706 674 1004 729 misereatur
1044 674 1177 747 (Isa.
1211 690 1316 741 th,
1350 675 1403 740 1,
1434 673 1516 746 2).
1544 674 1769 730 Peccata
1816 674 1993 744 itaque

394 775 450 823 et
495 764 689 821 delicta
720 774 1054 835 repetentur,
1098 765 1440 821 conscientia:
1484 764 1709 820 vulnera
1752 764 1995 836 cogiten-

396 869 513 926 tur;
546 868 600 915 et
626 858 834 914 desinet
865 859 1230 931 unusquisque
1255 858 1323 914 de
1349 858 1462 914 Deo
1482 858 1566 913 vel
1590 857 1659 914 de
1684 857 1839 914 nobis
1865 871 1994 913 con-

402 952 577 1025 queri,
608 951 653 1006 si
679 951 822 1022 quod
854 951 1053 1023 patitur
1078 951 1338 1023 intelligat
1365 966 1425 1007 se
1454 951 1670 1008 mereri.

466 1044 585 1099 XII.
616 1043 757 1100 Ecce
787 1042 839 1099 id
864 1044 1039 1115 ipsum
1069 1043 1228 1115 quale
1254 1052 1341 1100 est
1370 1042 1512 1099 unde
1540 1043 1693 1099 nobis
1720 1041 1992 1099 vobiscum

394 1120 626 1196 maxime
644 1152 828 1195 sermo
856 1146 958 1203 est,
977 1139 1121 1210 quod
1144 1152 1243 1194 nos
1274 1137 1536 1194 intestatis
1554 1136 1821 1202 innoxios,
1850 1134 1993 1206 quod

395 1234 449 1287 in
486 1228 862 1288 contumeliam
900 1230 992 1285 Dei
1032 1231 1356 1302 impugnatis
1384 1239 1543 1300 atque
1576 1228 1877 1300 Oppl'lmilis
1900 1227 1994 1283 Dei

395 1341 600 1383 servos.
630 1325 825 1380 Parum
858 1334 941 1380 est
967 1323 1107 1394 quod
1132 1324 1417 1380 furentium
1442 1322 1700 1379 varietate
1716 1323 1990 1388 vitiorum,

394 1417 537 1491 quod
569 1418 845 1489 iniquitate
867 1416 1111 1473 feralium
1139 1416 1446 1484 criminum,
1476 1414 1619 1486 quod
1650 1423 1991 1469 cruentarum

394 1511 712 1584 compendio
730 1511 1036 1583 rapinarum
1068 1511 1175 1566 vita
1207 1519 1385 1566 vestra
1408 1510 1725 1577 maculatur,
1744 1508 1884 1580 quod
1908 1522 1996 1563 su-

394 1601 795 1677 perstitionibus
811 1603 960 1659 falsis
978 1601 1170 1676 religio
1183 1618 1312 1659 vera
1332 1602 1682 1669 subvertitur,
1698 1601 1839 1665 quod
1857 1602 1997 1656 Deus

392 1695 611 1753 omnino
630 1710 729 1751 nec
748 1694 1006 1765 quaeritur
1034 1710 1135 1751 nec
1164 1694 1403 1761 timetur;
1434 1693 1608 1750 adhuc
1637 1694 1856 1763 insuper
1897 1691 1994 1747 Dei

2167 488 2306 543 Xlll.
2335 489 2464 555 Quae
2498 489 2611 544 baac
2638 499 2722 545 est
2758 489 3072 545 insatiabilis
3113 488 3435 546 carniﬁcina:
3476 490 3689 546 rabies?

2094 598 2214 654 quae
2261 578 2599 653 inexplebilis
2645 582 2812 639 libido
2853 583 3112 639 smvitiae?
3140 582 3276 652 Quin
3328 584 3508 655 potius
3549 566 3697 653 elige

2097 673 2193 728 tibi
2217 673 2442 729 alterum
2469 673 2535 729 de
2561 673 2805 730 duobus:
2830 673 3196 731 Christianum
3221 690 3343 731 esse
3364 684 3455 730 aut
3476 683 3559 731 est
3580 674 3690 729 cri-

2096 779 2240 832 men,
2275 773 2365 820 aut
2395 779 2501 819 non
2533 773 2652 832 est;
2684 765 2729 820 si
2754 764 2961 821 crimen
2989 776 3093 833 est,
3121 765 3249 837 quid
3294 781 3399 821 non
3428 764 3690 821 interﬁcis

2096 857 2485 917 conﬁtentem?
2511 858 2558 915 si
2584 858 2787 915 crimen
2811 874 2919 914 non
2950 868 3052 926 est,
3086 859 3213 930 quid
3245 860 3582 931 persequeris
3611 858 3693 913 in-

2098 952 2419 1008 nocentem?
2443 949 2706 1022 Torqueri
2723 952 2866 1007 enim
2892 950 3073 1019 debui,
3100 954 3145 1005 si
3172 965 3446 1023 negarem.
3473 950 3551 1018 Si,
3580 964 3695 1021 pm-

2099 1058 2221 1099 nam
2250 1053 2394 1098 tuam
2426 1053 2694 1111 metuens,
2744 1042 2797 1098 id
2843 1043 2986 1115 quod
3034 1044 3183 1115 prius
3210 1043 3412 1100 fueram
3442 1052 3499 1099 et
3541 1042 3689 1114 quod

2098 1134 2233 1191 deos
2258 1143 2375 1190 tuos
2408 1150 2514 1190 non
2556 1134 2849 1200 colueram,
2891 1132 3170 1190 mendacio
3196 1133 3414 1191 fallente
3434 1135 3689 1201 eelarem,

2099 1235 2225 1282 tunc
2255 1226 2585 1297 torquendus
2617 1226 2867 1293 fuissem,
2903 1236 3027 1281 tunc
3051 1225 3118 1282 ad
3148 1226 3545 1284 confessionem
3584 1227 3693 1283 cri-

2097 1321 2257 1376 minis
2288 1321 2337 1375 vi
2363 1321 2564 1376 doloris
2591 1320 2924 1390 adigendus;
2954 1322 3093 1375 sicut
3121 1321 3173 1375 in
3202 1321 3412 1376 caeteris
3439 1319 3694 1391 quaestio-

2098 1413 2258 1468 nibus
2287 1420 2605 1482 torquentur
2624 1413 2700 1468 rei
2725 1412 2813 1482 qui
2844 1427 2903 1467 se
2931 1421 3127 1483 negant
3146 1412 3373 1469 crimine
3397 1428 3504 1483 quo
3526 1426 3692 1469 accu-

2098 1511 2284 1558 santur
2323 1503 2520 1571 teneri,
2555 1513 2613 1557 ut
2660 1502 2911 1558 facinoris
2947 1504 3166 1571 veritas,
3197 1519 3317 1574 qua:
3357 1502 3534 1560 indice
3563 1518 3698 1560 voce

2099 1610 2207 1650 non
2258 1596 2542 1665 promitur,
2590 1594 2777 1650 dolore
2834 1596 3078 1665 corporis
3131 1595 3488 1664 exprimatur.
3539 1595 3697 1653 Nunc

2098 1701 2251 1753 vero,
2277 1702 2398 1742 eum
2424 1695 2650 1757 spontec
2667 1686 2894 1742 onﬁtear
2914 1695 2969 1741 et
2987 1686 3214 1743 clamem
3235 1694 3290 1742 et
3308 1687 3510 1743 crebris
3526 1702 3590 1744 ac
3609 1701 3696 1744 re-

391 1803 581 1847 serves
610 1796 664 1843 et
707 1787 977 1857 majestati
1021 1802 1084 1842 ac
1126 1785 1334 1843 nomini
1379 1787 1497 1856 ejus
1525 1786 1733 1841 dicatos
1778 1783 1992 1855 iniustis
2020 1796 2070 1856 Β
2100 1778 2279 1849 petitis
2324 1776 2617 1834 identidem
2650 1777 2870 1833 vocibus
2907 1776 3270 1832 Christianum
3301 1792 3387 1834 me
3416 1793 3538 1834 esse
3566 1794 3699 1834 con-

386 1882 858 1955 persecutionibus
883 1882 1137 1954 fatigatis.
1190 1881 1334 1937 Satis
1361 1895 1468 1936 non
1498 1890 1581 1936 est
1610 1879 1751 1951 quod
1778 1879 1895 1950 ipse
1935 1886 1990 1933 tu

393 1976 560 2031 Deum
590 1989 697 2030 non
727 1972 898 2039 colis;
930 1972 1106 2029 adhuc
1133 1974 1355 2044 insuper
1380 1986 1473 2028 eos
1498 1971 1585 2042 qui
1608 1971 1793 2026 colunt
1817 1969 1990 2025 sacri-

394 2067 510 2139 lega
571 2066 914 2122 infestatione
952 2067 1313 2136 persequeris.
1357 2064 1526 2119 Deum
1572 2077 1671 2118 nec
1708 2059 1860 2127 colis,
1891 2074 1995 2116 nec

392 2162 499 2220 coli
540 2160 759 2217 omnino
802 2158 1104 2230 permittis;
1133 2168 1206 2225 et,
1238 2174 1361 2214 cum
1391 2156 1594 2225 casteri,
1618 2155 1708 2227 qui
1737 2156 1845 2212 non
1872 2164 1991 2209 tan-

398 2269 510 2316 tum
542 2259 642 2314 ista
669 2256 846 2327 inepta
876 2256 1017 2313 idola
1062 2265 1117 2312 et
1144 2272 1306 2312 manu
1337 2254 1571 2310 hominis
1606 2252 1744 2309 facta
1773 2251 1993 2307 simula-

395 2366 507 2419 cra,
541 2348 636 2406 Sed
663 2357 718 2404 et
746 2356 993 2419 portenta
1019 2348 1265 2420 quaedam
1297 2357 1352 2403 et
1373 2355 1611 2402 monstra
1637 2352 1987 2410 venerantur,

300 2424 309 2435 ’
394 2443 488 2499 tibi
520 2444 785 2514 placeant,
813 2438 963 2496 sol'us
1002 2422 1094 2495 tibi
1139 2439 1390 2510 displicet
1415 2438 1508 2494 Dei
1536 2437 1731 2493 cultor.
1762 2436 1995 2492 Fumant

395 2532 592 2605 ubique
620 2531 676 2587 in
699 2532 912 2602 templis
932 2530 1126 2588 vestris
1162 2530 1456 2587 hostiarum
1483 2529 1638 2585 busta
1667 2536 1723 2583 et
1746 2528 1861 2598 rogi
1899 2542 1996 2599 pe-

395 2642 605 2696 corum,
638 2637 693 2686 et
714 2627 806 2683 Dei
837 2625 1023 2681 altaria
1054 2623 1139 2679 vel
1168 2623 1309 2677 nulla
1337 2629 1464 2677 sunt
1484 2620 1570 2676 vel
1597 2619 1827 2676 occulta.
1856 2618 1994 2675 Cro-

396 2719 559 2777 codili
585 2730 641 2777 et
663 2717 1011 2793 cynocepltali
1043 2725 1096 2772 et
1118 2715 1321 2787 lapides
1351 2725 1378 2752 ιι
1408 2723 1462 2770 et
1481 2722 1765 2784 serpentes
1787 2727 1815 2767 a
1842 2712 1995 2769 vobis

396 2814 665 2883 coluntur,
697 2822 753 2871 et
799 2814 941 2868 Deus
972 2809 1119 2866 solus
1148 2811 1201 2865 in
1230 2810 1388 2865 terris
1409 2818 1502 2864 aut
1527 2823 1632 2863 non
1659 2807 1872 2877 colitur,
1903 2815 1997 2863 aut

397 2918 505 2961 non
553 2913 638 2960 est
680 2904 897 2975 impune
926 2901 1068 2974 quod
1094 2899 1321 2957 colitur:
1352 2900 1620 2968 innoxios,
1648 2900 1843 2970 justos,
1884 2899 1997 2956 Deo

326 3007 329 3010 '
397 2997 593 3053 charos
617 2995 779 3053 domo
807 2994 1005 3068 privas,
1035 2993 1354 3065 patrimonio
1383 2992 1601 3062 spolias,
1635 2990 1839 3047 catenis
1873 3007 1997 3064 pre-

396 3091 523 3161 mis,
561 3106 777 3148 carcere
816 3089 1067 3157 includis,
1096 3089 1294 3161 gladio,
1327 3088 1535 3155 bestiis,
1569 3087 1781 3158 ignibus
1808 3087 1991 3158 punis.

2103 1879 2288 1938 tester,
2307 1870 2433 1942 quid
2455 1880 2719 1927 tormenta
2748 1870 3007 1925 admoves
3026 1869 3301 1926 conﬁtenti
3324 1878 3379 1925 et
3398 1869 3529 1926 deos
3550 1879 3692 1937 tuos,

2097 1978 2203 2017 non
2232 1963 2286 2017 in
2323 1962 2520 2018 abditis
2548 1972 2602 2018 et
2629 1961 2855 2017 secretis
2886 1960 2915 1999 δ
2944 1961 3097 2028 locis,
3140 1961 3235 2018 sed
3257 1962 3455 2033 palam,
3481 1962 3575 2018 sed
3599 1977 3698 2032 pu-

2093 2054 2249 2119 blice,
2283 2053 2378 2109 sed
2410 2054 2463 2108 in
2512 2052 2632 2108 foro
2664 2053 2800 2124 ipso,
2830 2052 3231 2124 magistratibus
3275 2061 3330 2108 et
3373 2051 3694 2123 prtesidibus

2095 2146 2453 2213 audientibus,
2476 2144 2800 2213 destruenti;
2827 2154 2903 2213 ut,
2932 2146 3032 2201 etsi
3056 2160 3243 2217 parum
3267 2144 3441 2200 fuerat
3462 2144 3611 2216 quod
3638 2145 3697 2201 in

2104 2256 2193 2297 me
2222 2241 2371 2311 prius
2394 2239 2787 2307 criminabaris,
2814 2238 3201 2311 creveritquod
3232 2249 3287 2296 et
3307 2240 3485 2296 odisse
3503 2249 3559 2295 et
3591 2255 3698 2310 pu-

2096 2334 2213 2389 nire
2241 2334 2360 2404 plus
2383 2332 2605 2400 debeas,
2637 2332 2803 2404 quod,
2828 2332 2954 2389 dum
2993 2349 3081 2389 me
3100 2332 3463 2389 Christianum
3490 2332 3696 2389 celebri

2096 2423 2216 2481 loco
2242 2435 2296 2482 et
2318 2426 2515 2497 populo
2539 2426 2924 2482 circumstante
2955 2426 3263 2497 pronuntio,
3296 2436 3351 2481 et
3370 2441 3468 2482 vos
3488 2436 3543 2483 et
3562 2426 3695 2482 deos

2096 2527 2304 2574 vestros
2333 2528 2355 2557 ε
2385 2518 2529 2573 clara
2555 2528 2610 2574 et
2637 2518 2847 2589 publica
2886 2518 3264 2590 prtedicatione
3291 2517 3607 2575 confundo?

2167 2629 2306 2685 XIV.
2333 2629 2474 2698 Quid
2497 2639 2546 2686 te
2572 2629 2639 2686 ad
2668 2630 3036 2688 inﬁrmitatem
3067 2631 3309 2702 corporis
3334 2630 3535 2688 vertis?
3566 2630 3697 2702 quid

2098 2736 2219 2777 cum
2269 2731 2497 2778 terrena:
2545 2722 2724 2779 carnis
2773 2722 3147 2779 imbecillitate
3205 2723 3520 2780 contendis?
3559 2722 3702 2780 Cum

2098 2816 2262 2871 animi
2288 2816 2471 2887 vigore
2509 2816 2872 2887 congredere,
2914 2819 3173 2872 virtutem
3203 2818 3399 2872 mentis
3443 2815 3697 2886 infringe,

2104 2908 2266 2964 ﬁdem
2296 2907 2533 2975 destrue,
2566 2907 2985 2978 disceptatione,
3019 2908 3067 2963 si
3114 2915 3286 2978 potes,
3336 2907 3512 2973 vince,
3540 2908 3702 2963 vince

2100 3002 2342 3058 ratione:
2367 3001 2451 3058 vel
2473 3002 2517 3057 si
2536 3000 2666 3072 quid
2688 3001 2790 3056 diis
2810 3001 2916 3055 tuis
2941 2998 3176 3054 numinis
3196 3008 3251 3054 et
3277 2998 3560 3068 potestatis
3587 3008 3692 3067 est,

2101 3094 2201 3165 ipsi
2230 3094 2284 3150 in
2311 3094 2571 3151 ultionem
2600 3108 2751 3149 suam
2768 3101 3006 3164 surgant,
3029 3092 3097 3122 ²²¹
3127 3074 3226 3160 ipsi
3240 3104 3300 3145 se
3312 3104 3406 3145 sua
3419 3089 3704 3160 majestate

396 3184 508 3242 Nec
534 3186 723 3241 saltem
749 3194 1033 3241 contentus
1053 3198 1112 3240 es
1137 3182 1383 3239 dolorum
1414 3190 1719 3242 nostrorum
1742 3195 1998 3251 compen-
2022 3186 2066 3251 C
2100 3186 2422 3253 defendant;
2467 3195 2557 3242 aut
2587 3186 2712 3257 quid
2752 3196 3009 3257 praestare
3033 3197 3093 3239 se
3139 3181 3440 3238 colentibus
3471 3190 3698 3252 possunt

397 3277 488 3335 dio
514 3287 570 3334 et
597 3278 827 3350 simplici
867 3292 930 3333 ac
964 3277 1138 3334 veloci
1169 3277 1429 3332 brevitate
1457 3289 1770 3346 poenarum;
1803 3274 1993 3331 admo-

395 3385 489 3427 ves
512 3369 778 3427 laniandis
801 3370 1117 3441 corporibus
1143 3369 1301 3441 longa
1342 3377 1635 3438 tormenta,
1668 3369 1994 3441 multiplicas

394 3461 697 3519 laeerandis
722 3462 1017 3518 visceribus
1042 3476 1333 3518 numerosa
1357 3461 1653 3532 supplicia;
1687 3475 1788 3518 nee
1802 3460 1990 3518 feritas

393 3570 554 3635 atque
577 3561 882 3620 immanitas
906 3569 997 3618 tua
1022 3562 1236 3619 usitatis
1261 3568 1439 3634 potest
1457 3568 1711 3619 contenta
1729 3575 1855 3619 esse
1876 3570 1988 3618 tor-

2101 3280 2191 3352 qui
2218 3294 2277 3336 se
2303 3279 2370 3336 de
2387 3295 2492 3336 non
2518 3278 2824 3336 colentibus
2853 3276 3127 3333 vindicare
3153 3291 3259 3331 non
3289 3284 3535 3346 possunt.
3560 3274 3701 3331 Nam

2099 3373 2147 3430 si
2174 3388 2240 3430 eo
2268 3373 2361 3445 qui
2387 3372 2687 3429 vindicatur
2702 3370 2873 3443 pluris
2893 3380 2975 3427 est
3002 3369 3094 3426 ille
3118 3370 3208 3440 qui
3234 3369 3491 3436 vindicat,
3516 3376 3572 3424 tu
3595 3369 3701 3425 diis
3764 3370 3779 3389 ‘

2099 3467 2208 3523 tuis
2239 3464 2412 3537 major
2438 3480 2519 3521 es.
2542 3462 2599 3522 Si
2629 3473 2813 3520 autem
2843 3463 2908 3519 iis
2932 3476 3068 3534 quos
3108 3461 3245 3518 colis
3271 3461 3446 3532 major
3471 3476 3552 3530 es,
3570 3449 3699 3518 non

2093 3567 2151 3616 tu
2178 3558 2302 3616 illos
2326 3558 2529 3628 colere,
2557 3556 2654 3615 sed
2669 3556 2738 3614 ab
2760 3555 2892 3628 ipsis
2908 3554 3086 3626 potius
3109 3552 3217 3611 coli
3243 3552 3409 3612 debes
3430 3560 3487 3611 et
3507 3552 3687 3612 timeri

1628 3698 2013 3787 LECTIONES
2050 3698 2465 3756 VARIANTES.

457 3817 485 3848 ⁸
516 3817 579 3869 Et
599 3816 837 3869 liberides
859 3816 987 3869 Bod.
1019 3819 1070 3869 3.

452 3878 484 3917 1³
514 3881 730 3932 Semotis
746 3882 875 3933 Bod.
896 3881 948 3932 3.

390 4057 409 4077 "
461 4053 666 4113 XII.—-
687 4053 838 4113 Unde
856 4056 999 4112 nobis
1037 4057 1310 4115 vobiscum.
1336 4057 1560 4118 Veteres
1578 4060 1842 4119 editiones
1860 4070 1988 4120 ante

389 4126 757 4184 Pamelianam
798 4136 854 4183 et
895 4127 1153 4185 tredecim
1200 4130 1322 4185 libri
1365 4140 1579 4189 veteres
1612 4132 1812 4189 habent
1851 4134 1989 4190 unde

391 4200 654 4274 nobiscum
677 4200 897 4254 niaxime
923 4215 1087 4254 sermo
1116 4210 1207 4255 est.
1235 4201 1503 4258 Pamelius
1526 4205 1699 4274 posuit
1727 4205 1863 4258 unde
1891 4222 1984 4260 no-

392 4268 742 4345 bisvobiscurn
769 4284 837 4323 ex
860 4280 1087 4345 quatuor
1114 4274 1494 4345 manuscriptis
1520 4268 1633 4329 suis
1659 4284 1715 4330 et
1741 4290 1849 4331 uno
1873 4275 1986 4331 Mo-

392 4339 642 4411 relliano.
675 4338 996 4411 Gronovius,
1016 4356 1136 4411 cap.
1172 4343 1259 4411 M,
1287 4338 1731 4400 Observationum
1764 4361 1983 4402 suarum

391 4408 451 4481 in
478 4409 840 4479 Scriptoribus
863 4408 1260 4481 ecclesiasticis,
1296 4415 1373 4469 ait
1399 4417 1471 4470 ita
1493 4417 1832 4472 scribendum
1860 4432 1982 4473 esse

390 4479 535 4536 hunc
565 4482 763 4563 locum,
796 4482 930 4563 unde
970 4482 1112 4537 nobis
1138 4479 1477 4543 cummaxime
1498 4504 1685 4563 sermo
1722 4497 1811 4543 est.
1847 4488 1983 4563 _Scio

390 4568 730 4606 cummaxime
757 4566 785 4606 3

390 4568 730 4606 cummaxime
757 4568 898 4676 apud
927 4568 1134 4610 veteres
1154 4568 1403 4612 auctores
1423 4568 1512 4627 qut
1549 4568 1708 4613 latine
1755 4568 1982 4630 scripse—

390 4633 519 4700 runt
555 4624 695 4700 sumi
722 4637 898 4700 so_e_re
938 4638 1036 4693 pro
1076 4626 1240 4700 vatde.
1283 4627 1348 4681 Et
1378 4636 1554 4700 tamen
1584 4645 1683 4700 ego
1711 4641 1837 4699 pulo
1867 4629 1984 4685 edi-

394 4693 866 4768 tionem__I_’amelii,
894 4710 1014 4765 qua:
1057 4696 1243 4751 nititur
1272 4699 1587 4754 auctoritate
1616 4693 1857 4768 'plu'rium
1890 4715 1986 4755 ve-

390 4770 567 4846 terum
594 4764 872 4833 librorum,
903 4764 1026 4822 esse
1057 4767 1441 4836 praeferendam
1481 4764 1811 4842 conjectura:
1851 4769 1987 4827 Gro-

392 4850 558 4890 IIOVll.

462 4903 903 4984 Persecutionibus
936 4909 1186 4984 fatigatis.
1203 4982 1209 4984 _
1227 4909 1286 4966 In
1300 4919 1535 4984 quatuor
1554 4913 1785 4984 antiquis
1806 4928 1982 4970 exem-

391 4976 630 5052 plaribus
669 4976 947 5052 scriptum
973 4976 1056 5035 est
1086 4976 1340 5052 ﬂagitatis
1377 4992 1433 5038 et
1475 4998 1635 5052 supra
1676 4976 1869 5040 lineam
1910 4983 1988 5038 vet

393 5048 638 5130 fatigatis.
664 5048 770 5103 Sed
788 5048 1025 5130 fatigatis
1054 5048 1260 5130 latagum
1286 5064 1365 5130 est
1394 5054 1447 5108 in
1474 5048 1592 5130 aliis
1612 5066 1817 5130 septem
1843 5056 1977 5130 etin

366 5117 710 5197 quibusdam
740 5134 812 5174 ex
852 5117 962 5197 illis
987 5138 1106 5197 quae
1144 5123 1419 5197 Pamelius
1456 5124 1604 5181 vidit.
1648 5117 1769 5197 Ipse
1812 5125 1980 5181 edidit

390 5190 593 5260 agitatis
622 5190 824 5260 absque
848 5190 1014 5246 ullius
1034 5193 1156 5248 libri
1183 5196 1379 5250 veteris
1406 5190 1701 5252 mentione".
1744 5197 1802 5251 In
1846 5196 1978 5251 duo-

391 5260 493 5335 bus
517 5260 792 5335 veteribus
831 5262 1024 5335 legitur
1059 5264 1305 5335 flagitatis
1350 5276 1574 5322 tantum.
1610 5268 1752 5322 infra
1790 5268 1843 5322 in
1876 5267 1979 5322 ltoc

389 5331 509 5409 ipso
538 5331 692 5409 libro,
728 5346 847 5409 pag.
870 5332 980 5387 222
1013 5331 1161 5409 :_Per
1184 5336 1299 5407 ipsa
1325 5353 1439 5408 qum
1463 5354 1553 5392 nos
1571 5339 1796 5393 cruciant
1822 5347 1867 5392 et
1897 5342 1978 5409 fa-

388 5404 553 5474 tigant
577 5402 784 5474 probari
810 5413 857 5457 et
882 5402 1211 5461 corroborari
1227 5423 1318 5462 nos
1337 5402 1543 5464 scimus.

466 5471 874 5548 xui—Dolore
914 5478 1143 5547 corporis
1182 5480 1518 5548 exprimatur.
1573 5479 1827 5536 Minatius
1877 5479 1979 5536 Fe-

393 5543 464 5599 lix
493 5563 506 5598 :
544 5544 846 5600 Exercentes
872 5547 930 5621 in_
955 5543 1032 5603 Itis
1058 5543 1344 5621 perversam
1366 5552 1708 5621 quaestionem,
1741 5568 1842 5606 non
1866 5567 1981 5621 qua:

392 5629 568 5694 verum
594 5625 806 5694 erueret.
831 5617 934 5694 _sed_
953 5617 1068 5694 qua!
1093 5617 1424 5694 mendacium
1462 5631 1695 5694 cogeret._
1715 5617 1979 5694 Hierony-

390 5698 513 5769 mus
556 5683 878 5769 in‘Epistola
906 5683 976 5745 de
997 5691 1221 5769 biuliere
1251 5691 1451 5769 septies
1482 5683 1586 5747 ic'ta
1619 5711 1632 5746 :
1662 5692 1801 5769 Dum
1835 5683 1982 5769 dol'or

390 5765 634 5885 qinereret
680 5761 955 5814 veritatem.
1008 5761 1310 5832 Cyprianus
1354 5763 1407 5817 in
1447 5773 1690 5818 extremo
1730 5764 1867 5820 libro
1913 5764 1983 5821 de

446 5827 637 5885 unitate
660 5827 930 5885 [dolorum
945 5872 962 5885 .
989 5848 1108 5885 nae.
1130 5831 1268 5885 228:
1290 5832 1467 5885 Dolor.
1491 5836 1577 5885 nui
1599 5834 1818 5885 veritatis
1845 5837 1983 5885 testis

446 5827 637 5886 unitate
660 5827 930 5888 [dolorum
945 5872 962 5899 ,
989 5827 1108 5903 pag:
1130 5831 1268 5888 228:
1290 5832 1467 5898 Dolor,
1491 5836 1577 5903 qui
1599 5834 1818 5889 veritatis
1845 5837 1984 5893 testis

831 5922 1109 5991 Partica.
1160 5927 1268 5994 IV.
1314 5928 1375 5993 S.
1424 5926 1731 5993 Cvrarau.

831 4552 898 4607 ud
927 4565 1403 4645 veteres'ajuctp‘rcs
1423 4558 1512 4627 qui
1547 4560 1708 4613 latine
1755 4558 1982 4645 scripse—
2008 4585 2063 4645 D

2173 3821 2196 3849 ο
2219 3815 2281 3869 Et
2300 3812 2634 3887 deosvetdeas
2656 3812 2781 3865 Bod.
2807 3812 2857 3864 1.

1628 3943 1873 4002 s'rspu.
1914 3916 2186 4004 suum
2221 3940 2451 4001 now.

2090 4072 2184 4130 est,
2214 4063 2530 4117 admovetur.
2562 4059 2946 4130 Quintilianus,
2983 4054 3077 4115 lib.
3107 4072 3162 4127 v,
3193 4072 3312 4131 cap.
3341 4060 3375 4117 σί
3409 4078 3422 4116 :
3454 4059 3601 4119 Sicut
3635 4062 3693 4120 in

2090 4135 2348 4191 tormentis
2388 4149 2604 4205 quoque,
2653 4133 2739 4203 qui
2779 4140 2850 4188 est
2892 4132 3033 4205 locns
3080 4131 3533 4205 frequentissimus,
3570 4151 3690 4188 cum

2095 4223 2214 4277 pars
2240 4202 2409 4261 altera
2428 4202 2758 4276 quaestionem
2794 4219 2912 4277 vera
2931 4202 3135 4277 fatendi
3161 4203 3686 4277 necessitatem‘vocet,

2087 4273 2250 4332 altera
2276 4292 2413 4347 stupe
2438 4273 2592 4330 etiam
2629 4291 2838 4329 causam
2852 4275 2999 4347 falsa
3026 4273 3251 4347 dicendi,
3280 4275 3419 4347 quod
3444 4273 3560 4327 aliis
3589 4290 3685 4343 pa-

2088 4349 2263 4403 tientia
2287 4343 2443 4415 facile
2480 4346 2805 4401 mendacium
2834 4343 3011 4415 faciat,
3058 4344 3176 4397 aliis
3215 4343 3490 4415 infirmitas
3514 4360 3686 4415 neces-
3744 4404 3750 4412 ,

2085 4413 2294 4495 sarium.
2314 4418 2443 4474 Item
2457 4417 2665 4495 c'ap._10
2685 4435 2698 4471 :
2721 4415 2776 4470 Μ
2782 4413 2995 4495 entietur
3011 4415 3063 4495 in
3081 4413 3339 4495 tormentis
3353 4414 3439 4495 qui
3453 4413 3683 4495 datorem

2123 4493 2191 4544 ati
2223 4498 2404 4560 potest,
2438 4481 2703 4560 mentietur
2726 4488 2815 4557 qui
2850 4503 2951 4560 non
2980 4492 3163 4560 potest.
3189 4481 3467 4560 Apuleius,
3500 4484 3591 4538 lib.
3620 4500 3680 4539 ιιι

2144 4550 2592 4630 θιαίηοὲρὶιοεοοη
2617 4577 2628 4612 :
2658 4550 2939 4630 Tormentis
2973 4550 3156 4630 veritas
3182 4550 3469 4630 eruenda,‘
3490 4563 3678 4630 ut_per

2092 4624 2420 4701 quaestionem
2469 4630 2691 4701 sceleris,
2719 4629 2799 4682 sui
2855 4626 3127 4701 participes
3160 4624 3380 4701 indicet.
3433 4625 3497 4693 Q.
3542 4624 3679 4680 Cur-

2091 4695 2217 4766 tius,
2237 4702 2330 4757 lib.
2359 4718 2432 4757 vn
2458 4720 2471 4756 :
2494 4702 2553 4756 Si
2573 4700 2785 4755 certiora
2811 4695 3031 4752 oraculis
3050 4695 3251 4748 creditis
3275 4711 3380 4749 esse
3405 4704 3673 4766 tormenta,

2093 4789 2156 4827 ne
2191 4765 2321 4826 hanc
2369 4772 2571 4843 quidem
2615 4768 2911 4843 exhibenda:
2954 4766 3189 4821 vanitatis
3217 4766 3371 4833 ﬁdem
3410 4765 3673 4843 deprecor.

2091 4843 2354 4899 Cteterum
2381 4839 2650 4897 tormenta
2690 4839 2958 4894 interdum
2985 4847 3302 4905 extorquere
3329 4851 3427 4906 pro
3452 4840 3678 4893 veritate

2091 4915 2428 4969 mendacium
2458 4912 2701 4980 pluribus
2728 4911 2987 4980 exemplis
3024 4916 3302 4980 ostensum
3335 4922 3366 4960 a
3410 4907 3564 4980 nobis
3592 4918 3678 4980 est

2091 4985 2145 5040 in
2172 4986 2313 5039 notis
2336 4984 2402 5039 ad
2430 4978 2579 5038 Vitas
2608 4982 2870 5052 Paparum
2888 4978 3373 5052 ‘Avenionensiurn,
3403 4978 3672 5052 pag._599,

2088 5063 2145 5111 et
2191 5056 2346 5123 hujus
2384 5054 2460 5109 rei
2494 5050 2847 5120 ‘exstat'aliud
2891 5050 3209 5123 exemplain
3230 5050 3594 5123 memorabile
3617 5053 3678 5123 in

2080 5118 2318 5196 capite'x
2344 5118 2578 5196 Matthaai
2610 5123 2763 5196 Bessi
2796 5124 2859 5196 de
2893 5118 3111 5196 gerendo
3154 5119 3460 5196 Magistratu
3483 5159 3499 5186 ,
3527 5118 3676 5196 aliud

2080 5188 2239 5252 etiam
2272 5195 2410 5265 apud
2451 5188 2913 5265 Petramellariutn
2937 5188 3386 5265 cogntinuatorem,
3413 5188 3677 5265 Qnupltrii

2080 5259 2349 5342 Panvinii,
2380 5281 2500 5337 pag.
2534 5264 2665 5342 225_,
2702 5264 2793 5342 ubi
2830 5265 2938 5342 agit
2980 5263 3050 5342 de
3088 5261 3252 5342 Paulo
3296 5259 3499 5342 Aretig.
3527 5259 3677 5342 Vide

2086 5338 2248 5393 etiam
2297 5329 2571 5393 Simonem
2612 5329 2947 5393 Goulartium
2992 5334 3047 5387 in
3100 5331 3359 5386 Thesauro
3415 5329 3674 5386 Historia-

2084 5425 2199 5462 rum
2226 5408 2645 5473 memorabitium,
2679 5416 2810 5462 tom.
2837 5420 2878 5467 ι,
2903 5419 3025 5475 pag.
3045 5402 3173 5458 295.

2159 5477 2290 5550 Cum
2313 5488 2491 5550 sponte
2534 5479 2816 5550 confiteare
2839 5472 3030 5550 Cicero
3072 5472 3413 5550 in_(_)ratione
3441 5488 3540 5546 pro
3575 5473 3680 5531 Mi-

2086 5550 2212 5606 lone
2233 5567 2246 5601 :
2264 5545 2493 5617 Id'quod
2518 5545 2776 5603 tormentis
2799 5547 3019 5601 invenire
3032 5546 3111 5617 vis
3136 5545 3190 5598 id
3211 5548 3393 5617 fateor.

2161 5614 2555 5675 Prtedicatione.
2608 5620 2684 5674 Ita
2723 5618 2989 5676 editiones
3027 5614 3245 5670 Manutii
3282 5625 3337 5671 et
3374 5615 3601 5673 Morellii
3627 5625 3692 5672 et

2089 5691 2362 5749 sexdecim
2390 5691 2509 5746 libri
2540 5699 2771 5748 veteres.
2804 5688 3082 5748 Editiones
3109 5690 3345 5756 antiquae
3371 5697 3426 5742 et
3445 5697 3570 5743 octo
3584 5686 3696 5756 alii

2090 5762 2382 5836 praeferunt
2408 5764 2805 5836 prceconatione,
2833 5769 2892 5836 et
2913 5773 3054 5816 unus
3079 5755 3522 5830 praconizatione.
3553 5755 3709 5823 Vide

2090 5832 2419 5911 glossarium'
2441 5835 2663 5922 latinum
2698 5832 2918 5912 Cang'l'l-
2964 5873 2973 5894 ι
3097 5923 3142 5988 8

3057 5926 3102 5988 1

3057 5926 3102 5988 1‘
