4302 6296
392 314 503 383 557

1592 307 1795 368 LlBER
1831 308 1925 391 an
1963 305 2488 369 ocuarmanun.

3577 310 3685 371 558

389 432 629 503 mitatem
655 425 810 487 serva
839 441 942 500 qua
988 435 1145 486 natus
1187 439 1277 495 es;
1320 438 1604 501 persevera
1642 425 1764 482 talis
1813 424 1986 497 qualis
2011 428 2066 487 Α
2090 424 2340 481 accidunt
2365 429 2559 481 cuncta
2590 423 2689 480 ista
2711 437 2830 497 qme
2854 420 2922 482 de
2947 420 3044 483 Dei
3064 420 3427 498 indignatione
3453 424 3682 485 desecu-

391 540 421 580 a
454 523 563 580 Deo
592 521 762 580 factus
790 535 869 578 es.
894 519 1028 576 Cum
1072 528 1211 576 statu
1241 518 1350 574 oris
1379 528 1433 574 et
1473 518 1714 588 corporis
1744 518 1982 573 animum

391 623 538 671 tuum
598 619 794 667 statue.
847 610 914 667 Ut
960 625 1287 682 cognoscere
1335 609 1499 665 Deum
1548 608 1744 679 possis,
1776 616 1828 663 te
1859 616 1985 664 ante

391 719 684 778 cognosce.
714 703 977 775 Relinque
1021 702 1157 756 idola
1187 716 1308 773 qua:
1339 700 1601 755 humanus
1632 714 1786 756 error
1829 700 1980 755 inve-

393 800 494 854 nit.
540 795 621 853 Ad
670 796 835 852 Deum
882 806 1235 858 convertere;
1284 808 1440 862 quem
1496 794 1540 848 si
1591 792 1979 863 imploravcris,

394 890 665 949 subvenit.
699 888 915 943 Christo
952 886 1116 942 crede
1142 928 1154 949 ,
1188 902 1345 953 quem
1379 885 1710 941 viviticandis
1739 898 1803 939 ac
1833 900 1988 952 repa—

391 983 577 1040 randis
631 980 787 1037 nobis
838 979 996 1034 Pater
1046 978 1211 1032 misit.
1265 975 1489 1033 Lzrdere
1540 990 1727 1031 servos
1786 974 1878 1029 Dei
1936 983 1990 1028 et

392 1073 592 1130 Christi
625 1054 1087 1149 persecutionibus
1118 1070 1222 1124 tuis
1250 1067 1471 1136 desine,
1505 1082 1641 1139 quos
1668 1068 1821 1124 laesos
1856 1065 1988 1121 ultio

394 1166 573 1223 divina
599 1162 861 1219 defendit.

466 1258 629 1315 XVII.
654 1257 783 1314 Inde
804 1267 884 1314 est
911 1256 1055 1328 quod
1080 1270 1238 1311 nemo
1265 1263 1529 1317 nostrum,
1550 1252 1765 1323 quando
1792 1267 1989 1323 appre-

397 1331 712 1417 henditur,‘
752 1350 1047 1405 reluctatur
1076 1390 1090 1415 ,
1142 1364 1241 1402 nec
1298 1363 1358 1403 se
1407 1346 1665 1400 adversus
1734 1344 1989 1414 injustam

396 1447 705 1519 violentiam
768 1453 1043 1513 vestram,
1097 1444 1343 1514 quamvis
1392 1443 1587 1497 nimius
1635 1449 1691 1497 et
1738 1441 1992 1512 copiosus

396 1550 582 1599 noster
611 1538 682 1593 sit
722 1537 984 1611 populus,
1015 1535 1304 1590 ulciscitur.
1336 1533 1607 1588 Patientes
1638 1532 1764 1587 facit
1793 1531 1861 1589 de
1899 1546 1989 1587 se-

396 1640 581 1689 cutura
599 1630 802 1687 ultione
815 1628 1091 1685 securitas.
1106 1626 1425 1682 Innocentes
1437 1623 1753 1680 nocentibus
1765 1622 1989 1680 cedunt:

396 1725 641 1785 insontes
683 1723 858 1794 pinnis
903 1730 957 1777 et
985 1718 1714 1788 cruciatibus.acquiescunt,
1756 1716 1888 1772 ccrti
1940 1723 1995 1772 et

2088 517 2241 573 dttnt.

2161 608 2346 666 XVIII.
2387 610 2498 668 Nec
2541 610 2660 668 ideo
2697 611 2817 684 quis
2856 621 3005 684 putet
3039 611 3374 671 Christianos
3417 613 3481 671 iis
3511 623 3532 651 ε
3561 627 3683 684 quae

2089 702 2334 758 accidunt
2366 718 2473 760 non
2519 704 2809 783 vindicari,
2837 706 2977 776 quod
3005 715 3060 763 et
3088 707 3185 779 ipsi
3231 707 3509 764 videantur
3545 708 3689 763 acci-

2091 795 2331 851 dentium
2361 797 2664 854 incursione
2694 794 2721 834 ἀ
2765 799 3047 871 perstringi
3071 817 3084 855 :
3109 815 3320 871 poenam
3351 800 3418 855 de
3448 799 3688 857 adversis

2093 888 2275 944 mundi
2309 889 2397 943 ille
2430 890 2595 945 sentit
2645 890 2730 947 cui
2776 898 2829 945 et
2861 890 3040 945 ltetitia
3091 901 3142 946 et
3188 891 3355 963 gloria
3408 892 3582 947 omnis
3628 890 3684 946 in

2092 988 2295 1049 mundo
2338 997 2451 1054 est;
2500 988 2585 1043 ille
2624 998 2817 1045 niteret
2851 998 2905 1044 et
2931 988 3111 1056 deflet,
3152 988 3197 1043 si
3240 989 3340 1051 sibi
3370 990 3510 1047 male
3538 988 3608 1045 sit
3635 988 3689 1043 in

2093 1082 2309 1148 Stccuio,
2339 1080 2424 1135 cui
2450 1080 2589 1138 bene
2611 1096 2719 1136 non
2747 1089 2925 1149 potest
2945 1095 3067 1137 esse
3089 1088 3209 1150 post
3234 1082 3514 1145 saeculum,
3534 1078 3689 1148 cujus

2093 1170 2307 1225 vivendi
2337 1174 2537 1226 fructus
2566 1171 2741 1226 onmis
2770 1170 2856 1227 hic
2884 1170 3113 1240 capitur,
3148 1170 3301 1240 cujus
3330 1171 3415 1225 hic
3435 1169 3687 1227 sitiatium

2094 1277 2257 1319 omne
2280 1262 2478 1329 linitur,
2510 1262 2662 1337 cujus
2687 1261 2888 1318 caduca
2917 1271 2970 1318 ct
2997 1262 3177 1317 brevis
3205 1262 3309 1333 vita
3333 1260 3420 1317 hic
3452 1262 3686 1331 aliquam

2096 1352 2438 1435 dulcedinem
2471 1363 2745 1425 computat
2794 1363 2847 1409 et
2880 1353 3208 1424 voluptatem
3236 1395 3249 1417 ,
3278 1353 3490 1427 quando
3529 1353 3690 1411 istinc

2095 1445 2411 1514 excesserit,
2447 1459 2602 1516 poena
2626 1445 2734 1515 jam
2764 1446 2879 1501 sola
2910 1454 3159 1517 superest
3180 1445 3247 1500 ad
3278 1444 3539 1503 dolorem.
3572 1446 3690 1509 Caes

2098 1545 2270 1593 terum
2324 1537 2502 1593 nullus
2544 1536 2609 1592 iis
2634 1536 2787 1592 dolor
2821 1547 2843 1574 ο
2871 1537 3047 1595 estde
3094 1537 3400 1593 incursione
3426 1536 3687 1599 malorum

2095 1629 2442 1702 prmsentium
2468 1630 2661 1700 quibus
2702 1627 2897 1686 fiducia
2934 1638 3019 1686 est
3058 1628 3359 1687 [taurorum
3400 1630 3685 1686 bonorum.

2100 1722 2338 1793 Denique
2383 1737 2483 1778 nec
2530 1721 2929 1778 consternimur
2954 1721 3214 1789 adversis,
3250 1737 3350 1781 nec
3391 1720 3688 1795 frangimur

396 1816 623 1873 ﬁdentes
664 1813 804 1884 quod
862 1812 1089 1867 inultum
1140 1824 1247 1866 non
1294 1815 1569 1864 remaneat
1618 1807 2070 1879 quodcumqueB

2020 1811 2070 1873 B
2097 1831 2197 1872 nec
2217 1815 2482 1881 dolemus,
2514 1831 2688 1888 neque
2714 1816 2767 1872 in
2802 1816 2907 1871 ulla
2937 1824 3029 1871 aut
3059 1831 3236 1872 rerum
3262 1816 3415 1873 clade
3452 1826 3545 1875 aut
3575 1833 3708 1877 cor-.

398 1909 762 1981 perpetimur;
814 1915 1122 1978 quantoque
1166 1905 1337 1972 major
1395 1901 1553 1957 fuerit
1609 1900 1993 1971 persecutionis

399 2000 616 2070 injuria,
654 2007 803 2054 tanto
829 1997 1099 2069 etjustior
1127 1996 1219 2050 fiat
1249 2005 1301 2050 et
1341 1994 1555 2067 gravior
1596 2007 1693 2064 pro
1739 2005 1990 2061 persecu-

399 2096 545 2150 tione
592 2092 863 2153 vindieta;
912 2104 1009 2145 nec
1041 2101 1289 2158 umquam
1345 2083 1630 2156 impiorum
1687 2083 1894 2139 scelere
1939 2082 1994 2137 in

396 2196 641 2245 nostrum
688 2199 883 2239 nomen
915 2182 1241 2253 exsurgitur,
1276 2189 1333 2235 ut
1370 2194 1477 2233 non
1529 2178 1709 2234 statim
1741 2176 1996 2233 divinitus

401 2278 629 2334 vindicta
654 2277 959 2332 comitetur.
982 2273 1047 2331 Ut
1065 2271 1353 2327 memorias
1379 2281 1650 2325 taceamus
1677 2278 1702 2306 ει
1729 2269 1994 2340 antiquas,

402 2380 457 2427 et
498 2370 727 2425 ultiones
768 2383 865 2439 pro
892 2365 1188 2421 cultoribus
1229 2363 1323 2419 Dei
1368 2377 1512 2435 serpe
1552 2361 1808 2434 repetitas
1852 2359 1999 2415 nullo

402 2462 549 2519 vocis
607 2448 880 2533 praeeundo
924 2458 1287 2525 revolvamus,
1332 2454 1711 2510 documentum
1764 2454 2000 2510 recentis

403 2556 481 2612 rei
508 2555 638 2609 satis
665 2561 747 2609 est
785 2551 926 2624 quod
973 2552 1049 2605 sic
1093 2549 1342 2606 celeriter
1368 2546 1617 2620 quodque
1656 2546 1729 2578 “’
1771 2547 1821 2601 in
1855 2555 2000 2601 tanta

405 2650 683 2705 celeritate
713 2648 791 2702 sic
832 2645 1105 2719 granditer
1158 2658 1327 2714 nuper
1375 2650 1555 2696 secuta
1605 2640 1845 2696 defensio
1895 2651 1997 2706 est,

409 2741 579 2798 ruinis
618 2754 817 2805 rerum,
843 2737 1064 2809 jacturis
1089 2751 1273 2806 opum,
1306 2733 1591 2804 dispendio
1620 2732 1847 2789 militum
1874 2774 1888 2799 ,
1922 2732 2003 2788 di—

411 2834 709 2891 minutione
749 2844 1067 2889 castrorum.
1094 2829 1203 2885 Nec
1230 2830 1333 2885 hoc
1374 2845 1501 2884 casn
1529 2828 1788 2884 accidisse
1810 2829 2003 2898 aliquis

408 2929 680 2985 existimet
702 2935 794 2982 aut
814 2926 977 2981 fuisse
1008 2924 1282 2980 fortuitum
1310 2933 1487 2994 putet,
1518 2937 1637 2977 cum
1662 2922 1772 2992 jam
1799 2920 2001 2992 pridem

408 3024 682 3092 Scriptura
710 3020 888 3075 divina
917 3018 1158 3091 posuerit
1183 3027 1237 3072 et
1264 3016 1459 3071 dixerit
1488 3032 1502 3070 :
1535 3015 1666 3069 iiIi/ti
1708 3015 1999 3083 vindictam,

409 3131 499 3186 ego
531 3114 823 3177 retribuam,
856 3111 978 3164 dicit
1008 3110 1251 3163 Dominus
1283 3108 1461 3181 (Deut.
1494 3123 1663 3173 xxx“,
1686 3107 1800 3180 '55);
1832 3116 1887 3162 et
1910 3109 2008 3162 ite-

2095 1923 2288 1979 porum
2335 1907 2644 1963 valetudine
2698 1908 3063 1973 mussitamus.
3095 1907 3296 1979 Spiritu
3330 1910 3498 1981 magis
3527 1925 3689 1983 quam

2097 2016 2261 2057 carne
2291 2001 2549 2065 viventes,
2580 1999 2831 2055 firmitate
2853 2000 3015 2055 animi
3057 1999 3421 2067 infirmitatem
3450 2003 3692 2077 corporis

2098 2092 2383 2147 vincimus.
2416 2092 2537 2148 Per
2579 2091 2693 2163 ipsa
2718 2107 2836 2163 qua:
2880 2106 2979 2147 nos
3031 2089 3319 2149 {cruciant
3347 2100 3402 2147 et
3448 2092 3689 2165 fatigant,

2101 2185 2313 2257 probari
2336 2196 2393 2240 et
2417 2185 2759 2241 corroborari
2792 2200 2891 2240 nos
2912 2185 3114 2257 scimus
3139 2195 3192 2241 et
3217 2185 3451 2243 fidimus.
3674 2168 3679 2173 ’

2174 2274 2316 2331 XIX.
2371 2275 2578 2341 Putatis
2632 2291 2731 2330 nos
2801 2275 3025 2347 adversa
3078 2276 3356 2333 vobiscum
3412 2278 3692 2350 mqualiter

2102 2370 2329 2441 perpeti,
2356 2384 2477 2425 cunt
2508 2368 2699 2424 eadem
2725 2368 2947 2429 adversa
2977 2367 3203 2424 videatis
3226 2384 3254 2423 a
3283 2368 3437 2425 nobis
3463 2381 3516 2426 ct
3541 2371 3694 2427 vobis

2102 2476 2208 2516 non
2238 2460 2518 2532 aequaliter
2554 2459 2843 2515 sustineri?
2875 2458 3026 2529 Apud
3078 2474 3174 2514 vos
3205 2460 3536 2530 impatientia
3582 2463 3694 2516 cla—

2103 2569 2253 2610 musa
2280 2567 2493 2623 semper
2522 2560 2577 2607 et
2605 2551 2822 2623 querula
2868 2542 2981 2616 est;
3005 2549 3145 2621 apud
3175 2566 3272 2606 nos
3314 2549 3470 2607 fortis
3498 2560 3551 2606 ct
3576 2553 3697 2609 reli-

2102 2647 2251 2717 giosa
2299 2643 2574 2713 patientia,
2605 2644 2782 2714 quieta
2811 2656 3029 2714 semper
3066 2652 3120 2699 et
3164 2657 3377 2725 semper
3423 2644 3477 2699 in
3528 2643 3695 2700 Deum

2103 2748 2253 2809 grata
2277 2747 2389 2802 est;
2415 2750 2514 2791 nec
2544 2735 2832 2805 quidquam
2861 2735 2979 2789 istic
3027 2735 3202 2791 laetum
3239 2746 3331 2790 aut
3378 2751 3699 2809 prosperum

2106 2833 2205 2887 sibi
2235 2831 2499 2899 vindicat,
2535 2832 2626 2888 sed
2651 2832 2794 2889 mitis
2821 2842 2872 2887 et
2904 2831 3037 2907 lenis
3063 2840 3122 2889 et
3144 2839 3331 2887 contra
3368 2846 3559 2887 omnes
3605 2833 3700 2889 flu-

2108 2925 2339 2979 ctuantis
2376 2923 2558 2983 mundi
2588 2923 2827 2978 turbines
2869 2922 3075 2977 stabilis
3099 2932 3146 2988 κ,
3193 2922 3392 2981 divina:
3432 2924 3691 2993 pollicita-

2112 3017 2272 3072 tionis
2300 3025 2511 3086 tempus
2539 3023 2835 3086 exspectat.
2874 3012 3143 3091 Quamdiu
3173 3013 3314 3068 enim
3369 3029 3566 3084 corpus
3594 3013 3701 3072 hoc

2112 3117 2414 3181 permanet,
2444 3122 2729 3163 commune
2784 3120 2904 3183 cum
2942 3108 3152 3177 caeteris
3191 3106 3261 3161 sit
3289 3120 3509 3162 necesse
3538 3116 3705 3165 estet

408 3223 525 3260 rum
553 3202 782 3275 Spiritus
810 3212 1026 3258 sanctus
1053 3210 1384 3274 prannoneat
1404 3199 1615 3254 ctdicat
1645 3216 1657 3251 :
1688 3198 1770 3253 Ne
1796 3199 2006 3267 dixeris,
2034 3192 2081 3258 Β
2114 3201 2411 3273 corporalis
2456 3200 2691 3254 conditio
2725 3198 3058 3271 communis;
3099 3212 3198 3252 nec
3236 3198 3471 3269 separari
3516 3201 3703 3270 generi

410 3296 643 3353 Ulciscor
666 3313 745 3350 me
781 3296 843 3349 de
876 3294 1080 3348 inimico
1116 3309 1257 3357 meo;
1292 3292 1381 3346 sed
1419 3300 1650 3360 exspecta
1683 3289 1962 3345 Dominum
1985 3332 2000 3358 ,

407 3404 462 3446 ut
520 3392 607 3446 tibi
652 3390 844 3446 auxilio
877 3389 939 3443 sit
978 3387 1156 3460 (Prov.
1202 3402 1291 3453 xx,
1320 3384 1432 3456 ‘22).
1489 3384 1641 3444 Unde
1692 3385 1891 3440 clarum
1924 3395 2006 3442 est

405 3494 563 3555 atque
616 3483 955 3540 tttanifcstum
981 3480 1104 3551 quia
1135 3492 1241 3534 non
1277 3492 1369 3547 per
1401 3491 1518 3545 nos,
1550 3477 1643 3533 sed
1677 3492 1775 3547 pro
1803 3477 1956 3534 nobis
1977 3477 2004 3517 ι’

2113 3294 2348 3350 humano
2378 3288 2401 3328 ί·
2444 3292 2510 3346 ab
2540 3291 2767 3346 invicem
2795 3289 2970 3358 datur,
3005 3289 3107 3344 nisi
3140 3290 3183 3343 si
3214 3289 3370 3345 istinc
3398 3289 3466 3345 de
3502 3290 3702 3347 sarculo

2112 3384 2411 3440 recedatur.
2445 3381 2583 3437 Intra
2616 3397 2776 3437 unam
2799 3380 3021 3436 domum
3055 3381 3177 3436 boni
3202 3389 3277 3454 ,et
3318 3381 3442 3437 mali
3486 3381 3699 3439 interim

2112 3475 2473 3532 continemur.
2528 3472 2788 3546 Quicquid
2835 3471 2976 3543 intra
3027 3473 3245 3527 domum
3292 3474 3534 3530 evenerit
3585 3473 3703 3547 pari

1634 3590 2015 3651 LECTIONES
2052 3588 2467 3651 VARIANTES.

472 3724 497 3753 ⁰
532 3719 638 3772 Non
657 3725 917 3769 teneamus
943 3720 1047 3764 ret.

472 3784 498 3820 ι’
532 3784 629 3834 Pro
648 3782 783 3831 vobis
806 3777 930 3830 Bod.
959 3777 1005 3826 1.

473 3850 493 3877 ε
533 3844 588 3896 In
607 3847 666 3895 iis
682 3855 792 3906 quae
818 3844 954 3906 Koss.

472 3909 498 3948 ιι
523 3898 959 3959 IncursioneBod.
979 3898 1150 3963 1,2,3,
1176 3900 1224 3950 4.
1297 3923 1304 3930 -

2174 3712 2196 3737 ε
2231 3704 2405 3756 Nullus
2418 3705 2500 3757 hic
2514 3704 2652 3757 dolor
2677 3703 2803 3756 Red.
2827 3703 2876 3764 ὅ,
2901 3702 2948 3752 ι.
2975 3701 3066 3755 His
3090 3704 3215 3754 Bod.
3240 3705 3284 3764 I,
3308 3705 3357 3753 2.

2172 3766 2193 3805 ί
2232 3768 2330 3818 Vos
2346 3766 2562 3818 cruciant
2585 3768 2739 3817 Oxon.

2172 3833 2197 3872 8
2222 3830 2363 3879 Mens
2382 3827 2569 3878 stabilis
2590 3831 2729 3877 Voss.
2747 3827 2795 3875 3.
2823 3824 3012 3875 Stahile
3042 3824 3163 3876 Vict.
3185 3825 3231 3875 3.

2171 3891 2201 3931 ιι
2233 3891 2462 3957 Separari
2481 3890 2760 3955 humanitus
2779 3889 2919 3939 Pent.
2945 3890 3084 3940 Voss.
3110 3887 3159 3937 2.

1648 4002 1891 4062 STEPH.
1933 3998 2207 4058 BALUZII
2244 3995 2476 4056 NOTE.

408 4148 563 4195 notas
604 4142 815 4190 nostras
844 4130 911 4186 ad
941 4127 1135 4183 librum
1167 4124 1301 4194 Lupi
1331 4120 1700 4178 Ferrariensis
1734 4121 1798 4177 de
1844 4121 2003 4191 tribu:

412 4207 807 4276 (lineationibus.

483 4261 553 4312 “5
573 4277 723 4331 Pater
738 4274 888 4331 misit.
909 4268 1180 4326 Pamclitts
1197 4264 1463 4321 interserit
1482 4262 1673 4317 Filium
1689 4278 1754 4317 ex
1771 4261 2003 4330 quinque

411 4349 685 4406 codicibus
712 4355 765 4399 et
789 4360 853 4399 ex
881 4358 987 4397 uno
1016 4355 1177 4409 quem
1206 4336 1383 4409 laudat
1411 4334 1695 4409 .Ilnrellius.
1731 4333 2005 4409 Egonquo-

410 4402 617 4490 querito
650 4402 1143 4490 inveni_scriptnnt_
1175 4411 1225 4490 in
1247 4408 1505 4490 _quinquc
1544 4405 1794 4490 antiquis.
1848 4402 2005 4490 Flos?

410 4473 558 4546 ilium
605 4498 757 4543 certo
799 4486 902 4548 eSt,
948 4473 1086 4551 quod
1112 4473 1446 4551 desideratur
1492 4476 1543 4529 in
1580 4473 1765 4546 viginti
1814 4481 1868 4528 et
1900 4488 2003 4526 uno

407 4563 561 4621 libris
589 4558 785 4613 nostris
806 4565 858 4609 et
887 4555 937 4609 in
960 4548 1081 4606 octo
1108 4548 1431 4621 Anglicanis.

484 4615 904 4688 XVII.——-Ruinis
927 4639 1113 4679 rerum.
1152 4615 1228 4677 n2.
1263 4617 1441 4675 omnia
1465 4615 1577 4672 fere
1604 4624 1780 4688 vetera
1818 4629 2001 4670 exem-

411 4685 601 4775 plaria,
630 4701 786 4775 etiam
819 4695 1161 4775 Veronense;
1184 4687 1448 4746 Nonnulla
1468 4696 1657 4763 tamen
1690 4685 1889 4775 habent
1916 4701 1998 4738 re-

408 4761 549 4846 ξμιηι,
585 4761 864 4846 manifesto
892 4780 1099 4821 errore.
1140 4761 1324 4842 Itaque
1361 4761 1770 4846 supervacanea
1795 4765 1877 4813 est
1904 4770 1997 4809 en-

410 4828 677 4902 ittm't-ttt';t
706 4841 792 4910 qui
830 4841 925 4910 has
955 4850 1137 4905 regum
1169 4828 1358 4910 ruinas
1398 4828 1727 4910 referutttad
1759 4836 1998 4910 tempora

413 4895 659 4970 iicciana.
694 4895 896 4967 Similis
924 4895 1077 4962 error
1102 4904 1339 4958 sublatus
1364 4901 1490 4955 olim
1520 4915 1550 4970 a
1581 4899 1733 4955 nobis
1754 4909 1837 4970 est
1858 4895 1999 4970 apud

408 4967 746 5056 ligo—bardum
800 4976 1122 5056 in‘Epistola
1173 4971 1412 5056 Gregorii
1593 4967 1998 5056 papaedSichn

409 5038 644 5123 bliiistola
668 5038 836 5109 sancti
860 5038 1126 5123 Ambrosii
1150 5045 1221 5123 ad
1231 5038 1629 5123 ,ΟῙιν-ρηιιιιὶιιιηζη
1643 5038 1811 5123 primo
1836 5038 2003 5120 scrip—

410 5108 533 5182 iuni
541 5108 633 5181 fuit
660 5108 710 5178 in
737 5118 1100 5178 vetustissimo
1126 5114 1309 5172 codice
1335 5112 1589 5168 Eeelesim
1606 5108 2000 5182 Lugdunensis,

410 5181 499 5251 duit
538 5195 809 5251 consilium
848 5192 922 5245 rei
962 5189 1151 5253 dicens,
1205 5184 1299 5240 sed
1345 5184 1522 5237 Statim
1553 5181 1891 5236 emendatum
1909 5188 2007 5253 est

409 5250 579 5340 Supra
613 5268 806 5340 lineam
841 5272 907 5340 ει
950 5250 1176 5340 posit-unt
1199 5256 1339 5340 γεμί.
1384 5255 1642 5340 ltetnmpr‘o
1678 5267 1747 5335 eo
1774 5250 1924 5340 quod

411 5320 569 5394 inrito
598 5320 646 5392 tv
689 5320 1049 5391 (Σοιιοίἱίοιτιιιιι
1083 5320 1309 5387 Labbei.
1346 5340 1466 5396 pag.
1508 5320 1636 5396 920,
1678 5324 1727 5377 in
1773 5320 2007 5396 Epistula

409 5391 783 5480 episcoporum
823 5403 1116 5480 Phoenicia:
1161 5391 1441 5454 maritume
1480 5394 1563 5480 ad.
1598 5392 1840 5480 Leonem.
1865 5391 2002 5480 Imp.

410 5461 608 5551 legitur.
633 5473 1103 5551 Itujns_rei_grntia_,
1136 5486 1254 5551 qum
1285 5480 1365 5523 est
1396 5482 1525 5551 vera
1552 5466 1727 5531 lectio,
1748 5461 2009 5551 ‘vetn‘s‘tis-

411 5533 532 5606 siiiti
546 5533 768 5605 codices
788 5533 1043 5600 EcclEsim
1067 5533 1460 5596 Bel'lovaccnsis
1480 5547 1534 5592 et
1557 5534 1864 5606 monasterii
1876 5533 2011 5606 Iler-

410 5603 648 5677 baiettsis
693 5618 891 5673 habent
927 5615 1082 5682 hujus
1122 5614 1226 5682 regi
1267 5612 1447 5682 gmtin.
1482 5608 1618 5682 Vide
1645 5607 1804 5661 etiam
1848 5603 2011 5682 Notas

410 5673 478 5745 iul
506 5673 846 5762 Cttpilttiuria,
879 5673 1008 5758 pag:
1042 5673 1197 5762 1οβοξ
1228 5673 1386 5734 Ηθὸ.
1421 5680 1623 5762 eddom
1656 5692 1867 5762 quoque

407 5762 528 5823 ioca
571 5748 785 5827 similia,
818 5748 975 5814 ιιιέιῖ
1003 5755 1119 5811 usui
1161 5765 1281 5807 esse
1311 5750 1513 5821 possint
1542 5748 1847 5804 hominibus
1875 5759 2002 5802 eru-

2108 4117 2233 4172 ditis
2260 4130 2379 4177 eum
2401 4114 2454 4169 in
2483 4111 2647 4168 libros
2672 4109 3040 4183 inciderintin
3072 4110 3278 4183 quibus
3303 4110 3462 4169 iidem
3492 4127 3706 4173 errores

2111 4188 2328 4252 fuerint,
2357 4194 2411 4241 et
2454 4184 2507 4239 in
2553 4183 2744 4253 quibus
2782 4181 3132 4239 emendandis
3161 4182 3388 4239 defuerit
3415 4189 3707 4245 auctoritas

2109 4257 2367 4313 librorum
2402 4264 2656 4309 veterum.
2684 4253 2740 4308 In
2774 4253 3002 4324 Epistula
3026 4253 3295 4308 Caelestini
3322 4270 3472 4324 papae
3498 4256 3566 4309 ad
3591 4257 3707 4311 Cle-

2106 4346 2221 4383 rum
2249 4339 2296 4382 et
2322 4326 2529 4381 Plebem
2559 4325 2669 4380 CP.
2704 4340 2799 4393 pro
2834 4339 2899 4386 eo
2936 4325 3077 4393 quod
3118 4324 3378 4385 editiones
3420 4336 3567 4383 recte
3608 4327 3704 4381 ha-

2110 4401 2237 4455 bent
2264 4415 2377 4452 cum
2401 4414 2433 4451 α
2462 4414 2514 4450 se
2535 4397 2803 4450 commissa
2831 4395 2923 4448 sibi
2950 4397 3022 4447 rei
3046 4396 3176 4447 ratio
3206 4394 3507 4461 requiratur,
3531 4396 3706 4453 codex

2108 4472 2352 4526 ecclesias
2396 4467 2791 4523 Bellovacensis
2835 4465 2997 4519 habet
3024 4465 3148 4530 regi.
3180 4464 3235 4517 In
3279 4464 3465 4519 eodem
3516 4467 3706 4523 codice

2026 4529 2081 4590 Β
2107 4521 2252 4597 erit]?
2267 4521 2507 4595 refertur
2560 4521 2793 4609 Epistula
2845 4521 3206 4609 pap;e___\_’igi_lii
3235 4534 3327 4609 _ad
3372 4521 3704 4609 gnretianum

2108 4610 2418 4683 episcopum
2464 4604 2852 4683 Arelatensem,
2899 4615 2952 4659 et
2994 4604 3100 4683 illic
3147 4605 3336 4683 legitur
3367 4605 3593 4683 Dignum
3630 4618 3704 4665 est

2105 4675 2157 4738 εἰ
2180 4675 2428 4736 catholico
2467 4681 2539 4733 rei
2578 4677 2891 4750 conveniens,
2923 4690 3042 4750 cum
3083 4675 3362 4750 legendum
3393 4677 3461 4750 sit
3487 4679 3612 4750 regi,
3646 4688 3705 4735 ut

2107 4753 2159 4808 in
2206 4751 2546 4808 cditionibns.
2602 4750 2674 4803 Ex
2722 4746 2911 4800 eodem
2954 4742 3285 4817 fonteflnsit
3324 4748 3465 4817 quod
3508 4742 3561 4802 iii
3598 4742 3701 4807 ναι-

2108 4840 2246 4879 noue
2274 4823 2346 4878 40
2373 4820 2585 4877 concilii
2619 4816 2923 4891 Meldensis,
2975 4816 3062 4870 ubi
3111 4816 3359 4891 laudatur
3387 4833 3559 4891 canon
3606 4835 3700 4891 sy-

2108 4896 2231 4950 nodi
2276 4890 2647 4955 Arvernensis,
2694 4886 2974 4959 regicutam
3018 4888 3273 4959 scriptum
3317 4897 3399 4944 cst
3448 4890 3498 4943 itt
3531 4886 3701 4945 veteri

2107 4966 2293 5020 codice
2336 4958 2725 5024 Aurelianensi,
2766 4974 2886 5012 cunt
2933 4958 3210 5027 legendum
3242 4959 3311 5013 sit
3345 4960 3604 5014 reicutam.
3642 4961 3700 5014 In

2108 5038 2282 5105 Capite
2308 5033 2479 5105 8Alibri
2505 5028 2767 5105 Agnbardi
2790 5040 2967 5105 contra
2993 5026 3173 5105 Legem
3198 5029 3537 5105 (intrttobaudi
3564 5031 3699 5105 lege-

2110 5096 2265 5161 ba'tnr
2314 5103 2441 5158 olim
2487 5096 2708 5155 resculas
2760 5116 2854 5167 pro
2895 5096 3132 5167 reiculos,
3174 5110 3229 5154 ιιι
3268 5100 3373 5155 illic
3406 5096 3719 5155 tnonnifltr

2113 5188 2256 5232 torno
2287 5190 2321 5228 ιι
2354 5172 2745 5239 Capitnlurium,
2786 5185 2902 5241 pag.
2937 5171 3097 5236 “‘26,
3129 5172 3180 5225 in
3212 5170 3484 5241 Praecepto
3522 5170 3699 5227 Ludo-

2111 5250 2211 5303 vici
2246 5246 2322 5299 Pii
2350 5243 2603 5308 scriptum
2634 5251 2716 5295 est
2745 5256 2834 5295 rea:
2863 5257 2958 5311 pro
2988 5258 3085 5295 res.

2186 5312 3030 5373 XVIIl.——Mussitamns.Veteres
3049 5311 3259 5381 quidam
3278 5310 3396 5365 libri
3413 5320 3467 5366 et
3488 5320 3700 5370 veteres
3796 5346 3803 5352 -

2114 5389 2376 5444 editiones
2415 5386 2603 5440 habent
2642 5384 2957 5437 musitamus.
2997 5387 3167 5454 Atque
3206 5396 3306 5452 ego
3344 5384 3593 5454 putabam
3628 5386 3698 5439 ita

2113 5460 2272 5515 scribi
2289 5458 2504 5517 debere,
2520 5456 2638 5524 quia
2659 5454 2895 5578 legebam
2923 5452 3062 5521 apud
3091 5451 3382 5511 Jttvencum
3403 5472 3416 5507 :
3437 5453 3545 5508 Nec
3570 5454 3703 5508 inter

2113 5546 2221 5578 sese
2239 5526 2496 5578 musitanti
2518 5541 2633 5578 voce
2645 5542 2702 5578 vo
2729 5526 2899 5578 «bunt.
2921 5523 3024 5578 Sed
3048 5531 3230 5578 postea
3249 5523 3576 5578 deprehendi
3600 5524 3703 5578 hoc

2113 5546 2221 5584 sese
2239 5526 2496 5582 musitmtli
2518 5523 2633 5579 uoce
2645 5523 2899 5579 volabunt.
2921 5523 3024 5578 Sed
3048 5531 3230 5591 postea
3249 5523 3576 5594 deprehendi
3600 5524 3705 5581 hoc

2114 5599 2431 5654 vocabulum
2481 5596 2810 5651 des-cendere
2849 5609 2913 5649 ex
2958 5593 3123 5647 verbo
3169 5593 3414 5659 ntussure,
3461 5596 3705 5665 adeoque

2115 5671 2455 5725 scribendum
2487 5681 2608 5721 esse
2636 5666 2843 5736 credidi
2871 5665 3205 5736 mussitanda,
3234 5666 3307 5736 uti
3337 5667 3594 5736 scripturn
3621 5675 3709 5721 est

2112 5742 2165 5799 itt
2195 5743 2378 5799 codice
2401 5737 2769 5813 Segnieriano,
2800 5734 2936 5793 Nam
2952 5743 3008 5791 ei
3025 5732 3164 5808 apud
3188 5732 3488 5807 Sidonium,
3505 5736 3603 5795 ιη),
3628 5752 3710 5813 γι,
