4302 6296
600 358 704 449 539

1979 383 2111 440 DIVI
2154 383 2476 441 CYPRIANI

3782 378 3887 439 560
3927 453 3929 455 ,

597 516 743 563 sorte
772 504 1123 579 perpetimur,
1154 501 1346 569 donec,
1378 499 1476 556 aevi
1528 497 1837 569 temporalis
1883 498 1988 555 ﬁne
2039 514 2184 555 com-
2214 499 2262 560 Α
2292 498 2482 553 diebus
2528 511 2593 553 ac
2639 495 2885 552 noctibus
2907 492 3104 567 jngiter
3146 499 3307 565 atque
3337 490 3600 548 instanter
3642 502 3885 547 oramus.

596 603 765 670 pleto,
791 598 856 652 ad
878 609 1095 651 αξιοι-ηαξ
1123 594 1205 649 vel
1235 593 1425 649 mortis
1451 591 1536 648 vel
1567 591 1985 648 immortalitatis
2005 590 2188 663 hospi-

598 692 673 745 tia
700 688 1019 744 dividamur.
1052 684 1168 742 Non
1191 699 1320 757 ergo
1365 683 1569 741 idcirco
1606 698 1889 755 compares
1934 683 2085 740 vobis
2135 689 2190 739 et

596 781 832 854 aequales
860 794 1046 837 sumus
1074 780 1219 851 quia,
1248 778 1302 835 in
1346 778 1451 835 isto
1476 776 1653 834 adhuc
1690 776 1891 832 mundo
1928 786 1982 832 et
2024 790 2187 832 carne

597 874 701 931 hac
723 871 1024 939 constituti,
1051 870 1235 928 mundi
1266 880 1323 928 et
1341 869 1521 929 carnis
1542 868 1881 926 incommoda
1907 867 2186 925 vobiscum

597 966 797 1038 pariter
840 963 1202 1022 incurrimus:
1234 981 1378 1033 nam,
1406 980 1529 1022 cum
1570 964 1623 1020 in
1670 978 1834 1021 sensu
1873 961 2076 1018 doloris
2117 960 2190 1016 sit

596 1073 758 1115 omne
780 1055 923 1129 quod
952 1057 1121 1128 punit,
1153 1056 1496 1114 manifestum
1533 1065 1617 1113 est
1642 1070 1764 1112 eum
1796 1069 1903 1110 non
1927 1067 2048 1111 esse
2074 1067 2188 1123 par-

597 1151 814 1221 ticipem
840 1159 1144 1222 poematum
1170 1164 1326 1222 quem
1356 1148 1745 1207 tecum'videas
1774 1148 2051 1219 aequaliter
2080 1160 2186 1202 non

593 1243 800 1300 dolere.
1326 1312 1331 1317 κ

669 1335 764 1393 XX
777 1377 790 1391 .
807 1335 1112 1407 Vigetapud
1129 1352 1226 1392 nos
1242 1337 1357 1408 spei
1377 1335 1611 1392 rohuret
1625 1334 1847 1390 lirmitas
1872 1332 2024 1400 ﬁdei;
2047 1333 2189 1388 inter

594 1426 738 1500 ipsas
769 1429 949 1484 smculi
976 1428 1202 1485 labentis
1229 1428 1412 1485 ruinas
1431 1438 1608 1485 creeta
1633 1442 1786 1482 mens
1811 1436 1893 1483 est
1917 1436 1973 1481 et
1993 1426 2189 1479 immo-

593 1522 716 1579 bilis
765 1523 953 1591 virtus,
986 1532 1040 1578 et
1075 1538 1365 1594 numquam
1407 1536 1514 1576 non
1561 1521 1681 1575 lteta
1728 1519 2004 1590 patientia,
2036 1528 2088 1573 et
2119 1514 2188 1573 de

593 1613 706 1669 Deo
734 1630 833 1671 suo
859 1628 1077 1685 semper
1110 1615 1284 1670 anima
1330 1627 1541 1680 secura,
1571 1614 1710 1668 sicut
1738 1628 1834 1683 per
1863 1600 2187 1681 Pmphctam

594 1705 826 1777 Spiritus
867 1718 1085 1764 sanctus
1126 1708 1363 1779 loquitur
1409 1719 1462 1764 et
1508 1708 1773 1772 hortatur,
1823 1706 1934 1777 spei
1965 1720 2028 1760 ac
2066 1703 2189 1759 ﬁdei

593 1810 793 1855 nostra:
822 1800 1133 1857 ﬁrmitatem
1174 1801 1380 1858 cmlesti
1417 1815 1546 1856 voce
1573 1794 1964 1857 eorroborans:
1995 1796 2187 1864 Ficus,

2362 592 2506 647 XXl.
2547 591 2713 647 Nemo
2759 592 2936 662 itaque
2984 589 3083 645 sibi
3124 587 3423 644 blandiatur
3456 584 3599 657 quod
3641 585 3798 640 nobis
3834 592 3891 641 et

2294 682 2529 754 profanis
2553 682 2645 738 Dei
2668 681 2962 738 cultoribus
2990 690 3044 737 et
3074 680 3183 736 Deo
3221 677 3631 735 adversantibus
3657 677 3727 732 sit
3751 675 3890 732 inte-

2290 774 2415 844 rim,
2446 789 2540 843 per
2559 773 2914 843 :equalitatem
2937 772 3113 828 carnis
3139 779 3194 828 et
3214 770 3482 842 corporis,
3507 770 3751 825 laborum
3781 784 3889 824 sae-

2290 865 2552 921 cularium
2574 865 2812 922 conditio
2833 865 3154 928 communis,
3188 873 3246 920 ut
3271 879 3340 920 ex
3366 862 3468 919 hoc
3490 862 3742 933 opinetur
3777 878 3887 917 non

2290 958 2469 1014 omnia
2508 958 2608 1013 ista
2647 973 2767 1029 qua:
2806 956 3056 1014 accidunt
3082 956 3236 1012 vobis
3259 953 3286 993 (ί
3319 955 3547 1027 irrogari
3582 998 3597 1022 ,
3645 970 3768 1011 cum
3796 954 3890 1010 Dei

2290 1051 2460 1124 ipsius
2483 1051 2863 1123 praedicatione
2878 1062 2934 1108 ct
2959 1051 3268 1124 prophetica
3296 1058 3321 1087 ο
3348 1048 3744 1106 contestatione
3761 1058 3886 1104 ante

2291 1143 2605 1216 praedictum
2633 1144 2703 1200 sit
2740 1153 3020 1200 venturam
3064 1157 3228 1214 super
3255 1141 3486 1213 injustas
3532 1139 3667 1196 iram
3710 1139 3802 1196 Dei
3831 1147 3888 1196 et

2292 1235 2696 1308 persecutiones
2724 1250 2847 1307 quae
2886 1249 2984 1290 nos
3029 1233 3338 1290 humanitus
3371 1231 3633 1289 lzederent
3659 1246 3765 1286 non
3792 1229 3889 1286 de-

2291 1331 2495 1385 futuras
2519 1372 2533 1396 ,
2565 1329 2659 1386 sed
2685 1338 2740 1385 et
2762 1329 2992 1385 ultiones
3018 1345 3136 1401 quae
3161 1328 3317 1385 Ιωεοε
3342 1326 3599 1384 divinitus
3627 1323 3887 1383 defende-

2292 1431 2415 1478 rent
2438 1433 2738 1478 secuturas.
3418 1424 3428 1437 ⁸

2368 1513 2529 1569 XXII.
2573 1512 2642 1567 Et
2668 1523 2863 1584 quanta
2906 1522 3031 1570 sunt
3058 1528 3178 1585 quae
3205 1512 3324 1569 istic
3347 1525 3447 1583 pro
3474 1510 3630 1567 nobis
3670 1509 3889 1568 interim

2293 1614 2470 1671 ﬁunt?
2495 1614 2552 1670 in
2577 1614 2879 1685 exemplum
2903 1611 3102 1684 aliquid
3131 1611 3305 1680 datur,
3334 1621 3392 1667 ut
3420 1610 3513 1666 Dei
3541 1607 3771 1665 vindicis
3809 1607 3889 1663 ira

2293 1717 2566 1764 noscatur.
2584 1704 2852 1761 Cancrum
2882 1714 3027 1761 retro
3049 1714 3132 1759 est
3153 1702 3337 1769 iudicii
3354 1702 3492 1770 dies,
3513 1715 3675 1774 quem
3701 1699 3886 1771 Scrip-

2296 1810 2412 1855 tura
2441 1806 2625 1855 sancta
2652 1798 2934 1854 denuntiat
2959 1797 3146 1853 dicens
3175 1813 3187 1851 :
3223 1795 3466 1859 Ulntate,
3512 1794 3775 1863 proximus
3815 1800 3891 1850 est

592 1891 783 1962 inquit,
822 1908 921 1947 non
944 1891 1119 1961 afferet
1143 1895 1386 1965 fructum,
1440 1903 1485 1947 et
1515 1907 1617 1946 non
1655 1899 1800 1946 erunt
1834 1891 2093 1946 nascentia
2129 1890 2183 1944 in
2212 1891 2259 1953 B
2287 1891 2422 1947 enim
2447 1890 2554 1944 dies
2575 1887 2805 1955 Domini,
2834 1898 2880 1943 et
2906 1887 3108 1942 obtritio
3140 1885 3159 1925 ί
3194 1904 3226 1942 a
3251 1884 3362 1941 Deo
3389 1887 3572 1940 aderit.
3602 1884 3740 1941 Ecce
3753 1886 3888 1941 enim

590 1983 767 2039 vineis.
800 1982 1070 2039 Mentietur
1095 2000 1222 2054 apus
1245 1985 1392 2040 oliva:
1411 1992 1460 2051 α,
1492 1995 1539 2039 et
1570 1986 1739 2056 campi
1758 2001 1859 2039 non
1880 1983 2188 2056 prtestabunt

590 2077 779 2132 cibum.
810 2076 1062 2147 Deﬁcient
1089 2095 1121 2132 a
1152 2078 1339 2149 pabulo
1360 2095 1472 2134 oves
1498 2076 1549 2146 ι),
1594 2089 1640 2134 et
1668 2096 1769 2134 non
1795 2089 1940 2134 erunt
1971 2079 2024 2133 in
2055 2094 2188 2150 pra:-

589 2172 791 2242 sepibus
820 2169 988 2227 boves.
1022 2171 1135 2243 Ego
1165 2181 1331 2226 autem
1365 2173 1420 2226 in
1455 2170 1674 2227 Domino
1708 2171 1963 2239 exultabo,
1995 2181 2041 2226 et
2063 2188 2190 2242 gau-

595 2264 724 2320 debo
752 2265 806 2318 in
837 2263 943 2320 Deo
970 2265 1185 2320 salutari
1205 2280 1314 2320 meo
1342 2264 1522 2337 (Abas.
1547 2280 1625 2331 ιιι,
1657 2264 1869 2336 17-20).
1895 2264 1986 2320 Dei
2015 2263 2188 2319 homi-

592 2370 714 2411 nem
736 2366 790 2411 et
809 2356 1067 2413 cultorem
1099 2356 1218 2425 Dei,
1250 2357 1535 2414 subnixum
1562 2357 1675 2427 spei
1708 2357 1933 2412 veritate
1972 2366 2026 2412 et
2065 2356 2185 2412 ﬁdei

590 2448 882 2506 stabilitate
908 2449 1205 2518 fundatum,
1241 2461 1399 2522 negat
1428 2448 1611 2521 mundi
1636 2448 1793 2520 hujus
1821 2459 1876 2505 et
1894 2449 2079 2505 steculi
2105 2449 2187 2505 itt-

591 2539 964 2599 i‘estationihus
1010 2542 1359 2599 comm0veri.
1402 2542 1569 2597 Vinea
1610 2541 1735 2597 licet
1785 2540 1933 2596 fallat
1965 2553 2020 2596 et
2069 2541 2187 2597 olea
2230 2611 2231 2614 η

590 2632 843 2707 decipiat,
875 2645 929 2690 et
953 2635 1134 2691 herbis
1159 2635 1399 2691 siccitate
1416 2633 1768 2690 morientibus
1789 2644 2023 2689 aestuans
2041 2649 2189 2689 eam-

590 2742 691 2798 pus
747 2736 972 2794 arescat,
1019 2727 1145 2799 quid
1172 2727 1305 2784 ‘boc
1343 2726 1412 2782 ad
1448 2725 1819 2783 Christianos?
1845 2726 1973 2797 quid
1997 2726 2063 2781 ad
2095 2725 2189 2782 Dei

591 2828 780 2875 servos
801 2858 816 2884 ,
850 2833 986 2889 quos
1010 2818 1296 2890 paradisus
1326 2817 1536 2884 invitat,
1566 2831 1702 2889 quos
1730 2817 1899 2888 gratia
1926 2818 2104 2874 omnis
2132 2826 2189 2875 et

592 2911 746 2981 copia
776 2910 926 2981 regni
952 2910 1191 2967 caelestis
1219 2910 1534 2981 exspectat?
1562 2909 1853 2966 Exsultant
1878 2924 2094 2981 semper
2132 2909 2186 2967 in

590 3003 841 3071 Domino,
895 3002 966 3036 "'
1014 3014 1068 3061 et
1110 3004 1360 3060 hetantur
1393 3014 1450 3060 et
1489 3003 1723 3076 gaudent
1752 3004 1806 3059 in
1840 3003 1952 3059 Deo
1975 3017 2096 3071 suo,
2130 3014 2185 3060 et

591 3096 732 3151 mala
777 3108 936 3168 atque
979 3095 1202 3152 adversa
1252 3094 1439 3152 mundi
1491 3094 1701 3151 fortiter
1750 3094 2002 3162 tolerant,
2058 3093 2186 3150 dum

590 3187 732 3243 dona
748 3197 801 3244 et
820 3202 1073 3260 prospera
1093 3170 1270 3243 fulura
1296 3196 1639 3260 prospectant
1664 3199 1708 3243 ο.
1734 3186 1865 3243 Nam
1888 3188 2001 3259 qui,
2025 3201 2190 3257 expo-

2292 1983 2400 2037 dics
2430 1980 2638 2037 Domini
2667 1981 2800 2035 venit
2837 1979 3139 2036 insanabilis
3167 1978 3537 2051 indignationis
3561 1988 3608 2033 et
3630 1976 3757 2048 iraa,
3789 1996 3889 2051 po-

2292 2092 2410 2131 nere
2436 2074 2605 2130 orbem
2633 2082 2781 2130 terra:
2806 2074 3081 2141 desertum,
3105 2084 3154 2130 et
3176 2084 3464 2144 peccatores
3486 2073 3694 2145 perdere
3717 2090 3781 2130 ea:
3827 2090 3887 2132 eo

2292 2168 2437 2242 (lsa.
2477 2185 2609 2238 xttt,
2654 2168 2747 2241 6).
2782 2169 2851 2225 Et
2902 2171 3094 2226 iterum
3129 2185 3143 2223 :
3183 2168 3318 2225 Ecce
3352 2170 3460 2225 dies
3497 2166 3707 2224 Dontini
3754 2169 3889 2224 venit

2292 2262 2479 2318 ardens
2514 2264 2649 2318 velut
2684 2262 2914 2319 clibanus
2944 2272 2999 2331 ϐ,
3032 2272 3276 2334 eruntque
3306 2279 3478 2319 omnes
3502 2262 3803 2335 alienigenae
3839 2270 3888 2319 et

2291 2370 2463 2411 omnes
2483 2355 2642 2426 iniqui
2662 2357 2852 2427 stipula
2878 2353 2940 2422 1ι;
2968 2365 3014 2411 et
3042 2356 3307 2412 succendet
3328 2356 3444 2411 illos
3465 2356 3734 2412 adveniens
3752 2356 3886 2427 dies,

2291 2449 2415 2505 dicit
2461 2448 2713 2507 Dominus
2767 2452 3038 2522 (Malaclt.
3087 2468 3168 2521 tv,
3217 2455 3297 2523 1).
3366 2452 3627 2510 Succendi
3673 2462 3729 2510 et
3762 2465 3887 2508 cre-

2292 2543 2429 2597 mari
2457 2541 2788 2614 alienigenas
2818 2545 3064 2616 praecinit
3088 2545 3374 2613 Dominus,
3422 2545 3471 2601 id
3498 2554 3582 2602 est
3626 2544 3832 2601 alienos
3853 2556 3885 2599 a

2291 2634 2475 2691 divino
2516 2650 2716 2707 genere
2750 2645 2816 2692 et-
2860 2638 3114 2708 profanos
3136 2679 3150 2703 ,
3181 2636 3496 2709 spiritaliter
3521 2651 3627 2692 non
3667 2646 3885 2693 renatos

2292 2741 2392 2782 nec
2417 2727 2507 2782 Dei
2538 2729 2676 2784 ﬁlios
2720 2727 2912 2785 factos.
2963 2730 3208 2787 Evadere
3242 2731 3385 2787 enim
3411 2744 3508 2786 eos
3547 2730 3694 2785 solos
3726 2741 3885 2799 posse

2291 2817 2382 2889 qui
2411 2818 2582 2874 renati
2610 2830 2664 2876 et
2688 2820 2843 2893 signo
2885 2821 3083 2878 Christi
3110 2823 3305 2895 signati
3328 2822 3526 2880 fuerint
3550 2822 3657 2878 alio
3684 2822 3737 2878 in
3768 2821 3889 2879 loco

2294 2908 2434 2965 Deus
2455 2911 2712 2981 loquitur,
2731 2914 2967 2985 quando,
2990 2915 3056 2971 ad
3079 2915 3429 2973 vastationem
3454 2914 3638 2972 mundi
3662 2923 3719 2971 et
3745 2915 3887 2972 inte-

2292 3000 2452 3056 ritum
2468 3004 2685 3071 generis
2702 3004 2921 3061 humani
2945 3006 3178 3078 Angelos
3193 3022 3320 3063 suos
3342 3009 3576 3073 mittens,
3600 3007 3814 3079 gravius
3833 3007 3887 3063 in

2291 3090 2486 3156 ultimo
2503 3095 2864 3153 comminatur
2879 3096 3063 3155 dicens
3089 3117 3102 3153 :
3141 3097 3324 3155 Vadite
3350 3109 3396 3155 et
3421 3100 3619 3169 credite,
3642 3108 3691 3154 et
3731 3099 3891 3156 nolite

2292 3210 2500 3268 parcere
2510 3194 2673 3250 oculis
2686 3195 2883 3250 vestris.
2904 3194 3083 3251 Nolite
3097 3196 3322 3252 misereri
3335 3197 3548 3253 senioris
3559 3205 3646 3250 aut
3663 3194 3866 3267 juvenis
3872 3232 3889 3260 ,

589 3283 692 3338 sita
719 3283 996 3339 nativitate
1020 3293 1229 3339 terrena
1248 3321 1264 3347 ,
1296 3282 1487 3353 spiritu
1522 3282 1746 3339 recreati
1785 3292 1840 3339 et
1887 3281 2058 3340 renati
2086 3298 2179 3338 su-
2211 3284 2256 3347 C
2289 3299 2336 3344 ct
2365 3288 2583 3361 virgines
2610 3297 2659 3343 et
2685 3290 2923 3359 parvulos
2943 3299 2991 3344 et
3016 3290 3250 3346 mulieres
3282 3291 3580 3360 interﬁcite,
3618 3299 3672 3345 ut
3699 3290 3886 3362 perde.

590 3391 733 3439 mus,
763 3390 861 3432 nec
879 3375 990 3446 jam
1019 3373 1219 3431 mundo
1236 3373 1334 3431 sed
1353 3373 1466 3431 Deo
1482 3374 1740 3441 .vivitnus,
1770 3389 1900 3443 non,
1931 3374 2033 3431 nisi
2062 3390 2185 3431 cum

590 3467 659 3522 ad
691 3468 854 3523 Deum
884 3465 1210 3533 venerimus,
1241 3466 1333 3523 Dei
1361 3482 1580 3523 munera
1627 3475 1684 3524 et
1706 3468 1967 3537 promissa
2006 3468 2186 3539 capie-

589 3572 732 3614 mus.
784 3556 853 3614 Et
905 3569 1080 3615 tamen
1130 3572 1227 3628 pro
1269 3557 1517 3613 arcendis
1555 3557 1802 3615 hostibus
1837 3545 1901 3615 et,
1923 3558 2184 3617 imbribus

591 3649 962 3720 impetrandis,
991 3660 1046 3708 et
1073 3651 1157 3707 vel
1184 3650 1490 3709 auferendis
1506 3652 1589 3708 vel
1612 3653 1975 3723 temperandis
1995 3653 2185 3711 adver-

520 3731 529 3737 ’
590 3743 686 3810 sis,
717 3760 966 3816 rogamus
994 3759 1208 3817 semper
1230 3755 1286 3802 et
1311 3762 1500 3818 preces
1526 3745 1821 3815 fundimus,
1852 3757 1907 3804 et
1931 3762 2029 3819 pro
2051 3763 2184 3821 pace

591 3851 655 3894 ac
700 3838 873 3896 salute
921 3848 1097 3897 vestra
1155 3840 1507 3911 propitiantes
1570 3853 1634 3896 ac
1686 3840 1959 3911 placantes
2016 3839 2183 3896 Deum

2294 3382 2513 3436 (cantur.
2549 3380 2765 3437 Omnem
2812 3392 2982 3437 autem
3020 3398 3173 3454 super
3219 3398 3366 3454 quem
3411 3383 3610 3455 signum
3638 3382 3886 3452 scriptum

2289 3484 2363 3530 est
2386 3491 2451 3531 ne
2476 3475 2734 3548 tetigeritis
2761 3474 2973 3549 (Ezeclt.
3004 3492 3055 3532 ix
3074 3518 3089 3543 ,
3112 3477 3165 3543 5,
3192 3475 3271 3550 6).
3295 3476 3449 3544 Quod
3490 3483 3669 3532 autem
3691 3476 3759 3531 sit
3780 3474 3886 3530 hoc

2290 3569 2524 3640 signum,
2545 3581 2599 3626 et
2619 3585 2720 3642 qua
2744 3570 2796 3626 in
2824 3582 2975 3642 parte
2995 3570 3236 3641 corporis
3261 3570 3493 3641 positum
3518 3610 3535 3637 ,
3576 3567 3886 3625 manifestat.

2289 3660 2396 3716 alio
2433 3660 2486 3716 in
2517 3662 2636 3718 loco
2673 3662 2814 3719 Deus
2843 3662 3067 3718 dicens:
3104 3662 3286 3718 Transi
3309 3679 3400 3734 per
3440 3662 3660 3717 mediam
3695 3660 3712 3700 ί
3754 3659 3880 3715 Ilie-

2289 3753 2547 3821 rusalem,
2597 3762 2644 3808 et
2684 3754 2880 3809 notabis
2917 3755 3119 3827 signum
3142 3771 3293 3826 super
3315 3758 3507 3827 frontes
3534 3754 3758 3809 virorum
3794 3753 3882 3824 qui

2289 3841 2547 3914 ingemunt
2571 3854 2619 3899 et
2645 3857 2854 3903 nta’rent
2900 3847 2962 3903 ob
3009 3848 3298 3918 iniquitates
3333 3863 3448 3921 qua:
3485 3847 3615 3919 ﬁunt
3641 3848 3695 3903 in
3718 3846 3883 3902 ntedio

1812 3952 2198 4012 LECTIONES
2235 3952 2649 4015 VARIANTES.

652 4066 677 4098 ο
715 4067 854 4120 Oleze
880 4068 1005 4119 Bod.
1034 4068 1077 4118 l.
1104 4069 1244 4121 Voss.
1270 4069 1317 4119 1.
1342 4067 1466 4120 Tltu.
1487 4069 1615 4121 Vict.
1635 4068 1781 4120 Grati.
1804 4066 1997 4120 Morell.

652 4128 681 4167 ιι
718 4132 762 4180 Α
784 4130 976 4181 stabulo
995 4132 1133 4182 Foss.
1159 4131 1293 4189 Spir.
1322 4135 1430 4183 Vel.
1454 4132 1676 4183 Innomb.
1705 4133 1849 4183 Grav.
1876 4128 2068 4183 Morell.

655 4196 679 4223 ο
714 4191 1219 4260 Fortiter__tolerando,
1237 4195 1371 4260 bona
1393 4203 1446 4245 et
1478 4207 1711 4260 prospera
1736 4195 1899 4260 futura
1921 4197 2188 4260 expectant

592 4257 726 4326 ξίφη.
755 4254 901 4307 Ebor.
921 4254 1048 4305 Dum
1071 4256 1199 4305 bona
1223 4257 1381 4307 Oxon.
1403 4254 1529 4307 eas}.
1555 4254 1878 4309 co'd.Voss.1.
1904 4254 2028 4311 Thu.
2046 4262 2185 4315 Foss.

602 4322 871 4432 V’tf‘ix'obis
892 4381 1031 4433 Voss,
1056 4378 1106 4431 2.
1124 4382 1216 4431 Δι’.
1236 4378 1363 4432 Bod.
1383 4380 1430 4443 1,
1448 4380 1496 4444 2,
1514 4382 1565 4434 4.

2358 4071 2381 4134 '5
2414 4065 2479 4134 Et
2496 4070 2760 4134 apostolica
2783 4075 2928 4126 Pem.

2356 4126 2377 4168 ἲ
2413 4126 2755 4187 Etrétributio
2776 4141 2864 4188 Ar.

2356 4195 2382 4240 8
2417 4196 2552 4249 lanis
2575 4201 2713 4248 Voss.
2734 4199 2781 4249 1.

2350 4260 2481 4334 {alit
2499 4261 2679 4334 stipula
2702 4260 2830 4334 god.
2852 4264 2904 4334 gs.
2922 4262 3070 4334 Quasi
3095 4263 3347 4334 Amulium
3374 4264 3502 4334 139d.
3519 4264 3715 4334 2.__NG.
3744 4268 3787 4317 1.

2358 4324 2375 4363 ί
2404 4321 2580 4373 Transi
2608 4323 2819 4374 mediam
2841 4321 2976 4376 ιαηὶ.
2995 4326 3141 4378 Ebor.
3176 4329 3226 4380 Ν
3232 4328 3287 4378 C.
3310 4326 3362 4379 2.
3394 4332 3535 4381 Voss.
3568 4327 3620 4380 2.

1828 4492 2067 4552 STEPH.
2109 4497 2377 4557 BALUZII
2414 4497 2644 4555 NOTAE.

590 4603 767 4676 Epist.
799 4603 889 4671 16,
916 4602 1187 4676 reperitur
1206 4618 1392 4676 versus
1423 4602 1524 4659 iste
1547 4604 1876 4676 sapphicns:
1904 4608 2186 4669 Mussitans

588 4674 896 4750 quamquam
945 4677 1126 4750 chorus
1173 4675 1480 4750 invidorum.
1532 4674 1875 4750 Gratnmatici
1923 4690 2185 4750 prmteren

588 4745 838 4829 :ill‘erunt_
866 4745 1058 4801 multas
1104 4747 1453 4829 auctoritates
1496 4761 1614 4829 qua)
1655 4746 1810 4804 facile
1854 4745 2082 4821 probant
2111 4755 2183 4811 ita

592 4816 935 4873 scribendum
966 4831 1086 4872 esse
1116 4817 1188 4871 ttti
1217 4831 1318 4887 ego
1347 4816 1560 4887 scripsi.

660 4908 1077 4988 XlX.-—_Videa_s
1117 4910 1395 4988 (equaliter.
1420 4912 1495 4967 Ita
1529 4919 1738 4988 veteres
1764 4913 2047 4988 editiones.
2067 4918 2184 4988 Quo

589 4983 748 5058 etiam
781 4980 941 5036 modo
969 4980 1157 5058 legitur
1189 4983 1244 5058 in
1253 4996 1463 5058 novem
1486 4982 1759 5058 codicibus
1786 4987 2038 5058 antiquis.
2070 4980 2180 5045 Kla-

589 5054 769 5108 nutius
797 5052 1360 5122 expunxitatqualiter.
1393 5052 1467 5108 lta
1499 5054 1657 5108 etiam
1687 5052 1961 5115 Morellius
1987 5070 2040 5113 et
2059 5061 2178 5116 edi-

558 5125 665 5199 .tio
690 5121 1005 5199 ⁸ιξιιειὶίὲίιιιςι.
1053 5121 1168 5177 Νοιι
1200 5121 1355 5176 video
1381 5133 1557 5180 autem
1589 5140 1683 5180 cur
1721 5131 1950 5199 expungi
1981 5130 2178 5188 debue-

588 5195 676 5249 rit.
709 5192 851 5249 Sane
880 5192 1090 5249 videtur
1133 5208 1251 5248 cant
1294 5208 1478 5249 vocem
1508 5210 1611 5253 non
1640 5212 1760 5253 esse
1791 5192 2172 5257 necessariam.

585 5265 825 5338 Sednon
857 5274 939 5320 est
959 5274 1246 5338 propterea
1281 5264 1529 5338 tollenda.
1566 5265 1695 5338 Nam
1726 5270 2018 5338 Cyprianus
2043 5272 2177 5328 dixit

585 5336 745 5414 paulo
744 5343 889 5414 jtnte
914 5352 926 5389 :
948 5333 1151 5414 Putatis
1176 5349 1268 5414 _no_s
1292 5333 2039 5414 adversarobiscuminqualiter
2064 5360 2177 5414 per-

580 5405 708 5477 peti.
742 5406 807 5461 Et
835 5420 957 5477 mox
989 5428 1003 5463 ;
1033 5405 1213 5462 Carnis
1240 5408 1557 5462 incommoda
1595 5405 1847 5465 vobiscum
1876 5405 2176 5476 pariter'in-

577 5476 851 5556 euri-intus.
978 5486 1154 5556 tamen
1182 5492 1284 5556 vox
1313 5479 1573 5549 a’qualiter
1601 5479 1752 5537 deest
1794 5481 1923 5552 istic.
1956 5484 2008 5539 in
2048 5500 2174 5556 sep-

577 5548 868 5607 temdecim
900 5546 1046 5606 libris
1077 5546 1379 5603 veteribus.
1886 5578 1890 5585 η

586 5626 591 5629 ’
640 5619 759 5674 XX.
789 5648 862 5658 —-
892 5616 1013 5674 Non
1032 5620 1697 5679 eruntnascentia.Vetet‘cs
1712 5623 1974 5683 editiones
2001 5635 2055 5683 el.
2081 5640 2176 5683 sex

559 5691 693 5754 libri
712 5698 922 5746 veteres
944 5689 1142 5745 habent
1162 5708 1263 5745 non
1280 5693 1374 5746 erit
1395 5696 1669 5762 generatio.
1694 5694 2002 5754 Lectionem
2025 5712 2175 5754 sum-

559 5771 724 5839 ptam
747 5776 810 5839 ex
829 5762 1063 5818 editione
1076 5762 1238 5839 quam
1249 5762 1404 5818 icitnr
1421 5763 1620 5835 Gravii,
1644 5781 1803 5839 quam
1830 5768 2093 5825 Manutius
2122 5778 2177 5826 et

541 5832 660 5902 {alii
688 5838 943 5903 posteum
972 5832 1141 5890 secuti
1170 5842 1313 5906 sunt,
1337 5847 1492 5905 quam
1516 5832 1619 5902 nos
1640 5832 1797 5893 etiam
1828 5839 2166 5913 retinuimus,

2287 4614 2578 4691 pr_:e_l‘erunt
2605 4613 2974 4691 n_ovemdecim
3005 4615 3335 4691 exemplaria
3353 4620 3734 4691 manuscripts.
3764 4621 3883 4678 Mo-

2288 4686 2474 4764 rellius
2490 4686 2674 4764 posuit
2683 4687 2990 4764 nascentia),
3003 4687 3139 4744 forte
3159 4704 3258 4760 per
3276 4705 3515 4764 errorem
3545 4686 3880 4764 typographi.

2288 4757 2417 4812 Nam
2448 4756 2537 4812 hic
2572 4755 2841 4813 seribendi
2868 4760 3061 4814 modus
3087 4755 3193 4814 non
3221 4770 3305 4816 est
3335 4755 3881 4819 latintts.'Et'tanten

2287 4843 2348 4883 ea
2372 4828 2635 4900 scriptura
2660 4829 2883 4884 multum
2902 4830 3100 4900 placuit
3128 4829 3383 4887 Pamelio.
3412 4832 3468 4886 ln
3493 4832 3628 4888 libro
3649 4832 3899 4890 Fuxensi’

2286 4908 2342 4955 et
2364 4900 2419 4976 i_n‘
2438 4899 2990 4976 Lamonianojegiiur
3017 4918 3119 4955 non
3148 4902 3241 4956 erit
3282 4903 3560 4958 nascentia.
3581 4902 3715 4961 Vide
3735 4905 3882 4976 glos-

2286 4971 2487 5041 sarium
2517 4970 2737 5041 latinum
2765 4970 2970 5041 Cangii.

2353 5038 2552 5094 Cibum.
2604 5040 2822 5096 Veteres
2868 5038 3132 5099 editiones
3171 5050 3229 5099 et
3280 5057 3470 5100 novem
3506 5044 3624 5103 libri
3670 5055 3881 5104 veteres

2283 5109 2935 5189 praeferuntfruntentum.
2979 5113 3217 5189 Aliiduo
3255 5125 3310 5170 ct
3336 5116 3572 5189 quinque
3600 5118 3881 5189 Anglicani

2281 5179 2468 5259 escam.
2501 5179 2607 5259 δρᾶ
2638 5182 2808 5252 major
2837 5198 2959 5252 pars
2986 5184 3229 5259 codicum
3265 5179 3751 5259 manuscriptoru'm
3781 5190 3880 5245 hac

2279 5252 2371 5308 bet
2400 5250 2686 5307 lectionem
2716 5250 2874 5323 quam
2902 5269 3002 5326 ego
3026 5257 3243 5311 retinui.

2352 5344 2520 5419 XXII.
2534 5345 2841 5419 —Senioris
2860 5359 2946 5401 aut
2951 5348 3173 5418 juvenis.
3191 5349 3401 5406 Retinui
3416 5350 3555 5408 hanc
3569 5352 3875 5419 lectionem,

2279 5432 2437 5495 quam
2463 5417 2639 5495 inveni
2661 5417 2713 5473 in
2740 5418 2941 5495 aliquot
2955 5417 3191 5495 antiquis
3211 5423 3631 5495 exemplaribus,
3656 5417 3880 5495 pr0pter

2280 5489 2514 5563 rationes
2540 5488 2731 5563 allatas
2744 5503 2791 5563 _a
2817 5488 3075 5563 Pamelio,
3092 5488 3195 5563 qui
3221 5508 3347 5549 vere
3372 5488 3595 5549 adnotat
3616 5488 3879 5550 'niire'va-

2279 5559 2423 5635 riare
2472 5559 2704 5635 codices.
2744 5559 2802 5635 In
2836 5559 3169 5635 ,quibusdain
3217 5565 3358 5619 enim
3401 5565 3595 5635 legitur
3637 5578 3691 5620 ut
3734 5567 3874 5631 istic,

2278 5629 2408 5706 alibi
2443 5630 2628 5706 seniori
2663 5641 2750 5706 aut
2775 5629 2975 5706 juveni,
3006 5634 3131 5690 alibi
3156 5635 3439 5706 senioribus
3454 5629 3622 5703 'atque
3639 5629 3874 5706 jnniori-l

2280 5701 2392 5765 bus,
2434 5700 2560 5782 alibi
2594 5700 3588 5782 seniores_et_juvenes_,_deniquc_alibi
3617 5700 3876 5782 seniorum

2278 5773 2693 5896 ggugizuvenum
2719 5782 2764 5829 et
2790 5773 3063 5847 virginum.
3086 5776 3223 5835 Vide
3243 5773 3403 5837 libftt
3422 5775 3872 5849 Testimoniorum,
