4272 6278
455 372 553 430 561

1528 369 1727 425 LIBER
1766 368 1852 423 DE
1895 366 2247 426 [DOLORUM
2291 368 2658 427 VANITATE.

3644 373 3752 430 509.

455 488 683 558 ipsorum
725 486 746 558 (
767 485 954 540 Ezech.
989 500 1071 549 ix,
1109 482 1199 557 4).
1251 485 1314 540 Et
1357 483 1500 556 quod
1544 484 1610 540 ad
1650 486 1951 556 passionem
1997 492 2051 539 et
2075 487 2128 548 Α
2155 485 2350 541 ardens
2378 501 2592 558 semper
2618 488 2895 560 gebenna,
2924 498 2978 547 ct
3019 490 3287 548 vivacibus
3321 493 3552 549 ﬁamtuis
3581 507 3747 550 vorax

454 579 769 650 sanguinem
797 576 996 632 Christi
1035 577 1300 646 pertineat
1324 576 1426 632 hoc
1461 577 1669 647 signum
1692 618 1706 640 ,
1737 585 1790 631 et
1817 575 1908 630 ille
1935 577 2046 630 sal-

453 686 551 725 vus
575 679 736 740 atque
765 667 1051 724 incolumis
1077 676 1389 723 reservetur
1415 668 1656 738 quisquis
1688 667 1737 721 in
1767 666 1867 722 hoc
1895 667 2048 736 signo

451 759 743 827 invenitur,
772 762 896 816 item
928 759 1020 815 Dci
1044 760 1354 815 tesﬁmonio
1375 759 1756 830 comprobatur
1777 759 2003 814 dicentis
2029 777 2042 814 :

455 853 524 910 Et
549 854 642 908 erit
682 852 892 923 sanguis
943 851 996 906 in
1025 852 1171 922 signo
1198 861 1222 888 τι
1262 852 1399 906 vobis
1428 867 1580 920 super
1609 850 1786 905 domos
1836 853 1887 904 in
1933 852 2048 920 qui-

453 948 543 1003 bus
573 963 657 1001 vos
684 945 710 983 δ
743 947 918 1011 eritis;
947 954 994 1000 et
1019 945 1196 999 videbo
1217 946 1538 1016 sanguinem,
1569 955 1614 998 et
1637 953 1893 1014 protegam
1924 960 2041 1010 vos,

453 1048 501 1095 et
530 1056 632 1093 non
654 1039 746 1092 erit
787 1037 840 1091 in
876 1037 1012 1091 vobis
1040 1036 1196 1108 plaga
1232 1036 1587 1091 diminutionis
1627 1052 1740 1090 cum
1769 1038 2044 1106 percutiam

453 1140 642 1185 terram
682 1127 902 1200 Egypti
935 1127 1137 1197 (Exod.
1173 1143 1276 1193 xu,
1330 1125 1459 1198 l5).
1505 1126 1659 1194 Quod
1705 1136 1828 1181 ante
1866 1128 2044 1182 occiso

451 1237 590 1293 agno
613 1219 866 1292 praecedit
893 1219 946 1274 in
978 1219 1233 1290 imagine,
1255 1219 1506 1289 impletur
1525 1219 1577 1273 in
1596 1218 1829 1284 Christo,
1859 1227 2041 1273 secuta

451 1312 792 1387 postmodum
806 1311 1051 1366 veritate.
1069 1310 1139 1366 Ut
1160 1310 1290 1375 illic,
1317 1325 1562 1381 percussa
1580 1309 1833 1381 ngypto,
1857 1309 2040 1364 Judai-

449 1422 547 1464 cus
575 1405 802 1476 populus
841 1403 1069 1458 evadere
1105 1418 1212 1458 non
1240 1402 1343 1458 nisi
1372 1404 1632 1472 sanguine
1659 1413 1712 1457 et
1738 1403 1892 1473 signo
1919 1403 2041 1474 agni

448 1498 640 1572 potuit,
667 1497 737 1553 ita
759 1505 832 1562 et,
858 1511 980 1551 cum
1011 1495 1208 1550 vastari
1229 1496 1451 1567 creperit
1477 1495 1708 1550 nutndus
1737 1505 1790 1551 ct
1814 1498 2036 1565 percuti,

449 1592 688 1667 quisquis
719 1591 771 1646 in
799 1589 1058 1660 sanguine
1086 1597 1140 1646 et
1163 1590 1317 1671 signo
1343 1588 1547 1645 Christi
1579 1591 1826 1648 inventus
1854 1593 2031 1659 fuerit.

451 1684 600 1740 solus
630 1682 840 1739 evadet.

525 1776 717 1832 XXIII.
753 1775 1021 1847 Respicite
1039 1777 1239 1849 itaque,
1265 1776 1388 1832 dum
1413 1785 1624 1847 tempus
1641 1783 1742 1844 est,
1767 1775 1832 1832 ad
1858 1793 2034 1833 veram

2151 595 2310 650 poena
2343 591 2402 646 e;
2434 596 2534 637 nec
2561 583 2663 638 erit
2701 585 2842 639 unde
2869 583 3068 641 habere
3109 595 3372 641 tormenta
3393 586 3478 641 vel
3505 587 3744 656 requiem

2151 673 2357 743 possint
2376 673 2662 745 aliquando
2678 675 2760 731 vel
2785 675 3341 734 ﬁnem.Servabuntur
3362 693 3483 732 cum
3502 680 3745 748 corpori-

2150 763 2250 818 bus
2265 765 2376 820 suis
2395 767 2586 821 animae
2612 766 2833 822 inﬁnitis
2855 769 3178 824 cruciatibus
3207 769 3272 824 ad
3296 768 3556 824 dolorem.
3575 768 3744 839 Spcc~

2152 857 2352 912 tabitur
2383 859 2490 916 illic
2519 875 2549 915 a
2581 861 2735 916 nobis
2777 876 2990 932 semper
3017 863 3105 931 qui
3131 862 3216 917 bic
3254 877 3350 916 nos
3377 863 3634 932 spectavit
3678 863 3744 932 ad

2149 959 2380 1020 tempus,
2414 961 2468 1006 et
2496 952 2546 1006 in
2582 954 3049 1023 perseeutionibus
3075 953 3231 1010 factis
3251 952 3529 1009 oculorum
3557 954 3746 1009 crude-

2148 1041 2275 1097 liutu
2306 1043 2484 1099 brevis
2513 1043 2717 1100 fructus
2745 1057 3003 1116 perpetua
3033 1047 3242 1102 visione
3282 1046 3615 1116 peusabitur,
3656 1063 3745 1104 se-

2145 1134 2379 1190 cundum
2432 1136 2726 1206 Scriptura:
2765 1149 2964 1192 saneta:
3009 1137 3167 1194 ﬁdem
3221 1138 3450 1194 dicentis
3489 1156 3502 1193 :
3547 1139 3742 1196 Vermis

2148 1241 2320 1279 eorum
2343 1243 2441 1280 non
2466 1229 2729 1293 morietur,
2757 1238 2803 1283 et
2833 1230 2965 1300 ignis
2995 1247 3169 1285 eorum
3200 1247 3301 1285 non
3327 1233 3672 1302 extinguetur;
3700 1243 3746 1289 et

2144 1330 2288 1374 erunt
2317 1321 2385 1374 ad
2414 1322 2654 1376 visionem
2687 1325 2934 1378 universa:
2960 1326 3100 1378 carni
3134 1324 3151 1362 ί
3187 1324 3322 1398 (lsa.
3356 1342 3504 1392 LXVI,
3531 1326 3648 1398 ‘2‘).
3680 1328 3748 1383 Et

2144 1413 2334 1469 iterum
2357 1432 2369 1468 ε
2399 1415 2539 1469 Tunc
2562 1417 2762 1471 stabunt
2765 1419 2900 1487 justi
2916 1419 2968 1472 in
2990 1436 3174 1490 magna
3199 1421 3482 1474 constantia
3501 1422 3745 1477 adversus

2143 1521 2226 1560 eos
2243 1508 2328 1574 qui
2350 1523 2404 1560 se
2417 1509 2831 1578 angustiaverunt
2849 1519 2893 1564 et
2909 1511 2993 1582 qui
3004 1511 3319 1566 abstulerunt
3336 1512 3530 1568 labores
3546 1530 3743 1571 eorum.

2151 1596 2386 1655 Vidcntes
2417 1602 2754 1657 turbabuntur
2782 1605 2959 1659 tintore
2989 1595 3242 1673 horribili,
3273 1617 3322 1662 et
3344 1609 3663 1664 mirabuntur
3688 1613 3743 1664 in

2138 1691 2442 1746 subitatione
2462 1693 2734 1763 insperata:
2748 1695 2949 1760 salutis,
2985 1697 3206 1751 dicentes
3228 1699 3357 1753 inter
3383 1716 3456 1763 se,
3493 1703 3742 1771 pwniten-

2141 1785 2262 1838 tiam
2284 1786 2518 1841 habentes
2539 1797 2586 1843 et
2604 1804 2710 1857 pro:
2729 1790 2962 1859 angustia
2977 1801 3001 1838 ξς
3018 1791 3226 1861 spiritus
3243 1804 3520 1864 gementes:
3546 1794 3614 1849 Ili
3629 1806 3744 1850 sunt

448 1876 506 1925 et
539 1875 791 1922 teter-nam
844 1868 1112 1933 salutem;
1168 1877 1222 1922 et
1271 1869 1395 1939 quia
1438 1868 1544 1938 jam
1586 1868 1769 1923 mundi
1811 1870 1932 1924 ﬁnis
1981 1872 2034 1926 in
2065 1883 2112 1945 Β
2138 1894 2263 1946 quos
2293 1880 2557 1934 habuimus
2585 1881 2862 1950 aliquando
2891 1883 2944 1936 in
2983 1883 3208 1939 derisum
3229 1885 3257 1920 ¹ι
3285 1895 3331 1940 et
3360 1888 3414 1940 in
3439 1888 3740 1944 similitudi-

446 1959 694 2030 proximo
733 1966 848 2027 est,
881 1959 948 2014 ad
1001 1961 1166 2015 Deum
1200 1969 1408 2015 mentes
1454 1970 1660 2016 vestras
1705 1962 1794 2016 Dei
1843 1963 2035 2020 timore

445 2051 763 2109 convertite.
792 2051 1021 2109 Nec’vos
1049 2051 1280 2108 delectet
1305 2053 1357 2107 in
1398 2053 1595 2107 saeculo
1624 2054 1762 2108 inter
1787 2054 1961 2124 justos
1983 2064 2037 2111 et

445 2145 604 2198 mites
628 2154 649 2182 ε
684 2144 950 2214 impotens
992 2144 1092 2199 ista
1147 2153 1201 2199 et
1236 2159 1371 2199 vana
1403 2144 1714 2213 dominatio,
1744 2146 1957 2216 quando
1984 2159 2037 2203 ct

446 2234 500 2290 in
531 2250 661 2304 agro
686 2236 823 2290 inter
849 2237 1020 2291 cultas
1048 2245 1102 2292 et
1129 2235 1330 2292 fertiles
1360 2246 1575 2307 segetes
1594 2237 1776 2292 lolium
1796 2247 1850 2294 et
1870 2254 2036 2296 avena

449 2327 770 2385 dominetur.
817 2329 928 2385 Nec
952 2329 1139 2385 dicatis
1166 2331 1305 2384 mala
1345 2329 1589 2385 accidere
1619 2332 1740 2400 quia
1767 2331 1840 2386 dii
1871 2333 2036 2388 vestri

445 2434 474 2474 a
503 2421 656 2476 nobis
693 2435 796 2477 non
823 2421 1083 2489 colantur,
1112 2421 1205 2477 sed
1234 2421 1414 2476 sciatis
1446 2421 1582 2477 banc
1625 2423 1716 2478 ira:
1757 2423 1849 2479 Dei
1870 2421 1897 2460 ά
1918 2441 2037 2481 esse

448 2531 752 2584 censuram,
774 2526 834 2572 ut
855 2516 946 2586 qui
977 2516 1248 2572 beneliciis
1271 2531 1374 2571 non
1396 2517 1728 2588 intelligitur.
1762 2519 1847 2573 vel
1871 2520 2037 2590 plagis

446 2609 790 2677 intelligatur.
826 2609 989 2664 Deum
1015 2609 1096 2662 vel
1119 2622 1242 2662 sero
1263 2608 1515 2677 quaerite,
1538 2609 1660 2678 quia
1689 2609 1758 2641 m
1795 2610 1902 2680 jam
1933 2613 2039 2680 pri-

446 2700 567 2756 dem
587 2716 680 2770 per
694 2699 1017 2771 Pmpbetam
1037 2700 1174 2754 Deus
1187 2715 1526 2769 prtemoncns
1547 2701 1787 2755 hortatur
1798 2713 1850 2756 et
1866 2703 1995 2760 dicit
2021 2720 2035 2758 :

451 2794 672 2862 Qutcrite
697 2792 882 2860 Deum,
911 2803 954 2847 et
982 2793 1105 2846 vivet
1134 2793 1306 2846 anima
1326 2802 1488 2846 vestra
1510 2791 1687 2864 (Psal.
1717 2809 1900 2864 vaut,
1924 2798 2034 2868 55).

449 2893 618 2948 Deum
652 2892 733 2947 vel
760 2907 884 2947 sero
921 2894 1262 2961 cognoscite,
1315 2896 1436 2962 quia
1467 2895 1710 2950 Christus
1747 2893 2062 2950 adveniens.

448 2983 552 3041 ltoc
592 2984 845 3040 admonet
886 2993 940 3039 et
981 2985 1137 3040 docet
1181 2985 1410 3042 dicens:
1445 2986 1570 3042 Htec
1608 2997 1680 3042 est
1724 2999 1889 3042 autem
1937 2987 2041 3041 vita

445 3090 656 3144 (eterna,
689 3086 744 3131 ut
781 3089 1085 3149 cognoscant
1116 3088 1163 3132 te
1195 3080 1359 3133 solum
1403 3096 1571 3135 verum
1603 3079 1766 3134 Deum
1812 3088 1857 3133 et
1892 3095 2040 3149 quem

447 3171 630 3225 misisti
665 3169 843 3225 Iesum
873 3168 1130 3224 Christum
1185 3171 1374 3243 (Joan.
1411 3189 1520 3227 xvtt
1541 3214 1556 3240 ,
1589 3172 1675 3244 5).
1709 3170 1925 3226 Credite
1967 3170 2039 3226 illi

2140 1987 2254 2032 nem
2272 1973 2585 2044 imprOperii.
2610 1973 2722 2028 Nos
2735 1975 2978 2029 insensati
2993 1977 3126 2030 viam
3145 1978 3350 2033 illorum
3369 1981 3744 2034 (estintabamns

2137 2065 2391 2118 insaniam
2421 2075 2467 2118 et
2485 2066 2634 2132 linem
2662 2066 2870 2120 illorum
2891 2068 2997 2122 sine
3021 2069 3225 2125 honore.
3253 2070 3521 2136 Quomodo
3541 2089 3743 2144 compu-

2141 2159 2231 2211 tati
2249 2169 2363 2212 sunt
2387 2159 2518 2212 inter
2547 2159 2680 2228 ﬁlios
2702 2158 2819 2226 Dei,
2848 2171 2893 2214 et
2923 2162 3052 2216 inter
3079 2173 3280 2218 sanctos
3308 2181 3418 2220 sors
3434 2181 3606 2220 eorum
3635 2177 3708 2223 est
3725 2168 3745 2221 .'

2140 2248 2282 2321 Ergo
2311 2252 2590 2305 erravimus
2623 2269 2654 2304 a
2690 2253 2769 2306 via
2799 2253 3024 2308 veritatis
3046 2295 3061 2319 ,
3108 2265 3155 2310 et
3191 2257 3411 2326 justitiaz
3438 2257 3606 2312 lutnen
3642 2276 3743 2314 non

2140 2342 2269 2396 luxit
2294 2343 2454 2408 nobis,
2487 2352 2531 2397 et
2559 2343 2639 2397 sol
2667 2360 2766 2398 non
2793 2355 2935 2400 ortus
2958 2356 3030 2400 est
3058 2347 3220 2403 nobis.
3260 2348 3459 2403 Lassati
3482 2369 3655 2406 suntus
3684 2355 3737 2406 in

2139 2434 2418 2501 iniquitatis
2444 2436 2523 2517 via
2553 2445 2599 2489 et
2621 2438 2918 2504 perditionis
2937 2481 2950 2505 ,
2981 2440 3347 2496 ambulavimus
3377 2440 3390 2480 ί
3425 2444 3728 2499 solitudines

2140 2528 2392 2598 difﬁciles,
2421 2531 2556 2584 viam
2582 2539 2753 2584 autem
2786 2530 2993 2586 Domini
3033 2534 3398 2604 ignoravimus.
3437 2537 3572 2602 Quid
3598 2539 3742 2592 nobis

2141 2621 2334 2690 profuit
2360 2620 2615 2690 superbia,
2633 2632 2719 2675 aut
2743 2624 2866 2693 quid
2886 2613 3177 2678 divitiarum
3202 2626 3407 2691 iactatio
3426 2627 3634 2681 contulit
3650 2646 3744 2681 no-

2142 2714 2245 2768 bis?
2260 2713 2590 2770 Transierunt
2605 2717 2774 2771 omnia
2786 2718 2875 2772 illa
2889 2727 3143 2789 tamquam
3161 2720 3336 2775 umbra
3351 2721 3506 2794 (Sap.
3523 2738 3574 2788 γ,
3599 2723 3618 2776 l
3635 2721 3715 2792 ~9)
3727 2761 3742 2776 .

2142 2807 2258 2863 Erit
2287 2816 2413 2865 tunc
2437 2810 2559 2865 sine
2586 2809 2762 2865 fructu
2792 2812 3123 2883 poenitentia:
3140 2813 3296 2868 dolor
3323 2829 3494 2883 preme
3517 2856 3532 2880 ,
3567 2815 3741 2868 inanis

2141 2900 2374 2971 ploratio
2414 2911 2465 2957 et
2508 2902 2750 2958 inefﬁcax
2783 2903 3110 2975 deprecatio.
3148 2907 3203 2960 lu
3236 2917 3490 2963 aeternam
3528 2923 3740 2978 poenam

2142 3006 2266 3048 sero
2289 2993 2511 3048 credent
2531 2993 2620 3064 qui
2650 2994 2701 3048 in
2727 2995 2886 3049 vitam
2907 3005 3160 3051 mternam
3185 2997 3407 3052 credere
3431 2997 3741 3053 noluerunt.

2213 3083 2383 3139 XXV.
2425 3084 2710 3140 Securitati
2738 3086 2896 3156 igitur
2926 3097 2981 3141 et
3016 3086 3137 3142 vita:
3164 3127 3178 3150 ,
3211 3087 3336 3141 dum
3369 3087 3520 3154 licet,
3555 3093 3736 3159 provi-

2142 3175 2286 3232 dete.
2310 3176 2598 3232 Oll'erimus
2627 3178 2777 3232 vobis
2803 3180 2965 3233 anitni
2997 3189 3052 3234 et
3076 3167 3286 3234 consilii
3311 3181 3479 3235 nostri
3507 3181 3741 3240 salutare

449 3266 537 3334 qui
560 3263 779 3322 omnino
810 3277 914 3317 non
949 3262 1118 3325 fallit;
1145 3265 1352 3318 credite
1384 3265 1454 3318 illi
1477 3265 1566 3335 qui
1609 3266 1722 3320 tunc
1747 3265 1923 3319 omnia
1959 3264 2038 3320 fu-
2065 3272 2109 3335 ρ
2143 3284 2356 3326 munus.
2396 3270 2463 3326 Et
2499 3272 2621 3340 quia
2657 3271 2836 3326 odisse
2881 3287 2985 3326 non
3035 3272 3159 3326 licet
3202 3272 3392 3339 nobis,
3424 3283 3479 3328 et
3521 3276 3596 3329 sic
3630 3275 3739 3328 Deo

451 3365 565 3411 tura
591 3353 868 3426 prtcdixit;
903 3354 1105 3411 credite
1135 3354 1208 3409 illi
1249 3356 1337 3425 qui
1376 3355 1718 3411 credentibus
1763 3357 2037 3426 prtemium

448 3449 571 3504 vitae
597 3459 812 3504 aeterna:
841 3448 1020 3514 dabit;
1049 3448 1253 3504 credite
1293 3449 1366 3504 illi
1395 3450 1484 3520 qui
1528 3451 1815 3507 incredulis
1837 3461 2035 3508 mterna

449 3542 708 3612 supplicia
737 3542 999 3613 gehennae
1024 3541 1308 3597 ardoribus
1335 3542 1611 3610 irrogabit.

522 3631 716 3688 XXIV.
739 3634 868 3700 Quae
892 3643 1018 3688 tunc
1043 3634 1143 3688 erit
1175 3633 1296 3689 ﬁdei
1323 3635 1493 3706 gloria
1512 3677 1524 3700 ,
1545 3651 1663 3706 qua:
1694 3651 1848 3706 poena
1870 3637 2035 3708 perﬁ-

448 3725 574 3793 diae,
589 3741 710 3781 eum
733 3725 918 3796 judicii
942 3727 1056 3782 dies
1077 3727 1317 3781 venerit?
1342 3742 1461 3798 qua:
1484 3728 1667 3783 lastitia
1682 3728 2034 3795 credentium,

449 3833 569 3889 qua:
590 3818 842 3874 maestitia
872 3817 1219 3889 perﬁdorum,
1240 3818 1476 3874 noluisse
1500 3819 1617 3874 istic
1629 3819 1777 3889 prius
1794 3820 2036 3889 credere,

451 3919 502 3966 et
528 3919 582 3966 ut
605 3911 824 3968 credant
837 3910 947 3983 jam
967 3911 1144 3968 redire
1174 3927 1280 3968 non
1308 3911 1498 3983 posse?
1513 3910 1782 3968 Cremabit
1802 3911 2044 3970 addictos

2142 3361 2259 3430 plus
2290 3361 2560 3431 placemus
2598 3362 2725 3417 dum
2770 3363 2967 3418 nullam
3001 3379 3096 3434 pro
3130 3363 3323 3433 injuria
3352 3365 3520 3420 vicem
3550 3366 3734 3422 reddi~

2141 3469 2281 3520 mus,
2307 3453 2600 3518 hortamur.
2620 3455 2745 3510 dum
2768 3455 2990 3511 faettltas
3003 3455 3176 3521 adest,
3196 3455 3325 3512 dum
3345 3455 3520 3513 adhuc
3539 3458 3740 3528 aliquid

2137 3545 2207 3601 de
2219 3545 2416 3601 saeculo
2431 3555 2696 3618 superest,
2715 3548 2826 3604 Deo
2844 3548 3153 3604 satisfacere
3167 3558 3221 3605 et
3232 3548 3296 3604 ad
3315 3564 3456 3605 verse
3467 3550 3742 3620 religionis

2139 3636 2419 3693 candidam
2445 3637 2617 3693 lucem
2646 3638 2713 3694 de
2739 3639 3002 3709 profundo
3030 3641 3327 3695 tenebrosae
3344 3641 3742 3710 superstitionis

2142 3743 2438 3800 emergere.
2458 3727 2572 3784 Non
2597 3728 2894 3786 invidemus
2911 3729 3207 3785 commodis
3226 3731 3440 3795 vestris,
3463 3745 3562 3786 nec
3577 3731 3742 3787 bene~

2145 3822 2264 3878 ﬁcia
2285 3824 2460 3878 divina
2475 3823 2728 3879 celamus.
2750 3822 2898 3879 Odiis
2916 3823 3107 3878 vestris
3127 3823 3550 3880 benevolentiam
3575 3824 3746 3878 reddi-

2147 3931 2266 3972 mus
2288 3957 2301 3980 ,
2336 3925 2390 3972 et
2417 3929 2512 3985 pro
2551 3915 2830 3971 tormentis
2858 3930 2921 3970 ac
2948 3914 3223 3986 suppliciis
3261 3929 3382 3985 qua:
3412 3914 3567 3972 nobis
3603 3913 3742 3971 inle-

1672 4029 2054 4088 LECTIONES
2092 4031 2507 4089 VARIANTES.

511 4125 680 4201 {Erit
700 4125 783 4176 hic
805 4126 1005 4189 sanguis
1026 4129 1166 4177 Voss.
1197 4125 1240 4174 1.
1264 4123 1319 4175 lu
1343 4125 1536 4186 signum
1560 4123 1694 4176 Lam.
1713 4126 1856 4176 Ebor.
1877 4126 2014 4176 Foss.

459 4190 650 4323 ﬁlii-libi
676 4251 815 4323 eritis
839 4251 965 4323 Bod.
985 4250 1104 4323 ,2,
1128 4249 1554 4323 {aliab‘ita'veritis
1577 4247 1677 4298 lin.

518 4317 540 4344 ο
581 4311 716 4362 Inter
740 4311 944 4373 injustos
966 4320 1021 4361 et
1044 4313 1255 4362 immites
1282 4310 1404 4362 Bod.
1433 4313 1482 4371 5,
1508 4313 1557 4362 4.

519 4375 547 4414 ιι
581 4374 712 4425 εἰε4
733 4374 881 4426 codd.
914 4373 1059 4442 Angl.
1088 4373 1262 4426 Sciatis
1287 4375 1408 4425 iram
1430 4373 1525 4425 Dei
1552 4376 1709 4429 Oxon.

2217 4130 2242 4190 ἲ
2271 4126 2420 4190 Pinna
2440 4127 2680 4190 decerpet
2711 4130 2849 4178 Voss.
2878 4128 2922 4178 1.

2220 4188 2240 4224 τ
2269 4189 2437 4239 Carnis
2467 4188 2609 4239 Peml
2642 4193 2777 4242 Voss.
2801 4189 2852 4239 2.

2220 4253 2246 4314 β
2273 4251 2377 4314 l’er
2400 4254 2672 4314 angustiam
2697 4253 2828 4302 Lam.
2852 4256 2970 4303 Ver.

2219 4313 2247 4352 h
2274 4313 2330 4362 lu
2351 4313 2519 4363 deriSu
2539 4317 2628 4365 Ar.
2656 4324 2784 4364 Lam.
2814 4316 2937 4366 Vict.
2972 4322 3084 4369 Vat.
3108 4317 3166 4366 In
3187 4316 3289 4365 risu
3309 4317 3492 4365 Manut.

2225 4377 2240 4416 ί
2273 4375 2334 4426 Et
2358 4376 2709 4427 ambulavimus
2742 4380 2876 4432 Lam.
2894 4376 3040 4432 Ebor.
3063 4378 3188 4431 Bod.
3215 4379 3262 4438 1,
3287 4377 3335 4438 2,
3359 4378 3408 4437 3,
3434 4379 3483 4427 4.

1687 4459 1926 4519 STEPH.
1969 4458 2241 4519 BALUZII
2281 4461 2510 4519 NOTE.

523 4578 1128 4636 XXIV.-—Addictos.ld
1155 4586 1240 4635 est
1261 4577 1544 4648 iudicatos,
1565 4577 1865 4633 damnatos.
1889 4579 2040 4648 Apud
2067 4580 2120 4639 D
2148 4580 2350 4635 Livius.
2380 4579 2615 4645 Boétius,
2637 4581 2730 4636 lib.
2757 4597 2826 4646 ιι,
2852 4579 2920 4635 de
2939 4577 3316 4634 Consolatione
3338 4578 3699 4648 Pbilosopbim
3732 4599 3745 4635 :

449 4653 723 4722 Optatum,
756 4651 848 4707 lib.
881 4667 926 4715 t,
955 4650 1196 4722 addictus
1217 4649 1477 4722 signiﬁcat
1506 4649 1826 4722 subjectum,
1857 4650 2042 4704 subdi-

451 4719 582 4790 tu'm,
629 4724 768 4778 sicut
805 4722 1050 4778 addictus
1075 4721 1244 4791 gleba:
1284 4722 1332 4774 in
1356 4720 1475 4787 jure
1505 4719 1671 4774 civili.
1705 4719 1838 4776 Utar
1864 4730 2042 4775 autem

453 4796 554 4848 bac
573 4794 856 4849 occasione
876 4800 936 4846 ut
956 4790 1203 4846 moneam
1227 4791 1391 4844 videri
1416 4790 1544 4844 tnibi
1576 4792 1831 4859 Optimam
1863 4806 2048 4846 emen-

451 4865 720 4919 dationem
742 4863 905 4919 fuisse
929 4872 1224 4917 tentatama
1241 4861 1527 4917 Guillelmo
1543 4861 1822 4924 Fornerio,
1843 4861 1932 4916 lib.
1949 4877 2044 4925 vn,

452 4935 702 5005 Epistula
722 4934 906 5005 ultima
928 4933 1254 4996 Cassiodori,
1279 4932 1364 4986 ubi
1383 4931 1736 5005 Mariaugelus
1762 4933 2048 5005 Accursius

452 5003 618 5062 edidit
641 5024 654 5062 :
683 5004 800 5058 Non
821 5005 922 5058 dici
943 5013 1102 5074 potest
1121 5007 1382 5074 praprium
1400 5003 1533 5072 quod
1552 5003 1762 5057 liberare
1782 5003 2043 5057 dominum

451 5093 551 5131 non
565 5077 762 5130 videtur
778 5075 1034 5139 additum;
1058 5090 1154 5144 pro
1169 5073 1274 5143 quo
1300 5073 1582 5128 Forucritts
1595 5075 1824 5142 conjeeit
1840 5089 2044 5143 ponen-

449 5148 575 5201 dutn
605 5162 724 5200 esse
757 5147 826 5177 ⁵⁸⁸
854 5146 1111 5199 addictum
1130 5185 1146 5210 ,
1171 5159 1393 5200 monens
1423 5144 1633 5198 interim
1663 5159 1721 5198 se
1763 5145 1954 5214 legisse
1991 5145 2043 5199 in

450 5219 621 5274 veteri
643 5218 1058 5286 manuscriptoa
1079 5216 1265 5270 debito.
1293 5215 1611 5284 Conjectura
1647 5215 1886 5270 Fornerii
1924 5215 2046 5269 binc

449 5289 589 5345 bona
620 5303 740 5343 esse
769 5285 978 5343 censeri
1013 5295 1188 5356 potest
1211 5285 1349 5354 quod
1381 5288 1516 5340 bona
1546 5286 1805 5341 debitoris
1834 5285 2045 5340 addicta

451 5369 577 5415 sunt
602 5359 876 5420 creditori.
905 5358 1146 5427 adeoque
1172 5359 1330 5411 etiam
1356 5358 1469 5426 ipse
1499 5356 1729 5410 debitor.

525 5431 876 5486 Servabantur
901 5445 1016 5482 cum
1046 5426 1361 5491 corporibus.
1401 5427 1528 5482 Vide
1555 5437 1706 5482 notas
1737 5435 1949 5482 nostras
1980 5426 2048 5481 ad

453 5501 647 5558 librum
678 5517 733 5556 Ill
759 5500 993 5558 Salviani
1024 5499 1087 5552 de
1116 5498 1488 5554 Gubernatione
1515 5496 1630 5552 Dei.

531 5573 872 5628 Subitatione.
902 5571 993 5626 Sic
1020 5571 1180 5625 etiam
1213 5571 1263 5623 in
1293 5569 1481 5625 eodem
1507 5568 1679 5638 capite
1706 5567 1959 5636 Epistolae
1983 5569 2052 5622 ad

457 5641 824 5697 Fortunatam.
846 5642 1069 5697 Pontius
1087 5641 1343 5694 diaconus
1363 5641 1412 5693 in
1428 5639 1544 5694 Vita
1573 5639 1743 5693 sancti
1763 5639 2010 5710 Cypriani
2037 5657 2050 5692 :

458 5711 789 5768 Proconsulis
804 5714 946 5782 iussu
968 5713 1036 5765 ad
1059 5711 1356 5782 hostes_ejt_ts
1385 5726 1497 5782 cum
1521 5709 1763 5763 militibus
1790 5711 1894 5782 suis
1915 5710 2055 5782 prin-

459 5799 578 5850 ceps
601 5779 1083 5853 repente—subitarit.
1113 5779 1534 5853 A._Gellius,lib.
1563 5796 1642 5846 ιχ,
1666 5794 1784 5847 cap.
1817 5779 1905 5853 l5,
1925 5779 2057 5853 diuit

460 5844 772 5909 su'ltitariam
809 5854 1122 5908 dictionem.
1163 5851 1280 5919 Quo
1313 5851 1478 5904 verbo
1520 5844 1646 5904 usus
1684 5844 1768 5903 est
1794 5851 1954 5904 etiam
1988 5844 2052 5903 Τ.

2163 4651 2344 4705 Verum
2389 4653 2552 4706 omnis
2591 4651 2760 4706 subita
2799 4651 3010 4703 mutatio
3043 4667 3208 4704 rerum
3247 4667 3348 4704 non
3385 4650 3492 4703 sine
3527 4652 3748 4718 quodam

2150 4724 2537 4848 ﬂuctu‘t'éiéttigit
2557 4723 2864 4777 animorum.
2889 4720 3022 4776 Vide
3041 4730 3193 4778 notas
3213 4721 3277 4775 ad
3297 4720 3590 4791 Epistulam
3613 4737 3744 4782 LVII.

2153 4808 2270 4848 uae.
2417 4832 2428 4845 .

2189 4808 2270 4864 ag.
2301 4808 2428 4848 suo.
2694 4863 2697 4864 ν
2914 4863 2923 4864 ί
3214 4861 3224 4864 Α
3627 4853 3630 4864 ,

2189 4809 2270 4845 ac.
2301 4809 2334 4847 4
2378 4809 2428 4847 ο.

2152 4809 2185 4864 p
2220 4809 2585 4918 ⁷Ῐηιειξξιιεηιίιυη
2613 4863 2869 4916 habentes.
2910 4863 2982 4916 lta
3013 4861 3353 4932 reposuimus
3389 4877 3484 4930 pro
3513 4878 3579 4919 eo
3604 4853 3749 4930 quod

2153 4935 2206 4988 in
2237 4935 2465 5005 vulgatis
2490 4933 2813 5005 editiouibus
2839 4933 3062 5005 habetur
3082 4943 3306 5005 agentes,
3339 4934 3464 5001 quia
3497 4934 3567 4989 ita
3599 4935 3750 4988 iuve-

2154 5004 2610 5070 nimus’scriptum
2634 5004 3018 5074 iniquiudecim
3053 5004 3204 5058 lille
3229 5006 3426 5059 nostris
3451 5013 3506 5060 et
3535 5007 3586 5059 in
3615 5021 3751 5074 qua~

2151 5085 2270 5146 tuor
2319 5074 2645 5146 Anglicauis.
2690 5073 2824 5129 Vide
2872 5076 3164 5146 Epistolam
3199 5075 3264 5130 ad
3297 5073 3646 5132 Fortunatuui
3680 5077 3744 5129 de

2150 5145 2516 5215 Exhortatione
2543 5143 2801 5215 Martyrii.
2825 5143 2943 5215 cap'.
2978 5146 3066 5201 l2.

2133 5280 2144 5289 λ
2221 5214 2546 5289 XXV—:De
2565 5214 2841 5288 profundo.
2861 5214 3087 5289 Coactus
3111 5231 3229 5270 sum
3254 5216 3322 5270 ita
3329 5216 3574 5289 scribere
3587 5232 3749 5288 prop-

2149 5295 2234 5342 ter
2263 5285 2635 5340 auctoritatem
2662 5285 2916 5343 veterum
2964 5288 3280 5342 editionum.
3327 5285 3602 5342 Pamelius
3645 5304 3745 5356 po-

2149 5358 2256 5428 suit
2286 5357 2349 5410 de
2377 5358 2634 5428 profunda
2671 5367 2716 5411 et
2747 5359 3005 5412 tenebrosa
3031 5366 3175 5411 nocte
3196 5359 3588 5428 superstitionis,
3621 5361 3745 5427 quia

2153 5427 2366 5481 videbat
2390 5426 2683 5482 Mo'rellium
2721 5429 2993 5483 monuisse
3024 5426 3287 5482 vetustum
3326 5427 3519 5483 librum
3548 5431 3615 5483 ita
3643 5426 3746 5482 ba-

2153 5497 2304 5554 bere.
2329 5499 2396 5553 At
2428 5497 2702 5553 Morellius
2729 5514 2833 5554 non
2863 5499 3039 5568 posuit
3065 5499 3201 5553 banc
3234 5499 3518 5554 lectionem
3546 5501 3596 5553 in
3628 5502 3747 5553 edi-

2157 5570 2301 5639 tione
2343 5583 2460 5633 sua,
2510 5568 2606 5622 sed
2649 5583 2766 5622 eam
2811 5584 2970 5639 quam
3010 5584 3111 5636 ego
3135 5571 3400 5624 revocavi.
3435 5569 3744 5628 Lectionum

2162 5638 2381 5693 Pamclii
2413 5654 2517 5691 non
2549 5640 2725 5706 reperi
2753 5638 2853 5694 nisi
2885 5639 2937 5693 in
2967 5641 3135 5695 tribus
3162 5640 3329 5694 libris.

2233 5707 2602 5779 Odiis_vestris.
2630 5708 2865 5779 PrOSper
2890 5711 2941 5765 in
2971 5711 3118 5765 calce
3149 5711 3268 5764 libri
3293 5719 3478 5765 contra
3503 5708 3744 5768 Collato—

2159 5793 2274 5834 rem
2303 5797 2316 5832 :
2347 5777 2511 5851 Nobis
2529 5778 2634 5834 Deo
2654 5777 2926 5851 adjuvante
2951 5782 3014 5836 sit
3042 5780 3266 5851 studium
3293 5783 3463 5851 quieta
3486 5781 3746 5838 modesta.

2158 5865 2254 5919 que
2282 5849 2522 5918 patientia
2550 5852 2680 5906 odiis
2707 5845 3023 5908 dilectionem
3054 5849 3282 5907 reddere.
