4302 6296
512 394 619 459 565

1892 394 2029 459 DIVI
2066 392 2388 460 εγΡηιΑΝι

3699 382 3807 458 564

514 521 702 571 rentur
723 502 1512 570 salutisitineramonstramus.
1532 508 1743 570 Credite
1770 510 1825 571 et
1849 514 2031 578 vivite;
2055 514 2435 586 etAgratiam
2490 511 2737 570 Christus
2776 514 3045 584 impertit,
3105 513 3205 568 hoc
3261 527 3454 569 munus
3504 514 3813 571 misericor-

513 609 605 680 qui
639 623 736 663 nos
760 607 826 662 ad
857 616 1065 676 tempus
1090 606 1492 677 persequimini,
1517 608 1568 662 in
1591 616 1851 663 mternum
1883 608 2109 678 gaudete

511 699 813 755 nobiscum.
863 698 1088 766 Quando
1126 699 1283 755 istinc
1327 700 1609 756 excessum“
1641 709 1665 737 υ
1709 699 1895 767 fuerit,
1931 701 2111 758 nullus

508 791 619 864 jam
652 791 980 868 pmiritentia:
1005 790 1156 847 locus
1184 800 1268 848 est
1291 836 1304 859 ,
1336 792 1513 848 nullus
1542 792 1920 849 satisfactionis
1947 793 2109 866 ell'ec-

514 895 620 941 tus.
671 885 766 941 llic
800 886 900 940 vita
941 896 1031 940 aut
1079 885 1341 942 amittitur
1381 894 1472 941 aut
1519 890 1759 952 tenetur;
1824 886 1908 941 hic
1952 886 2111 941 saluti

513 986 729 1035 mternze
781 976 927 1033 cuitu
980 968 1073 1034 Dei
1121 988 1175 1033 et
1223 978 1396 1035 fructu
1446 979 1565 1034 fidei
1621 980 1949 1050 lii‘t‘VldClﬂl‘.
2002 979 2110 1034 Nec

515 1070 794 1140 quisquam
822 1077 914 1123 aut
937 1069 1170 1135 peccatis
1210 1067 1509 1125 retardctur
1535 1078 1626 1123 aut
1649 1071 1802 1125 annis
1822 1071 2109 1141 quominus

515 1161 695 1216 veniat
716 1160 781 1213 ad
804 1160 1233 1229 consequendam
1250 1160 1473 1216 salutem
1496 1179 1508 1215 :
1527 1161 1579 1214 in
1601 1161 1702 1215 isto
1724 1158 1897 1215 adhuc
1913 1162 2111 1216 mundo

515 1250 750 1306 manenti
769 1251 1075 1320 pmniteutia
1105 1252 1245 1305 nulla
1269 1266 1385 1307 sera
1414 1260 1525 1316 est;
1560 1259 1703 1320 patet
1732 1250 1797 1305 ad
1830 1250 2107 1322 indulgen-

515 1346 643 1401 tiam
669 1340 759 1399 Dei
788 1338 961 1398 aditus
983 1386 998 1409 ,
1027 1350 1081 1399 et
1111 1343 1473 1412 quaerentibus
1507 1352 1665 1412 atque
1693 1342 2111 1413 intelligentibus

516 1436 796 1493 veritatem
820 1434 991 1491 facilis
1017 1448 1264 1491 accessus
1287 1434 1388 1492 est.
1419 1434 1519 1499 Tn,
1543 1435 1645 1489 sub
1673 1436 1788 1506 ipso
1820 1436 1941 1491 licet
1967 1437 2112 1492 exitu

517 1536 571 1583 et
590 1527 713 1606 vita:
737 1527 1043 1596 temporalis
1066 1541 1282 1590 occasu,
1308 1542 1401 1595 pro
1422 1525 1632 1583 delictis
1652 1543 1805 1598 roges
1832 1537 1882 1583 et
1909 1527 2073 1583 Deum
2091 1570 2108 1596 ,

514 1620 604 1691 qui
639 1634 774 1674 unus
803 1628 857 1674 et
883 1634 1041 1675 verus
1071 1628 1185 1687 est,
1217 1618 1556 1674 confessione
1584 1631 1636 1675 et
1676 1619 1779 1675 iltlc
1822 1620 2110 1690 agnitionis

514 1712 632 1782 ejus
685 1711 968 1782 implores,
1025 1712 1178 1767 venia
1228 1710 1501 1766 coniitenti
1544 1711 1718 1777 datur,
1771 1720 1823 1767 ct
1868 1710 2109 1767 credenti

512 1803 844 1874 indulgentia
871 1803 1119 1859 salutaris
1144 1803 1211 1860 de
1240 1802 1416 1860 divina
1452 1805 1649 1874 pietate
1686 1804 2018 1870 conceditur,
2052 1804 2108 1860 et

2214 605 2315 661 dia:
2360 619 2471 662 suae
2524 606 2726 672 tribuit,
2775 605 3076 677 subigendo
3115 616 3345 661 mortem
3394 605 3636 678 trophaeo
3688 623 3812 663 cru-

2213 696 2330 765 cis,
2388 695 2702 752 redimendo
2760 688 3082 753 'eredentem
3132 698 3305 768 pretio
3361 698 3636 770 sanguinis
3690 699 3809 769 sui,

2216 788 2612 844 reconciliando
2680 787 2953 845 hominem
3038 789 3149 845 Deo
3224 791 3420 856 Patri,
3490 792 3808 848 vivitieando

2217 881 2500 933 n'mrtalem
2546 882 2951 948 regeneratione
2992 880 3220 937 etelcsd.
3258 880 3407 937 Hunc
3432 926 3447 951 ,
3483 883 3528 938 si
3562 883 3676 939 fieri
3721 900 3815 953 po-

2218 979 2353 1033 test,
2401 983 2690 1041 sequamur
2731 986 2954 1039 omnes,
3008 972 3167 1043 hujus
3214 983 3552 1030 sacramento
3580 986 3631 1031 et
3659 976 3813 1047 signo

2214 1075 2553 1116 censeantur.
2595 1062 2690 1117 llic
2715 1063 2868 1117 nobis
2899 1063 3037 1117 viam
3069 1063 3191 1118 vitae
3222 1064 3415 1134 aperit,
3449 1065 3534 1121 hic
3564 1066 3630 1121 ad
3661 1080 3816 1132 para-

2214 1150 2389 1208 tiisunt
2418 1152 2641 1209 reduces
2666 1153 2818 1219 facit,
2863 1152 2947 1209 hic
2974 1154 3039 1208 ad
3063 1154 3322 1210 calorum
3356 1171 3519 1227 regna
3549 1156 3810 1227 perducit.

2216 1245 2347 1301 Cum
2376 1247 2491 1317 ipso
2518 1262 2733 1319 semper
2761 1247 2998 1303 vivemus
3020 1288 3036 1314 ,
3070 1248 3191 1303 lacti
3223 1263 3318 1319 per
3342 1249 3517 1319 ipsum
3547 1251 3639 1306 lilii
3670 1251 3764 1307 Dei
3793 1268 3807 1319 ;

2217 1355 2338 1413 cum
2375 1341 2492 1410 ipso
2531 1355 2745 1410 semper
2785 1339 3176 1407 exultabimus,
3226 1341 3393 1410 ipsius
3423 1356 3616 1399 cruore
3659 1360 3816 1415 repa-

2217 1434 2337 1488 rati.
2367 1433 2584 1489 Erimus
2604 1432 2893 1488 Christiani
2920 1448 3041 1488 cum
3069 1432 3281 1490 Christo
3302 1436 3465 1490 simul
3486 1436 3730 1507 gloriosi,
3748 1437 3817 1493 dc

2216 1524 2329 1579 Deo
2355 1524 2510 1579 Patre
2540 1524 2702 1590 beati,
2731 1522 2800 1579 de
2827 1535 3082 1594 perpetua
3110 1524 3381 1595 voluptate
3409 1527 3653 1583 laetantes
3674 1543 3820 1584 sem-

2216 1630 2314 1684 per
2342 1615 2392 1668 in
2417 1625 2708 1686 conspectu
2741 1614 2868 1682 Dei,
2899 1620 2955 1671 et
2981 1625 3202 1686 agentes
3222 1616 3331 1672 Deo
3351 1620 3551 1689 gratias
3577 1633 3810 1690 semper.

2214 1706 2400 1777 Neque
2419 1708 2560 1762 enim
2585 1708 2782 1779 poterit
2802 1706 2903 1762 nisi
2928 1707 3081 1764 hctus
3106 1724 3227 1765 esse
3251 1725 3466 1779 semper
3486 1718 3540 1765 et
3558 1718 3743 1782 gratus
3764 1708 3817 1778 δ,

2213 1801 2326 1872 qui,
2352 1816 2475 1856 cum
2500 1802 2659 1857 morti
2686 1800 2873 1859 fuisset
2893 1801 3194 1870 obnoxius,
3221 1801 3389 1859 factus
3429 1811 3512 1860 est
3542 1803 3817 1859 immorta-

513 1892 581 1952 ad
604 1895 1053 1953 immortalitatem
1073 1896 1173 1953 sub
1194 1898 1306 1968 ipsa
1337 1905 1509 1952 morte
1556 1898 1829 1953 transitur.
1858 1897 1929 1931 ’³⁸
1952 1896 2100 1953 lianc
2127 1888 2177 1951 B
2205 1893 2349 1950 litate
2376 1903 2398 1930 π
2426 1906 2667 1951 securus.

1744 2010 2127 2070 LECTIONES
2167 2008 2583 2067 VARIANTES.

581 2127 607 2191 ξι
640 2124 912 2191 Becessum
943 2126 1068 2181 Bod.
1097 2129 1146 2191 1,
1170 2129 1220 2191 2,
1238 2128 1356 2191 3,4.
1386 2130 1503 2181 Ver.

578 2184 609 2224 ι»
642 2165 1072 2252 ἰᾷσὲἷῦζέἰὶῆἵῖῖέ
1102 2165 1224 2242 ἵηῖί

2293 2130 2316 2159 ο
2340 2127 2520 2179 Factus
2544 2134 2623 2179 est
2643 2126 2707 2178 de
2723 2126 3087 2179 immortalitate
3106 2128 3262 2180 0am.

1757 2274 2001 2334 STEPH.
2044 2274 2319 2336 BALUZII
2353 2276 2580 2335 NOTAE.

592 2385 791 2441 Salutis
805 2387 984 2443 itinera
998 2387 1725 2460 monstramus.Hieronymus
1737 2389 1789 2444 in
1810 2391 2117 2460 Epistulaad

519 2455 925 2533 gammachium
949 2458 1207 2533 adversus
1243 2458 1504 2533 Joannem
1534 2455 2077 2533 ilicrosolyniitanum
2102 2480 2117 2519 :

517 2526 1000 2603 qusphemantibus
1027 2529 1193 2603 Deum
1220 2531 1512 2603 clementem
1540 2526 1850 2603 porrigimus
1888 2545 2117 2587 manum.

592 2597 901 2674 Ptenilentfa
947 2602 1088 2674 nulla
1135 2617 1274 2674 sera.
1315 2597 1749 2674 Hiergpjmusin
1776 2603 2015 2674 Epistola
2052 2604 2122 2658 ad

518 2667 714 2742 Ltctam
741 2670 808 2742 de
848 2669 1204 2742 Institutione
1227 2671 1347 2725 lilia:
1389 2690 1401 2727 :
1438 2667 1735 2742 Numquam
1762 2667 1836 2727 esi
1861 2691 1974 2728 sera
2001 2692 2122 2728 con-

517 2740 719 2814 persia.
753 2739 999 2814 Joannes
1031 2741 1478 2808 Sareshericnsis,
1526 2739 1618 2797 lib.
1668 2758 1739 2799 vu
1788 2743 2121 2814 Policratici,

518 2824 639 2879 cap.
660 2810 722 2882 21
758 2828 771 2864 :
806 2809 1111 2882 Paenitentia
1131 2826 1325 2882 quoque
1342 2828 1613 2882 numquam
1631 2830 1742 2868 sera
1762 2825 1855 2882 est,
1888 2817 1932 2867 si
1954 2809 2123 2871 tamen

518 2895 656 2932 vera.
687 2880 889 2936 Seneca
908 2880 1309 2952 Agamemnone
1340 2905 1353 2940 :
1380 2880 1510 2939 Sera
1537 2901 1808 2953 numquam
1836 2880 1908 2939 est
1938 2888 2005 2940 ad
2033 2888 2116 2940 bo-

518 2967 612 3004 nos
650 2967 812 3007 mores
850 2954 946 3005 via.
977 2954 1042 3022 Q.
1080 2956 1311 3020 Curtius,
1354 2954 1444 3009 lib.
1488 2971 1544 3010 ιι
1574 2973 1588 3007 :
1621 2956 1979 3013 Crudelitatem
2004 2974 2119 3012 sera

519 3022 812 3092 pauitantia
839 3033 1009 3078 secuta
1048 3033 1140 3079 est.
1173 3025 1550 3097 Symmachus,
1574 3026 1666 3082 lib.
1699 3043 1757 3095 κ,
1790 3027 1957 3099 Epist.
1991 3028 2060 3085 54
2091 3046 2105 3082 :

2226 2394 2356 2450 Sera
2381 2404 2429 2448 et
2463 2395 2827 2450 contumeliosa
2862 2404 2934 2450 est
2969 2396 3250 2451 emendatio
3276 2398 3561 2451 senectutis.
3593 2394 3821 2456 Sanctus

2225 2461 2541 2538 Ambrosius
2569 2466 2619 2520 in
2646 2468 2995 2538 reSponsione
3028 2467 3093 2521 ad
3121 2467 3445 2522 Relationem
3470 2467 3776 2538 Symmachi
3803 2489 3817 2526 :

2239 2535 2420 2609 Veram
2452 2547 2584 2609 certe
2614 2547 2685 2590 est
2706 2538 2825 2606 quia
2855 2537 2999 2591 nulla
3027 2548 3151 2592 tetas
3184 2538 3253 2591 ad
3292 2535 3672 2609 perdiscendum
3710 2557 3822 2596 sera

2226 2618 2321 2660 est.
2354 2606 2616 2679 Erubescit
2641 2616 2887 2669 senectus,
2917 2623 3030 2678 quae
3047 2606 3312 2679 emendare
3333 2626 3386 2664 se
3410 2626 3510 2663 non
3529 2619 3706 2679 potest.
3735 2611 3822 2665 Ci-

2227 2692 2375 2743 cero,
2408 2678 2500 2733 lib.
2530 2694 2564 2732 ιι
2590 2679 2944 2750 Epistolarum
2966 2680 3034 2732 ad
3057 2678 3385 2747 Familiares,
3422 2678 3590 2750 Epist.
3620 2696 3711 2746 vn,
3744 2683 3819 2738 ait

2230 2762 2402 2819 seram
2436 2747 2844 2819 gratulationem
2877 2750 3195 2819 reprehendi
3224 2767 3327 2804 nun
3355 2747 3549 2806 sidere.

2304 2818 2496 2893 Factus
2543 2817 2756 2893 esttita
2787 2817 2976 2893 omnes
3014 2820 3132 2893 libri
3173 2830 3382 2893 Veteres
3416 2832 3610 2892 prazter
3634 2837 3820 2878 unum.

2234 2889 2413 2944 Edilio
2452 2906 2570 2959 qtue
2609 2889 2804 2945 dicitur
2827 2889 3006 2946 Gravii
3035 2889 3211 2956 habet,
3245 2889 3506 2962 factus—est
3533 2894 3597 2947 de
3618 2895 3824 2948 immor-

2225 2961 2431 3085 Iralitqte
2453 2977 2678 3015 securus.
2717 2961 2830 3017 Hoc
2858 2972 3072 3018 secutus
3104 2974 3187 3019 est
3210 2961 3498 3031 Patnclius,
3545 2977 3599 3020 et
3630 2965 3823 3021 deinde

2277 3047 2355 3085 I23
2380 3044 2500 3085 IIIIS.

2277 3044 2500 3101 igatttus.

2002 3324 2347 3400 LIBER

949 3488 1187 3619 DE
1300 3484 2284 3625 IDOLORUM
2394 3486 3379 3627 VANITATE.

564 3698 779 3768 'QUOD
832 3698 1037 3756 lDOLA
1093 3698 1178 3755 1111
1215 3697 1349 3757 NON
1390 3697 1566 3766 SINT,
1609 3698 1696 3756 ET
1743 3699 1930 3766 QUOD
1982 3702 2160 3762 DEUS
2206 3702 2394 3760 UNUS
2429 3700 2559 3769 Sl'l',
2603 3701 2690 3757 ET
2737 3702 2923 3770 QUOD
2973 3705 3109 3760 PER
3146 3707 3489 3766 CHRISTUM
3537 3709 3754 3769 SALUS

1696 3792 2173 3855 CREDENTIBUS
2212 3796 2398 3853 DATA
2436 3796 2542 3852 SIT
2583 3790 2630 3849 δ.

1845 3952 2495 3986 *ψ’-

524 4086 924 4140 Anconem“.
958 4110 1030 4123 --
1055 4080 1179 4135 Tria
1206 4081 1469 4154 potissima
1502 4082 1654 4152 hujus
1693 4078 1808 4136 libri
1846 4082 2016 4151 capita
2057 4081 2121 4134 ti—
2148 4088 2195 4151 C
2300 4090 2457 4148 stare;
2485 4083 2605 4154 quin
2635 4085 2805 4153 potius
2836 4085 3125 4140 dannonum
3153 4104 3260 4142 esse
3288 4090 3381 4143 has
3410 4091 3717 4161 praestigias,
3747 4094 3822 4146 vel

595 4179 732 4230 tutus
756 4177 864 4246 ipse
882 4174 1247 4247 complectitur.
1278 4174 1507 4229 Primum
1531 4177 1647 4228 hinc
1666 4176 1957 4245 comprobat
1978 4177 2115 4244 quod

594 4285 736 4339 reges
762 4269 954 4334 fuerint
980 4278 1026 4320 et
1057 4267 1285 4321 homines
1313 4268 1482 4336 potius
1507 4282 1658 4341 quam
1698 4266 1793 4334 dii,
1824 4280 2036 4337 quorum
2062 4270 2113 4322 in

595 4361 835 4414 honorem
871 4359 1105 4412 instituta
1133 4367 1251 4411 sunt
1289 4358 1500 4424 templa,
1540 4375 1777 4428 expressa
1813 4354 2115 4426 simulacra,

593 4454 871 4509 immolata:
907 4454 1087 4509 hostia:
1122 4463 1168 4508 et
1206 4454 1321 4522 [esti
1359 4454 1467 4510 dies
1504 4456 1764 4521 celebrati;
1804 4464 1952 4527 atque
1990 4456 2117 4509 adeo

593 4564 753 4619 neque
779 4550 962 4603 exteris
989 4564 1148 4619 neque
1172 4546 1419 4603 Romanis
1445 4549 1717 4621 quidquam
1748 4552 1967 4618 potuisse
1993 4566 2117 4617 pro-

593 4642 736 4697 desse
762 4643 970 4697 illorum
994 4642 1208 4711 cultum,
1232 4659 1392 4711 neque
1416 4643 1521 4699 illis
1563 4644 1651 4700 sed
1675 4644 1799 4699 sorti
1827 4645 1992 4714 potius
2021 4644 2119 4696 int-

594 4736 876 4804 putaudam
906 4732 1129 4790 Romani
1169 4737 1371 4808 imperii
1408 4738 1705 4807 potentiam,
1730 4745 1906 4807 utpote
1930 4750 2046 4806 qua:
2070 4745 2119 4790 ct

596 4826 946 4882 uicissitudine
970 4826 1192 4898 quadam
1232 4828 1520 4900 contigerit,
1554 4838 1603 4883 et
1640 4844 1783 4883 suam
1824 4827 1985 4899 ipsius
2015 4828 2120 4882 ori-

594 4921 765 4991 ginem
813 4920 1075 4976 erubescat
1117 4940 1130 4976 :
1173 4937 1329 4992 neque
1378 4936 1495 4976 uero
1533 4921 1773 4992 auspiciis
1833 4921 2121 4991 auguriisve

2296 4177 2423 4245 ipsis
2445 4178 2628 4247 poetis,
2656 4178 2889 4241 Socrate,
2918 4176 3156 4245 Platone,
3187 4179 3513 4252 Trismegisto
3529 4193 3574 4235 et
3599 4180 3825 4237 Hastam:

2294 4267 2519 4334 testibus,
2546 4269 2633 4336 qui
2665 4270 2710 4323 et
2740 4286 2895 4323 unum
2931 4266 3091 4324 Deum
3117 4281 3164 4325 et
3205 4278 3467 4328 da’monas
3505 4275 3820 4346 agnoverint.

2299 4361 2531 4415 Alterum
2555 4371 2732 4430 caput,
2761 4361 2896 4430 quod
2916 4377 3046 4415 unus
3066 4363 3132 4416 sit
3156 4360 3315 4429 Deus,
3346 4374 3453 4418 tum
3488 4381 3577 4436 per
3613 4381 3820 4418 monar-
3918 4437 3925 4441 _

2298 4454 2427 4508 chius
2461 4460 2568 4521 pro:
2588 4453 2784 4506 cwteris
2819 4453 3118 4522 dignitatem
3145 4452 3410 4522 maiorem,
3439 4467 3545 4511 tum
3575 4474 3664 4526 per
3685 4459 3824 4529 ipsas

2296 4546 2433 4616 vulgi
2458 4545 2646 4599 ethnici
2672 4560 2816 4598 voces
2838 4586 2852 4610 ,
2901 4545 2946 4599 Ο
2976 4545 3137 4613 Deus,
3169 4557 3215 4601 et
3240 4547 3462 4617 similes,
3507 4551 3686 4621 paucis
3712 4567 3822 4605 nta-

2296 4638 2537 4708 nifestum
2563 4636 2706 4707 facit.
2738 4634 3067 4690 Postremum
3104 4638 3167 4692 de
3200 4637 3426 4706 Christo,
3454 4655 3520 4695 ea
3550 4639 3822 4711 Prophctis

2295 4729 2596 4788 Italicarum
2625 4737 2673 4784 et
2706 4727 3011 4803 Evangelica
3040 4730 3271 4799 historia,
3302 4731 3455 4786 latius
3478 4734 3814 4804 prosequitur.

3393 4842 3598 4900 Panes.

595 4968 871 5085 quidquam
909 4968 1335 5066 tribueldumjez
1372 5022 1502 5067 sane
1539 4968 1746 5067 iunium
1786 4968 1961 5065 eveniu
2000 5026 2120 5064 cou-
2147 5000 2203 5062 D
2298 5006 2339 5063 1.
2374 5005 2513 5060 Deos
2544 5017 2649 5058 non
2676 5016 2799 5060 esse
2820 5016 2960 5073 quos
2984 5000 3113 5058 colit
3140 5001 3329 5073 vulgus
3355 5000 3479 5058 hinc
3505 5010 3687 5059 notum
3714 5009 3816 5056 est.

1752 5115 2137 5182 LECTIONES
2173 5118 2583 5178 VARIANTES.
2874 5110 2891 5122 ’
3243 5110 3246 5114 λ

583 5238 613 5276 α
643 5234 798 5302 Quod
824 5234 953 5302 ldo'is
988 5234 1056 5302 dii
1090 5238 1185 5286 non
1210 5236 1506 5302 siut_coutra
1530 5244 1748 5302 paganos
1776 5234 1904 5288 Vict.
1930 5242 1977 5302 et
2009 5235 2113 5302 alii.

519 5298 661 5357 Quod
682 5298 1001 5350 crtulentibus
1020 5297 1184 5349 datum
1207 5299 1272 5349 sit
1301 5298 1425 5349 deos
1460 5297 1557 5350 non
1589 5297 1704 5350 esse
1748 5303 1886 5351 Voss.
1921 5301 1970 5351 4.
2008 5298 2115 5349 Lin.

2217 5231 2352 5298 Spir.
2377 5231 2555 5284 natum
2575 5238 2699 5283 Dan.
2724 5230 2803 5283 De
2821 5230 2962 5281 idolis
2979 5231 3205 5295 gentium
3222 5227 3438 5282 Goulart.

1869 5403 2229 5463 VARIORUM
2267 5403 2499 5463 ΝΟΤᾸΕ.
2536 5402 2541 5405 ’

590 5498 674 5592 De
699 5511 1490 5592 t.no_t.._VArt.I_r._--Dililcilc_est
1514 5518 1663 5592 certo
1696 5489 1934 5592 statuere
1977 5518 2102 5591 quid
2208 5519 2322 5592 bis;
2364 5517 2502 5576 Deos
2545 5534 2647 5574 non
2688 5534 2794 5592 esse
2816 5520 3089 5592 quoscolit
3126 5519 3325 5591 uulgus.
3364 5518 3517 5590 Apud
3553 5519 3820 5592 Angelum

515 5585 573 5640 in
606 5586 760 5660 titulo
785 5585 936 5641 istius
959 5584 1077 5660 libri
1112 5586 1684 5660 posueritCyprianus,
1711 5589 1752 5642 si
1777 5586 1903 5660 quid
1929 5584 2105 5660 tamen
2211 5588 2553 5660 Politiauum,
2587 5604 2720 5660 cap.

2211 5660 2273 5733 dc
2287 5658 2555 5733 Origineet
2567 5658 2849 5733 generibus
2871 5659 2895 5714 Ι
2902 5661 3155 5716 dolorum.
3180 5662 3523 5716 Posterorutn
3544 5662 3820 5733 diligentia

513 5657 715 5728 posuit,
761 5657 1059 5727 praesertim
1101 5657 1147 5728 si
1185 5672 1308 5710 vera
1353 5657 1423 5712 sit
1450 5658 1632 5728 Opinio
1674 5657 1878 5713 Erasini
1923 5659 2109 5715 existi-

2908 5588 3352 5646 Miscellanebrum
3403 5588 3626 5646 iocatur
3644 5588 3661 5592 ’
3682 5591 3821 5655 liber

514 5726 713 5803 inaniis
738 5726 858 5782 esse
880 5733 1087 5803 tantum
1114 5726 1468 5803 fggmentum
1490 5726 1716 5803 majoris
1742 5733 1944 5801 operis,
1983 5732 2105 5801 auia
2210 5726 2422 5786 titulum
2456 5731 2526 5785 illi
2561 5729 2687 5786 fecit
2723 5747 2790 5786 ne
2825 5747 3091 5788 ιοοιυιιυι
3122 5746 3420 5800 vsmrsre,
3464 5726 3727 5803 atqueita
3760 5744 3820 5789 se

514 5798 702 5876 incipit
745 5804 811 5852 es
849 5798 1104 5876 abrupto:
1149 5797 1332 5850 Plures
1357 5814 1506 5876 sane
1551 5797 1669 5876 libri
1710 5797 1937 5876 veteres,
1979 5797 2033 5855 et
2074 5803 2109 5857 ii
2214 5804 2482 5876 l_nvenisse
2513 5804 2566 5857 in
2592 5803 2982 5876 exemplaribus
3005 5804 3244 5876 antiquis
3274 5797 3503 5860 testatur
3530 5797 3809 5876 Rigaltius.

512 5865 728 5935 quidem
754 5866 969 5937 optimi,
989 5865 1201 5926 initium
1222 5870 1399 5937 operis
1426 5868 1758 5930 consdtuuut
1782 5870 1835 5929 in
1873 5869 1957 5929 his
1991 5878 2111 5929 rer-

2214 5872 2351 5945 Ego,
2382 5884 2703 5947 quamquam
2732 5874 2874 5931 hunc
2902 5874 3110 5933 titulum
3139 5872 3383 5946 nuspiam
3416 5872 3714 5948 repererim
3754 5876 3808 5931 in
