4272 6278
450 360 555 419 565

1545 357 1746 414 LIBER
1787 357 1872 414 DE
1912 354 2263 415 lliOLOllUM
2301 358 2671 415 VANITATE.

3636 353 3744 412 ses
3778 420 3785 427 ,

449 476 626 548 Reges
657 475 786 532 olim
818 472 1060 539 luerunt,
1092 471 1182 544 qui
1219 470 1287 527 ob
1316 474 1545 543 regalem
1590 473 1903 526 inomni-iam
1937 473 2040 527 coli
2068 477 2120 537 Α
2146 472 2391 528 brabant.
2438 473 2564 528 lude
2592 472 2821 543 posteris
2867 471 3004 528 facta
3045 477 3171 528 sunt
3209 484 3382 536 sacra,
3408 484 3529 541 quae
3557 470 3747 541 primis

450 569 588 640 apud
614 584 741 623 suos
766 565 1107 637 postmodum
1131 565 1290 621 etiam
1313 565 1368 619 in
1392 574 1566 620 morte
1587 574 1890 634 cmperuut.
1917 564 2043 620 lude

404 694 414 700 -
446 661 555 716 illis
576 662 818 716 instituta
840 660 1059 730 templa,
1083 659 1228 725 inde,
1252 658 1319 713 ad
1340 656 1716 714 defunctorum
1743 658 1919 715 vultus
1949 674 2045 729 per

450 755 735 825 imaginem
766 753 1107 818 delinendus,
1139 766 1395 823 expressa
1420 751 1740 817 simulacra;
1769 759 1824 806 et
1850 751 2043 805 immo-

447 846 629 903 labant
651 855 677 883 ἰ
709 838 932 912 hostias,
978 854 1032 901 et
1060 843 1177 901 dies
1208 843 1378 900 festos
1404 844 1580 900 dando
1605 843 1810 901 honore
1843 844 1870 882 ι)
1900 844 2045 900 cele—

2151 564 2362 620 fuerant
2386 574 2655 634 assumpta
2684 565 2893 619 solatia.
2924 564 2994 620 Et
3019 565 3295 620 videamus
3332 578 3399 617 an
3434 572 3538 617 stet
3566 562 3681 619 hinc
3716 574 3738 602 ο

2150 659 2288 729 apud
2317 659 2556 729 singulos
2582 660 2799 714 veritas.

2223 751 2286 806 ll.
2329 752 2626 807 Melicertes
2655 761 2710 806 et
2754 751 3060 807 Leucothea
3102 744 3503 822 praecipitantur
3546 752 3598 805 in
3629 766 3743 806 ma-

2150 844 2250 911 ria,
2290 853 2345 900 et
2374 843 2510 899 liunt
2536 843 2874 915 postmodum
2919 844 3084 900 maris
3110 845 3348 901 numina.
3380 845 3630 900 Castores
3659 844 3745 899 ala

1678 953 2061 1015 LECTIONES
2099 957 2512 1015 VARIANTES.

512 1080 539 1108 ⁸
563 1073 649 1128 Sic
660 1075 888 1129 vetustiss.
906 1075 1054 1139 codd.
1072 1080 1116 1125 et
1127 1073 1243 1139 edd.
1258 1072 1512 1139 recentior.
1526 1073 1627 1139 Ital
1635 1116 1645 1126 .
1657 1073 1779 1139 Lips.
1795 1076 1981 1139 Quibus
1992 1082 2045 1125 et

444 1139 759 1202 immolabant
780 1141 937 1191 Oxon.
960 1136 1083 1188 Nam
1101 1140 1153 1188 et
1176 1138 1311 1189 Foss.
1340 1138 1477 1188 Corb.
1510 1136 1717 1189 Gronov.
1741 1137 1957 1202 (quibus)
1986 1145 2037 1188 et

446 1204 796 1317 Ltgdllonores
817 1264 975 1317 Oxon.
1008 1260 1182 1314 Lindn.
1209 1261 1459 1314 Honorem
1485 1259 1588 1313 Lin.
1617 1262 1749 1314 Lam.
1772 1262 1933 1312 Tanto
1954 1262 2041 1312 ho-

2151 1079 2436 1141 no_re_Voss.
2473 1075 2520 1126 l.
2547 1075 2677 1141 Teia.
2707 1074 2877 1141 Routlt.
2906 1074 3087 1141 script.
3112 1072 3419 1141 eccl.A0pusc.
3442 1077 3580 1141 1840.

2208 1139 2231 1168 ο
2267 1138 2342 1187 Au
2379 1139 2443 1186 sit
2468 1146 2520 1187 et
2555 1138 2660 1188 inec
2693 1140 2895 1190 Gronov.
2940 1137 3065 1202 Lips.
3106 1137 3427 1192 Routh.'ea:2
3460 1138 3605 1190 codd.
3630 1150 3738 1190 nov.

2143 1201 2296 1250 Oxon.
2319 1207 2363 1252 et
2380 1201 2487 1251 cod.
2509 1202 2657 1250 Drur.

1758 1346 2122 1405 VARIORUM
2163 1348 2385 1406 NOTAE.

438 1462 717 1520 codicibus
751 1463 1153 1533 manuscriptis,
1187 1462 1592 1534 retinuiitamen
1636 1474 1852 1534 propter
1880 1481 2031 1521 com-

439 1536 747 1590 moditatem
780 1535 1101 1591 studiorum.
1146 1535 1201 1589 ln
1238 1533 1447 1589 edendo
1473 1547 1649 1589 autem
1690 1533 1839 1591 initio
1868 1537 2032 1605 ipsius

441 1606 564 1661 libri
594 1614 810 1661 secutus
832 1620 949 1660 sum
972 1606 1289 1674 scripturam
1319 1614 1557 1660 veterum
1590 1608 1842 1662 librorum
1870 1616 1924 1661 et
1945 1624 2034 1662 ve-

444 1687 615 1733 terum
647 1676 961 1732 editionum.
990 1676 1322 1746 Quamquam
1348 1687 1474 1732 sunt
1493 1677 1654 1746 aliqui
1680 1679 1801 1733 libri
1825 1687 2032 1735 veteres

439 1750 528 1819 qui
556 1749 815 1818 incipiunt
840 1746 975 1819 Deos
1000 1765 1101 1801 non
1129 1763 1251 1812 esse,
1286 1747 1462 1817 priora
1496 1764 1599 1803 non
1634 1748 1852 1805 habent.

514 1819 687 1875 Pauca
720 1819 874 1887 hujus
910 1818 1029 1872 libri
1062 1819 1262 1872 mentio
1289 1818 1556 1887 reperitur
1585 1820 1637 1873 in
1680 1820 2033 1887 scriptoribus

2137 1469 2412 1538 aliquando
2437 1471 2751 1540 prtcfnerint.
2783 1469 2970 1525 Cicero
2999 1470 3050 1523 in
3081 1470 3337 1524 Oratione
3365 1486 3460 1539 pro
3492 1471 3682 1528 Milone
3708 1489 3722 1526 :

2140 1539 2307 1594 (ἕνη)ίὶ
2337 1539 2561 1594 homines
2587 1542 2799 1614 deoru_m
2828 1541 3042 1594 honores
3069 1540 3295 1614 tribuunt
3314 1542 3374 1595 iis
3400 1543 3519 1596 viris
3543 1545 3629 1609 qui
3650 1554 3732 1614 ty-

2138 1627 2327 1666 rannos
2382 1624 2702 1667 necaverunt.
2735 1612 3319 1683 LucianusiurToxari
3368 1614 3556 1667 scribit
3592 1612 3726 1683 Scy-

2141 1684 2257 1734 thas
2298 1684 2629 1737 sacriﬁcasse
2651 1683 2824 1737 Oresti
2858 1691 2912 1735 et
2944 1682 3147 1752 Pyladi,
3174 1698 3285 1752 non
3321 1692 3586 1750 tamquam
3608 1682 3731 1750 diis,

2138 1753 2231 1826 sed
2262 1767 2528 1826 tamquam
2551 1753 2674 1807 viris
2695 1753 2866 1807 bonis.
2892 1751 3149 1826 Etdnlius
3170 1751 3429 1807 Firtnicns
3446 1753 3734 1826 ait/Egyp-

2144 1822 2246 1875 tios
2276 1822 2608 1893 Juscphum,
2656 1826 2743 1890 qui
2789 1823 3132 1878 consuluerat
3169 1830 3351 1876 eorum
3382 1822 3732 1893 egestati'itcr

439 1891 694 1965 antiquis,
726 1880 921 1965 quippe
946 1904 1104 1959 quem
1126 1880 1375 1965 nuspiani
1399 1880 1852 1965 reperiat-natum
1875 1905 2033 1965 quam
2066 1880 2113 1939 Β
2142 1902 2348 1959 septem
2376 1880 2566 1960 aiinos,
2594 1880 2838 1947 venerari
2870 1900 2926 1947 et
2944 1897 3257 1965 adorarent
3285 1880 3465 1948 deunl.
3497 1880 3734 1965 Epipha-

437 1960 577 2032 apud
630 1960 1009 2032 Hieronymum
1056 1968 1123 2032 et,
1155 1960 1532 2032 Augustinum:
1587 1960 1653 2015 Et
1706 1962 2037 2030 Augustinus

477 2029 652 2085 itidem
688 2032 758 2085 ita
783 2029 968 2086 scribit
995 2029 1047 2086 in
1070 2031 1208 2101 libro
1235 2031 1297 2084 de
1324 2030 1473 2084 unico
1490 2030 1755 2101 Baptismo
1779 2029 2036 2087 adversus

477 2048 652 2085 tndem
689 2048 758 2085 na
783 2048 968 2086 SCI‘lDIl
995 2048 1047 2086 in
1071 2048 1208 2085 noro
1235 2048 1297 2084 ae
1324 2048 1473 2084 unico
1490 2048 1755 2101 baptismo
1779 2048 2036 2087 adversus

437 2048 778 2166 getilianum,
806 2116 925 2169 cap.
954 2103 988 2156 4
1014 2121 1026 2155 :
1067 2099 1234 2171 Hujus
1277 2100 1471 2172 regula;
1503 2103 1796 2171 apostolij
1824 2114 2038 2156 sectator

438 2171 1027 2243 episcopus'Cyprianus
1054 2173 1116 2226 de
1146 2169 1253 2226 uno
1288 2169 1402 2225 vero
1444 2169 1552 2243 Deo
1585 2173 1825 2227 adversus
1851 2173 2036 2228 multo-

437 2242 552 2298 rum
578 2242 793 2298 deorum
815 2244 1157 2313 falsorumque
1179 2243 1391 2297 cultores
1417 2242 1686 2313 disputans
1725 2246 1885 2299 multa
1911 2262 2032 2314 pro-

438 2318 536 2385 fert
562 2315 846 2370 testimonia
873 2317 934 2368 de
957 2312 1097 2385 libris
1121 2330 1296 2368 eorum
1334 2329 1460 2384 quos
1497 2312 1770 2384 praeclaros
1804 2312 2035 2371 auctores

437 2384 641 2451 habent,
676 2388 770 2439 hoc
795 2395 868 2438 est
903 2401 965 2439 ea:
992 2384 1085 2439 illa
1120 2386 1323 2438 veritate
1346 2401 1498 2453 quam
1527 2386 1580 2439 in
1606 2387 1868 2455 iniquitate
1900 2387 2033 2440 deti-

437 2467 573 2512 nent.
606 2455 747 2511 Citat
773 2457 931 2511 etiam
972 2456 1068 2510 lib.
1099 2471 1173 2523 vt,
1204 2456 1267 2509 de
1296 2455 1560 2524 Baptismo
1590 2458 1826 2510 adversus
1852 2457 2033 2511 Dona-

437 2528 599 2594 tistas,
627 2542 746 2597 cap.
770 2528 856 2582 44.
890 2527 1246 2599 Hieronymus
1266 2536 1445 2599 autem
1462 2528 1519 2599 in
1537 2528 1771 2597 Epistola
1792 2530 1860 2581 ad
1883 2529 1933 2580 Μ
1943 2547 2037 2599 ag-

435 2614 587 2661 num,
669 2596 873 2667 ponens
949 2600 999 2651 in
1079 2596 1338 2667 principio
1403 2596 1472 2628 ⁸⁸⁷
1531 2601 1794 2654 sermonis
1864 2596 2032 2655 mate-

438 2669 576 2724 riam
606 2670 757 2724 istius
783 2669 922 2730 libri.
945 2681 1211 2738 tamquam
1235 2670 1278 2721 si
1311 2668 1495 2722 titulus
1518 2678 1679 2734 essm,
1701 2668 1778 2722 sic
1805 2669 1991 2723 scribit
2015 2690 2027 2724 :

435 2738 723 2825 Cyprianus
748 2740 883 2825 quod
908 2740 1059 2822 idola
1093 2740 1320 2825 aii-mon
1358 2742 1455 2792 sint
1493 2755 1592 2807 qua
1629 2740 1887 2825 brevitate,
1930 2757 2032 2808 qua

435 2809 760 2865 historiarum
785 2811 1006 2864 omnium
1033 2811 1260 2875 scientia,
1290 2825 1502 2879 quorum
1539 2809 1801 2863 verborum
1839 2820 1884 2865 et
1913 2827 2027 2865 sen-

437 2896 589 2935 suum
618 2881 889 2951 splendore
916 2882 1230 2951 perstrinxit.
1261 2880 1343 2951 Ad
1384 2879 1632 2951 eumdem
1674 2880 1865 2934 librutn
1917 2897 2030 2951 res-

435 2949 652 3021 pexisse
684 2951 893 3006 videtur
915 2949 1229 3019 quibusdam
1262 2949 1485 3005 Pontius
1512 2950 1768 3005 diaconus
1810 2952 1861 3004 in
1908 2950 2028 3008 Vita

435 3020 606 3093 sancti
637 3021 890 3093 Cypriani
917 3020 1158 3093 Scribens
1190 3037 1283 3089 per
1307 3022 1451 3076 illum
1475 3021 1720 3093 gentiles,
1751 3038 2029 3090 repercus-

433 3092 508 3147 sis
536 3093 587 3147 iu
612 3108 671 3148 se
684 3091 766 3147 iis
790 3108 906 3164 qua:
936 3092 1090 3215 notis
1120 3093 1388 3163 ingerunt,
1420 3094 1588 3146 victos
1617 3091 1802 3146 fuisse.
1828 3093 2025 3148 Verum

435 3177 556 3215 cum
587 3165 682 3215 ista
714 3163 885 3215 Pontii
912 3179 1007 3215 ver
1044 3177 1074 3215 a
1111 3164 1397 3215 convenire
1438 3164 1599 3215 etiam
1642 3166 1847 3215 nossint
1893 3165 2025 3215 libro

435 3177 556 3217 cum
587 3165 682 3218 ista
714 3163 885 3218 Pontii
912 3163 1074 3217 verba
1111 3164 1397 3218 convenire
1438 3164 1599 3217 etiam
1641 3166 1847 3232 possint
1893 3165 2027 3220 libro

434 3234 500 3287 ad
526 3233 924 3299 Demetrianum,
955 3236 1005 3288 in
1034 3249 1139 3303 quo
1165 3241 1378 3288 sanctus
1400 3233 1603 3305 Martyr
1623 3234 1880 3289 adversus
1900 3252 2027 3304 gen-

434 3305 552 3358 tiles
574 3307 767 3374 ingerit
790 3306 1034 3375 querelas
1057 3320 1243 3360 eorum
1267 3304 1334 3359 de
1359 3304 1695 3371 Christianis,
1723 3320 1825 3359 non
1853 3306 2026 3362 audeo

434 3375 699 3430 aflirmare
743 3377 901 3431 verba
953 3376 1124 3429 Pontii
1169 3375 1507 3444 intelligenda
1555 3386 1756 3429 tanttnn
1801 3392 1920 3431 esse
1958 3380 2027 3432 de

434 3445 569 3500 libro
598 3449 660 3501 de
690 3446 923 3501 Vanitate
943 3445 1228 3500 ldolorutn.
1260 3446 1439 3501 Potuit
1477 3446 1617 3500 enim
1662 3446 1884 3501 Pontius
1915 3462 2026 3501 res-

433 3516 644 3588 pexisse
678 3518 744 3572 ad
787 3527 1071 3588 utrumque
1111 3533 1266 3587 opus.
1308 3518 1473 3571 Porro
1516 3517 1792 3588 adversus,
1820 3518 2023 3573 cultum

432 3587 697 3642 idolorum
743 3589 874 3643 nihil
920 3587 1000 3643 est
1027 3588 1323 3659 elegantius
1353 3588 1480 3642 Jove
1522 3589 1746 3712 traqxa'do
1774 3587 2017 3643 Luciaui.

1648 3674 1803 3712 ALUZ.

1648 3674 1803 3713 ALUZ.

506 3728 546 3783 l.
568 3759 639 3769 —
658 3727 818 3801 Reges
839 3730 956 3784 olim
979 3735 1202 3801 fimum.
1228 3730 1536 3785 Lactantius
1561 3730 1654 3783 lib.
1678 3746 1729 3783 vr
1749 3772 1763 3795 ,
1787 3746 1904 3801 cap.
1931 3730 1964 3786 8
2003 3750 2017 3785 :

432 3799 699 3866 Quomodo
720 3817 859 3872 ergo,
890 3799 1080 3870 inquiet
1105 3802 1311 3872 aliquis,
1342 3800 1414 3853 dii
1444 3801 1621 3853 crediti
1650 3801 1807 3853 sunt?
1839 3799 2018 3855 Nimi-

428 3888 542 3923 rum
574 3874 693 3940 quia
712 3871 852 3943 reges
871 3873 1080 3926 maximi
1100 3871 1196 3925 aut
1212 3872 1544 3941 potentissimi
1568 3871 1793 3939 fuerunt,
1824 3872 1883 3924 ob
1914 3889 2017 3926 me-

425 3943 525 3994 rita
558 3944 799 3996 virtutum
832 3958 1041 3997 suarum
1072 3952 1159 3996 aut
1188 3958 1455 3995 munerum
1488 3952 1573 3995 aut
1603 3943 1789 3994 artium
1839 3960 2014 4011 reper-

429 4021 628 4077 larunt,
659 4028 773 4067 cum
800 4015 941 4067 chari
972 4015 1183 4084 fuissent
1212 4014 1489 4084 iisquibus
1508 4013 1935 4084 imperitaverant,
1960 4016 2016 4068 in

426 4085 717 4137 memoriam
753 4096 865 4137 sunt
912 4083 1205 4138 consecrati.
1240 4083 1383 4138 Idem
1428 4084 1478 4135 in
1511 4083 1645 4135 libro
1673 4084 1735 4136 de
1762 4084 1851 4136 Ira
1890 4083 2010 4148 Dei,

427 4168 526 4225 cap
553 4154 613 4209 Η
655 4172 668 4206 ε
696 4154 955 4209 Nimirum
982 4157 1018 4209 ii
1046 4170 1216 4208 omnes
1240 4155 1327 4225 qui
1353 4154 1588 4207 coluntur
1613 4163 1664 4205 ut
1687 4155 1757 4206 dii
1785 4155 2012 4210 homines

428 4224 657 4292 fuerunt,
685 4236 731 4279 et
757 4227 907 4279 iidem
931 4227 1081 4294 primi
1111 4236 1154 4278 et
1179 4224 1388 4279 maximi
1416 4240 1586 4294 reges,
1615 4225 1702 4277 sed
1727 4241 1809 4278 eos
1836 4234 1923 4277 aut
1947 4225 2009 4278 ob

373 4306 379 4311 ‘
430 4295 684 4368 virtutem,
712 4297 830 4368 quia
862 4300 1169 4368 praefuerant
1198 4297 1457 4349 hominum
1481 4296 1679 4368 generi,
1701 4295 1890 4368 divinis
1916 4297 2009 4350 Ito-

430 4310 684 4361 vtrtutem,
748 4312 830 4347 uia
862 4310 1169 4368 prtcpterant
1198 4310 1457 4349 Itommum
1481 4311 1648 4364 generi
1667 4337 1679 4358 ,
1708 4310 1890 4348 atvtms
1916 4310 2009 4350 Ito-

426 4364 634 4437 noribus
663 4310 869 4432 "iectas
907 4384 1012 4421 esse
1042 4376 1154 4437 post
1191 4377 1398 4419 mortem
1420 4408 1449 4437 ,ν
1479 4375 1567 4418 aut
1604 4367 1665 4419 ob
1692 4366 1933 4433 beneﬁcia
1960 4376 2009 4421 et

423 4436 625 4489 iuventa
646 4436 824 4504 quibus
845 4436 1114 4491 humanam
1140 4438 1289 4492 vitam
1306 4436 1646 4501 excoluerant,
1670 4438 2006 4491 iuunortalcm

424 4507 718 4579 memoriam
748 4519 1037 4579 consecutos
1069 4511 1182 4577 quis
1210 4510 1450 4579 ignorat?
1478 4508 1552 4561 lla
1596 4508 1754 4561 etiam
1789 4511 1839 4579 in
1875 4508 2002 4562 libro

424 4574 843 4648 Iiecognitionum
864 4578 928 4631 D.
962 4574 1250 4632 Clementis:
1269 4580 1476 4643 Cicero,
1521 4579 1611 4631 lib.
1645 4594 1682 4632 tt
1709 4579 1774 4631 de
1805 4578 1999 4633 Natura

2144 1964 2261 2016 nius
2285 1966 2336 2017 in
2365 1965 2582 2034 prologo
2605 1965 2860 2018 lilirortun
2884 1964 3124 2035 adversus
3156 1963 3405 2030 llwreses,
3430 1963 3555 2035 cap.’
3579 1968 3631 2033 7,
3659 1969 3733 2022 ait

2145 2042 2403 2103 tyrannos
2428 2044 2483 2089 et
2517 2037 2954 2104 pra'stigiatores,
2991 2034 3077 2102 qui
3106 2034 3501 2089 inventionibus
3530 2038 3638 2089 suis
3668 2056 3732 2094 ac

2142 2105 2368 2160 fallaciis
2395 2116 2564 2160 totum
2596 2108 2783 2159 orbem
2813 2106 3170 2173 deceperaut,
3208 2106 3403 2159 divinis
3436 2107 3730 2164 honoribus

2138 2187 2479 2248 cottsecratos
2494 2177 2672 2231 fuisse.
2689 2177 2874 2229 Petrus
2888 2192 2925 2234 ιι
2946 2176 3093 2229 Valle
3108 2176 3162 2229 in
3181 2175 3407 2248 [listoria
3426 2174 3729 2248 Peregrina-

2139 2247 2331 2317 tionum
2353 2263 2561 2300 suarum
2594 2257 2819 2301 testatur
2848 2248 3006 2300 etiam
3041 2262 3183 2300 nunc
3202 2246 3360 2300 Indos
3385 2246 3610 2317 gentiles
3632 2266 3728 2304 co-

2138 2316 2250 2371 lere
2279 2329 2333 2370 ut
2361 2318 2491 2372 deos
2524 2334 2674 2387 reges
2700 2333 2824 2372 suos
2842 2325 2896 2372 et
2920 2320 3059 2369 viros
3086 2318 3319 2372 illustres
3339 2316 3424 2387 qui
3458 2321 3728 2388 prmclaris

2139 2390 2441 2442 actionibus
2472 2390 2584 2441 suis
2611 2397 2921 2443 meruerunt
2951 2387 3182 2442 honores
3210 2387 3444 2442 divinos.
3476 2390 3674 2445 Bacoz.

2213 2460 2577 2529 Defunctornm
2608 2463 2790 2513 vultus.
2825 2459 2953 2513 Heic
2982 2467 3186 2513 tantum
3211 2460 3483 2515 aunotahn
3508 2478 3596 2517 tne
3622 2464 3725 2516 hoc

2137 2527 2258 2583 loco
2291 2527 2374 2583 uti
2420 2530 2485 2584 ad
2533 2530 2858 2584 reddendam
2905 2531 3040 2584 hanc
3086 2544 3273 2584 vocem
3303 2531 3722 2598 Commotliauo,

2136 2600 2275 2672 apud
2326 2617 2485 2668 quem
2530 2601 2884 2672 lnstructione
2920 2601 2983 2671 2,
3035 2602 3225 2670 legitur
3272 2601 3536 2672 defunctos
3604 2603 3724 2657 deos

2137 2670 2373 2742 orabant,
2410 2687 2505 2739 pro
2529 2687 2633 2740 quo
2664 2670 2933 2742 Rigaltius'
2952 2678 3126 2740 posuit
3157 2670 3427 2727 morientes
3461 2672 3600 2727 deos.
3634 2675 3724 2730 Sic

2135 2743 2294 2794 etiam
2323 2740 2674 2795 lnstructione
2693 2740 2762 2797 20
2794 2742 3067 2795 :Adoratt's
3083 2744 3215 2796 enim
3241 2745 3382 2797 stulti
3410 2744 3546 2798 malo
3586 2744 3723 2799 letho

2135 2810 2425 2883 defunctos.
2456 2812 2636 2867 Allero
2665 2823 2843 2866 autem
2875 2812 2991 2867 huic
3025 2814 3139 2868 icon
3165 2813 3535 2869 Couimodiani
3566 2824 3723 2883 prout

2137 2880 2400 2955 habentur
2426 2884 2475 2935 in
2506 2883 2675 2936 veteri
2704 2884 2890 2938 codice
2922 2899 3023 2938 ms.
3056 2886 3225 2937 sancti
3258 2884 3436 2940 Albini
3464 2880 3718 2955 Andega-

2133 2954 2330 3006 vensis.
2364 2953 2561 3007 BALL‘Z.

2203 3021 2272 3075 Et
2302 3025 2649 3077 immolabant.
2681 3022 2907 3078 Veteres
2950 3018 3215 3077 editiones
3243 3033 3296 3076 et
3337 3024 3555 3092 quidam
3595 3026 3718 3081 libri

2132 3108 2343 3148 veteres
2373 3094 2572 3148 habent
2600 3112 2614 3147 ι
2652 3093 2788 3147 Nam
2816 3103 2860 3147 et
2890 3093 3239 3147 immolabant.
3276 3093 3371 3148 Alii
3400 3096 3718 3164 simpliciter

2132 3174 2183 3218 et
2207 3165 2575 3229 immolabant;
2607 3180 2764 3234 quam
2799 3166 3077 3219 lectionem
3106 3167 3281 3235 reperi
3318 3167 3369 3218 in
3409 3168 3715 3233 quindecim

2132 3236 2406 3289 codicibus
2435 3237 2685 3305 antiquis.
2715 3236 2811 3289 Ubi
2838 3235 2943 3288 duo
2966 3235 3082 3288 libri
3106 3245 3315 3290 veteres
3338 3235 3536 3291 habent
3563 3240 3716 3292 etiam

2135 3320 2229 3372 pro
2260 3317 2326 3359 et.
2360 3305 2473 3359 Non
2522 3304 2833 3374 placuerunt
2865 3306 3098 3361 Pamelio
3137 3304 3220 3358 ha:
3260 3308 3379 3359 duae
3428 3307 3709 3363 lectiones.

2134 3376 2371 3430 Pro-tulit
2400 3388 2575 3431 autem
2605 3393 2724 3430 eam
2749 3391 2905 3446 quam
2938 3377 3288 3430 invenissese
3310 3378 3384 3430 ait
3412 3380 3547 3447 apud
3575 3381 3678 3433 Gra
3701 3410 3712 3420 -

2131 3447 2272 3500 vium
2305 3458 2357 3502 et
2384 3448 2681 3503 Costerium
2702 3489 2715 3509 ,
2760 3458 2813 3501 et
2840 3448 3045 3515 scripsit
3074 3447 3254 3514 quibus
3283 3457 3328 3500 et
3358 3448 3710 3507 immolabant.

2129 3516 2325 3589 Verum
2358 3534 2539 3589 vocem
2569 3519 2747 3586 quibus
2767 3533 2868 3589 ego
2893 3533 2996 3570 non
3023 3517 3129 3587 vidi
3151 3517 3204 3571 in
3233 3516 3466 3574 editione
3483 3536 3601 3589 qum
3632 3522 3714 3574 di-

2126 3589 2263 3659 citur
2289 3588 2469 3644 Gravii
2494 3590 2742 3658 neque‘iu
2772 3587 3045 3659 codicibus
3076 3590 3471 3659 tnanuscriptis.
3501 3587 3709 3646 BALUZ.

2204 3658 2424 3713 Honore.
2455 3660 2529 3715 Ita
2561 3660 2817 3727 scriptum
2846 3658 2950 3712 vidi
2986 3660 3035 3712 in
3080 3658 3333 3713 tredecim
3377 3659 3531 3715 libris
3559 3673 3708 3717 νυιυο

2124 3728 2293 3782 ribus.
2326 3732 2553 3796 Quidam
2576 3731 2662 3784 alii
2691 3730 2891 3784 habent
2919 3731 3136 3782 honores
3176 3730 3265 3783 vel
3296 3730 3552 3787 honorem.
3590 3732 3708 3797 Ego

2128 3801 2322 3853 retinui
2372 3802 2655 3855 lectionem
2701 3817 2819 3868 quae
2874 3800 3103 3867 plurium
3154 3808 3390 3853 veterum
3446 3800 3702 3856 libroruin

2121 3872 2437 3941 auctoritate
2484 3872 2698 3933 nititur,
2735 3869 3201 3941 cumprazsertinr
3231 3869 3332 3924 hoc
3367 3882 3701 3941 segmentum

2121 3940 2415 3995 invenerim
2448 3941 2517 3995 ita
2546 3941 2851 3994 distinctum
2875 3940 2928 3993 in
2954 3938 3138 3995 codice
3160 3938 3485 3996 Tornacensi
3509 3942 3703 3997 biblio-

2120 4010 2288 4064 thecae
2326 4014 2486 4081 regiae
2527 4023 2581 4065 et
2613 4013 2662 4064 in
2706 4011 2991 4077 Bcccensi,
3026 4020 3135 4065 tum
3184 4011 3427 4066 etiamin
3477 4017 3701 4069 Metcusi

2115 4082 2284 4134 sancti
2314 4084 2595 4151 Arnulphi.
2628 4082 2828 4137 Bswz.

2190 4152 2216 4204 Ι
2223 4154 2319 4205 nde
2333 4156 2542 4222 posteris
2554 4170 2698 4208 sacra
2712 4154 2848 4223 facta
2859 4161 2993 4207 sunt.
3004 4151 3253 4207 Minutius
3266 4152 3434 4208 Felix:
3452 4154 3703 4210 Similiter

2104 4238 2173 4276 ac
2186 4241 2301 4276 vero
2319 4242 2437 4295 ergit
2452 4228 2569 4278 deos
2579 4241 2774 4294 quoque
2785 4226 3000 4295 majores
3013 4225 3695 4293 nostriimprovidi,creduli,

2113 4295 2231 4364 rudi
2270 4294 2596 4364 simplicitate
2630 4294 2982 4362 crediderunt,
3030 4295 3150 4348 dum
3186 4311 3327 4364 reges
3365 4312 3482 4347 suos
3527 4298 3699 4350 colunt

2110 4363 2501 4465 reliqiose,dunt
2519 4368 2610 4435 def
2608 4378 2781 4420 unctos
2797 4384 2880 4419 eos
2892 4366 3177 4419 desiderant
3191 4367 3556 4465 inimaqgti‘l'ms
3572 4368 3700 4420 vide-

2110 4451 2164 4465 ...
2244 4453 2327 4465 υ...
2352 4438 2565 4465 ,ιι-..σξηυι
2598 4454 2763 4465 anu-sn.
2784 4438 3051 4465 ...η-..ηι-ἐι..
3083 4438 3133 4465 ὅ..
3162 4435 3338 4465 ,ιηιιιὶο
3489 4436 3672 4465 ηιέηηω.

2110 4451 2183 4499 re,
2208 4438 2327 4489 dum
2348 4438 2565 4507 gestiunt
2593 4454 2763 4491 eorum
2784 4438 3051 4490 memorias
3083 4438 3134 4488 in
3158 4435 3338 4489 statuis
3364 4435 3433 4507 “f3
3449 4436 3693 4507 detinere,

2106 4522 2253 4578 s_acra
2292 4505 2429 4577 facta
2458 4511 2661 4578 fuerunt
2690 4524 2803 4575 qua:
2822 4507 3305 4578 fuerantassutupta
3332 4505 3536 4578 solatia.
3563 4506 3696 4578 Vide

2110 4574 2802 4646 Fulgentium'Placiadem,
2846 4577 2937 4629 lib.
2974 4592 2987 4628 l
3021 4575 3332 4645 illytholog.,
3367 4576 3455 4630 ubi
3490 4577 3599 4647 agit
3629 4579 3697 4633 de

425 4640 652 4720 liuor-inn
676 4668 686 4701 :
714 4647 930 4703 Perseus
956 4648 1174 4704 Zenonis
1198 4650 1401 4703 auditor
1417 4640 1499 4702 eos
1521 4649 1637 4701 dicit
1667 4649 1859 4702 habitos
1879 4650 2000 4704 deos
2025 4640 2079 4700 D
2108 4640 2565 4720 lilio'Syropban'ts
2587 4640 2843 4720 Aigypﬁi.
2871 4648 3068 4700 BALUZ.

422 4733 453 4769 a
482 4718 660 4786 quibus
686 4736 872 4789 magna
901 4723 1091 4775 utilitas
1129 4722 1197 4773 ad
1226 4722 1340 4774 vita:
1375 4720 1567 4772 cultum
1612 4731 1734 4773 esset
1764 4721 1962 4773 inventa
1981 4763 1994 4784 ,

424 4791 660 4856 ipsasque
700 4808 780 4843 res
808 4792 953 4844 utiles
984 4802 1031 4845 et
1063 4792 1313 4844 salutares
1359 4791 1567 4843 deorum
1603 4807 1709 4843 esse
1744 4793 2001 4845 vocabulis

422 4871 759 4930 nuncupatas.
795 4860 861 4914 Et
905 4862 1037 4915 intra
1070 4878 1083 4914 :
1117 4863 1353 4929 Suscepit
1396 4871 1560 4913 autem
1603 4864 1701 4913 vita
1742 4862 2003 4916 hominum

421 4936 825 4997 consuetudoque
873 4934 1153 4986 communis
1182 4945 1231 4985 ut
1271 4933 1523 4999 beneﬁciis
1548 4931 1844 4985 excellentes
1872 4934 2004 4987 viros

425 5002 478 5072 in
508 5005 688 5053 calum
718 5007 857 5071 fama
880 5018 941 5054 ac
982 5003 1238 5057 voluntate
1281 5003 1529 5056 tollerent.
1572 5001 1702 5055 Hinc
1732 5002 2006 5072 Hercules,

421 5071 536 5124 hinc
560 5073 740 5126 Castor
768 5083 812 5127 et
844 5072 1056 5128 Pollux.
1086 5074 1335 5129 Horatius
1365 5073 1452 5126 lib.
1487 5089 1541 5135 n,
1570 5073 1739 5143 Epist.
1773 5075 1823 5128 1.

543 5182 777 5250 βῡιιωιυε
802 5193 853 5235 et
874 5185 1027 5250 Liber
1048 5194 1190 5250 pater
1215 5197 1266 5237 et
1290 5201 1398 5237 cum
1425 5186 1623 5235 Castore
1648 5186 1821 5250 Pollux

542 5245 657 5296 Post
680 5248 896 5311 ingentia
921 5245 1274 5301 facta'deorum
1301 5250 1349 5297 in
1375 5250 1556 5311 templa
1585 5249 1790 5312 recepti.

420 5349 485 5417 Q.
516 5350 753 5416 Curtius,
786 5354 875 5409 lib.
910 5370 984 5421 nt,
1018 5356 1199 5410 scribit
1222 5356 1416 5410 Persas
1446 5371 1549 5410 nou
1585 5355 1668 5424 pie
1689 5356 1885 5422 solum,
1918 5358 2010 5411 sed

421 5425 581 5503 etiam
619 5424 914 5503 prudenter
957 5441 1113 5503 reges
1151 5442 1277 5503 suos
1304 5429 1452 5503 inter
1492 5427 1624 5482 deos
1667 5428 1867 5503 colere,
1898 5443 2014 5503 uta-

420 5496 673 5565 jnestutcm
714 5497 1113 5565 enim.lmperii
1160 5499 1347 5552 salutis
1388 5513 1510 5554 esse
1550 5498 1794 5551 tutelam.
1841 5496 2014 5553 Julius

420 5561 686 5638 Eirmicus
719 5570 769 5621 in
797 5561 934 5638 libre
962 5561 1029 5623 de
1052 5569 1249 5623 Errare
1278 5572 1614 5638 prol'auarnui
1639 5568 1973 5637 Religionum
1996 5586 2009 5621 :

423 5634 570 5706 Amat
603 5637 736 5689 enim
763 5637 1053 5693 Crterorum
1073 5641 1247 5693 levitas
1275 5634 1357 5693 eos
1378 5643 1461 5706 qui
1492 5641 1585 5692 sibi
1615 5634 1808 5704 aliquid
1837 5650 2016 5692 contu-

424 5703 627 5779 lerunt,
662 5709 737 5761 vel
762 5711 846 5779 qui
874 5712 1088 5764 consilio
1114 5721 1200 5762 aut
1231 5703 1411 5763 virtute
1438 5726 1490 5762 se
1526 5712 1762 5779 juverunt
1785 5752 1797 5773 ,
1829 5710 2014 5764 divinis

424 5775 688 5843 appellare
702 5775 1012 5851 nominibus.
1050 5780 1115 5832 Et
1132 5780 1205 5832 sic
1231 5779 1294 5832 ab
1323 5780 1447 5847 ipsis
1473 5775 1825 5848 beneﬁciorum
1848 5782 2015 5851 gratia

428 5858 732 5915 repensatur
762 5862 813 5905 ut
846 5850 967 5907 deos
996 5852 1171 5909 dicant
1199 5860 1244 5906 et
1283 5850 1403 5905 deos
1443 5865 1549 5905 esse
1575 5851 1783 5906 credant
1808 5854 1893 5921 qui
1920 5851 2016 5907 sibi

2179 4716 2613 4774 ll.-l-lllelicertes
2654 4716 2708 4773 et
2743 4717 3051 4771 Leucothea.
3098 4716 3337 4788 llygiuus
3366 4716 3472 4770 fab.
3503 4733 3556 4772 ιι.
3596 4719 3697 4775 luo

2103 4805 2219 4859 ctam
2252 4789 2508 4844 Melicerte
2536 4791 2645 4857 ﬁlio
2670 4806 2762 4843 suo
2792 4788 2845 4840 in
2872 4805 3011 4841 mare
3048 4804 3101 4842 se
3149 4789 3516 4857 prwcipilavil;
3542 4807 3695 4859 quam

2106 4858 2255 4913 Liber
2287 4860 2615 4914 Leucotheam
2645 4860 2797 4912 voluit
2827 4858 3116 4928 appellari:
3142 4869 3487 4928 immanem
3520 4858 3697 4914 Matu-

2108 4940 2209 4983 tam
2224 4931 2436 4984 dicimus
2457 4949 2474 4984 :
2490 4929 2975 4996 Melicertem'fautent
2990 4929 3138 4982 deum
3155 4927 3519 5000 Palwtttortent,
3545 4949 3694 5000 quem

2111 5018 2202 5055 nos
2234 5001 2569 5056 Portumnum
2613 5002 2845 5054 dicimus.
2866 4999 3354 5055 lnoautetn‘Liheri
3377 5001 3487 5055 sive
3504 4999 3699 5059 Bacchi

2110 5075 2286 5126 nutrix
2313 5075 2545 5141 tingitur.
2592 5073 2741 5127 Adde
2778 5071 3138 5139 Lactantiutn,
3178 5072 3269 5127 lib.
3311 5086 3368 5138 ι,
3409 5088 3527 5142 cap.
3574 5074 3638 5129 ει
3669 5115 3687 5142 ,

2117 5152 2247 5197 sect.
2276 5144 2365 5197 25.
2399 5145 2558 5197 CELL.

2192 5215 2440 5267 Castores.
2475 5212 2665 5282 Angli,
2697 5214 2785 5282 qui
2824 5222 2941 5282 post
2983 5213 3277 5268 Morellium
3311 5223 3602 5282 posuerunt
3643 5216 3694 5270 in

2118 5300 2211 5340 sua
2242 5286 2476 5339 editione
2502 5284 2680 5338 Castor
2709 5296 2754 5338 et
2804 5283 2993 5338 Pollux
3014 5326 3027 5348 ,
3072 5283 3362 5338 admonent
3391 5285 3696 5353 oportuisse

2120 5358 2237 5411 lteic
2265 5359 2447 5424 reponi
2473 5353 2723 5417 Castores,
2745 5357 2788 5409 si
2816 5355 2946 5409 tanti
2971 5364 3113 5408 esset
3134 5370 3244 5409 rem
3277 5354 3407 5408 levis
3438 5358 3694 5410 momenti

2120 5440 2345 5481 mutare.
2374 5424 2478 5480 Sed
2511 5428 2623 5480 haec
2667 5428 2803 5480 ratio
2834 5425 3029 5478 nullius
3063 5434 3144 5478 est
3173 5428 3449 5479 momenti.
3480 5426 3612 5480 Nam
3641 5437 3697 5481 et

2120 5499 2215 5565 ipsi
2262 5498 2438 5564 plures
2482 5497 2801 5550 mutationes
2837 5496 3079 5550 fecerunt
3124 5496 3175 5549 in
3228 5497 3479 5563 operibus
3523 5500 3695 5551 sancti

2118 5567 2367 5639 Cypriani
2400 5584 2518 5636 qum
2557 5584 2660 5620 non
2694 5576 2817 5619 sunt
2840 5567 3063 5639 majoris
3093 5569 3369 5639 momenti.
3417 5566 3530 5636 Egi,
3567 5583 3693 5621 vero

2118 5636 2336 5697 mutavi,
2366 5639 2487 5705 quia
2519 5646 2731 5700 oportet
2760 5637 2986 5690 reddere
3011 5636 3277 5706 Cypriane
3305 5652 3398 5691 sua
3432 5638 3614 5703 verba,
3639 5649 3695 5692 et

2116 5710 2237 5779 quia
2266 5710 2403 5778 apud
2435 5709 2708 5763 Minatium
2739 5707 2971 5762 Felicem
2991 5748 3004 5772 ,
3036 5722 3106 5779 es
3146 5724 3252 5776 quo
3275 5707 3571 5778 Cyprianus
3602 5724 3693 5763 ac-

2116 5774 2323 5849 cepisse
2356 5781 2591 5845 videtur,
2618 5779 2876 5848 scriptum
2903 5786 2987 5831 est
3015 5794 3026 5829 :
3067 5774 3299 5831 Castores
3321 5774 3551 5832 alternis
3586 5795 3695 5833 nta-

2116 5853 2316 5905 riuntur
2355 5858 2407 5904 ut
2435 5852 2622 5906 vivant.
2651 5850 2726 5905 Ita
2753 5850 2914 5905 etiam
2953 5849 3209 5918 scriptum
3237 5860 3319 5905 est
3358 5849 3412 5904 in
3445 5851 3695 5908 omnibus
