4272 6278
444 340 553 402 569

1524 339 1727 394 LIBER
1766 338 1853 395 DE
1895 338 2245 399 IDOLORUM
2284 339 2652 398 VANITATE.

3628 348 3737 405 5'10

453 468 682 525 cretum,
722 453 865 528 quod
903 416 1167 526 majortim
1205 462 1261 510 et
1302 468 1485 524 regum
1534 455 1791 510 memoria
1836 464 2046 511 servata
2074 469 2126 530 Α
2152 455 2249 512 Est
2271 454 2534 511 Romulus
2557 454 2834 526 pejerante
2863 453 3092 511 Proculo
3114 453 3246 512 deus
3270 454 3458 523 lactus,
3488 464 3542 513 ct
3567 457 3743 527 Picus,

449 553 540 616 sit,
580 548 704 604 inde
732 544 947 604 colendi
974 553 1031 602 et
1057 545 1390 601 sacrilicaudi
1420 544 1555 600 ritus
1586 553 1614 582 ιι
1648 545 1951 602 iuoleverit.
1985 546 2046 602 Si

449 650 628 698 autem
656 638 943 711 aliquando
968 637 1042 693 dii
1065 638 1174 693 nati
1199 647 1341 703 sunt,
1367 651 1463 692 cur
1486 652 1595 692 non
1619 636 1882 709 hodieque
1912 654 2035 695 nas-

449 734 686 790 cuntur?
736 731 838 787 nisi
880 730 926 786 si
963 728 1104 786 forte
1142 729 1352 802 Jupiter
1391 731 1590 797 senuit,
1634 738 1728 785 aut
1767 741 1950 802 partus
1996 732 2049 789 in

449 826 664 885 Junone
694 824 915 882 deiecit.

523 921 614 979 Ν.
631 922 738 977 Cur
753 935 880 976 vero
895 918 1026 975 deos
1052 927 1205 990 putas
1226 934 1326 990 pro
1350 918 1602 975 Romanis
1622 934 1800 990 posse,
1825 921 1897 953 ²²⁶
1914 935 2050 993 quos

449 1014 689 1075 videasb
737 1013 871 1070 nihil
918 1029 1012 1085 pro
1058 1013 1170 1069 suis
1215 1012 1476 1068 adversus
1521 1027 1706 1068 eorum
1755 1029 1902 1069 arma
1951 1031 2049 1070 va-

452 1108 650 1167 luisse?
674 1106 1039 1164 Romanorum
1064 1116 1086 1145 ο
1115 1106 1259 1163 enim
1282 1104 1602 1162 vernaculos
1624 1106 1755 1162 deos
1779 1107 2043 1169 novimus.

2152 556 2209 603 et
2236 546 2555 611 Tiberinus,
2586 555 2641 601 et
2676 546 2986 613 Pilumnus,
3027 557 3083 603 et
3112 547 3349 611 Consus,
3381 563 3541 618 quem
3580 549 3747 606 Deum

2155 637 2357 693 fraudis
2389 638 2474 694 vel
2522 646 2579 693 ut
2617 638 2965 693 consiliorum
2999 637 3160 693 deum
3185 680 3199 704 ,
3233 639 3336 693 coli
3367 639 3626 697 Romulus
3653 657 3749 697 vo.

2156 731 2251 788 luit
2282 740 2562 802 postquam
2604 731 2656 785 in
2687 740 2898 802 raptum
2944 730 3264 787 Sabinarum
3304 729 3528 803 perlidia
3553 749 3750 805 prove-

2156 826 2233 882 nit
2262 822 2311 881 ἀ.
2361 826 2523 881 Deam
2561 840 2772 897 quoque
2808 824 3115 882 Cloacinam
3157 825 3344 882 Tatius
3370 836 3425 882 ct
3464 827 3671 884 invenit
3696 837 3752 884 et

2156 924 2338 990 coluit,
2382 910 2644 978 Pavorem
2676 921 2933 977 Hostilius
2956 921 3423 993 atque‘Pallorem.
3454 921 3576 978 Mox
3599 938 3627 976 a
3656 938 3752 980 ne-

2156 1018 2268 1099 scio
2284 1034 2390 1089 quo
2407 1016 2593 1073 Febris
2607 1015 2869 1081 dedicata,
2893 1025 2947 1072 et
2961 1015 3104 1072 Acca
3120 1028 3176 1071 et
3195 1015 3353 1071 Flora
3372 1016 3684 1072 meretrices
3701 1026 3747 1073 ε’.

2156 1108 2457 1182 [Interdum
2492 1109 2511 1147 ί
2554 1126 2680 1166 vero
2721 1110 2946 1166 deorum
2989 1108 3247 1166 vocabula
3302 1109 3443 1181 apttd
3482 1109 3752 1167 Romanos

1683 1221 1974 1279 LECTION
1982 1225 2063 1283 ES
2101 1226 2510 1285 VARIANTES.
2604 1274 2608 1279 .

518 1322 544 1353 ⁸
567 1319 768 1372 Colendi
791 1321 915 1370 ritus
937 1322 1054 1370 Ver.
1081 1316 1204 1369 Thu.
1230 1319 1367 1370 Foss.
1395 1315 1537 1369 Corb.
1561 1314 1711 1369 Mica.
1734 1316 1838 1368 Lin.

514 1381 544 1421 ι)
577 1383 709 1442 Quos
731 1383 909 1445 saepius
930 1382 1100 1445 videas
1123 1382 1323 1445 Gronov.

2161 1322 2300 1373 Foss.
2327 1321 2471 1372 Carb.
2500 1316 2648 1371 Mich.
2680 1316 2788 1369 Vic.
2816 1316 2963 1369 Hine.
2986 1321 3099 1369 ΜΒ.

2233 1382 2250 1422 τ
2291 1384 2607 1445 Interdum...
2628 1382 2842 1445 Qrboua.
2866 1382 2988 1431 Hazc
3010 1385 3188 1445 praeter
3213 1378 3329 1430 edd.
3353 1378 3535 1445 Cranii,
3557 1381 3751 1445 Pamel.

518 1441 905 1511 {Romanorum
941 1442 1048 1494 Iuec
1081 1442 1227 1495 verba
1249 1444 1314 1493 ad
1337 1441 1468 1493 ista:
1496 1442 1547 1492 hi
1570 1442 1639 1491 dii
1678 1441 1883 1492 Romani
1926 1443 2062 1496 uncis
2164 1445 2342 1511 Rigalt.
2369 1452 2412 1496 et
2441 1442 2602 1511 _.Fellis
2639 1443 2838 1511 insuper
2872 1441 3091 1511 reperias
3131 1441 3181 1492 in
3220 1441 3530 1511 recentiorib.’
3569 1444 3751 1511 pellor.

458 1504 660 1572 inclusit
673 1502 938 1572 _Bigaltius.

516 1569 544 1610 ἀ
577 1567 967 1633 liodie'quoque
983 1569 1211 1633 pervenit
1230 1567 1362 1633 ABod.
1387 1568 1437 1617 3.
1464 1570 1576 1633 MK.

520 1636 544 1665 θ
577 1628 891 1683 Μειθιιὶἒεεζ
908 1630 973 1684 lli
985 1628 1057 1683 dii
1079 1631 1205 1683 Bod.
1229 1631 1278 1681 5.
1300 1632 1439 1682 Pent.
1465 1631 1603 1698 Voss.
1628 1628 1677 1694 2,
1700 1632 1747 1682 5.
1771 1631 1904 1681 Lam.
1930 1628 2055 1683 Tha.

2161 1503 2397 1625 arma?
2420 1509 2625 1561 Gronov.
2647 1503 2910 1559 Goldhorn.
2929 1503 3022 1574 'qui
3042 1510 3201 1557 tamen
3225 1503 3430 1558 Baluzio
3450 1504 3754 1573 adstipulare

2292 1587 2323 1625 ιι
2356 1610 2368 1623 .

2292 1587 2368 1628 ur.

1806 1718 1896 1775 VA
1905 1718 2164 1777 RIORUM
2201 1719 2427 1776 NOTAE.

528 1834 683 1908 Quod
706 1837 959 1908 majorum
988 1844 1037 1892 et
1084 1853 1260 1908 regum
1296 1836 1550 1908 memoria
1590 1844 1789 1908 servata
1834 1834 1915 1908 sit.
1942 1835 2043 1908 Mi-
2075 1839 2122 1899 Β
2229 1833 2479 1908 Pavorem
2507 1842 2658 1907 atque
2678 1833 2963 1908 pallorem;
2980 1807 3290 1908 Lactantius
3314 1832 3510 1908 ibidem
3535 1853 3549 1891 :
3579 1833 3754 1908 Pavo-

455 1912 633 1963 nntius
672 1905 957 1980 hocd'latius
982 1905 1316 1980 exsequitur,
1351 1918 1405 1963 et
1433 1906 1581 1980 addit
1609 1921 1730 1962 eum
1759 1905 2043 1961 deduxisse

452 1993 621 2049 genus
669 1979 737 2034 ab
766 1978 947 2035 Urano
976 1977 1144 2048 usque
1164 1979 1231 2034 ad
1260 1979 1469 2035 Jovem.
1498 1977 1755 2033 LINDNER.

524 2049 811 2120 Aliquando
852 2051 924 2104 dii
964 2052 1071 2105 nati
1117 2060 1257 2106 sunt.
1310 2049 1500 2105 Cicero
1536 2050 1630 2104 lib.
1677 2065 1694 2103 ι
1734 2048 1811 2120 de_
1844 2048 2043 2119 Natura

453 2118 718 2177 Deorum:
747 2121 808 2177 Si
831 2130 1029 2186 natum,
1056 2122 1185 2176 nulli
1201 2122 1273 2176 dii
1300 2132 1419 2187 ante
1438 2137 1590 2191 quam
1611 2121 1736 2175 nati.
1763 2118 1878 2175 Etsi
1904 2130 2044 2174 ortus

453 2201 524 2247 est
542 2192 770 2260 deorum,
798 2193 1029 2248 interitus
1054 2194 1117 2247 sit
1134 2210 1332 2249 necesse
1358 2201 1451 2247 est.
1477 2192 1674 2247 Bswz.

528 2261 650 2316 Nisi
696 2265 828 2333 forte
852 2263 1055 2335 Jupiter
1083 2266 1266 2320 senuit.
1303 2265 1380 2320 Ex
1406 2262 1601 2335 Felicis
1617 2278 1738 2335 cap.
1784 2277 1923 2335 xxnt
1950 2261 2045 2335 de-

454 2343 780 2460 promptum.
833 2333 989 2390 Addo
1035 2335 1159 2391 huic
1206 2344 1520 2406 argumento
1572 2333 1830 2402 judicium
1864 2333 2041 2398 Plinii,

479 2404 550 2459 ib.
580 2420 640 2460 ll.
665 2420 785 2460 can.
814 2422 912 2460 vn.
939 2406 1007 2460 de
1030 2406 1139 2460 Diis
1168 2420 1495 2460 paganorum
1520 2423 1533 2459 :
1562 2403 1893 2459 Matrimonia
1916 2404 2041 2459 inter

479 2404 550 2459 ib.
580 2403 640 2470 ιι,
665 2420 785 2474 cap.
814 2422 912 2471 vlt,
939 2406 1007 2461 de
1030 2406 1139 2461 Diis
1168 2403 1495 2477 paganorum
1520 2423 1533 2459 :
1562 2403 1893 2477 Matrimonia
1916 2404 2046 2477 inter

454 2477 576 2530 deos
600 2477 757 2540 credi,
788 2485 1025 2547 tantoque
1047 2477 1139 2530 arvi
1166 2493 1230 2531 ea:
1248 2475 1343 2530 illis
1370 2478 1617 2530 nentinem
1644 2476 1804 2540 nasci,
1844 2484 1891 2529 et
1917 2475 2047 2530 alios

456 2562 564 2601 esse
604 2547 902 2618 grandtevos
942 2546 1240 2617 semperque
1293 2563 1469 2611 canos,
1512 2546 1641 2600 alios
1662 2548 1872 2618 juvenes
1899 2556 2047 2617 atque

457 2617 658 2689 pueros,
701 2618 798 2671 atri
835 2619 1041 2684 coloris,
1083 2619 1321 2689 aligeras,
1368 2619 1596 2681 claudos,
1651 2633 1753 2689 ovo
1783 2617 1960 2684 editos,
2000 2625 2048 2670 et

454 2688 664 2743 alternis
699 2688 872 2743 diebus
911 2689 1131 2759 viventes
1158 2688 1546 2758 intorientesque,
1590 2688 1860 2759 puerilium
1891 2703 2049 2755 prope

455 2759 905 2813 deliramentorum
944 2758 1035 2814 est.
1069 2760 1175 2815 Sed
1212 2775 1366 2828 super
1409 2774 1606 2812 onmem
1645 2758 2046 2828 impudentiam,
2089 2782 2094 2788 λ

455 2830 707 2884 adulteria
743 2831 874 2884 inter
910 2831 1047 2901 ipsos
1085 2831 1232 2901 ﬁngi:
1274 2845 1393 2883 mox
1418 2829 1614 2900 jurgia,
1640 2837 1686 2901 et
1713 2828 1868 2883 odia:
1901 2838 2051 2899 atque

456 2902 608 2972 etiam
638 2904 890 2972 furtorum
918 2899 1025 2955 esse
1050 2912 1096 2955 et
1123 2899 1364 2956 scelerum
1393 2899 1623 2954 numina.
1655 2899 1890 2972 Catuli.

529 2970 700 3025 IV;—
719 2971 824 3026 Pro
842 2974 968 3027 suis.
993 2972 1218 3039 Quidam
1238 2972 1358 3026 libri
1386 2980 1594 3026 veteres
1610 2981 1659 3024 et
1673 2970 1837 3025 editio
1863 2971 2053 3026 Morel-
2078 2986 2089 2995 ·

454 3041 595 3096 liana
643 3043 840 3097 habent
880 3060 1107 3111 prorsus.
1144 3044 1245 3097 Ista
1275 3043 1436 3098 lectio
1476 3041 1688 3096 videtur
1728 3057 1848 3097 esse
1889 3043 2046 3097 bona.

457 3112 700 3168 Viderint
728 3114 922 3169 eruditi
949 3115 1119 3170 critici
1141 3131 1207 3168 au
1233 3112 1563 3183 praeferenda
1596 3114 1684 3169 sit.
1716 3112 1913 3168 BALUZ.

538 3184 843 3240 Vernaculos
863 3188 1001 3241 deos.
1027 3185 1101 3240 ita
1130 3186 1289 3241 etiam
1319 3185 1572 3239 Minatius
1621 3184 1786 3239 Felix.
1814 3185 2009 3240 ΒΑιυΖ.

530 3254 903 3329 Picus._Cujus
931 3271 1126 3329 corpus
1156 3257 1487 3329 maculosum
1510 3270 1631 3310 esse
1652 3254 1783 3329 dixit
1808 3257 2045 3329 Pruden-
2076 3226 2122 3289 Ο

457 3326 562 3398 lius
610 3328 662 3381 in
712 3327 852 3383 libro
893 3326 1064 3398 primo
1105 3332 1345 3382 adversus
1396 3327 1787 3398 Symmachum.
1842 3327 2046 3398 Plutar-

457 3397 591 3468 chus
638 3399 690 3453 in
745 3398 1121 3463 Quaestionibus
1180 3397 1665 3468 Itomanis'qutcrit
1719 3413 1816 3452 cur
1863 3397 2043 3453 Picum

456 3466 681 3522 Romani
708 3481 1049 3525 venerentur.
1097 3470 1293 3525 Bswz.

529 3540 865 3613 Consiliornm
899 3540 1080 3613 Deum.
1116 3542 1469 3613 llieronymus
1497 3540 1549 3594 in
1577 3540 1696 3594 Vita
1723 3539 2041 3613 Hilarionis:

459 3609 572 3664 Hoc
633 3611 879 3683 siquidem
919 3614 972 3666 in
1022 3611 1271 3666 Romanis
1299 3609 1517 3683 urbibus
1537 3614 1649 3683 jam
1710 3611 1893 3666 exinde
1938 3629 2045 3665 ser-

454 3692 602 3753 vatur
622 3698 653 3734 a
678 3681 898 3738 Romulo
932 3694 986 3738 ut
1012 3692 1216 3753 propter
1260 3684 1456 3752 felicem
1493 3681 1806 3739 sabinorum
1839 3692 2045 3753 raptum

453 3752 515 3806 ab
541 3754 651 3823 ipso
666 3770 863 3825 quoque
878 3752 1207 3825 consiliorum
1225 3755 1317 3808 deo
1338 3754 1600 3824 quadrigae
1614 3764 1819 3825 septeno
1838 3761 2045 3807 currant

453 3824 688 3878 circuitu.
733 3824 923 3891 Varro,
969 3826 1062 3880 lib.
1094 3841 1151 3892 γ,
1179 3824 1246 3879 de
1280 3826 1479 3895 Lingua
1504 3824 1696 3878 Latina
1724 3841 1737 3879 :
1769 3824 2045 3880 Consualia

453 3894 589 3949 dicta
618 3912 649 3949 a
672 3895 859 3959 Conso,
882 3897 1018 3966 quod
1045 3904 1147 3948 tum
1181 3897 1325 3960 ferite
1349 3894 1562 3965 publica:
1588 3896 1745 3966 eideo
1771 3906 1819 3949 et
1836 3897 1888 3950 in
1910 3898 2044 3950 circo
2069 3951 2075 3957 ,

452 3966 522 4019 ad
541 3982 684 4037 aram
701 3968 813 4037 ejus
832 3965 901 4021 ab
917 3966 1262 4022 sacerdotibus
1293 3968 1421 4036 ﬁunt
1452 3967 1559 4019 ludi
1580 3965 1659 4019 illi
1686 3967 1863 4035 quibus
1888 3968 2043 4037 uirgi-

452 4053 542 4091 nes
586 4036 796 4109 Subina:
834 4048 1015 4109 rupae.
1058 4038 1297 4103 Ovidius,
1343 4038 1443 4109 lib.
1475 4053 1529 4093 ιιι
1551 4039 1861 4109 Fastorum:
1890 4036 2045 4091 Festa

490 4124 579 4161 ara
596 4106 790 4173 “Conso,
823 4106 1020 4163 Consus
1058 4110 1146 4162 tibi
1182 4119 1365 4162 cratera
1412 4107 1560 4162 dicet.
1603 4108 1645 4161 Τ
1649 4109 1962 4162 ertullianus
1991 4108 2044 4161 in

451 4125 579 4232 rara
605 4125 790 4173 conso,
823 4125 1020 4163 Lausus
1058 4125 1145 4162 tun
1182 4125 1365 4162 autem
1412 4125 1560 4162 arcet.
1613 4125 1962 4162 teruunanus
1991 4125 2044 4161 tn

477 4179 589 4233 ibro
602 4180 670 4235 de
691 4179 1052 4249 Spectaculis:
1070 4179 1280 4234 Exinde
1298 4179 1407 4233 ludi
1425 4180 1691 4233 consualia
1713 4180 1853 4241 dicti,
1877 4179 1962 4246 qui
1982 4179 2044 4232 ab

450 4250 596 4302 initio
627 4249 920 4321 Neptunum
952 4252 1287 4306 honorabant.
1319 4249 1573 4303 Eumdem
1600 4251 1732 4303 enim
1758 4260 1802 4302 et
1827 4249 2046 4321 Consum

450 4331 652 4373 vocant.
702 4323 765 4375 Et
806 4322 1016 4376 statim:
1071 4322 1391 4389 Quamquam
1440 4331 1486 4375 et
1528 4320 1791 4374 consualia
1827 4320 2045 4375 Romulo

453 4390 749 4457 defendunt,
782 4392 918 4460 quod
946 4408 1005 4446 ea
1025 4392 1191 4447 Conso
1219 4393 1459 4446 dicaverit
1489 4393 1603 4453 deo,
1628 4400 1680 4444 ut
1711 4392 1904 4457 volunt,
1933 4407 2048 4445 con-

451 4459 576 4534 silii,
597 4463 717 4534 ejus
745 4459 931 4515 scilicet
947 4480 1045 4534 quo
1075 4474 1193 4516 tunc
1225 4463 1533 4517 Sabinarum
1561 4463 1815 4534 virginum
1843 4472 2047 4531 raptum

450 4532 696 4604 militibus
711 4534 816 4586 suis
830 4535 883 4586 in
905 4532 1224 4604 matrimonia
1242 4535 1556 4603 excogitavit.
1578 4533 1710 4588 Vide
1734 4534 2043 4604 Dionysium

2150 1922 2256 1961 rem
2299 1902 2642 1975 palloremque
2678 1902 2867 1959 Tullus
2912 1902 3166 1957 Hostilius
3203 1904 3441 2026 ﬁgurauit
3484 1914 3532 1958 et
3571 1907 3748 1960 coluit.

2150 1978 2371 2026 Sanctus
2410 1977 2754 2026 Auanstinus-
2790 1976 2881 2026 lib.
2920 1991 2990 2026 xx
3027 1984 3204 2026 contra
3284 1984 3509 2026 austum.
3535 1990 3654 2026 can.
3676 1976 3747 2026 9:

2145 1978 2371 2047 Sanctus
2408 1977 2754 2047 Augustinus,
2790 1976 2881 2029 lib.
2920 1991 2990 2028 xx
3026 1976 3509 2047 contraqFaustum,
3535 1990 3654 2047 cap.
3676 1976 3747 2031 9:

2146 2046 2288 2102 Nam
2303 2057 2347 2103 et
2367 2043 2967 2119 corporaliumvitiorum
2985 2045 3301 2119 simulachra
3326 2043 3549 2100 Romani
3572 2062 3753 2119 conse-

2145 2130 2429 2187 craverunt,
2454 2112 2589 2174 sicut
2616 2118 2829 2190 palloris
2852 2126 2898 2170 et
2924 2116 3100 2190 febris.
3124 2116 3330 2190 Btth.
3528 2188 3537 2190 _
3612 2112 3618 2134 ’

2222 2186 2421 2245 Febris.
2449 2191 2768 2245 Oetavianus
2788 2186 3129 2252 Horatianus,
3154 2187 3246 2241 lib.
3273 2203 3344 2254 tv,
3369 2202 3488 2254 cap.
3519 2188 3541 2242 l
3576 2206 3589 2241 :
3616 2186 3754 2242 Hinc

2149 2270 2222 2316 est
2248 2272 2293 2333 et
2321 2261 2455 2333 quod
2480 2260 2704 2333 Romani
2726 2259 2855 2332 febri
2894 2258 3057 2313 (edem
3092 2266 3400 2313 statuerunt.
3430 2257 3752 2315 Prudentius

2150 2332 2202 2388 in
2233 2332 2623 2404 Hatnartigenia
2651 2348 2669 2385 :

2272 2404 2367 2453 Par
2389 2398 2523 2452 furor
2550 2401 2741 2465 illorum
2764 2413 2889 2464 quos
2915 2398 3215 2465 traditrl‘ama
3235 2401 3411 2451 dicatis

2271 2465 2591 2517 Cousecrasse
2614 2463 2735 2514 deas
2770 2462 2960 2512 febrem
2984 2462 3301 2527 scabiemque
3322 2462 3539 2515 sacellis.

2221 2550 2429 2617 Cicero,
2460 2549 2554 2620 lib.
2584 2565 2618 2603 ιι
2649 2547 3003 2620 όθίιεςίιιιιείε
3030 2548 3230 2616 Araque
3272 2558 3410 2604 vetus
3440 2559 3539 2603 stat
3575 2550 3628 2603 in
3658 2566 3751 2620 pa-

2157 2620 2276 2675 latio
2293 2622 2465 2691 febris.
2491 2619 2625 2681 ,Vide
2650 2619 2921 2691 Valerium
2939 2619 3247 2691 Maximum,
3273 2620 3364 2676 lib.
3386 2636 3442 2687 ll,
3468 2635 3585 2691 cap.
3616 2619 3671 2691 ὅς
3695 2631 3751 2676 et

2149 2688 2687 2763 LiliuinJGregorium
2728 2688 3017 2761 Gyralduut
3047 2690 3393 2763 Syutagmate
3419 2688 3591 2763 primo
3620 2690 3748 2751 His-

2157 2763 2300 2817 toria:
2334 2761 2577 2816 Deorum.

2225 2833 2405 2886 Flora.
2440 2833 2493 2887 In
2517 2832 2632 2902 ejus
2659 2832 2919 2886 honorem
2948 2832 3174 2889 instituti
3203 2844 3329 2891 sunt
3356 2835 3465 2890 ludi
3506 2836 3745 2892 llorales.

2152 2902 2340 2959 Cicero
2369 2903 2596 2959 Actione
2648 2919 2682 2957 ν
2724 2905 2774 2957 ἱιι
2808 2902 3028 2958 Verrem
3062 2905 3196 2960 dixit
3234 2924 3247 2959 :
3281 2903 3496 2960 Florum
3539 2918 3750 2962 matrem

2191 2975 2343 3045 Opulo
2392 2973 2623 3047 plebique
2676 2973 2744 3028 R.
2805 2975 3050 3047 ludorqu
3064 2975 3374 3047 celebritate
3418 2977 3744 3047 placandam.

2152 2991 2343 3099 tot)th
2392 2991 2623 3044 pteotque
2676 2991 2744 3028 η.
2805 2991 3042 3027 tuaorum
3090 2991 3374 3031 ceteorttate
3418 2991 3744 3047 ptacanaam.

2199 3047 2478 3110 actantius,
2520 3045 2612 3121 lib.
2648 3061 2687 3111 ι,
2711 3044 2975 3121 cap._20:
3003 3043 3184 3121 Flora,
3220 3062 3355 3121 ριιηιΔ
3379 3064 3590 3121 magnas
3630 3064 3750 3121 opes

2154 3133 2218 3171 ea:
2228 3125 2335 3171 arte
2354 3116 2635 3171 meretricia
2648 3116 2973 3187 qutesivisset,
2999 3116 3244 3187 populum
3255 3118 3458 3187 scripsit
3476 3116 3747 3184 heredem,

2155 3198 2440 3261 certamque
2469 3188 2734 3261 pecuniam
2752 3188 2957 3261 reliquit
2969 3189 3120 3261 cujus
3137 3205 3199 3261 ea:
3224 3205 3394 3261 annuo
3412 3192 3605 3261 [tenore
3629 3207 3751 3245 suus

2155 3260 2343 3330 natalis
2381 3258 2486 3311 dies
2522 3257 2863 3330 celebraretur
2898 3259 3117 3330 editione
3156 3259 3391 3330 ludorum
3413 3257 3544 3330 'quos
3575 3262 3752 3328 appel-

2149 3328 2255 3387 lant
2281 3330 2503 3397 ﬂora/ia.
2529 3329 2627 3385 Ubi
2647 3328 2768 3384 vide
2791 3339 2941 3382 notas
2953 3327 3170 3399 Joseplti
3194 3329 3325 3384 Iscei.
3346 3327 3749 3395 Arnobius,lib.

2149 3415 2244 3466 vn,
2264 3400 2603 3455 Existimatur
2630 3400 2699 3431 ⁵⁷⁰
2720 3399 2930 3454 tractari
2960 3400 3237 3466 honoriﬁce
3269 3399 3454 3467 Flora,
3488 3402 3534 3455 si
3568 3407 3681 3471 quis
3700 3419 3752 3457 tn

2149 3471 2284 3543 ludis
2313 3473 2596 3543 ﬂagitiosus
2616 3472 2933 3543 conspexerit
2955 3489 3039 3526 res
3065 3472 3151 3543 agi
3178 3480 3226 3526 et
3260 3473 3473 3542 migrari
3508 3473 3571 3526 ab
3599 3475 3749 3543 lupa-

2147 3541 2355 3612 naribus
2378 3541 2431 3596 in
2462 3543 2679 3598 theatra.
2704 3541 2934 3597 sanctus
2967 3541 3294 3612 Augustinus
3325 3541 3377 3597 in
3408 3560 3510 3598 una
3540 3541 3753 3611 Episto-

2149 3611 2320 3685 larum
2361 3629 2493 3685 quas
2519 3614 2586 3668 de
2625 3613 2840 3683 negotio
2875 3611 3180 3685 Calam’ensi
3210 3615 3426 3685 scripsit
3454 3617 3523 3668 ad
3555 3614 3750 3670 Necta-

2147 3683 2302 3748 rium,
2345 3683 2464 3754 qua:
2512 3692 2597 3739 est
2625 3699 2731 3748 XCI,
2766 3685 2818 3755 in
2860 3699 2992 3737 nova
3039 3684 3274 3738 editione
3311 3702 3326 3738 :
3360 3683 3560 3739 Horum
3600 3687 3753 3755 plane

2148 3755 2335 3827 ﬂorum
2361 3753 2462 3827 non
2490 3763 2624 3809 terra
2645 3753 2849 3822 fertilis,
2876 3771 2978 3827 non
3007 3755 3184 3824 aliqua
3203 3755 3416 3827 opulens
3452 3753 3629 3821 virtus,
3665 3759 3753 3810 setl

2148 3826 2239 3878 illa
2266 3826 2361 3878 dea
2378 3826 2542 3895 Flora
2559 3827 2715 3895 digna
2733 3836 2895 3878 mater
2910 3826 3112 3877 inventa
3130 3834 3226 3888 est,
3251 3826 3400 3895 cujus
3426 3826 3538 3879 ludi
3562 3829 3751 3881 scenici

2149 3905 2251 3948 tam
2309 3894 2546 3961 eﬂ'usiore
2588 3905 2634 3949 et
2680 3894 2939 3948 licentiore
2981 3896 3292 3965 turpitudine
3338 3896 3655 3950 celebrantur
3696 3909 3750 3952 ut

2146 3967 2310 4035 quivis
2336 3966 2587 4036 intelligat
2610 3965 2758 4037 quale
2796 3965 3104 4020 dannonium
3131 3968 3197 4020 sit
3220 3967 3358 4036 quod
3384 3968 3579 4037 placari
3603 3969 3752 4024 aliter

2149 4052 2249 4108 non
2286 4047 2446 4106 potest
2474 4035 2575 4090 nisi
2618 4035 2725 4108 illic
2752 4054 2854 4090 non
2898 4053 3032 4101 aves,
3075 4054 3176 4091 non
3216 4035 3606 4108 quadrupedes,
3649 4057 3750 4094 non

2149 4107 2366 4176 denique
2411 4109 2620 4178 sanguis
2670 4107 2940 4179 humanus,
2991 4108 3080 4161 sed
3106 4110 3264 4163 multo
3299 4107 3556 4165 scelestius
3587 4113 3753 4179 pudor

2146 4179 2401 4234 innuimus
2418 4190 2668 4246 tamquam
2684 4178 2971 4233 immolatus
2988 4180 3215 4235 intereat.
3236 4182 3456 4246 Plinius,
3479 4181 3571 4235 lib.
3587 4178 3743 4248 XVIII,

2148 4265 2268 4318 cap.
2322 4251 2413 4315 2!),
2463 4249 2623 4306 tradit.
2669 4249 2892 4306 Numam
2938 4250 3231 4305 instituisse
3271 4251 3473 4304 lim-alia
3514 4268 3585 4305 tv.
3628 4254 3744 4307 Kal.

2147 4320 2288 4375 Maii.
2331 4320 2572 4384 Ovidius,
2605 4321 2697 4377 lib.
2719 4338 2768 4375 tv
2798 4321 3108 4377 Fastorum:
3145 4322 3265 4375 Exit
3292 4322 3414 4374 etin
3447 4319 3617 4374 Maias
3642 4323 3747 4390 [es-

2149 4403 2253 4447 tum
2300 4394 2484 4463 ﬂorale
2535 4391 2820 4446 Kalendas.
2871 4392 3158 4448 Suetonius
3195 4394 3247 4445 in
3286 4390 3486 4445 Galba:
3533 4390 3750 4463 ΔΡιγυιοι·

2148 4460 2501 4519 commissione
2529 4466 2766 4519 ludorum
2788 4465 3254 4532 floraliumnovum
3280 4460 3560 4531 spectaculi
3589 4478 3747 4532 genus

2151 4535 2444 4607 elephantos
2465 4531 2796 4607 funambulos
2822 4534 3000 4607 edidit.
3011 4531 3124 4607 _Ubi
3153 4533 3273 4607 vide
3298 4531 3744 4607 commentarium

452 4602 937 4671 lialicarttasseum,
972 4603 1064 4658 lib.
1089 4621 1125 4671 t,
1149 4616 1202 4659 et
1231 4602 1493 4659 Valerium
1524 4604 1834 4667 Maximum,
1866 4602 1957 4675 lib.
1984 4620 2040 4672 tl,
2068 4616 2123 4675 D
2149 4605 2375 4675 Philippi
2406 4602 2670 4661 Beroaldi.
2704 4606 2937 4668 Tacitus,
2975 4603 3081 4675 lib.
3128 4602 3520 4675 tt,_Annalium,
3574 4603 3739 4675 tradit

451 4688 570 4743 Cap.
602 4678 655 4739 4,
677 4686 729 4729 et
755 4676 1093 4730 Plutarchum
1120 4677 1171 4729 in
1195 4677 1328 4729 libro
1358 4677 1419 4729 de
1445 4675 1817 4742 Quatstionibus
1852 4674 2045 4729 Ilonta-

451 4745 549 4818 nis.
573 4744 763 4818 Narrat
789 4746 955 4801 Lilius
977 4746 1265 4818 Gregorius
1287 4745 1552 4817 Gyraldus
1583 4748 1631 4818 in
1649 4746 1993 4818 Syntagmate
2013 4762 2047 4801 ν

456 4814 700 4871 Historia:
733 4816 958 4872 Deorum
1003 4814 1313 4872 meminisse
1336 4814 1418 4880 5e,
1459 4832 1578 4872 cum
1608 4814 1839 4887 ingratis
1862 4816 2047 4873 Roma:

453 4896 664 4941 :l‘lalellt
714 4897 929 4953 tereret,
980 4889 1043 4943 ad
1090 4888 1269 4958 palatii
1312 4888 1517 4944 radices
1567 4902 1703 4957 pone
1752 4888 2047 4944 Anastasite

454 4959 710 5029 templum
734 4960 987 5014 sacellum
1018 4959 1271 5029 cﬂ'ossum
1296 4958 1459 5014 fuisse
1484 4958 1625 5029 quod
1670 4970 1777 5029 tum
1810 4959 2048 5028 plerique

456 5027 616 5083 Consi
648 5039 918 5098 putarunt,
967 5030 1019 5084 id
1068 5039 1151 5085 est
1181 5028 1433 5099 Neptuni,
1489 5027 1706 5100 propter
1739 5027 2049 5100 frequentes

448 5100 681 5172 conchas
734 5102 966 5155 marinas
1002 5101 1070 5155 ibi
1111 5111 1370 5172 repertas,
1418 5101 1527 5172 ubi,
1555 5110 1609 5156 et
1650 5101 1857 5170 efﬁgies
1906 5102 2040 5156 albae

448 5171 640 5238 aquila:
670 5186 789 5225 cmn
818 5178 983 5225 crista
1006 5171 1247 5227 rubrain
1280 5172 1460 5225 sacelli
1506 5171 1709 5226 fornice
1736 5187 1830 5225 seu
1871 5179 2040 5226 testu-

448 5240 594 5314 dine,
627 5242 767 5310 quod
793 5243 1174 5314 tumr’plerique
1194 5242 1403 5297 consilii
1439 5242 1739 5314 symbolum
1772 5243 2039 5309 interpre-

448 5311 717 5378 tabantur,
750 5324 803 5367 et
837 5313 1006 5366 :edcnt
1035 5311 1194 5368 (Ξόιιεὶ
1249 5311 1655 5369 subterraneam
1687 5312 1851 5367 fuisse
1898 5314 1949 5365 in
1978 5324 2040 5367 ea

448 5384 668 5451 regione
698 5382 909 5452 probari
936 5399 1001 5439 ex
1029 5383 1086 5438 Ρ.
1121 5383 1349 5439 Victore.
1371 5384 1569 5439 BALUZ.

518 5453 833 5525 Cloacinam.
886 5454 1212 5520 Lactantius,
1270 5455 1359 5509 lib.
1402 5472 1439 5521 t,
1482 5470 1600 5525 cap.
1630 5454 1736 5508 ρος
1788 5453 2044 5509 Cloacina:

442 5523 811 5578 simulac/trum
841 5527 892 5578 in
912 5527 1086 5579 cloaca
1117 5527 1338 5579 maxima
1365 5523 1616 5595 repertum
1649 5525 1827 5579 Tatius
1856 5541 2035 5578 conse—

445 5597 625 5661 cravit,
656 5605 702 5667 et
731 5597 852 5665 quia
873 5599 1170 5667 cujusiesset
1200 5598 1395 5667 efﬁgies
1420 5594 1705 5667 ignorabat,
1738 5613 1800 5651 ex
1831 5595 1940 5648 loco
1960 5594 2038 5648 illi

378 5734 383 5735 ν
445 5679 627 5717 nomen
648 5666 904 5737 imposuit.
930 5666 1005 5737 De
1020 5666 1267 5721 Cloacina
1292 5675 1344 5720 et
1361 5667 1426 5721 de
1444 5666 1647 5721 deabus
1665 5684 1781 5735 qua:
1803 5681 2037 5737 sequun-

443 5744 535 5788 tur
578 5734 1029 5807 vidc_'l£pistolam
1075 5738 1350 5807 Augustini
1384 5737 1451 5791 ad
1494 5734 1779 5794 Maa'inunn
1822 5734 2042 5792 Madau-

444 5817 660 5866 rensem.
694 5804 890 5864 Bstuz.

2151 4663 2527 4734 maelii'Ftorae
2556 4677 2624 4733 ab
2664 4675 2829 4731 Lucio
2864 4663 2934 4728 ρι’
2972 4673 3150 4728 Marco
3176 4663 3455 4728 Publiciis
3501 4663 3746 4728 icdilibus

2150 4748 2493 4819 constitutam
2530 4749 2680 4819 juxta
2720 4747 2920 4819 circum
2946 4744 3426 4819 maximtttn._)’itle
3445 4743 3740 4819 .lttstinuttt,

2151 4818 2243 4873 lib.
2263 4835 2408 4873 xuu.
2436 4814 2688 4874 Velleium
2719 4816 3073 4881 Paterculum,
3099 4815 3189 4870 lib.
3210 4832 3246 4879 ι,
3271 4814 3564 4869 Martialem
3590 4815 3681 4869 lib.
3700 4831 3738 4878 ι.

2152 4888 2336 4960 Epigr.
2361 4889 2451 4960 92,
2468 4901 2520 4944 et
2537 4889 2731 4960 Lilittnt
2751 4886 3065 4960 Gregorjunt
3088 4885 3377 4960 Gyraltl_um
3396 4886 3744 4960 Syutagutate

2151 4956 2326 5032 primo
2381 4959 2624 5032 Historia:
2658 4956 2898 5032 Deerant.
2919 4956 3242 5032 Fulgentius
3272 4956 3694 5032 Placiades,_lib.
3726 4972 3740 5010 ι

2153 5027 2472 5103 Mytbolog_._._
2497 5030 2632 5103 dixit
2658 5028 3026 5103 virgunculam
3054 5028 3415 5103 lascivientem
3447 5027 3615 5103 l‘lorali
3650 5042 3743 5103 pe-

2145 5098 2385 5157 tulantia.
2416 5100 2545 5171 Vide
2569 5098 2783 5171 qutede
2811 5099 2946 5153 ludis
2973 5098 3248 5171 lloralibus
3269 5098 3499 5171 diximus
3520 5099 3568 5152 in
3600 5098 3743 5152 notis

2143 5172 2209 5226 ad
2238 5170 2532 5241 Epistolam
2563 5169 2630 5225 ad
2673 5169 2949 5237 Donatum,
2984 5186 3104 5241 pag.
3145 5170 3272 5241 3797.
3309 5169 3505 5224 BALUZ.

2218 5239 2524 5296 Meretrices.
2554 5242 2685 5311 Quae
2723 5239 3017 5312 sequuntur
3058 5239 3107 5295 in
3134 5240 3368 5296 editione
3396 5255 3513 5312 qtuc
3549 5239 3742 5294 dicitur

2144 5311 2344 5375 Gravii,
2390 5311 2443 5366 itt
2475 5311 3156 5380 Patueliana,Rigaltiatta,
3189 5320 3243 5366 et
3288 5311 3597 5380 Anglicana,
3641 5325 3740 5365 nos

2145 5383 2477 5450 Sustulimus,
2520 5385 2641 5450 quia
2685 5399 2745 5439 ea
2782 5384 2834 5438 in
2872 5382 3020 5436 nullo
3065 5391 3309 5437 veterum
3351 5381 3737 5450 exemplarium

2145 5456 2447 5525 reperimus
2471 5455 2662 5523 quibus
2690 5455 2768 5509 usi
2800 5467 3004 5517 sumus,
3035 5453 3155 5522 quia
3181 5452 3373 5525 desunt
3415 5453 3464 5525 in
3496 5452 3740 5525 pluribus

2146 5523 2475 5595 AngliCanis,
2508 5525 2632 5595 quia
2664 5540 2767 5579 non
2791 5531 3005 5578 eXstant
3033 5525 3085 5577 in
3106 5524 3355 5593 ,antiquis
3390 5523 3736 5595 editionibus,

2145 5594 2319 5671 neque
2350 5598 2398 5650 in
2428 5594 2675 5671 Miuuttio,
2705 5604 2761 5650 et
2797 5595 2920 5665 quia
2965 5609 3204 5671 sensum,
3247 5603 3303 5649 ut
3337 5594 3598 5664 Rigaltius
3641 5595 3734 5658 ait,

2144 5666 2486 5735 abrumpunt.
2516 5667 2711 5722 BALUZ.
3076 5666 3087 5671 ’
3246 5680 3251 5683 '

2222 5734 2454 5806 Pcrﬁdia
2489 5738 2740 5809 provenit.
2786 5736 3057 5799 Processit
3094 5747 3287 5796 eventu
3322 5748 3596 5811 prospero.
3640 5734 3733 5792 Βι-

2150 5817 2307 5865 ῦλιιτο
