4272 6278
520 333 615 392 571

1906 328 2040 392 [ΗΠ
2080 337 2399 395 CYPRIANI

3711 335 3822 395 572

521 459 811 532 ﬁnguntur,
846 466 896 514 ιιι
925 459 995 515 sit
1018 459 1156 531 apud
1197 460 1318 517 illos
1343 469 1397 518 et
1422 460 1622 519 Viduus
1636 460 1786 529 deus,
1817 463 1906 534 qui
1938 465 2114 519 anima
2143 468 2193 530 Α
2221 463 2340 526 bus.
2366 464 2621 519 Romanis
2644 477 2874 534 quoque,
2899 468 3027 518 utet
3044 461 3277 530 caneris,
3298 460 3820 531 imperanditempus

523 568 720 623 corpus
746 551 945 617 riduet,
977 553 1066 622 qui
1090 555 1242 623 quasi
1274 553 1454 610 feralis
1485 563 1539 610 et
1566 552 1803 611 funebris
1832 556 1970 610 intra
2000 572 2115 609 mu-

521 659 611 700 ros
644 660 746 699 non
781 642 1025 707 habetur;
1054 654 1108 699 et
1128 628 1497 711 nihilominus,
1521 648 1642 717 quia
1666 648 1897 703 extorris
1921 647 2110 715 factus,

522 735 810 790 damnatur
849 736 1026 804 potius
1058 736 1298 792 Romana
1340 740 1598 809 religione
1624 783 1638 804 ,
1686 755 1844 809 quam
1897 739 2114 795 colitur.

522 829 620 884 Est
648 828 701 883 et
728 827 962 884 Scansus
988 830 1056 883 ab
1087 831 1401 888 ascensibus
1431 832 1606 888 dictus
1634 842 1684 900 α,
1717 841 1769 887 et
1798 832 2058 890 Furculas
2087 847 2118 886 a

528 921 753 988 foribus,
799 932 851 977 et
894 936 922 975 a
961 905 1298 980 liminaribus
1343 925 1695 992 Limenlinus,
1741 934 1793 980 et
1838 923 2042 980 Cardea
2088 938 2116 975 τι

521 1013 827 1068 cardinibus
873 1020 927 1068 et
966 1013 1033 1067 ab
1068 1014 1388 1071 orbitatibus
1425 1016 1638 1072 Orbona
1664 1015 1691 1053 ι)
1716 1015 1756 1087 ].
1801 1014 1863 1069 lli
1899 1015 1969 1069 dii
2007 1014 2116 1068 Ro-

524 1104 691 1158 mani.
721 1103 986 1160 Cteterum
1029 1105 1170 1161 Mars
1200 1107 1482 1171 Thracius,
1527 1117 1583 1163 et
1616 1106 1824 1176 Jupiter
1853 1106 2116 1173 Creticus,

524 1209 577 1254 et
606 1199 744 1255 Juno
781 1200 867 1255 vel
898 1201 1095 1272 Argiva
1142 1202 1225 1256 vel
1274 1201 1454 1257 Samia
1495 1203 1579 1255 vel
1624 1201 1808 1266 Poena,
1856 1208 1911 1255 et
1956 1199 2120 1254 Diana

525 1290 771 1357 Taurica,
800 1298 854 1346 et
879 1290 1102 1346 deorum
1136 1301 1307 1348 mater
1336 1292 1498 1359 Idaea,
1525 1301 1581 1346 et
1607 1289 1863 1362 {Egyptia
1897 1299 2119 1359 porten-

527 1393 598 1450 ta,
642 1398 749 1439 non
790 1385 1007 1438 numina
1042 1402 1056 1437 :
1092 1400 1210 1455 qua:
1255 1378 1439 1456 utique
1467 1384 1510 1439 si
1542 1384 1667 1454 quid
1706 1383 1984 1460 potestatis
2029 1384 2123 1435 Ita-

524 1478 806 1544 bnissent,
853 1491 951 1532 sua
997 1490 1059 1533 ac
1103 1492 1322 1533 suorum
1370 1492 1534 1548 regna
1583 1483 1908 1532 servassent.
1961 1475 2123 1531 Plane

525 1579 650 1627 sunt
676 1569 814 1641 apud
852 1569 1125 1625 Romanos
1153 1579 1205 1626 et
1244 1571 1369 1625 victi
1409 1578 1631 1640 penates
1672 1582 1721 1635 ε,
1752 1581 1883 1638 quos
1915 1565 2119 1622 Encas

528 1662 785 1734 profugus
816 1662 1046 1718 advexit.
1080 1662 1178 1717 Est
1203 1672 1257 1717 et
1278 1661 1458 1717 Verius
1487 1662 1655 1724 calva,
1688 1659 1859 1714 multo
1892 1658 1978 1713 hic
2012 1666 2122 1712 tur-

526 1759 649 1828 pius
677 1757 826 1812 calva
857 1773 1015 1827 quam
1042 1757 1183 1828 apud
1215 1758 1506 1812 Homerum
1538 1756 1836 1810 vulnerata.

2223 557 2459 611 obvenit.
2485 557 2775 621 Caeterum,
2807 557 2849 610 si
2883 556 2947 610 ad
2973 556 3234 625 originem
3267 555 3478 622 redeas,
3505 554 3814 612 erubescas.

2222 650 2457 721 Populus
2496 650 2564 705 de
2594 649 2868 705 sceleratis
2907 656 2961 704 et
2991 650 3311 706 nocentibus
3336 659 3714 719 congregatur,
3760 654 3816 703 et

2221 744 2372 814 asylo
2399 742 2692 797 constituto
2722 741 2846 796 facit
2874 741 3157 796 numerum
3188 741 3477 805 impunitas
3504 739 3814 795 criminum.

2223 834 2395 900 Nunc,
2420 843 2474 887 ut
2498 849 2589 887 rex
2615 834 2728 903 ipse
2756 843 2778 869 ε
2806 833 3162 903 principatum
3188 832 3401 898 habeat,
3425 831 3491 887 ad
3512 832 3736 886 crimina
3760 832 3818 887 lit

2224 924 2484 980 Romulus
2514 924 2794 993 parricida.
2835 924 3027 995 Atque,
3062 938 3118 978 ut
3144 924 3540 978 matrimonium
3583 923 3741 978 faciat
3768 922 3812 990 τ,

2224 1033 2336 1073 rem
2382 1017 2683 1072 concordiae
2724 1032 2817 1087 per
2856 1016 3153 1073 discordias
3191 1017 3515 1086 auspicatur.
3558 1017 3812 1085 Rapiunt,

2225 1110 2507 1174 ferociunt,
2531 1111 2736 1175 fallunt,
2755 1108 2821 1165 ad
2844 1112 3051 1181 copiam
3075 1112 3306 1166 civitatis
3327 1110 3645 1182 augendam.
3672 1110 3817 1180 Nup-

2228 1204 2312 1258 tiae
2341 1213 2464 1257 sunt
2497 1202 2603 1255 illis
2627 1212 2779 1270 rupta
2806 1202 3020 1271 hospitii
3047 1201 3248 1259 fcedera
3271 1211 3465 1256 etcum
3488 1200 3651 1256 sociis
3675 1202 3817 1258 bella

2225 1296 2479 1351 crudelia.
2517 1296 2615 1349 Est
2649 1303 2703 1349 et
2730 1295 2925 1363 gradus
2954 1308 3195 1349 summus
3232 1295 3282 1349 in
3314 1295 3573 1350 Romanis
3605 1295 3819 1350 honori-

2228 1386 2327 1442 bus
2358 1386 2689 1443 consulatus.
2735 1385 2823 1441 Sic
2853 1385 3187 1440 consulatum
3219 1387 3449 1455 cmpisse
3479 1386 3724 1440 videmus
3763 1393 3820 1440 ut

2229 1494 2470 1550 regnum.
2503 1477 2667 1533 Filios
2696 1478 2949 1532 interficit
2977 1478 3172 1532 Brutus
3203 1490 3258 1531 ut
3289 1487 3499 1533 crescat
3526 1478 3594 1533 de
3621 1476 3817 1533 suffra-

2225 1573 2314 1644 gio
2343 1571 2568 1626 sceleris
2592 1570 2989 1627 commendatio
3017 1570 3313 1641 dignitatis.
3345 1570 3460 1625 Non
3489 1584 3616 1642 ergo
3648 1568 3715 1626 de
3744 1588 3823 1627 re-

2229 1665 2515 1736 ligionibus
2540 1664 2739 1719 sanctis
2765 1706 2778 1728 ,
2822 1679 2920 1719 nec
2946 1665 3011 1719 de
3040 1665 3294 1735 auspiciis
3319 1674 3411 1719 aut
3437 1667 3676 1737 auguriis
3706 1665 3816 1719 Ro—

2230 1772 2383 1811 tnana
2426 1772 2584 1827 regna
2617 1765 2946 1823 creverunt,
2980 1757 3073 1811 sed
3111 1766 3388 1826 acceptum
3435 1767 3643 1827 tempus
3672 1764 3822 1811 certo

601 1850 662 1906 V.
696 1851 878 1923 Regna
924 1863 1100 1908 autem
1146 1868 1253 1908 non
1293 1853 1486 1908 merito
1530 1850 1801 1914 accidunt,
1844 1847 1940 1903 sed
1978 1857 2125 1904 sorte
2153 1856 2201 1920 Β
2232 1850 2337 1906 line
2366 1850 2694 1906 custodiunt.
2720 1848 2986 1905 Caeterum
3020 1859 3073 1906 et
3110 1851 3343 1921 Regulus
3374 1851 3610 1920 auspicia
3640 1864 3823 1905 serra-

527 1942 822 1998 variantur.
857 1945 1120 1999 (Steterunt
1152 1943 1436 2013 imperium
1463 1951 1590 1998 ante
1622 1949 1909 2023 tenuerunt
1937 1948 1991 1994 et
2018 1941 2121 1994 As-

458 2078 471 2085 -
526 2035 656 2106 syrii
686 2045 742 2092 et
769 2034 905 2092 Medi
936 2045 991 2092 et
1016 2037 1197 2093 Persae
1224 2034 1275 2105 (ι,
1307 2046 1362 2093 ει
1399 2036 1617 2094 ϐιαιως
1642 2046 1697 2091 ει
1733 2034 2015 2106 [Εεγριίοε
2041 2048 2128 2089 re-

527 2144 720 2201 gnasse
750 2130 1124 2203 cognovimus.
1160 2131 1235 2187 lta
1275 2131 1481 2187 vicibus
1509 2137 1836 2202 potestatum
1868 2127 2127 2182 varianti-

2229 1945 2335 2004 vit,
2378 1953 2429 1995 et
2456 1952 2643 2012 captus
2683 1950 2784 2006 est;
2815 1952 2870 1998 et
2900 1941 3176 1998 Mancinus
3207 1944 3514 2011 religionem
3549 1943 3737 2007 tenuit,
3766 1950 3824 1997 et

2231 2036 2330 2090 sub
2349 2034 2533 2105 jngnm
2569 2034 2766 2089 missus
2804 2043 2885 2089 est
2907 2043 2962 2089 et
2989 2035 3159 2090 victus
3183 2044 3231 2091 8.
3263 2034 3445 2089 Pullos
3466 2034 3658 2091 edaces
3687 2035 3824 2090 Pau—

2236 2126 2320 2181 lus
2352 2125 2555 2192 habuit,
2580 2135 2632 2181 et
2663 2125 2801 2197 apud
2829 2122 3042 2181 Cannas
3074 2135 3249 2182 tamen
3285 2139 3456 2181 cassus
3484 2135 3588 2182 est.
3620 2125 3681 2182 C.
3708 2125 3827 2182 Cte-

1763 2268 2148 2328 LECTIONES
2191 2264 2601 2325 VARIANTES.

592 2393 619 2458 ξι
654 2390 824 2458 pictus
840 2391 969 2441 tibest
992 2402 1024 2440 a
1047 2392 1249 2458 Gronov.
1268 2404 1277 2411 -
1458 2448 1469 2458 _

589 2450 618 2490 b
652 2454 937 2502 Suburbana
957 2466 1071 2516 mss.
1095 2459 1139 2502 et
1162 2450 1309 2516 impr.
1336 2450 1536 2514 passim.

591 2518 613 2547 ο
654 2515 781 2565 Victi
805 2516 948 2566 Grav.
975 2515 1137 2563 Vincti
1165 2513 1330 2565 Camb.

590 2577 760 2639 τιγὸπί
796 2586 860 2639 et
897 2577 1065 2625 Persae
1115 2576 1219 2625 Lin.
1248 2575 1395 2639 Ebor.
1418 2575 1552 2639 Lam.
1582 2574 1708 2639 Bod.
1732 2574 1781 2623 5.
1812 2571 1937 2622 Tltu.
1974 2572 2119 2639 .Foss.

530 2632 769 2690 Mich'Et
792 2638 908 2704 Tyri
926 2641 1043 2692 Ver.
1079 2640 1218 2690 Voss.
1241 2636 1288 2687 4.
1312 2634 1488 2703 Syrius
1507 2635 1655 2687 codd.
1681 2639 1861 2687 Veron.
1885 2640 1931 2686 et
1951 2632 2120 2686 Atreb.

2229 2382 2445 2453 Etumedi
2470 2380 2629 2453 omitti
2645 2378 2971 2453 ed._princeps
2994 2376 3164 2453 Bautis.
3191 2391 3255 2432 ex
3278 2392 3394 2451 mss.
3429 2437 3467 2453 ﬂ
3549 2452 3559 2453 ί
3627 2440 3662 2453 ἢ
3682 2452 3717 2453 η
3749 2444 3760 2453 ι
3783 2439 3794 2451 .

2294 2451 2319 2478 ε
2353 2447 2383 2495 Ι
2385 2451 2435 2497 ια
2456 2458 2570 2495 mss.
2601 2445 2664 2495 In
2688 2437 2803 2495 aliis
2818 2437 3023 2507 expulsa
3046 2450 3115 2492 est
3137 2455 3230 2494 tea:
3252 2441 3411 2508 prima
3427 2437 3583 2491 Nune.
3620 2440 3761 2491 Deest
3777 2439 3827 2492 in

2226 2506 2402 2559 Littdn.

2292 2567 2316 2639 ς
2328 2570 2547 2639 faciunt
2578 2572 2760 2639 Veron.
2790 2563 3190 2639 Quod_co_t_tvenit.
3215 2580 3327 2638 cum
3347 2576 3569 2639 censeat].
3591 2562 3824 2630 Rapiunt.

2291 2630 2401 2683 {Et
2423 2634 2582 2682 victus
2603 2624 2845 2682 transtulit
2862 2627 2976 2680 edit.
2997 2624 3209 2692 Baluzii,
3230 2626 3384 2681 omisit
3408 2624 3579 2680 Iton'tli.

1848 2740 2209 2798 VARIORUM
2248 2737 2476 2797 NOTAE.

530 2864 539 2896 ’
635 2859 833 2916 Viduus
860 2859 1004 2917 deus.
1027 2859 1158 2928 Quis
1184 2860 1360 2916 omnia
1394 2858 1613 2914 ridicula
1640 2857 1861 2913 deorum
1906 2857 2121 2913 nomina

527 2931 837 2989 enarrabit?
881 2931 1026 2988 Talis
1077 2940 1131 2987 et
1169 2932 1397 2987 Scansns
1436 2940 1551 2995 est,
1604 2931 1693 2994 qui
1732 2929 2119 2998 subsequitur,

531 3005 666 3061 tales
690 3003 868 3059 caueri
895 3002 1001 3075 divi
1031 3001 1291 3075 divaeque.
1319 3002 1512 3075 Multos
1541 3010 1596 3075 e_t
1640 3015 1777 3071 pene
1798 3000 2122 3075 innumeros

531 3084 814 3132 narrarunt
852 3074 962 3136 alii,
994 3070 1281 3138 Arnobius,
1336 3074 1428 3127 lib.
1467 3089 1540 3128 tv.
1570 3071 1898 3135 Lactantius,
1943 3070 2033 3125 lib.
2082 3085 2119 3138 ι,

528 3163 646 3218 cap.
668 3147 761 3207 20.
781 3145 1131 3216 Augustinus,
1148 3145 1255 3199 Civ.
1284 3144 1376 3198 Dei
1397 3144 1500 3218 ιιι).
1532 3160 1601 3210 tv,
1629 3157 1745 3213 cap.
1781 3143 1814 3198 8
1836 3159 1850 3209 ;
1870 3157 1969 3198 nec
1998 3157 2123 3197 vero

530 3213 811 3285 complecti
837 3213 1027 3271 omnes
1053 3226 1358 3285 potuerunt.
1386 3213 1620 3270 Causa.

605 3309 670 3362 Et
698 3309 948 3363 Forculus
977 3325 1009 3360 a
1029 3308 1244 3374 foribus,
1273 3316 1322 3361 et
1345 3305 1678 3360 Limentinus.
1709 3304 2037 3374 Augustinus
2064 3303 2127 3357 de

533 3380 666 3443 Civ.,
696 3378 786 3432 Dei
816 3378 904 3431 lib.
926 3394 997 3439 tv,
1016 3392 1114 3445 cap
1165 3378 1217 3440 8,
1242 3387 1514 3432 extremo:
1547 3376 1938 3444 Uttumqnisque
1958 3374 2131 3427 domui

534 3466 643 3505 sua:
673 3450 812 3519 ponit
842 3448 1128 3513 ostiarinm,
1151 3458 1197 3501 et
1231 3449 1349 3519 quia
1384 3451 1533 3519 Immo
1562 3456 1653 3511 cst,
1685 3446 2130 3519 obtruncant/icit.

531 3515 807 3575 'I’res'deos
846 3520 928 3573 isti
975 3530 1270 3587 posuerunt,
1298 3517 1577 3571 Forentum
1626 3518 1839 3587 foribus,
1887 3515 2135 3587 Qui-deam

534 3592 753 3654 cardini,
799 3585 1141 3644 Limentinum
1192 3590 1370 3643 limini.
1416 3589 1502 3642 Ita
1538 3585 1637 3641 non
1686 3589 1844 3655 potuit
1886 3585 2136 3639 Furculas

536 3663 688 3717 simul
719 3665 851 3733 fores
882 3671 933 3733 et
971 3661 1229 3714 cardinem
1261 3662 1509 3727 limenque
1558 3674 1774 3733 seruare.
1818 3655 1968 3711 Adde
2000 3657 2134 3711 Τειό

539 3729 743 3789 ιιιΙΙίιιιι.
778 3733 841 3787 de
864 3732 1085 3798 Corona,
1115 3748 1232 3800 cap.
1271 3733 1359 3795 15,
1384 3739 1610 3785 extrem.
1643 3729 1809 3784 CELL.

609 3825 684 3879 Ab
728 3824 1025 3879 orbitatibus
1055 3823 1279 3878 Orbona.
1315 3823 1536 3887 Plinius,
1572 3821 1665 3875 lib.
1689 3837 1747 3884 ιι,
1780 3835 1896 3891 cap.
1931 3820 1999 3874 7:
2033 3819 2137 3873 Fa-

541 3914 663 3951 num
703 3898 1042 3965 dicatum'est
1076 3895 1293 3949 Orbem:
1338 3895 1407 3965 ad
1449 3894 1607 3947 cedem
1650 3891 1861 3965 Larium
1896 3933 1911 3953 ,
1960 3902 2003 3944 et
2045 3908 2137 3965 ara

544 3968 700 4021 Malas
741 3963 990 4020 Fortuna:
1034 3966 1304 4031 Exquiliis.
1364 3964 1427 4018 Et
1466 3965 1756 4027 Arnobius,
1796 3963 1885 4017 lib.
1916 3967 1987 4026 tv,
2022 3963 2134 4015 cla-

540 4039 681 4091 rius:
715 4036 782 4088 In
806 4036 960 4089 tutela
986 4047 1101 4089 sunt
1142 4035 1362 4089 Orbonae
1406 4036 1567 4088 orbati
1591 4033 1759 4088 liberis
1787 4043 2052 4102 parentes:
2084 4035 2138 4087 in

546 4106 767 4170 Nteniai,
817 4106 997 4173 quibus
1028 4117 1249 4159 extrema
1272 4116 1386 4160 sunt
1418 4118 1664 4174 tempora.
1697 4104 1933 4159 CELLAR.

623 4196 752 4251 Victi
801 4197 1035 4267 Penates.
1078 4197 1332 4265 Virgilius
1362 4197 1429 4267 de
1465 4194 1658 4258 ιΕιιεη,
1681 4195 1773 4249 lib.
1796 4212 1831 4261 t,
1864 4196 2139 4252 72.1mm

543 4270 594 4323 in
625 4267 831 4339 Italiam
863 4266 1070 4339 portans
1100 4268 1349 4337 victosque
1375 4266 1612 4322 Penates.
1643 4267 1829 4339 lason.

628 4338 790 4394 Venus
806 4336 968 4394 calva.
986 4336 1308 4406 Lactantius,
1333 4339 1423 4393 lib.
1452 4354 1487 4407 ι,
1514 4354 1635 4405 cap.
1655 4337 1745 4393 20.
1771 4336 1906 4394 Urbe
1927 4358 1957 4392 a
1977 4339 2140 4394 Gallis

478 4473 487 4477 _
545 4421 806 4479 occupata,
833 4410 1018 4464 obsessi
1047 4411 1097 4463 in
1116 4411 1351 4477 capitolia
1377 4408 1611 4473 Romani,
1630 4417 1754 4463 ’cum
1785 4426 1846 4463 επ
1872 4412 2141 4465 mulierum

544 4482 748 4549 capillis
777 4492 1024 4535 tormenta
1053 4482 1303 4549 fecissent,
1343 4487 1501 4535 eadem
1550 4479 1729 4535 Veneri
1771 4482 1927 4538 caleat
1965 4499 2138 4536 conse-

545 4561 770 4608 crarunt.
806 4553 1003 4607 Bawz.
1990 4578 1995 4583 ε

624 4623 685 4678 ν.
714 4653 784 4662 —
807 4623 1021 4694 Assyrii.
1053 4623 1125 4678 Ita
1156 4633 1365 4678 veteres
1394 4622 1656 4694 editiones
1691 4634 1743 4678 et
1775 4623 1987 4693 quidam
2020 4624 2140 4679 libri

550 4704 784 4757 veteres,
818 4693 926 4748 tum
958 4695 1116 4748 etiam
1156 4694 1425 4748 Minatius.
1459 4693 1559 4749 Alii
1611 4703 1815 4748 veteres
1852 4694 2139 4762 prazfernnt

2226 2857 2439 2914 consul.
2473 2856 2572 2913 Adi
2600 2856 2832 2918 Livium,
2862 2855 2954 2928 lib.
3006 2872 3066 2924 ιι,
3107 2872 3225 2928 cap.
3269 2857 3324 2915 5.
3354 2856 3530 2914 Etiam
3574 2855 3825 2928 Virgilius

2226 2929 2548 3000 attingitlib.
2582 2945 2654 2995 Vl,
2682 2942 2822 2984 vers.
2858 2927 2998 2984 819:

2353 3053 2575 3118 Consulis
2597 3052 2854 3111 imperium
2880 3052 2956 3101 hic
2991 3053 3173 3113 primus
3194 3066 3458 3118 satiusque
3476 3068 3682 3106 secures

2353 3116 2604 3180 Accipiet;
2637 3119 2875 3180 natosque
2900 3124 3184 3180 paterrinova
3210 3116 3339 3167 bella
3365 3116 3639 3180 moventes,

2257 3176 2267 3187 ⁸
2354 3176 2429 3227 Ad
2456 3176 2647 3239 poenam
2674 3176 2873 3239 pulchra
2903 3176 2996 3239 pro
3022 3177 3254 3229 libertate
3274 3181 3470 3230 vocabit

2354 3239 2547 3290 Infelix.
3462 3266 3469 3275 -
3592 3240 3729 3292 Cncn.

2157 3351 2201 3415 C
2308 3344 2526 3414 Tempus
2547 3353 2681 3398 certo
2705 3343 2804 3413 ﬁne
2832 3344 2900 3397 ad
2946 3352 3138 3415 tempus
3172 3342 3327 3415 idem,
3357 3350 3459 3409 est,
3505 3342 3645 3413 quod
3694 3352 3827 3397 certo

2241 3417 2360 3485 ﬁne.
2399 3417 2538 3484 Ergo
2567 3414 2795 3470 altermn
2827 3414 3048 3468 alterius
3077 3415 3274 3484 glossa.
3316 3414 3495 3469 Possis
3538 3416 3698 3469 etiam
3733 3431 3829 3467 su-

2238 3484 2462 3542 baudire
2490 3497 2700 3554 tempus
2727 3484 3010 3554 imperandi
3034 3493 3309 3555 acceptum
3337 3502 3365 3539 a
3401 3485 3507 3540 Deo
3525 3485 3832 3540 custodiunt.

2240 3574 2334 3613 seu
2382 3558 2612 3628 retinent
2644 3564 2792 3611 certo
2831 3555 2954 3622 line,
2993 3572 3100 3628 quo
3153 3557 3615 3628 appropinquante
3655 3558 3722 3612 ab
3767 3558 3831 3612 iis

2238 3632 2524 3683 auferetur.
2547 3626 2805 3682 LINDNER.

2316 3700 2561 3771 Regulus.
2599 3697 2800 3771 Hmcget
2842 3714 2961 3771 quae
3000 3709 3295 3771 sequuntur
3320 3699 3385 3753 ad
3409 3698 3629 3755 verbum
3667 3697 3834 3754 ferme

2241 3768 2450 3842 sumpta
2478 3780 2601 3825 sunt
2631 3786 2695 3842 es
2723 3768 2974 3842 blinutio.
2997 3769 3194 3827 BALUZ.

2316 3839 2379 3895 Et
2408 3843 2587 3896 victus.
2618 3839 2811 3894 Addidi
2838 3840 2979 3895 istud
3005 3857 3069 3897 ex
3102 3842 3238 3896 libro
3262 3840 3514 3897 Fuxensi.
3539 3840 3828 3897 Audaciam

2242 3914 2395 3968 istam
2434 3912 2561 3966 mihi
2605 3911 2727 3965 fecit
2773 3906 3052 3971 Minatius.
3107 3913 3246 3983 apttd
3289 3928 3444 3976 quem
3490 3914 3559 3968 ita
3601 3912 3831 3983 legitur:

2244 3983 2515 4039 Mancinus
2546 3983 2841 4053 religionem
2871 3983 3046 4055 tenuit,
3074 3992 3117 4035 et
3142 3984 3233 4038 sub
3261 3984 3461 4055 signum
3490 3985 3672 4037 missus
3699 3995 3767 4036 est
3790 3990 3835 4036 ct

2242 4055 2461 4111 deditus.
2521 4051 2740 4108 ΡΜ*εο
2785 4053 2924 4122 quod
2967 4051 3215 4110 Minnlius
3249 4051 3381 4110 dixit
3429 4054 3650 4121 deditus,
3699 4054 3833 4109 liber

2243 4124 2501 4181 Fttxensis
2535 4127 2690 4179 habet
2720 4125 2900 4177 victus.
2936 4124 3132 4179 BALUZ.

2314 4195 2496 4251 Pullos
2520 4197 2714 4250 edaces.
2741 4195 2855 4248 Duo
2879 4195 2995 4248 libri
3012 4206 3221 4251 veteres
3244 4195 3443 4250 habent
3465 4194 3705 4250 vultures.
3729 4194 3834 4250 Sed

2243 4284 2304 4323 ea
2336 4268 2494 4323 lectio
2537 4283 2642 4321 non
2688 4266 2935 4321 convenit
2975 4280 3094 4321 cum
3135 4267 3378 4322 historia.
3432 4267 3503 4321 Ea
3543 4266 3832 4320 admodum

2245 4338 2429 4394 festiva
2462 4347 2564 4393 est.
2600 4336 2848 4392 Referam
2871 4346 3050 4392 autem
3088 4337 3232 4392 illam
3251 4354 3314 4393 ex
3344 4336 3560 4393 Valerio
3584 4337 3832 4403 Maximo,

2245 4409 2336 4464 lib.
2371 4425 2405 4473 ι,
2439 4425 2555 4477 cap.
2588 4408 2638 4463 4.
2682 4406 2750 4461 Ρ.
2797 4407 3040 4462 Claudius
3074 4408 3202 4463 bello
3247 4407 3447 4463 Punico
3494 4409 3675 4477 primo,
3722 4422 3837 4461 cum

2246 4480 2476 4549 prwlium
2523 4479 2698 4533 navale
2743 4479 3051 4531 committere
3098 4480 3263 4541 vellet,
3294 4479 3673 4550 auspiciumque
3698 4493 3838 4550 more

2244 4548 2498 4621 majorum
2532 4551 2768 4619 peliissel.
2812 4559 2858 4602 et
2889 4550 3141 4619 pullarius
3182 4566 3283 4604 non
3320 4548 3459 4604 exire
3483 4548 3837 4621 caveapnllos

2244 4624 2542 4681 nuntiasset.
2576 4622 2729 4691 abjici
2751 4636 2833 4673 eos
2865 4621 3087 4691 infitiare
3126 4622 3269 4691 iussit
3310 4621 3517 4674 dicens:
3563 4620 3692 4685 Quia
3720 4635 3839 4691 esse

2247 4694 2445 4757 nolunt,
2478 4689 2664 4746 bibant.
2714 4690 3002 4746 Suetonius
3040 4692 3089 4745 in
3128 4690 3374 4746 Tiberio:
3428 4691 3671 4745 Claudius
3712 4689 3839 4744 Pul-

549 4765 694 4835 Syri.
726 4753 825 4818 Alii
864 4780 989 4818 XXVI
1039 4767 1292 4819 omittunt
1339 4768 1664 4835 mentionem
1698 4753 1993 4819 Medorum.
2032 4765 2136 4819 Sed
2165 4753 2219 4813 D
2246 4765 2364 4818 cher
2390 4753 2529 4833 apud
2557 4762 2790 4817 Siciliam
2813 4762 3240 4835 nonposcentibus
3256 4762 3314 4835 in
3328 4763 3642 4835 auspicando
3659 4759 3836 4835 pullis,

547 4834 635 4890 alii
662 4845 889 4906 quatuor
910 4835 1050 4889 illam
1080 4836 1297 4900 habent,
1315 4838 1547 4905 itemque
1570 4834 1840 4906 Minatius.
1876 4836 2140 4890 Prmterea

548 4905 717 4961 codex
755 4907 1074 4960 Veronensis
1104 4918 1157 4961 et
1185 4909 1352 4961 code:
1376 4907 1543 4961 sancti
1568 4905 1725 4975 Eligii
1753 4906 2141 4961 Altrebatensis

550 4977 751 5032 addunt
780 4979 989 5046 Tyrius.
1025 4977 1294 5048 Medorum
1319 4978 1465 5048 regni
1496 4978 1694 5031 mentio
1722 4977 1875 5030 deest
1894 4976 2053 5029 etiam
2088 4978 2138 5030 in

549 5048 876 5103 editionibus
928 5047 1145 5101 Mauulii
1200 5057 1255 5102 et
1294 5047 1537 5103 More-Ilii.
1595 5048 1796 5117 Assyrii
1836 5048 1923 5116 qui
1968 5048 2140 5115 primo

550 5119 675 5173 dicti
719 5128 865 5182 sunt,
911 5130 1089 5188 postea
1121 5120 1259 5188 Syrii
1304 5127 1429 5172 sunt
1473 5116 1744 5188 appellati.
1782 5116 1910 5172 Vide
1949 5117 2142 5174 Renati

550 5189 802 5260 Mansueti
830 5190 1232 5243 dissertationes
1262 5190 1327 5243 ad
1356 5188 1797 5260 IrenmumLpag.
1831 5190 1918 5253 7i,
1951 5188 1979 5260 §
2014 5189 2137 5242 142.

551 5258 816 5315 Arbactns
844 5261 1126 5330 imperium
1161 5262 1228 5315 ab
1261 5261 1500 5332 Assyriis
1536 5258 1812 5332 ad‘Medos
1854 5258 2142 5332 transtulit,

549 5341 603 5387 et
631 5338 812 5400 postea
834 5329 1145 5385 translatum
1168 5341 1247 5386 est
1268 5331 1334 5385 ad
1354 5329 1565 5386 Persas.
1597 5329 1670 5384 Ita
1700 5330 1856 5385 docet
1880 5330 2141 5398 Justinus,

550 5402 643 5456 lib.
678 5407 765 5457 tet
795 5417 898 5456 ut.
934 5403 1129 5457 llALuz.

626 5473 878 5527 Romulus
932 5474 1213 5542 parricida.
1270 5473 1627 5543 Hieronymus
1679 5471 1729 5526 in
1787 5471 2023 5543 Epistula
2078 5471 2143 5526 ad

554 5543 831 5598 Rusticum
856 5545 1173 5599 monachum
1203 5563 1214 5598 :
1245 5547 1406 5601 Roma
1426 5554 1477 5597 ut
1505 5543 1708 5597 condita
1730 5547 1948 5611 est‘dttos
1964 5545 2147 5614 fratres

550 5617 703 5667 simul
736 5631 875 5685 reges
904 5615 1086 5669 habere
1136 5633 1237 5669 non
1283 5619 1440 5685 potuit
1475 5624 1520 5667 et
1553 5616 1824 5683 parricidio
1860 5615 2145 5668 dedicatur.

552 5685 818 5807 Lucautltis.
850 5685 979 5739 lib.l
1019 5704 1030 5737 :
1078 5686 1327 5741 Fraterno
1373 5687 1522 5757 primi
1569 5687 1866 5741 maduerunt
1905 5686 2152 5756 sanguine

552 5771 705 5806 murn
784 5771 936 5807 ΑιυΖ.

552 5771 705 5806 muri.
740 5771 936 5809 υΑιυΖ.

626 5821 788 5875 Filios
816 5824 1053 5891 interﬁcit
1084 5825 1296 5882 Brutus.
1335 5826 1398 5881 L.
1446 5825 1636 5883 Junius
1677 5826 1895 5894 Brutus,
1944 5826 2151 5896 primus

2243 4851 2303 4888 ac
2340 4850 2428 4904 per
2464 4843 2801 4903 contemptum
2837 4832 3096 4904 religionis
3114 4833 3241 4885 mari
3280 4833 3520 4886 demersis
3540 4842 3593 4886 ut
3621 4832 3842 4885 biberent

2244 4903 2447 4975 quando
2476 4921 2581 4957 esse
2608 4904 2819 4966 nollent,
2867 4903 3098 4968 pra'liutn
3128 4904 3306 4958 nauale
3346 4904 3494 4975 iniit;
3545 4913 3842 4975 superatus-

2243 4971 2357 5041 aue,
2381 4993 2494 5030 cum
2522 4975 2816 5028 dictatorem
2847 4974 3011 5045 dicere
3041 4992 3071 5029 a
3111 4985 3289 5028 senatu
3310 4971 3617 5045 jnberetur,'
3636 4971 3842 5045 llirium

2244 5048 2483 5101 viatorem
2507 5062 2655 5098 suum
2694 5045 2852 5099 dedit.
2887 5044 3020 5098 llinc
3040 5046 3145 5111 joci
3167 5043 3321 5098 Pauli
3355 5045 3494 5112 apud
3523 5043 3836 5111 Martialem,

2245 5117 2337 5171 lib.
2366 5134 2403 5183 ι,
2437 5115 2613 5184 Epigr.
2648 5115 2738 5170 29.
2769 5115 3009 5169 Similem
3033 5115 3203 5170 ferme
3231 5115 3506 5170 historiam
3538 5114 3605 5168 de
3631 5112 3689 5167 C.
3718 5113 3842 5184 Fla-

2247 5189 2414 5241 minio
2455 5183 2674 5241 consule
2705 5194 2882 5240 narrat
2924 5184 3113 5241 Cicero
3141 5188 3193 5240 in
3229 5185 3366 5241 libro
3399 5187 3571 5254 primo
3602 5184 3668 5239 de
3698 5183 3843 5238 llivi-

2248 5261 2481 5314 natione.
2542 5257 2667 5312 Haec
2702 5267 2823 5310 sunt
2873 5256 2991 5324 ejus
3023 5257 3213 5311 verba:
3263 5257 3409 5310 Idem
3455 5272 3571 5308 cum
3616 5254 3843 5324 tripudio

2249 5332 2618 5397 auspicaretur,
2669 5328 2918 5397 pullarius
2959 5327 3089 5382 diem
3134 5328 3297 5398 prwlii
3319 5325 3663 5382 committendi
3693 5324 3844 5398 diffe-

2247 5401 2405 5456 rebat.
2444 5400 2571 5453 Tum
2602 5398 2889 5453 Flaminius
2917 5415 2978 5453 ex
2998 5415 3055 5452 eo
3081 5397 3327 5470 quwsivit,
3362 5399 3405 5452 si
3434 5415 3496 5451 ne
3524 5407 3696 5465 postea
3724 5397 3842 5467 qni-

2250 5472 2361 5525 dem
2395 5471 2522 5537 pulli
2555 5478 2897 5538 pascerentur,
2938 5472 3060 5541 quid
3104 5470 3394 5541 faciendum
3448 5476 3669 5541 censeret
3693 5510 3708 5533 ,
3730 5483 3845 5521 cunt

2250 5544 2334 5596 ille
2358 5542 2711 5611 quiescendum
2741 5539 3429 5609 respondisset,Flaminius,
3461 5540 3707 5608 prmclara
3730 5554 3846 5611 vero

2252 5609 2499 5680 auspicia,
2526 5614 2567 5666 si
2594 5612 2925 5668 esurientibus
2957 5614 3110 5679 pullis
3148 5629 3226 5666 res
3271 5612 3377 5682 geri
3419 5612 3620 5680 poterit.
3661 5609 3849 5682 saturis

2255 5686 2381 5737 nihil
2416 5696 2635 5755 geretur.
2678 5683 2865 5755 Itaque
2899 5684 3043 5753 signa
3082 5680 3295 5738 convelli
3326 5694 3371 5737 et
3411 5698 3465 5755 se
3501 5682 3641 5755 sequi
3667 5680 3846 5751 jussit.

2260 5756 2372 5823 Quo
2404 5753 2627 5823 tempore
2670 5771 2780 5807 cum
2826 5754 3039 5825 signifer
3083 5755 3232 5824 primi
3278 5753 3849 5825 hastati_signunt_non

2256 5819 2422 5897 posset
2444 5819 2638 5880 movere
2656 5826 2784 5892 loco,
2827 5819 2919 5878 nec
2955 5819 3223 5894 antequam
3247 5826 3312 5858 ’τι
3350 5819 3635 5895 proliceret,
3676 5819 3850 5891 plures
