  <div class='ocr_page' id='page_1' title='image "/cluster/home/n/w/nwhite01/storage/ocr_20150623/4/hvd.32044048207708/292.png"; bbox 0 0 4302 6296; ppageno 0'>
   <div class='ocr_carea' id='block_1_1' title="bbox 350 1678 383 1695">
    <p class='ocr_par' dir='ltr' id='par_1_1' title="bbox 350 1678 383 1695">
     <span class='ocr_line' id='line_1_1' title="bbox 350 1678 383 1695; baseline 0 0"><span class='ocrx_word' id='word_1_1' title='bbox 350 1678 383 1695; x_wconf 69' lang='grc' dir='ltr'><strong>*ιι</strong></span> 
     </span>
    </p>
   </div>
   <div class='ocr_carea' id='block_1_2' title="bbox 388 275 531 369">
    <p class='ocr_par' dir='ltr' id='par_1_2' title="bbox 388 275 531 369">
     <span class='ocr_line' id='line_1_2' title="bbox 388 275 531 369; baseline -0.021 0"><span class='ocrx_word' id='word_1_2' title='bbox 388 306 494 369; x_wconf 74' lang='lat'><strong>573</strong></span> <span class='ocrx_word' id='word_1_3' title='bbox 522 275 531 278; x_wconf 45' lang='grc'><strong><em>⁷</em></strong></span> 
     </span>
    </p>
   </div>
   <div class='ocr_carea' id='block_1_3' title="bbox 1415 302 2547 377">
    <p class='ocr_par' dir='ltr' id='par_1_3' title="bbox 1415 302 2547 377">
     <span class='ocr_line' id='line_1_3' title="bbox 1415 302 2547 377; baseline 0.004 -6"><span class='ocrx_word' id='word_1_4' title='bbox 1415 314 1614 372; x_wconf 79' lang='lat' dir='ltr'><strong>mssa</strong></span> <span class='ocrx_word' id='word_1_5' title='bbox 1657 315 1745 371; x_wconf 74' lang='lat' dir='ltr'><strong>ne</strong></span> <span class='ocrx_word' id='word_1_6' title='bbox 1786 302 2136 376; x_wconf 76' lang='lat' dir='ltr'><strong>[DOLORUM</strong></span> <span class='ocrx_word' id='word_1_7' title='bbox 2177 317 2547 377; x_wconf 82' lang='lat' dir='ltr'><strong>VANITATE.</strong></span> 
     </span>
    </p>
   </div>
   <div class='ocr_carea' id='block_1_4' title="bbox 3566 317 3689 382">
    <p class='ocr_par' dir='ltr' id='par_1_4' title="bbox 3566 317 3689 382">
     <span class='ocr_line' id='line_1_4' title="bbox 3566 317 3689 382; baseline 0.016 -3"><span class='ocrx_word' id='word_1_8' title='bbox 3566 317 3689 382; x_wconf 61' lang='lat' dir='ltr'><strong>57L</strong></span> 
     </span>
    </p>
   </div>
   <div class='ocr_carea' id='block_1_5' title="bbox 387 420 3681 507">
    <p class='ocr_par' dir='ltr' id='par_1_5' title="bbox 387 420 3681 507">
     <span class='ocr_line' id='line_1_5' title="bbox 387 420 3681 507; baseline 0.003 -25"><span class='ocrx_word' id='word_1_9' title='bbox 387 440 498 491; x_wconf 85' lang='lat' dir='ltr'><strong>sar,</strong></span> <span class='ocrx_word' id='word_1_10' title='bbox 527 438 592 480; x_wconf 90' lang='lat' dir='ltr'><strong>ne</strong></span> <span class='ocrx_word' id='word_1_11' title='bbox 614 432 739 481; x_wconf 92' lang='lat' dir='ltr'><strong>ante</strong></span> <span class='ocrx_word' id='word_1_12' title='bbox 761 425 1006 482; x_wconf 80' lang='lat' dir='ltr'><strong>brumam</strong></span> <span class='ocrx_word' id='word_1_13' title='bbox 1029 428 1081 484; x_wconf 92' lang='lat' dir='ltr'><strong>in</strong></span> <span class='ocrx_word' id='word_1_14' title='bbox 1107 427 1341 485; x_wconf 80' lang='lat' dir='ltr'><strong>Africam</strong></span> <span class='ocrx_word' id='word_1_15' title='bbox 1366 420 1615 503; x_wconf 52' lang='lat' dir='ltr'><strong>navigiatl</strong></span> <span class='ocrx_word' id='word_1_16' title='bbox 1644 431 1975 488; x_wconf 89' lang='lat' dir='ltr'><strong>transmitte-</strong></span> <span class='ocrx_word' id='word_1_17' title='bbox 2000 430 2055 497; x_wconf 76' lang='grc' dir='ltr'>Α</span> <span class='ocrx_word' id='word_1_18' title='bbox 2080 442 2133 490; x_wconf 90' lang='lat' dir='ltr'><strong>et</strong></span> <span class='ocrx_word' id='word_1_19' title='bbox 2173 432 2400 488; x_wconf 83' lang='lat' dir='ltr'><strong>formam</strong></span> <span class='ocrx_word' id='word_1_20' title='bbox 2433 434 2543 489; x_wconf 85' lang='lat' dir='ltr'><strong>veri</strong></span> <span class='ocrx_word' id='word_1_21' title='bbox 2576 434 2667 489; x_wconf 87' lang='lat' dir='ltr'><strong>Dei</strong></span> <span class='ocrx_word' id='word_1_22' title='bbox 2699 440 2859 505; x_wconf 86' lang='lat' dir='ltr'><strong>negat</strong></span> <span class='ocrx_word' id='word_1_23' title='bbox 2890 434 3125 506; x_wconf 85' lang='lat' dir='ltr'><strong>conspici</strong></span> <span class='ocrx_word' id='word_1_24' title='bbox 3160 448 3339 506; x_wconf 89' lang='lat' dir='ltr'><strong>posse,</strong></span> <span class='ocrx_word' id='word_1_25' title='bbox 3374 444 3432 492; x_wconf 91' lang='lat' dir='ltr'><strong>et</strong></span> <span class='ocrx_word' id='word_1_26' title='bbox 3458 437 3681 507; x_wconf 76' lang='lat' dir='ltr'><strong>angelos</strong></span> 
     </span>
    </p>
   </div>
   <div class='ocr_carea' id='block_1_6' title="bbox 384 518 1979 596">
    <p class='ocr_par' dir='ltr' id='par_1_6' title="bbox 384 518 1979 596">
     <span class='ocr_line' id='line_1_6' title="bbox 384 518 1979 596; baseline 0.003 -21"><span class='ocrx_word' id='word_1_27' title='bbox 384 529 469 575; x_wconf 93' lang='lat' dir='ltr'><strong>ret</strong></span> <span class='ocrx_word' id='word_1_28' title='bbox 512 518 750 590; x_wconf 81' lang='lat' dir='ltr'><strong>auguriis</strong></span> <span class='ocrx_word' id='word_1_29' title='bbox 778 530 833 576; x_wconf 91' lang='lat' dir='ltr'><strong>et</strong></span> <span class='ocrx_word' id='word_1_30' title='bbox 860 522 1114 592; x_wconf 83' lang='lat' dir='ltr'><strong>auspiciis</strong></span> <span class='ocrx_word' id='word_1_31' title='bbox 1144 525 1525 590; x_wconf 71' lang='lat' dir='ltr'><strong>renitentibus,</strong></span> <span class='ocrx_word' id='word_1_32' title='bbox 1555 527 1774 596; x_wconf 88' lang='lat' dir='ltr'><strong>sprevit,</strong></span> <span class='ocrx_word' id='word_1_33' title='bbox 1802 540 1868 581; x_wconf 85' lang='lat' dir='ltr'><strong>eo</strong></span> <span class='ocrx_word' id='word_1_34' title='bbox 1897 524 1979 580; x_wconf 87' lang='lat' dir='ltr'><strong>fa-</strong></span> 
     </span>
    </p>
   </div>
   <div class='ocr_carea' id='block_1_7' title="bbox 385 611 1183 683">
    <p class='ocr_par' dir='ltr' id='par_1_7' title="bbox 385 611 1183 683">
     <span class='ocr_line' id='line_1_7' title="bbox 385 611 1183 683; baseline 0.003 -17"><span class='ocrx_word' id='word_1_35' title='bbox 385 611 547 667; x_wconf 90' lang='lat' dir='ltr'><strong>cilius</strong></span> <span class='ocrx_word' id='word_1_36' title='bbox 576 620 631 667; x_wconf 90' lang='lat' dir='ltr'><strong>et</strong></span> <span class='ocrx_word' id='word_1_37' title='bbox 660 613 928 683; x_wconf 75' lang='lat' dir='ltr'><strong>navigavit</strong></span> <span class='ocrx_word' id='word_1_38' title='bbox 955 623 1008 670; x_wconf 91' lang='lat' dir='ltr'><strong>et</strong></span> <span class='ocrx_word' id='word_1_39' title='bbox 1037 616 1183 672; x_wconf 90' lang='lat' dir='ltr'><strong>vicit.</strong></span> 
     </span>
    </p>
   </div>
   <div class='ocr_carea' id='block_1_8' title="bbox 457 705 1983 782">
    <p class='ocr_par' dir='ltr' id='par_1_8' title="bbox 457 705 1983 782">
     <span class='ocr_line' id='line_1_8' title="bbox 457 705 1983 782; baseline 0.003 -20"><span class='ocrx_word' id='word_1_40' title='bbox 457 705 547 762; x_wconf 86' lang='lat' dir='ltr'><strong>Vl.</strong></span> <span class='ocrx_word' id='word_1_41' title='bbox 580 706 777 762; x_wconf 86' lang='lat' dir='ltr'><strong>Horum</strong></span> <span class='ocrx_word' id='word_1_42' title='bbox 818 715 997 764; x_wconf 85' lang='lat' dir='ltr'><strong>autem</strong></span> <span class='ocrx_word' id='word_1_43' title='bbox 1031 710 1268 765; x_wconf 91' lang='lat' dir='ltr'><strong>omnium</strong></span> <span class='ocrx_word' id='word_1_44' title='bbox 1303 712 1440 765; x_wconf 89' lang='lat' dir='ltr'><strong>ratio</strong></span> <span class='ocrx_word' id='word_1_45' title='bbox 1466 719 1549 767; x_wconf 75' lang='lat' dir='ltr'><strong>est</strong></span> <span class='ocrx_word' id='word_1_46' title='bbox 1582 712 1668 766; x_wconf 91' lang='lat' dir='ltr'><strong>illa</strong></span> <span class='ocrx_word' id='word_1_47' title='bbox 1695 727 1815 782; x_wconf 64' lang='lat' dir='ltr'><strong>quae</strong></span> <span class='ocrx_word' id='word_1_48' title='bbox 1851 711 1983 767; x_wconf 85' lang='lat' dir='ltr'><strong>fallit</strong></span> 
     </span>
    </p>
   </div>
   <div class='ocr_carea' id='block_1_9' title="bbox 384 801 1982 873">
    <p class='ocr_par' dir='ltr' id='par_1_9' title="bbox 384 801 1982 873">
     <span class='ocr_line' id='line_1_9' title="bbox 384 801 1982 873; baseline 0.002 -16"><span class='ocrx_word' id='word_1_49' title='bbox 384 808 440 857; x_wconf 88' lang='lat' dir='ltr'><strong>et</strong></span> <span class='ocrx_word' id='word_1_50' title='bbox 468 801 687 871; x_wconf 86' lang='lat' dir='ltr'><strong>decipit,</strong></span> <span class='ocrx_word' id='word_1_51' title='bbox 735 810 791 857; x_wconf 89' lang='lat' dir='ltr'><strong>et</strong></span> <span class='ocrx_word' id='word_1_52' title='bbox 813 802 1095 873; x_wconf 76' lang='lat' dir='ltr'><strong>praestigiis</strong></span> <span class='ocrx_word' id='word_1_53' title='bbox 1119 803 1440 858; x_wconf 63' lang='lat' dir='ltr'><strong>evocantibus</strong></span> <span class='ocrx_word' id='word_1_54' title='bbox 1462 805 1737 860; x_wconf 90' lang='lat' dir='ltr'><strong>veritatem</strong></span> <span class='ocrx_word' id='word_1_55' title='bbox 1762 805 1982 860; x_wconf 90' lang='lat' dir='ltr'><strong>stultum</strong></span> 
     </span>
    </p>
   </div>
   <div class='ocr_carea' id='block_1_10' title="bbox 382 892 1981 965">
    <p class='ocr_par' dir='ltr' id='par_1_10' title="bbox 382 892 1981 965">
     <span class='ocr_line' id='line_1_10' title="bbox 382 892 1981 965; baseline 0.002 -16"><span class='ocrx_word' id='word_1_56' title='bbox 382 901 439 949; x_wconf 89' lang='lat' dir='ltr'><strong>et</strong></span> <span class='ocrx_word' id='word_1_57' title='bbox 475 892 754 949; x_wconf 89' lang='lat' dir='ltr'><strong>credulum</strong></span> <span class='ocrx_word' id='word_1_58' title='bbox 796 895 985 965; x_wconf 89' lang='lat' dir='ltr'><strong>vulgus</strong></span> <span class='ocrx_word' id='word_1_59' title='bbox 1028 894 1245 949; x_wconf 83' lang='lat' dir='ltr'><strong>inducit.</strong></span> <span class='ocrx_word' id='word_1_60' title='bbox 1289 895 1519 963; x_wconf 84' lang='lat' dir='ltr'><strong>Spiritus</strong></span> <span class='ocrx_word' id='word_1_61' title='bbox 1566 906 1692 951; x_wconf 88' lang='lat' dir='ltr'><strong>sunt</strong></span> <span class='ocrx_word' id='word_1_62' title='bbox 1730 896 1981 952; x_wconf 75' lang='lat' dir='ltr'><strong>insinceri</strong></span> 
     </span>
    </p>
   </div>
   <div class='ocr_carea' id='block_1_11' title="bbox 381 985 1979 1057">
    <p class='ocr_par' dir='ltr' id='par_1_11' title="bbox 381 985 1979 1057">
     <span class='ocr_line' id='line_1_11' title="bbox 381 985 1979 1057; baseline 0.001 -17"><span class='ocrx_word' id='word_1_63' title='bbox 381 994 436 1040; x_wconf 89' lang='lat' dir='ltr'><strong>et</strong></span> <span class='ocrx_word' id='word_1_64' title='bbox 457 985 595 1056; x_wconf 88' lang='lat' dir='ltr'><strong>vagi,</strong></span> <span class='ocrx_word' id='word_1_65' title='bbox 619 985 734 1055; x_wconf 86' lang='lat' dir='ltr'><strong>qui,</strong></span> <span class='ocrx_word' id='word_1_66' title='bbox 760 994 1107 1056; x_wconf 73' lang='lat' dir='ltr'><strong>posteaquam</strong></span> <span class='ocrx_word' id='word_1_67' title='bbox 1138 987 1365 1041; x_wconf 83' lang='lat' dir='ltr'><strong>terrenis</strong></span> <span class='ocrx_word' id='word_1_68' title='bbox 1390 988 1532 1041; x_wconf 81' lang='lat' dir='ltr'><strong>vitiis</strong></span> <span class='ocrx_word' id='word_1_69' title='bbox 1560 988 1796 1042; x_wconf 83' lang='lat' dir='ltr'><strong>immersi</strong></span> <span class='ocrx_word' id='word_1_70' title='bbox 1829 997 1979 1057; x_wconf 89' lang='lat' dir='ltr'><strong>sunt,</strong></span> 
     </span>
    </p>
   </div>
   <div class='ocr_carea' id='block_1_12' title="bbox 381 1075 1977 1148">
    <p class='ocr_par' dir='ltr' id='par_1_12' title="bbox 381 1075 1977 1148">
     <span class='ocr_line' id='line_1_12' title="bbox 381 1075 1977 1148; baseline 0.003 -18"><span class='ocrx_word' id='word_1_71' title='bbox 381 1084 436 1130; x_wconf 93' lang='lat' dir='ltr'><strong>ct</strong></span> <span class='ocrx_word' id='word_1_72' title='bbox 464 1090 492 1128; x_wconf 90' lang='lat' dir='ltr'><strong>a</strong></span> <span class='ocrx_word' id='word_1_73' title='bbox 528 1075 713 1145; x_wconf 83' lang='lat' dir='ltr'><strong>vigore</strong></span> <span class='ocrx_word' id='word_1_74' title='bbox 734 1076 940 1130; x_wconf 78' lang='lat' dir='ltr'><strong>caelesti</strong></span> <span class='ocrx_word' id='word_1_75' title='bbox 970 1084 1185 1131; x_wconf 89' lang='lat' dir='ltr'><strong>terreno</strong></span> <span class='ocrx_word' id='word_1_76' title='bbox 1213 1079 1459 1148; x_wconf 87' lang='lat' dir='ltr'><strong>contagio</strong></span> <span class='ocrx_word' id='word_1_77' title='bbox 1487 1088 1845 1144; x_wconf 84' lang='lat' dir='ltr'><strong>recesserunt,</strong></span> <span class='ocrx_word' id='word_1_78' title='bbox 1872 1095 1977 1135; x_wconf 92' lang='lat' dir='ltr'><strong>non</strong></span> 
     </span>
    </p>
   </div>
   <div class='ocr_carea' id='block_1_13' title="bbox 381 1165 1980 1242">
    <p class='ocr_par' dir='ltr' id='par_1_13' title="bbox 381 1165 1980 1242">
     <span class='ocr_line' id='line_1_13' title="bbox 381 1165 1980 1242; baseline 0.003 -20"><span class='ocrx_word' id='word_1_79' title='bbox 381 1165 631 1222; x_wconf 92' lang='lat' dir='ltr'><strong>desinunt</strong></span> <span class='ocrx_word' id='word_1_80' title='bbox 658 1167 850 1236; x_wconf 89' lang='lat' dir='ltr'><strong>perditi</strong></span> <span class='ocrx_word' id='word_1_81' title='bbox 883 1166 911 1205; x_wconf 71' lang='grc' dir='ltr'><strong>ιι</strong></span> <span class='ocrx_word' id='word_1_82' title='bbox 949 1168 1175 1239; x_wconf 82' lang='lat' dir='ltr'><strong>perdere</strong></span> <span class='ocrx_word' id='word_1_83' title='bbox 1205 1178 1259 1224; x_wconf 89' lang='lat' dir='ltr'><strong>et</strong></span> <span class='ocrx_word' id='word_1_84' title='bbox 1285 1169 1562 1241; x_wconf 85' lang='lat' dir='ltr'><strong>depravati</strong></span> <span class='ocrx_word' id='word_1_85' title='bbox 1595 1185 1832 1225; x_wconf 88' lang='lat' dir='ltr'><strong>errorem</strong></span> <span class='ocrx_word' id='word_1_86' title='bbox 1858 1186 1980 1242; x_wconf 89' lang='lat' dir='ltr'><strong>pra-</strong></span> 
     </span>
    </p>
   </div>
   <div class='ocr_carea' id='block_1_14' title="bbox 380 1258 1978 1335">
    <p class='ocr_par' dir='ltr' id='par_1_14' title="bbox 380 1258 1978 1335">
     <span class='ocr_line' id='line_1_14' title="bbox 380 1258 1978 1335; baseline 0.006 -25"><span class='ocrx_word' id='word_1_87' title='bbox 380 1258 559 1314; x_wconf 81' lang='lat' dir='ltr'><strong>vitatis</strong></span> <span class='ocrx_word' id='word_1_88' title='bbox 592 1258 893 1335; x_wconf 80' lang='lat' dir='ltr'><strong>infundere.</strong></span> <span class='ocrx_word' id='word_1_89' title='bbox 931 1260 1037 1316; x_wconf 84' lang='lat' dir='ltr'><strong>llos</strong></span> <span class='ocrx_word' id='word_1_90' title='bbox 1066 1269 1122 1317; x_wconf 91' lang='lat' dir='ltr'><strong>et</strong></span> <span class='ocrx_word' id='word_1_91' title='bbox 1154 1271 1325 1332; x_wconf 74' lang='lat' dir='ltr'><strong>poeta:</strong></span> <span class='ocrx_word' id='word_1_92' title='bbox 1353 1263 1629 1318; x_wconf 70' lang='lat' dir='ltr'><strong>dmmonas</strong></span> <span class='ocrx_word' id='word_1_93' title='bbox 1660 1273 1894 1328; x_wconf 90' lang='lat' dir='ltr'><strong>norunt;</strong></span> <span class='ocrx_word' id='word_1_94' title='bbox 1925 1273 1978 1319; x_wconf 87' lang='lat' dir='ltr'><strong>et</strong></span> 
     </span>
    </p>
   </div>
   <div class='ocr_carea' id='block_1_15' title="bbox 378 1350 1980 1425">
    <p class='ocr_par' dir='ltr' id='par_1_15' title="bbox 378 1350 1980 1425">
     <span class='ocr_line' id='line_1_15' title="bbox 378 1350 1980 1425; baseline 0.003 -19"><span class='ocrx_word' id='word_1_95' title='bbox 378 1350 628 1408; x_wconf 83' lang='lat' dir='ltr'><strong>Socrates</strong></span> <span class='ocrx_word' id='word_1_96' title='bbox 677 1352 865 1407; x_wconf 87' lang='lat' dir='ltr'><strong>instrui</strong></span> <span class='ocrx_word' id='word_1_97' title='bbox 917 1368 977 1409; x_wconf 91' lang='lat' dir='ltr'><strong>se</strong></span> <span class='ocrx_word' id='word_1_98' title='bbox 1025 1361 1078 1409; x_wconf 90' lang='lat' dir='ltr'><strong>et</strong></span> <span class='ocrx_word' id='word_1_99' title='bbox 1123 1354 1236 1425; x_wconf 88' lang='lat' dir='ltr'><strong>regi</strong></span> <span class='ocrx_word' id='word_1_100' title='bbox 1283 1357 1351 1410; x_wconf 87' lang='lat' dir='ltr'><strong>ad</strong></span> <span class='ocrx_word' id='word_1_101' title='bbox 1396 1355 1675 1411; x_wconf 83' lang='lat' dir='ltr'><strong>arbitrium</strong></span> <span class='ocrx_word' id='word_1_102' title='bbox 1720 1356 1980 1412; x_wconf 64' lang='lat' dir='ltr'><strong>daemonis</strong></span> 
     </span>
    </p>
   </div>
   <div class='ocr_carea' id='block_1_16' title="bbox 379 1445 1979 1518">
    <p class='ocr_par' dir='ltr' id='par_1_16' title="bbox 379 1445 1979 1518">
     <span class='ocr_line' id='line_1_16' title="bbox 379 1445 1979 1518; baseline 0.002 -18"><span class='ocrx_word' id='word_1_103' title='bbox 379 1445 722 1515; x_wconf 66' lang='lat' dir='ltr'><strong>prmdicnbat,</strong></span> <span class='ocrx_word' id='word_1_104' title='bbox 756 1455 811 1501; x_wconf 91' lang='lat' dir='ltr'><strong>et</strong></span> <span class='ocrx_word' id='word_1_105' title='bbox 838 1447 1007 1518; x_wconf 87' lang='lat' dir='ltr'><strong>magis</strong></span> <span class='ocrx_word' id='word_1_106' title='bbox 1036 1446 1159 1503; x_wconf 87' lang='lat' dir='ltr'><strong>inde</strong></span> <span class='ocrx_word' id='word_1_107' title='bbox 1187 1456 1268 1502; x_wconf 90' lang='lat' dir='ltr'><strong>est</strong></span> <span class='ocrx_word' id='word_1_108' title='bbox 1296 1447 1361 1502; x_wconf 92' lang='lat' dir='ltr'><strong>ad</strong></span> <span class='ocrx_word' id='word_1_109' title='bbox 1394 1448 1695 1518; x_wconf 89' lang='lat' dir='ltr'><strong>perniciosa</strong></span> <span class='ocrx_word' id='word_1_110' title='bbox 1725 1450 1811 1504; x_wconf 90' lang='lat' dir='ltr'><strong>vel</strong></span> <span class='ocrx_word' id='word_1_111' title='bbox 1844 1449 1979 1505; x_wconf 90' lang='lat' dir='ltr'><strong>ludi-</strong></span> 
     </span>
    </p>
   </div>
   <div class='ocr_carea' id='block_1_17' title="bbox 379 1541 1979 1623">
    <p class='ocr_par' dir='ltr' id='par_1_17' title="bbox 379 1541 1979 1623">
     <span class='ocr_line' id='line_1_17' title="bbox 379 1541 1979 1623; baseline 0.005 -33"><span class='ocrx_word' id='word_1_112' title='bbox 379 1550 467 1591; x_wconf 89' lang='lat' dir='ltr'><strong>cra</strong></span> <span class='ocrx_word' id='word_1_113' title='bbox 511 1545 858 1623; x_wconf 76' lang='lat' dir='ltr'><strong>potentatus;</strong></span> <span class='ocrx_word' id='word_1_114' title='bbox 901 1552 1129 1611; x_wconf 89' lang='lat' dir='ltr'><strong>quorum</strong></span> <span class='ocrx_word' id='word_1_115' title='bbox 1164 1548 1340 1596; x_wconf 88' lang='lat' dir='ltr'><strong>tamen</strong></span> <span class='ocrx_word' id='word_1_116' title='bbox 1373 1541 1672 1611; x_wconf 84' lang='lat' dir='ltr'><strong>praecipuus</strong></span> <span class='ocrx_word' id='word_1_117' title='bbox 1711 1541 1979 1598; x_wconf 79' lang='lat' dir='ltr'><strong>Hostanes</strong></span> 
     </span>
    </p>
   </div>
   <div class='ocr_carea' id='block_1_18' title="bbox 444 1770 808 1823">
    <p class='ocr_par' dir='ltr' id='par_1_18' title="bbox 444 1770 808 1823">
     <span class='ocr_line' id='line_1_18' title="bbox 444 1770 808 1823; baseline 0.005 -2"><span class='ocrx_word' id='word_1_118' title='bbox 444 1773 470 1802; x_wconf 70' lang='grc'><strong>⁸</strong></span> <span class='ocrx_word' id='word_1_119' title='bbox 494 1770 647 1823; x_wconf 89' lang='lat' dir='ltr'><strong>Nauta</strong></span> <span class='ocrx_word' id='word_1_120' title='bbox 666 1770 808 1823; x_wconf 70' lang='lat' dir='ltr'><strong>Corb.</strong></span> 
     </span>
    </p>
   </div>
   <div class='ocr_carea' id='block_1_19' title="bbox 440 1830 1129 1886">
    <p class='ocr_par' dir='ltr' id='par_1_19' title="bbox 440 1830 1129 1886">
     <span class='ocr_line' id='line_1_19' title="bbox 440 1830 1129 1886; baseline 0.004 -4"><span class='ocrx_word' id='word_1_121' title='bbox 440 1830 468 1870; x_wconf 73' lang='grc' dir='ltr'><strong>ι)</strong></span> <span class='ocrx_word' id='word_1_122' title='bbox 504 1833 691 1884; x_wconf 86' lang='lat' dir='ltr'><strong>Perditi</strong></span> <span class='ocrx_word' id='word_1_123' title='bbox 717 1833 847 1886; x_wconf 86' lang='lat' dir='ltr'><strong>abest</strong></span> <span class='ocrx_word' id='word_1_124' title='bbox 868 1836 900 1885; x_wconf 82' lang='lat' dir='ltr'><strong>tt</strong></span> <span class='ocrx_word' id='word_1_125' title='bbox 924 1835 1129 1886; x_wconf 82' lang='lat' dir='ltr'><strong>Gronov.</strong></span> 
     </span>
    </p>
   </div>
   <div class='ocr_carea' id='block_1_20' title="bbox 374 1895 1972 2011">
    <p class='ocr_par' dir='ltr' id='par_1_20' title="bbox 374 1895 1972 2011">
     <span class='ocr_line' id='line_1_20' title="bbox 374 1895 1972 2011; baseline 0.026 -75"><span class='ocrx_word' id='word_1_126' title='bbox 374 1899 469 2009; x_wconf 61' lang='grc' dir='ltr'>ω</span> <span class='ocrx_word' id='word_1_127' title='bbox 732 1910 836 1947; x_wconf 82' lang='lat' dir='ltr'><strong>var.</strong></span> <span class='ocrx_word' id='word_1_128' title='bbox 864 1897 994 1950; x_wconf 87' lang='lat' dir='ltr'><strong>lectt.</strong></span> <span class='ocrx_word' id='word_1_129' title='bbox 1021 1900 1177 1951; x_wconf 69' lang='lat' dir='ltr'><strong>Ouum.</strong></span> <span class='ocrx_word' id='word_1_130' title='bbox 1212 1898 1395 1951; x_wconf 83' lang='lat' dir='ltr'><strong>Ser-vos</strong></span> <span class='ocrx_word' id='word_1_131' title='bbox 1413 1900 1615 1962; x_wconf 69' lang='grc' dir='ltr'><strong>Ῑυτιαεεε</strong></span> <span class='ocrx_word' id='word_1_132' title='bbox 1636 1898 1753 1984; x_wconf 54' lang='lat' dir='ltr'><strong>alii&quot;</strong></span> <span class='ocrx_word' id='word_1_133' title='bbox 1782 1898 1972 1967; x_wconf 69' lang='grc' dir='ltr'><strong>ίε9ε⁰α⁹</strong></span> 
     </span>
    </p>
   </div>
   <div class='ocr_carea' id='block_1_21' title="bbox 2086 526 3681 600">
    <p class='ocr_par' dir='ltr' id='par_1_21' title="bbox 2086 526 3681 600">
     <span class='ocr_line' id='line_1_21' title="bbox 2086 526 3681 600; baseline 0.003 -19"><span class='ocrx_word' id='word_1_134' title='bbox 2086 543 2245 583; x_wconf 84' lang='lat' dir='ltr'><strong>veros</strong></span> <span class='ocrx_word' id='word_1_135' title='bbox 2281 538 2303 565; x_wconf 78' lang='grc' dir='ltr'><strong>ο</strong></span> <span class='ocrx_word' id='word_1_136' title='bbox 2332 526 2447 582; x_wconf 88' lang='lat' dir='ltr'><strong>sedi</strong></span> <span class='ocrx_word' id='word_1_137' title='bbox 2475 528 2589 597; x_wconf 83' lang='lat' dir='ltr'><strong>ejus</strong></span> <span class='ocrx_word' id='word_1_138' title='bbox 2611 527 2738 583; x_wconf 86' lang='lat' dir='ltr'><strong>dicit</strong></span> <span class='ocrx_word' id='word_1_139' title='bbox 2765 528 3037 584; x_wconf 80' lang='lat' dir='ltr'><strong>assiSIere.</strong></span> <span class='ocrx_word' id='word_1_140' title='bbox 3074 528 3128 582; x_wconf 91' lang='lat' dir='ltr'><strong>lu</strong></span> <span class='ocrx_word' id='word_1_141' title='bbox 3161 545 3268 599; x_wconf 87' lang='lat' dir='ltr'><strong>quo</strong></span> <span class='ocrx_word' id='word_1_142' title='bbox 3293 542 3346 585; x_wconf 90' lang='lat' dir='ltr'><strong>et</strong></span> <span class='ocrx_word' id='word_1_143' title='bbox 3375 530 3525 585; x_wconf 82' lang='lat' dir='ltr'><strong>Plato</strong></span> <span class='ocrx_word' id='word_1_144' title='bbox 3567 531 3681 600; x_wconf 88' lang='lat' dir='ltr'><strong>pari</strong></span> 
     </span>
    </p>
   </div>
   <div class='ocr_carea' id='block_1_22' title="bbox 2084 622 3681 690">
    <p class='ocr_par' dir='ltr' id='par_1_22' title="bbox 2084 622 3681 690">
     <span class='ocr_line' id='line_1_22' title="bbox 2084 622 3681 690; baseline 0.003 -14"><span class='ocrx_word' id='word_1_145' title='bbox 2084 622 2291 676; x_wconf 87' lang='lat' dir='ltr'><strong>ratione</strong></span> <span class='ocrx_word' id='word_1_146' title='bbox 2317 622 2611 686; x_wconf 85' lang='lat' dir='ltr'><strong>consentit,</strong></span> <span class='ocrx_word' id='word_1_147' title='bbox 2645 631 2699 675; x_wconf 91' lang='lat' dir='ltr'><strong>et</strong></span> <span class='ocrx_word' id='word_1_148' title='bbox 2740 638 2901 675; x_wconf 89' lang='lat' dir='ltr'><strong>unum</strong></span> <span class='ocrx_word' id='word_1_149' title='bbox 2940 622 3110 676; x_wconf 88' lang='lat' dir='ltr'><strong>Deum</strong></span> <span class='ocrx_word' id='word_1_150' title='bbox 3144 636 3367 678; x_wconf 86' lang='lat' dir='ltr'><strong>servans</strong></span> <span class='ocrx_word' id='word_1_151' title='bbox 3389 666 3403 690; x_wconf 89' lang='lat'><strong>,</strong></span> <span class='ocrx_word' id='word_1_152' title='bbox 3451 634 3681 680; x_wconf 68' lang='lat' dir='ltr'><strong>caeteros</strong></span> 
     </span>
    </p>
   </div>
   <div class='ocr_carea' id='block_1_23' title="bbox 2087 710 3681 783">
    <p class='ocr_par' dir='ltr' id='par_1_23' title="bbox 2087 710 3681 783">
     <span class='ocr_line' id='line_1_23' title="bbox 2087 710 3681 783; baseline 0.003 -18"><span class='ocrx_word' id='word_1_153' title='bbox 2087 712 2306 780; x_wconf 83' lang='lat' dir='ltr'><strong>angelos</strong></span> <span class='ocrx_word' id='word_1_154' title='bbox 2334 711 2417 765; x_wconf 87' lang='lat' dir='ltr'><strong>vel</strong></span> <span class='ocrx_word' id='word_1_155' title='bbox 2450 710 2726 765; x_wconf 64' lang='lat' dir='ltr'><strong>daemonas</strong></span> <span class='ocrx_word' id='word_1_156' title='bbox 2759 710 2909 766; x_wconf 89' lang='lat' dir='ltr'><strong>dicit.</strong></span> <span class='ocrx_word' id='word_1_157' title='bbox 2943 711 3166 766; x_wconf 85' lang='lat' dir='ltr'><strong>Hermes</strong></span> <span class='ocrx_word' id='word_1_158' title='bbox 3192 728 3405 783; x_wconf 80' lang='lat' dir='ltr'><strong>quoque</strong></span> <span class='ocrx_word' id='word_1_159' title='bbox 3444 714 3681 769; x_wconf 84' lang='lat' dir='ltr'><strong>Trisme-</strong></span> 
     </span>
    </p>
   </div>
   <div class='ocr_carea' id='block_1_24' title="bbox 2087 801 3679 877">
    <p class='ocr_par' dir='ltr' id='par_1_24' title="bbox 2087 801 3679 877">
     <span class='ocr_line' id='line_1_24' title="bbox 2087 801 3679 877; baseline 0.004 -22"><span class='ocrx_word' id='word_1_160' title='bbox 2087 801 2256 871; x_wconf 85' lang='lat' dir='ltr'><strong>gistus</strong></span> <span class='ocrx_word' id='word_1_161' title='bbox 2290 818 2450 856; x_wconf 90' lang='lat' dir='ltr'><strong>unum</strong></span> <span class='ocrx_word' id='word_1_162' title='bbox 2487 803 2651 856; x_wconf 87' lang='lat' dir='ltr'><strong>Deum</strong></span> <span class='ocrx_word' id='word_1_163' title='bbox 2691 802 2960 871; x_wconf 77' lang='lat' dir='ltr'><strong>loquitur,</strong></span> <span class='ocrx_word' id='word_1_164' title='bbox 2996 819 3227 875; x_wconf 89' lang='lat' dir='ltr'><strong>eumque</strong></span> <span class='ocrx_word' id='word_1_165' title='bbox 3270 806 3679 877; x_wconf 56' lang='lat' dir='ltr'><strong>incomprehene</strong></span> 
     </span>
    </p>
   </div>
   <div class='ocr_carea' id='block_1_25' title="bbox 2087 894 3281 965">
    <p class='ocr_par' dir='ltr' id='par_1_25' title="bbox 2087 894 3281 965">
     <span class='ocr_line' id='line_1_25' title="bbox 2087 894 3281 965; baseline 0.003 -16"><span class='ocrx_word' id='word_1_166' title='bbox 2087 894 2297 949; x_wconf 89' lang='lat' dir='ltr'><strong>sibilem</strong></span> <span class='ocrx_word' id='word_1_167' title='bbox 2326 902 2486 965; x_wconf 86' lang='lat' dir='ltr'><strong>atque</strong></span> <span class='ocrx_word' id='word_1_168' title='bbox 2517 894 2945 950; x_wconf 57' lang='lat' dir='ltr'><strong>inaestimabilem</strong></span> <span class='ocrx_word' id='word_1_169' title='bbox 2975 894 3281 952; x_wconf 76' lang='lat' dir='ltr'><strong>cuniltetur.</strong></span> 
     </span>
    </p>
   </div>
   <div class='ocr_carea' id='block_1_26' title="bbox 2158 984 3679 1063">
    <p class='ocr_par' dir='ltr' id='par_1_26' title="bbox 2158 984 3679 1063">
     <span class='ocr_line' id='line_1_26' title="bbox 2158 984 3679 1063; baseline 0.008 -25"><span class='ocrx_word' id='word_1_170' title='bbox 2158 984 2270 1040; x_wconf 91' lang='lat' dir='ltr'><strong>Vll.</strong></span> <span class='ocrx_word' id='word_1_171' title='bbox 2305 985 2368 1043; x_wconf 87' lang='lat' dir='ltr'><strong>Hi</strong></span> <span class='ocrx_word' id='word_1_172' title='bbox 2404 1000 2531 1056; x_wconf 87' lang='lat' dir='ltr'><strong>ergo</strong></span> <span class='ocrx_word' id='word_1_173' title='bbox 2570 985 2788 1056; x_wconf 89' lang='lat' dir='ltr'><strong>spiritus</strong></span> <span class='ocrx_word' id='word_1_174' title='bbox 2816 988 2916 1041; x_wconf 90' lang='lat' dir='ltr'><strong>sub</strong></span> <span class='ocrx_word' id='word_1_175' title='bbox 2945 988 3136 1043; x_wconf 82' lang='lat' dir='ltr'><strong>statuis</strong></span> <span class='ocrx_word' id='word_1_176' title='bbox 3162 998 3325 1059; x_wconf 88' lang='lat' dir='ltr'><strong>atque</strong></span> <span class='ocrx_word' id='word_1_177' title='bbox 3359 992 3679 1063; x_wconf 78' lang='lat' dir='ltr'><strong>imaginibus</strong></span> 
     </span>
    </p>
   </div>
   <div class='ocr_carea' id='block_1_27' title="bbox 2085 1075 3678 1155">
    <p class='ocr_par' dir='ltr' id='par_1_27' title="bbox 2085 1075 3678 1155">
     <span class='ocr_line' id='line_1_27' title="bbox 2085 1075 3678 1155; baseline 0.006 -24"><span class='ocrx_word' id='word_1_178' title='bbox 2085 1079 2380 1132; x_wconf 91' lang='lat' dir='ltr'><strong>consecrati</strong></span> <span class='ocrx_word' id='word_1_179' title='bbox 2404 1075 2430 1114; x_wconf 78' lang='grc' dir='ltr'>ά</span> <span class='ocrx_word' id='word_1_180' title='bbox 2457 1078 2797 1134; x_wconf 85' lang='lat' dir='ltr'><strong>delitescunt.</strong></span> <span class='ocrx_word' id='word_1_181' title='bbox 2826 1078 2887 1133; x_wconf 85' lang='lat' dir='ltr'><strong>Hi</strong></span> <span class='ocrx_word' id='word_1_182' title='bbox 2913 1078 3097 1134; x_wconf 77' lang='lat' dir='ltr'><strong>alliam</strong></span> <span class='ocrx_word' id='word_1_183' title='bbox 3126 1096 3226 1136; x_wconf 84' lang='lat' dir='ltr'><strong>suo</strong></span> <span class='ocrx_word' id='word_1_184' title='bbox 3256 1091 3431 1138; x_wconf 86' lang='lat' dir='ltr'><strong>vatum</strong></span> <span class='ocrx_word' id='word_1_185' title='bbox 3460 1094 3678 1155; x_wconf 87' lang='lat' dir='ltr'><strong>pectora</strong></span> 
     </span>
    </p>
   </div>
   <div class='ocr_carea' id='block_1_28' title="bbox 2085 1169 3681 1239">
    <p class='ocr_par' dir='ltr' id='par_1_28' title="bbox 2085 1169 3681 1239">
     <span class='ocr_line' id='line_1_28' title="bbox 2085 1169 3681 1239; baseline 0.005 -16"><span class='ocrx_word' id='word_1_186' title='bbox 2085 1169 2378 1239; x_wconf 81' lang='lat' dir='ltr'><strong>inspirant,</strong></span> <span class='ocrx_word' id='word_1_187' title='bbox 2423 1179 2666 1225; x_wconf 78' lang='lat' dir='ltr'><strong>extorum</strong></span> <span class='ocrx_word' id='word_1_188' title='bbox 2715 1170 2876 1226; x_wconf 84' lang='lat' dir='ltr'><strong>libras</strong></span> <span class='ocrx_word' id='word_1_189' title='bbox 2915 1173 3194 1238; x_wconf 89' lang='lat' dir='ltr'><strong>animant,</strong></span> <span class='ocrx_word' id='word_1_190' title='bbox 3243 1175 3422 1229; x_wconf 87' lang='lat' dir='ltr'><strong>avium</strong></span> <span class='ocrx_word' id='word_1_191' title='bbox 3468 1176 3681 1231; x_wconf 88' lang='lat' dir='ltr'><strong>volatus</strong></span> 
     </span>
    </p>
   </div>
   <div class='ocr_carea' id='block_1_29' title="bbox 2082 1263 3681 1334">
    <p class='ocr_par' dir='ltr' id='par_1_29' title="bbox 2082 1263 3681 1334">
     <span class='ocr_line' id='line_1_29' title="bbox 2082 1263 3681 1334; baseline 0.006 -20"><span class='ocrx_word' id='word_1_192' title='bbox 2082 1263 2402 1333; x_wconf 86' lang='lat' dir='ltr'><strong>gubernant,</strong></span> <span class='ocrx_word' id='word_1_193' title='bbox 2441 1271 2613 1319; x_wconf 85' lang='lat' dir='ltr'><strong>sortes</strong></span> <span class='ocrx_word' id='word_1_194' title='bbox 2647 1273 2855 1334; x_wconf 87' lang='lat' dir='ltr'><strong>regunt,</strong></span> <span class='ocrx_word' id='word_1_195' title='bbox 2889 1266 3103 1319; x_wconf 90' lang='lat' dir='ltr'><strong>oracula</strong></span> <span class='ocrx_word' id='word_1_196' title='bbox 3135 1265 3401 1332; x_wconf 81' lang='lat' dir='ltr'><strong>efﬁciunt,</strong></span> <span class='ocrx_word' id='word_1_197' title='bbox 3436 1267 3568 1323; x_wconf 88' lang='lat' dir='ltr'><strong>falsa</strong></span> <span class='ocrx_word' id='word_1_198' title='bbox 3596 1285 3681 1323; x_wconf 84' lang='lat' dir='ltr'><strong>vc-</strong></span> 
     </span>
    </p>
   </div>
   <div class='ocr_carea' id='block_1_30' title="bbox 2087 1354 3677 1427">
    <p class='ocr_par' dir='ltr' id='par_1_30' title="bbox 2087 1354 3677 1427">
     <span class='ocr_line' id='line_1_30' title="bbox 2087 1354 3677 1427; baseline 0.004 -18"><span class='ocrx_word' id='word_1_199' title='bbox 2087 1354 2163 1409; x_wconf 89' lang='lat' dir='ltr'><strong>ris</strong></span> <span class='ocrx_word' id='word_1_200' title='bbox 2190 1369 2403 1425; x_wconf 88' lang='lat' dir='ltr'><strong>semper</strong></span> <span class='ocrx_word' id='word_1_201' title='bbox 2434 1356 2730 1424; x_wconf 89' lang='lat' dir='ltr'><strong>involvunt,</strong></span> <span class='ocrx_word' id='word_1_202' title='bbox 2754 1372 2877 1411; x_wconf 87' lang='lat' dir='ltr'><strong>nam</strong></span> <span class='ocrx_word' id='word_1_203' title='bbox 2908 1366 2963 1412; x_wconf 89' lang='lat' dir='ltr'><strong>et</strong></span> <span class='ocrx_word' id='word_1_204' title='bbox 2992 1357 3251 1413; x_wconf 86' lang='lat' dir='ltr'><strong>falluntur</strong></span> <span class='ocrx_word' id='word_1_205' title='bbox 3274 1369 3327 1415; x_wconf 90' lang='lat' dir='ltr'><strong>et</strong></span> <span class='ocrx_word' id='word_1_206' title='bbox 3357 1359 3569 1427; x_wconf 88' lang='lat' dir='ltr'><strong>fallunt,</strong></span> <span class='ocrx_word' id='word_1_207' title='bbox 3604 1363 3677 1416; x_wconf 87' lang='lat' dir='ltr'><strong>vi-</strong></span> 
     </span>
    </p>
   </div>
   <div class='ocr_carea' id='block_1_31' title="bbox 2086 1447 3674 1521">
    <p class='ocr_par' dir='ltr' id='par_1_31' title="bbox 2086 1447 3674 1521">
     <span class='ocr_line' id='line_1_31' title="bbox 2086 1447 3674 1521; baseline 0.003 -21"><span class='ocrx_word' id='word_1_208' title='bbox 2086 1454 2191 1500; x_wconf 92' lang='lat' dir='ltr'><strong>tam</strong></span> <span class='ocrx_word' id='word_1_209' title='bbox 2220 1447 2472 1511; x_wconf 88' lang='lat' dir='ltr'><strong>turbant,</strong></span> <span class='ocrx_word' id='word_1_210' title='bbox 2514 1460 2734 1502; x_wconf 88' lang='lat' dir='ltr'><strong>somnos</strong></span> <span class='ocrx_word' id='word_1_211' title='bbox 2779 1448 3114 1518; x_wconf 81' lang='lat' dir='ltr'><strong>inquietant,</strong></span> <span class='ocrx_word' id='word_1_212' title='bbox 3164 1451 3464 1521; x_wconf 88' lang='lat' dir='ltr'><strong>irrepentes</strong></span> <span class='ocrx_word' id='word_1_213' title='bbox 3510 1453 3674 1508; x_wconf 73' lang='lat' dir='ltr'><strong>etiam</strong></span> 
     </span>
    </p>
   </div>
   <div class='ocr_carea' id='block_1_32' title="bbox 2084 1540 3681 1623">
    <p class='ocr_par' dir='ltr' id='par_1_32' title="bbox 2084 1540 3681 1623">
     <span class='ocr_line' id='line_1_32' title="bbox 2084 1540 3681 1623; baseline 0.003 -29"><span class='ocrx_word' id='word_1_214' title='bbox 2084 1540 2301 1610; x_wconf 85' lang='lat' dir='ltr'><strong>spiritus</strong></span> <span class='ocrx_word' id='word_1_215' title='bbox 2324 1541 2376 1595; x_wconf 91' lang='lat' dir='ltr'><strong>in</strong></span> <span class='ocrx_word' id='word_1_216' title='bbox 2402 1541 2719 1611; x_wconf 87' lang='lat' dir='ltr'><strong>corporibus</strong></span> <span class='ocrx_word' id='word_1_217' title='bbox 2741 1549 2775 1623; x_wconf 64' lang='lat' dir='ltr'><strong>e_</strong></span> <span class='ocrx_word' id='word_1_218' title='bbox 2796 1540 3003 1597; x_wconf 90' lang='lat' dir='ltr'><strong>occulte</strong></span> <span class='ocrx_word' id='word_1_219' title='bbox 3027 1550 3236 1599; x_wconf 88' lang='lat' dir='ltr'><strong>mentes</strong></span> <span class='ocrx_word' id='word_1_220' title='bbox 3258 1551 3482 1612; x_wconf 87' lang='lat' dir='ltr'><strong>terrent,</strong></span> <span class='ocrx_word' id='word_1_221' title='bbox 3509 1558 3681 1600; x_wconf 75' lang='lat' dir='ltr'><strong>ment-</strong></span> 
     </span>
    </p>
   </div>
   <div class='ocr_carea' id='block_1_33' title="bbox 1610 1658 2444 1720">
    <p class='ocr_par' dir='ltr' id='par_1_33' title="bbox 1610 1658 2444 1720">
     <span class='ocr_line' id='line_1_33' title="bbox 1610 1658 2444 1720; baseline -0.002 -5"><span class='ocrx_word' id='word_1_222' title='bbox 1610 1659 1988 1720; x_wconf 83' lang='lat' dir='ltr'><strong>LECTIONES</strong></span> <span class='ocrx_word' id='word_1_223' title='bbox 2026 1658 2444 1718; x_wconf 78' lang='lat' dir='ltr'><strong>VARIANTES.</strong></span> 
     </span>
    </p>
   </div>
   <div class='ocr_carea' id='block_1_34' title="bbox 2003 1769 3184 1842">
    <p class='ocr_par' dir='ltr' id='par_1_34' title="bbox 2003 1769 3184 1842">
     <span class='ocr_line' id='line_1_34' title="bbox 2003 1769 3184 1842; baseline 0.003 -24"><span class='ocrx_word' id='word_1_224' title='bbox 2003 1781 2053 1842; x_wconf 80' lang='grc' dir='ltr'><strong>Β</strong></span> <span class='ocrx_word' id='word_1_225' title='bbox 2144 1772 2172 1842; x_wconf 57' lang='grc' dir='ltr'><strong>(ξ</strong></span> <span class='ocrx_word' id='word_1_226' title='bbox 2197 1772 2497 1842; x_wconf 77' lang='lat' dir='ltr'><strong>_Congregati</strong></span> <span class='ocrx_word' id='word_1_227' title='bbox 2524 1772 2657 1842; x_wconf 50' lang='lat' dir='ltr'><strong>Lion:</strong></span> <span class='ocrx_word' id='word_1_228' title='bbox 2686 1770 2998 1842; x_wconf 64' lang='lat' dir='ltr'><strong>consecratis</strong></span> <span class='ocrx_word' id='word_1_229' title='bbox 3015 1769 3184 1842; x_wconf 58' lang='lat' dir='ltr'><strong>Routh:</strong></span> 
     </span>
    </p>
   </div>
   <div class='ocr_carea' id='block_1_35' title="bbox 2145 1832 3677 1906">
    <p class='ocr_par' dir='ltr' id='par_1_35' title="bbox 2145 1832 3677 1906">
     <span class='ocr_line' id='line_1_35' title="bbox 2145 1832 3677 1906; baseline 0.001 -21"><span class='ocrx_word' id='word_1_230' title='bbox 2145 1839 2171 1867; x_wconf 79' lang='grc' dir='ltr'><strong>θ</strong></span> <span class='ocrx_word' id='word_1_231' title='bbox 2197 1832 2561 1906; x_wconf 41' lang='lat' dir='ltr'><strong>Inncorporibns</strong></span> <span class='ocrx_word' id='word_1_232' title='bbox 2593 1834 2829 1906; x_wconf 73' lang='lat' dir='ltr'><strong>Wophen.</strong></span> <span class='ocrx_word' id='word_1_233' title='bbox 2854 1832 2903 1906; x_wconf 84' lang='lat' dir='ltr'><strong>in</strong></span> <span class='ocrx_word' id='word_1_234' title='bbox 3102 1834 3216 1886; x_wconf 88' lang='lat' dir='ltr'><strong>crit.</strong></span> <span class='ocrx_word' id='word_1_235' title='bbox 3237 1833 3333 1906; x_wconf 72' lang='lat' dir='ltr'><strong>pol.</strong></span> <span class='ocrx_word' id='word_1_236' title='bbox 3357 1833 3418 1896; x_wconf 79' lang='grc' dir='ltr'><strong>Χ,</strong></span> <span class='ocrx_word' id='word_1_237' title='bbox 3438 1836 3472 1887; x_wconf 83' lang='lat' dir='ltr'><strong>t.</strong></span> <span class='ocrx_word' id='word_1_238' title='bbox 3516 1836 3565 1898; x_wconf 88' lang='grc'><strong>1,</strong></span> <span class='ocrx_word' id='word_1_239' title='bbox 3609 1834 3677 1887; x_wconf 87' lang='lat' dir='ltr'><strong>ad</strong></span> 
     </span>
    </p>
   </div>
   <div class='ocr_carea' id='block_1_36' title="bbox 2078 1893 3406 1962">
    <p class='ocr_par' dir='ltr' id='par_1_36' title="bbox 2078 1893 3406 1962">
     <span class='ocr_line' id='line_1_36' title="bbox 2078 1893 3406 1962; baseline -0.001 -13"><span class='ocrx_word' id='word_1_240' title='bbox 2078 1911 2188 1962; x_wconf 87' lang='lat' dir='ltr'><strong>cap.</strong></span> <span class='ocrx_word' id='word_1_241' title='bbox 2213 1897 2291 1947; x_wconf 76' lang='lat'><strong>26.</strong></span> <span class='ocrx_word' id='word_1_242' title='bbox 2318 1893 2528 1957; x_wconf 79' lang='lat' dir='ltr'><strong>Minutii,</strong></span> <span class='ocrx_word' id='word_1_243' title='bbox 2552 1893 2843 1961; x_wconf 80' lang='lat' dir='ltr'><strong>particulam</strong></span> <span class='ocrx_word' id='word_1_244' title='bbox 2880 1893 3143 1950; x_wconf 81' lang='lat' dir='ltr'><strong>tollendam</strong></span> <span class='ocrx_word' id='word_1_245' title='bbox 3163 1896 3406 1962; x_wconf 82' lang='lat' dir='ltr'><strong>opinatur.</strong></span> 
     </span>
    </p>
   </div>
   <div class='ocr_carea' id='block_1_37' title="bbox 1706 2069 2333 2129">
    <p class='ocr_par' dir='ltr' id='par_1_37' title="bbox 1706 2069 2333 2129">
     <span class='ocr_line' id='line_1_37' title="bbox 1706 2069 2333 2129; baseline -0.003 -2"><span class='ocrx_word' id='word_1_246' title='bbox 1706 2069 2067 2129; x_wconf 79' lang='lat' dir='ltr'><strong>VABIORUM</strong></span> <span class='ocrx_word' id='word_1_247' title='bbox 2103 2069 2333 2127; x_wconf 67' lang='lat' dir='ltr'><strong>NOTAE.</strong></span> 
     </span>
    </p>
   </div>
   <div class='ocr_carea' id='block_1_38' title="bbox 376 2186 1964 2258">
    <p class='ocr_par' dir='ltr' id='par_1_38' title="bbox 376 2186 1964 2258">
     <span class='ocr_line' id='line_1_38' title="bbox 376 2186 1964 2258; baseline -0.001 -17"><span class='ocrx_word' id='word_1_248' title='bbox 376 2203 491 2242; x_wconf 88' lang='lat' dir='ltr'><strong>cum</strong></span> <span class='ocrx_word' id='word_1_249' title='bbox 507 2188 818 2256; x_wconf 85' lang='lat' dir='ltr'><strong>accederent,</strong></span> <span class='ocrx_word' id='word_1_250' title='bbox 840 2186 1127 2243; x_wconf 79' lang='lat' dir='ltr'><strong>Flaminius</strong></span> <span class='ocrx_word' id='word_1_251' title='bbox 1150 2189 1440 2242; x_wconf 80' lang='lat' dir='ltr'><strong>renuntiata</strong></span> <span class='ocrx_word' id='word_1_252' title='bbox 1465 2203 1554 2243; x_wconf 86' lang='lat' dir='ltr'><strong>suo</strong></span> <span class='ocrx_word' id='word_1_253' title='bbox 1577 2204 1714 2244; x_wconf 90' lang='lat' dir='ltr'><strong>more</strong></span> <span class='ocrx_word' id='word_1_254' title='bbox 1725 2187 1964 2258; x_wconf 75' lang='lat' dir='ltr'><strong>neglexit.</strong></span> 
     </span>
    </p>
   </div>
   <div class='ocr_carea' id='block_1_39' title="bbox 376 2259 1969 2329">
    <p class='ocr_par' dir='ltr' id='par_1_39' title="bbox 376 2259 1969 2329">
     <span class='ocr_line' id='line_1_39' title="bbox 376 2259 1969 2329; baseline 0 -17"><span class='ocrx_word' id='word_1_255' title='bbox 376 2259 561 2322; x_wconf 82' lang='lat' dir='ltr'><strong>Itaque</strong></span> <span class='ocrx_word' id='word_1_256' title='bbox 593 2260 751 2314; x_wconf 86' lang='lat' dir='ltr'><strong>tribus</strong></span> <span class='ocrx_word' id='word_1_257' title='bbox 776 2260 915 2314; x_wconf 84' lang='lat' dir='ltr'><strong>horis</strong></span> <span class='ocrx_word' id='word_1_258' title='bbox 938 2261 1168 2315; x_wconf 86' lang='lat' dir='ltr'><strong>concisus</strong></span> <span class='ocrx_word' id='word_1_259' title='bbox 1194 2263 1463 2325; x_wconf 71' lang='lat' dir='ltr'><strong>exercitus,</strong></span> <span class='ocrx_word' id='word_1_260' title='bbox 1492 2268 1641 2329; x_wconf 86' lang='lat' dir='ltr'><strong>atque</strong></span> <span class='ocrx_word' id='word_1_261' title='bbox 1666 2261 1775 2329; x_wconf 83' lang='lat' dir='ltr'><strong>ipse</strong></span> <span class='ocrx_word' id='word_1_262' title='bbox 1813 2261 1969 2313; x_wconf 86' lang='lat' dir='ltr'><strong>inter-</strong></span> 
     </span>
    </p>
   </div>
   <div class='ocr_carea' id='block_1_40' title="bbox 379 2329 1966 2455">
    <p class='ocr_par' dir='ltr' id='par_1_40' title="bbox 379 2329 1966 2455">
     <span class='ocr_line' id='line_1_40' title="bbox 379 2329 1966 2455; baseline -0.001 -71"><span class='ocrx_word' id='word_1_263' title='bbox 379 2334 536 2455; x_wconf 60' lang='lat' dir='ltr'><strong>{ectus</strong></span> <span class='ocrx_word' id='word_1_264' title='bbox 564 2341 657 2386; x_wconf 89' lang='lat' dir='ltr'><strong>est.</strong></span> <span class='ocrx_word' id='word_1_265' title='bbox 702 2330 837 2385; x_wconf 83' lang='lat' dir='ltr'><strong>Vide</strong></span> <span class='ocrx_word' id='word_1_266' title='bbox 887 2330 1163 2387; x_wconf 86' lang='lat' dir='ltr'><strong>Valerium</strong></span> <span class='ocrx_word' id='word_1_267' title='bbox 1211 2329 1519 2394; x_wconf 78' lang='lat' dir='ltr'><strong>Maximum,</strong></span> <span class='ocrx_word' id='word_1_268' title='bbox 1550 2332 1640 2385; x_wconf 87' lang='lat' dir='ltr'><strong>lib.</strong></span> <span class='ocrx_word' id='word_1_269' title='bbox 1680 2348 1720 2395; x_wconf 84' lang='lat' dir='ltr'><strong>i,</strong></span> <span class='ocrx_word' id='word_1_270' title='bbox 1761 2346 1879 2400; x_wconf 87' lang='lat' dir='ltr'><strong>cap.</strong></span> <span class='ocrx_word' id='word_1_271' title='bbox 1912 2329 1966 2384; x_wconf 76' lang='grc'><strong>6.</strong></span> 
     </span>
     <span class='ocr_line' id='line_1_41' title="bbox 402 2401 1966 2455; baseline 0.001 -2"><span class='ocrx_word' id='word_1_272' title='bbox 402 2416 588 2455; x_wconf 88' lang='lat' dir='ltr'><strong>concm</strong></span> <span class='ocrx_word' id='word_1_273' title='bbox 629 2417 807 2455; x_wconf 73' lang='lat' dir='ltr'><strong>cavea:</strong></span> <span class='ocrx_word' id='word_1_274' title='bbox 840 2411 894 2455; x_wconf 89' lang='lat' dir='ltr'><strong>et</strong></span> <span class='ocrx_word' id='word_1_275' title='bbox 920 2402 1182 2455; x_wconf 87' lang='lat' dir='ltr'><strong>nullorum</strong></span> <span class='ocrx_word' id='word_1_276' title='bbox 1219 2416 1284 2455; x_wconf 85' lang='lat' dir='ltr'><strong>ex</strong></span> <span class='ocrx_word' id='word_1_277' title='bbox 1333 2402 1565 2455; x_wconf 89' lang='lat' dir='ltr'><strong>antiuuis</strong></span> <span class='ocrx_word' id='word_1_278' title='bbox 1610 2401 1966 2455; x_wconf 68' lang='lat' dir='ltr'><strong>monumentis</strong></span> 
     </span>
    </p>
   </div>
   <div class='ocr_carea' id='block_1_41' title="bbox 402 2401 1970 2471">
    <p class='ocr_par' dir='ltr' id='par_1_41' title="bbox 402 2401 1970 2471">
     <span class='ocr_line' id='line_1_42' title="bbox 402 2401 1970 2471; baseline 0.001 -18"><span class='ocrx_word' id='word_1_279' title='bbox 402 2416 588 2456; x_wconf 88' lang='lat' dir='ltr'><strong>concm</strong></span> <span class='ocrx_word' id='word_1_280' title='bbox 629 2417 807 2457; x_wconf 74' lang='lat' dir='ltr'><strong>cavea:</strong></span> <span class='ocrx_word' id='word_1_281' title='bbox 840 2411 894 2457; x_wconf 89' lang='lat' dir='ltr'><strong>et</strong></span> <span class='ocrx_word' id='word_1_282' title='bbox 920 2402 1182 2471; x_wconf 90' lang='lat' dir='ltr'><strong>pullorum</strong></span> <span class='ocrx_word' id='word_1_283' title='bbox 1219 2416 1284 2455; x_wconf 86' lang='lat' dir='ltr'><strong>ex</strong></span> <span class='ocrx_word' id='word_1_284' title='bbox 1333 2402 1565 2471; x_wconf 87' lang='lat' dir='ltr'><strong>antiquis</strong></span> <span class='ocrx_word' id='word_1_285' title='bbox 1610 2401 1970 2457; x_wconf 70' lang='lat' dir='ltr'><strong>monumentis</strong></span> 
     </span>
    </p>
   </div>
   <div class='ocr_carea' id='block_1_42' title="bbox 378 2471 1971 2543">
    <p class='ocr_par' dir='ltr' id='par_1_42' title="bbox 378 2471 1971 2543">
     <span class='ocr_line' id='line_1_43' title="bbox 378 2471 1971 2543; baseline 0.001 -19"><span class='ocrx_word' id='word_1_286' title='bbox 378 2472 541 2526; x_wconf 83' lang='lat' dir='ltr'><strong>refert</strong></span> <span class='ocrx_word' id='word_1_287' title='bbox 570 2472 833 2537; x_wconf 73' lang='lat' dir='ltr'><strong>Rosinus,</strong></span> <span class='ocrx_word' id='word_1_288' title='bbox 869 2474 962 2528; x_wconf 88' lang='lat' dir='ltr'><strong>lib.</strong></span> <span class='ocrx_word' id='word_1_289' title='bbox 989 2489 1067 2539; x_wconf 83' lang='grc' dir='ltr'><strong>ιιι,</strong></span> <span class='ocrx_word' id='word_1_290' title='bbox 1105 2487 1224 2543; x_wconf 85' lang='lat' dir='ltr'><strong>cap.</strong></span> <span class='ocrx_word' id='word_1_291' title='bbox 1254 2471 1342 2539; x_wconf 81' lang='grc'><strong>10,</strong></span> <span class='ocrx_word' id='word_1_292' title='bbox 1372 2472 1742 2543; x_wconf 87' lang='lat' dir='ltr'><strong>Antiquitatum</strong></span> <span class='ocrx_word' id='word_1_293' title='bbox 1778 2471 1971 2526; x_wconf 84' lang='lat' dir='ltr'><strong>Roma-</strong></span> 
     </span>
    </p>
   </div>
   <div class='ocr_carea' id='block_1_43' title="bbox 383 2544 821 2598">
    <p class='ocr_par' dir='ltr' id='par_1_43' title="bbox 383 2544 821 2598">
     <span class='ocr_line' id='line_1_44' title="bbox 383 2544 821 2598; baseline 0 -1"><span class='ocrx_word' id='word_1_294' title='bbox 383 2558 583 2597; x_wconf 88' lang='lat' dir='ltr'><strong>narum.</strong></span> <span class='ocrx_word' id='word_1_295' title='bbox 616 2544 821 2598; x_wconf 73' lang='lat' dir='ltr'><strong>Bswz.</strong></span> 
     </span>
    </p>
   </div>
   <div class='ocr_carea' id='block_1_44' title="bbox 451 2633 1967 2692">
    <p class='ocr_par' dir='ltr' id='par_1_44' title="bbox 451 2633 1967 2692">
     <span class='ocr_line' id='line_1_45' title="bbox 451 2633 1967 2692; baseline 0 -3"><span class='ocrx_word' id='word_1_296' title='bbox 451 2633 538 2689; x_wconf 89' lang='lat' dir='ltr'><strong>Vl.</strong></span> <span class='ocrx_word' id='word_1_297' title='bbox 568 2666 636 2675; x_wconf 95' lang='lat'><strong><em>—</em></strong></span> <span class='ocrx_word' id='word_1_298' title='bbox 666 2634 960 2691; x_wconf 87' lang='lat' dir='ltr'><strong>Credulum.</strong></span> <span class='ocrx_word' id='word_1_299' title='bbox 995 2634 1071 2690; x_wconf 89' lang='lat' dir='ltr'><strong>lta</strong></span> <span class='ocrx_word' id='word_1_300' title='bbox 1126 2634 1468 2690; x_wconf 89' lang='lat' dir='ltr'><strong>scribendum</strong></span> <span class='ocrx_word' id='word_1_301' title='bbox 1514 2650 1634 2691; x_wconf 78' lang='lat' dir='ltr'><strong>esse</strong></span> <span class='ocrx_word' id='word_1_302' title='bbox 1677 2637 1967 2692; x_wconf 84' lang='lat' dir='ltr'><strong>arbitratus</strong></span> 
     </span>
    </p>
   </div>
   <div class='ocr_carea' id='block_1_45' title="bbox 380 2706 1965 2776">
    <p class='ocr_par' dir='ltr' id='par_1_45' title="bbox 380 2706 1965 2776">
     <span class='ocr_line' id='line_1_46' title="bbox 380 2706 1965 2776; baseline 0.001 -16"><span class='ocrx_word' id='word_1_303' title='bbox 380 2720 520 2774; x_wconf 84' lang='lat' dir='ltr'><strong>sum,</strong></span> <span class='ocrx_word' id='word_1_304' title='bbox 545 2706 666 2775; x_wconf 85' lang='lat' dir='ltr'><strong>quia</strong></span> <span class='ocrx_word' id='word_1_305' title='bbox 694 2708 763 2759; x_wconf 90' lang='lat' dir='ltr'><strong>ita</strong></span> <span class='ocrx_word' id='word_1_306' title='bbox 792 2708 1046 2776; x_wconf 90' lang='lat' dir='ltr'><strong>scriptum</strong></span> <span class='ocrx_word' id='word_1_307' title='bbox 1077 2707 1323 2763; x_wconf 90' lang='lat' dir='ltr'><strong>inveniiu</strong></span> <span class='ocrx_word' id='word_1_308' title='bbox 1342 2706 1509 2761; x_wconf 89' lang='lat' dir='ltr'><strong>tribus</strong></span> <span class='ocrx_word' id='word_1_309' title='bbox 1535 2707 1808 2761; x_wconf 84' lang='lat' dir='ltr'><strong>codicibus</strong></span> <span class='ocrx_word' id='word_1_310' title='bbox 1830 2718 1883 2763; x_wconf 88' lang='lat' dir='ltr'><strong>et</strong></span> <span class='ocrx_word' id='word_1_311' title='bbox 1912 2709 1965 2761; x_wconf 91' lang='lat' dir='ltr'><strong>iu</strong></span> 
     </span>
    </p>
   </div>
   <div class='ocr_carea' id='block_1_46' title="bbox 381 2776 1967 2847">
    <p class='ocr_par' dir='ltr' id='par_1_46' title="bbox 381 2776 1967 2847">
     <span class='ocr_line' id='line_1_47' title="bbox 381 2776 1967 2847; baseline -0.001 -15"><span class='ocrx_word' id='word_1_312' title='bbox 381 2776 617 2832; x_wconf 89' lang='lat' dir='ltr'><strong>editione</strong></span> <span class='ocrx_word' id='word_1_313' title='bbox 638 2793 756 2844; x_wconf 75' lang='lat' dir='ltr'><strong>quae</strong></span> <span class='ocrx_word' id='word_1_314' title='bbox 795 2777 991 2832; x_wconf 91' lang='lat' dir='ltr'><strong>dicitur</strong></span> <span class='ocrx_word' id='word_1_315' title='bbox 1010 2777 1189 2834; x_wconf 87' lang='lat' dir='ltr'><strong>Gravii</strong></span> <span class='ocrx_word' id='word_1_316' title='bbox 1215 2792 1311 2847; x_wconf 89' lang='lat' dir='ltr'><strong>pro</strong></span> <span class='ocrx_word' id='word_1_317' title='bbox 1346 2792 1412 2831; x_wconf 93' lang='lat' dir='ltr'><strong>eo</strong></span> <span class='ocrx_word' id='word_1_318' title='bbox 1432 2777 1573 2847; x_wconf 86' lang='lat' dir='ltr'><strong>quod</strong></span> <span class='ocrx_word' id='word_1_319' title='bbox 1604 2778 1868 2833; x_wconf 91' lang='lat' dir='ltr'><strong>editiones</strong></span> <span class='ocrx_word' id='word_1_320' title='bbox 1912 2785 1967 2831; x_wconf 87' lang='lat' dir='ltr'><strong>et</strong></span> 
     </span>
    </p>
   </div>
   <div class='ocr_carea' id='block_1_47' title="bbox 378 2848 1967 2919">
    <p class='ocr_par' dir='ltr' id='par_1_47' title="bbox 378 2848 1967 2919">
     <span class='ocr_line' id='line_1_48' title="bbox 378 2848 1967 2919; baseline 0.002 -19"><span class='ocrx_word' id='word_1_321' title='bbox 378 2848 592 2919; x_wconf 80' lang='lat' dir='ltr'><strong>quidam</strong></span> <span class='ocrx_word' id='word_1_322' title='bbox 638 2848 755 2901; x_wconf 89' lang='lat' dir='ltr'><strong>libri</strong></span> <span class='ocrx_word' id='word_1_323' title='bbox 796 2859 999 2904; x_wconf 88' lang='lat' dir='ltr'><strong>veteres</strong></span> <span class='ocrx_word' id='word_1_324' title='bbox 1041 2849 1235 2904; x_wconf 89' lang='lat' dir='ltr'><strong>habent</strong></span> <span class='ocrx_word' id='word_1_325' title='bbox 1280 2848 1568 2919; x_wconf 87' lang='lat' dir='ltr'><strong>prodigum.</strong></span> <span class='ocrx_word' id='word_1_326' title='bbox 1612 2849 1783 2902; x_wconf 87' lang='lat' dir='ltr'><strong>Etiam</strong></span> <span class='ocrx_word' id='word_1_327' title='bbox 1832 2850 1967 2903; x_wconf 84' lang='lat' dir='ltr'><strong>falsa</strong></span> 
     </span>
    </p>
   </div>
   <div class='ocr_carea' id='block_1_48' title="bbox 377 2917 1969 2988">
    <p class='ocr_par' dir='ltr' id='par_1_48' title="bbox 377 2917 1969 2988">
     <span class='ocr_line' id='line_1_49' title="bbox 377 2917 1969 2988; baseline -0.001 -16"><span class='ocrx_word' id='word_1_328' title='bbox 377 2917 536 2973; x_wconf 90' lang='lat' dir='ltr'><strong>lectio</strong></span> <span class='ocrx_word' id='word_1_329' title='bbox 568 2919 686 2973; x_wconf 85' lang='lat' dir='ltr'><strong>libri</strong></span> <span class='ocrx_word' id='word_1_330' title='bbox 729 2918 1091 2983; x_wconf 72' lang='lat' dir='ltr'><strong>Turonensis,</strong></span> <span class='ocrx_word' id='word_1_331' title='bbox 1123 2935 1241 2988; x_wconf 82' lang='lat' dir='ltr'><strong>quae</strong></span> <span class='ocrx_word' id='word_1_332' title='bbox 1273 2917 1441 2974; x_wconf 76' lang='lat' dir='ltr'><strong>habet</strong></span> <span class='ocrx_word' id='word_1_333' title='bbox 1460 2920 1714 2974; x_wconf 86' lang='lat' dir='ltr'><strong>crudelem</strong></span> <span class='ocrx_word' id='word_1_334' title='bbox 1737 2962 1751 2984; x_wconf 87' lang='lat'><strong>,</strong></span> <span class='ocrx_word' id='word_1_335' title='bbox 1786 2933 1969 2975; x_wconf 88' lang='lat' dir='ltr'><strong>osten-</strong></span> 
     </span>
    </p>
   </div>
   <div class='ocr_carea' id='block_1_49' title="bbox 377 2988 1968 3058">
    <p class='ocr_par' dir='ltr' id='par_1_49' title="bbox 377 2988 1968 3058">
     <span class='ocr_line' id='line_1_50' title="bbox 377 2988 1968 3058; baseline 0.001 -16"><span class='ocrx_word' id='word_1_336' title='bbox 377 2988 457 3042; x_wconf 89' lang='lat' dir='ltr'><strong>dit</strong></span> <span class='ocrx_word' id='word_1_337' title='bbox 482 2990 636 3043; x_wconf 86' lang='lat' dir='ltr'><strong>istam</strong></span> <span class='ocrx_word' id='word_1_338' title='bbox 660 3003 782 3046; x_wconf 82' lang='lat' dir='ltr'><strong>csse</strong></span> <span class='ocrx_word' id='word_1_339' title='bbox 812 3007 1012 3045; x_wconf 88' lang='lat' dir='ltr'><strong>veram.</strong></span> <span class='ocrx_word' id='word_1_340' title='bbox 1042 2990 1472 3058; x_wconf 82' lang='lat' dir='ltr'><strong>Vulgatissimum</strong></span> <span class='ocrx_word' id='word_1_341' title='bbox 1498 3000 1581 3045; x_wconf 89' lang='lat' dir='ltr'><strong>est</strong></span> <span class='ocrx_word' id='word_1_342' title='bbox 1608 2991 1835 3046; x_wconf 84' lang='lat' dir='ltr'><strong>inveniri</strong></span> <span class='ocrx_word' id='word_1_343' title='bbox 1863 2991 1968 3045; x_wconf 87' lang='lat' dir='ltr'><strong>frc-</strong></span> 
     </span>
    </p>
   </div>
   <div class='ocr_carea' id='block_1_50' title="bbox 377 3060 1969 3131">
    <p class='ocr_par' dir='ltr' id='par_1_50' title="bbox 377 3060 1969 3131">
     <span class='ocr_line' id='line_1_51' title="bbox 377 3060 1969 3131; baseline 0.001 -17"><span class='ocrx_word' id='word_1_344' title='bbox 377 3069 604 3129; x_wconf 87' lang='lat' dir='ltr'><strong>quenter</strong></span> <span class='ocrx_word' id='word_1_345' title='bbox 627 3062 676 3113; x_wconf 89' lang='lat' dir='ltr'><strong>in</strong></span> <span class='ocrx_word' id='word_1_346' title='bbox 699 3063 968 3116; x_wconf 84' lang='lat' dir='ltr'><strong>veteribus</strong></span> <span class='ocrx_word' id='word_1_347' title='bbox 994 3060 1141 3115; x_wconf 88' lang='lat' dir='ltr'><strong>libris</strong></span> <span class='ocrx_word' id='word_1_348' title='bbox 1169 3062 1546 3131; x_wconf 89' lang='lat' dir='ltr'><strong>manuscriptis</strong></span> <span class='ocrx_word' id='word_1_349' title='bbox 1571 3060 1840 3118; x_wconf 85' lang='lat' dir='ltr'><strong>crudelem</strong></span> <span class='ocrx_word' id='word_1_350' title='bbox 1872 3076 1969 3131; x_wconf 92' lang='lat' dir='ltr'><strong>pro</strong></span> 
     </span>
    </p>
   </div>
   <div class='ocr_carea' id='block_1_51' title="bbox 375 3130 1966 3201">
    <p class='ocr_par' dir='ltr' id='par_1_51' title="bbox 375 3130 1966 3201">
     <span class='ocr_line' id='line_1_52' title="bbox 375 3130 1966 3201; baseline 0.001 -16"><span class='ocrx_word' id='word_1_351' title='bbox 375 3130 600 3186; x_wconf 85' lang='lat' dir='ltr'><strong>credulo</strong></span> <span class='ocrx_word' id='word_1_352' title='bbox 640 3141 694 3186; x_wconf 89' lang='lat' dir='ltr'><strong>et</strong></span> <span class='ocrx_word' id='word_1_353' title='bbox 735 3148 765 3187; x_wconf 91' lang='lat' dir='ltr'><strong>e</strong></span> <span class='ocrx_word' id='word_1_354' title='bbox 803 3148 1066 3188; x_wconf 74' lang='lat' dir='ltr'><strong>conterso</strong></span> <span class='ocrx_word' id='word_1_355' title='bbox 1088 3172 1101 3192; x_wconf 89' lang='lat'><strong>.</strong></span> <span class='ocrx_word' id='word_1_356' title='bbox 1134 3130 1696 3187; x_wconf 80' lang='lat' dir='ltr'><strong>crudelitatem&#39;etiam</strong></span> <span class='ocrx_word' id='word_1_357' title='bbox 1724 3148 1821 3201; x_wconf 88' lang='lat' dir='ltr'><strong>pro</strong></span> <span class='ocrx_word' id='word_1_358' title='bbox 1847 3130 1966 3187; x_wconf 83' lang='lat' dir='ltr'><strong>cre-</strong></span> 
     </span>
    </p>
   </div>
   <div class='ocr_carea' id='block_1_52' title="bbox 374 3201 1969 3271">
    <p class='ocr_par' dir='ltr' id='par_1_52' title="bbox 374 3201 1969 3271">
     <span class='ocr_line' id='line_1_53' title="bbox 374 3201 1969 3271; baseline 0.003 -16"><span class='ocrx_word' id='word_1_359' title='bbox 374 3201 595 3258; x_wconf 82' lang='lat' dir='ltr'><strong>dulitate</strong></span> <span class='ocrx_word' id='word_1_360' title='bbox 621 3212 674 3256; x_wconf 91' lang='lat' dir='ltr'><strong>et</strong></span> <span class='ocrx_word' id='word_1_361' title='bbox 703 3219 733 3257; x_wconf 90' lang='lat' dir='ltr'><strong>e</strong></span> <span class='ocrx_word' id='word_1_362' title='bbox 763 3219 1045 3268; x_wconf 90' lang='lat' dir='ltr'><strong>converso,</strong></span> <span class='ocrx_word' id='word_1_363' title='bbox 1068 3213 1123 3256; x_wconf 93' lang='lat' dir='ltr'><strong>ut</strong></span> <span class='ocrx_word' id='word_1_364' title='bbox 1154 3201 1333 3256; x_wconf 91' lang='lat' dir='ltr'><strong>monui</strong></span> <span class='ocrx_word' id='word_1_365' title='bbox 1361 3202 1492 3270; x_wconf 86' lang='lat' dir='ltr'><strong>jam,</strong></span> <span class='ocrx_word' id='word_1_366' title='bbox 1529 3218 1645 3271; x_wconf 86' lang='lat' dir='ltr'><strong>pag.</strong></span> <span class='ocrx_word' id='word_1_367' title='bbox 1677 3204 1802 3260; x_wconf 71' lang='grc'><strong>485.</strong></span> <span class='ocrx_word' id='word_1_368' title='bbox 1832 3203 1969 3259; x_wconf 88' lang='lat' dir='ltr'><strong>Vide</strong></span> 
     </span>
    </p>
   </div>
   <div class='ocr_carea' id='block_1_53' title="bbox 376 3272 2040 3353">
    <p class='ocr_par' dir='ltr' id='par_1_53' title="bbox 376 3272 2040 3353">
     <span class='ocr_line' id='line_1_54' title="bbox 376 3272 2040 3353; baseline 0.002 -28"><span class='ocrx_word' id='word_1_369' title='bbox 376 3281 504 3353; x_wconf 87' lang='lat' dir='ltr'><strong>tom.</strong></span> <span class='ocrx_word' id='word_1_370' title='bbox 532 3290 572 3353; x_wconf 73' lang='lat' dir='ltr'><strong>It</strong></span> <span class='ocrx_word' id='word_1_371' title='bbox 591 3274 997 3353; x_wconf 65' lang='lat' dir='ltr'><strong>Qapitularittm,</strong></span> <span class='ocrx_word' id='word_1_372' title='bbox 1015 3289 1132 3353; x_wconf 68' lang='lat' dir='ltr'><strong>pag.</strong></span> <span class='ocrx_word' id='word_1_373' title='bbox 1156 3272 1387 3353; x_wconf 70' lang='grc' dir='ltr'><strong>1119.1η</strong></span> <span class='ocrx_word' id='word_1_374' title='bbox 1411 3273 1741 3339; x_wconf 88' lang='lat' dir='ltr'><strong>Curbeieusi,</strong></span> <span class='ocrx_word' id='word_1_375' title='bbox 1760 3275 1968 3353; x_wconf 76' lang='lat' dir='ltr'><strong>stultum</strong></span> <span class='ocrx_word' id='word_1_376' title='bbox 1994 3289 2040 3353; x_wconf 71' lang='grc' dir='ltr'><strong>ρ</strong></span> 
     </span>
    </p>
   </div>
   <div class='ocr_carea' id='block_1_54' title="bbox 372 3342 1968 3416">
    <p class='ocr_par' dir='ltr' id='par_1_54' title="bbox 372 3342 1968 3416">
     <span class='ocr_line' id='line_1_55' title="bbox 372 3342 1968 3416; baseline 0.003 -19"><span class='ocrx_word' id='word_1_377' title='bbox 372 3352 417 3397; x_wconf 91' lang='lat' dir='ltr'><strong>et</strong></span> <span class='ocrx_word' id='word_1_378' title='bbox 447 3343 734 3410; x_wconf 88' lang='lat' dir='ltr'><strong>crudelem,</strong></span> <span class='ocrx_word' id='word_1_379' title='bbox 761 3344 901 3414; x_wconf 90' lang='lat' dir='ltr'><strong>quod</strong></span> <span class='ocrx_word' id='word_1_380' title='bbox 933 3342 1171 3415; x_wconf 82' lang='lat' dir='ltr'><strong>profecto</strong></span> <span class='ocrx_word' id='word_1_381' title='bbox 1190 3342 1535 3416; x_wconf 81' lang='lat' dir='ltr'><strong>depravatum</strong></span> <span class='ocrx_word' id='word_1_382' title='bbox 1572 3356 1653 3400; x_wconf 89' lang='lat' dir='ltr'><strong>est</strong></span> <span class='ocrx_word' id='word_1_383' title='bbox 1693 3361 1759 3400; x_wconf 86' lang='lat' dir='ltr'><strong>ex</strong></span> <span class='ocrx_word' id='word_1_384' title='bbox 1794 3345 1968 3416; x_wconf 87' lang='lat' dir='ltr'><strong>aliqua</strong></span> 
     </span>
    </p>
   </div>
   <div class='ocr_carea' id='block_1_55' title="bbox 372 3414 1996 3485">
    <p class='ocr_par' dir='ltr' id='par_1_55' title="bbox 372 3414 1996 3485">
     <span class='ocr_line' id='line_1_56' title="bbox 372 3414 1996 3485; baseline 0.001 -15"><span class='ocrx_word' id='word_1_385' title='bbox 372 3424 551 3485; x_wconf 77' lang='lat' dir='ltr'><strong>vetere</strong></span> <span class='ocrx_word' id='word_1_386' title='bbox 582 3416 873 3485; x_wconf 89' lang='lat' dir='ltr'><strong>scriptura,</strong></span> <span class='ocrx_word' id='word_1_387' title='bbox 909 3414 1029 3485; x_wconf 80' lang='lat' dir='ltr'><strong>quae</strong></span> <span class='ocrx_word' id='word_1_388' title='bbox 1060 3414 1310 3470; x_wconf 80' lang='lat' dir='ltr'><strong>habuisse</strong></span> <span class='ocrx_word' id='word_1_389' title='bbox 1346 3415 1554 3470; x_wconf 87' lang='lat' dir='ltr'><strong>videtttr</strong></span> <span class='ocrx_word' id='word_1_390' title='bbox 1592 3414 1996 3471; x_wconf 47' lang='lat' dir='ltr'><strong>credulumfllr</strong></span> 
     </span>
    </p>
   </div>
   <div class='ocr_carea' id='block_1_56' title="bbox 373 3484 1971 3557">
    <p class='ocr_par' dir='ltr' id='par_1_56' title="bbox 373 3484 1971 3557">
     <span class='ocr_line' id='line_1_57' title="bbox 373 3484 1971 3557; baseline 0.001 -19"><span class='ocrx_word' id='word_1_391' title='bbox 373 3484 460 3539; x_wconf 90' lang='lat' dir='ltr'><strong>lttd</strong></span> <span class='ocrx_word' id='word_1_392' title='bbox 489 3501 615 3541; x_wconf 89' lang='lat' dir='ltr'><strong>vero</strong></span> <span class='ocrx_word' id='word_1_393' title='bbox 636 3529 649 3547; x_wconf 81' lang='grc'><em>,</em></span> <span class='ocrx_word' id='word_1_394' title='bbox 683 3484 953 3557; x_wconf 80' lang='lat' dir='ltr'><strong>prodigum</strong></span> <span class='ocrx_word' id='word_1_395' title='bbox 974 3529 987 3551; x_wconf 94' lang='lat'><strong>,</strong></span> <span class='ocrx_word' id='word_1_396' title='bbox 1011 3486 1162 3557; x_wconf 79' lang='lat' dir='ltr'><strong>unde</strong></span> <span class='ocrx_word' id='word_1_397' title='bbox 1190 3488 1493 3557; x_wconf 86' lang='lat' dir='ltr'><strong>irrepserit,</strong></span> <span class='ocrx_word' id='word_1_398' title='bbox 1540 3503 1643 3540; x_wconf 90' lang='lat' dir='ltr'><strong>non</strong></span> <span class='ocrx_word' id='word_1_399' title='bbox 1688 3485 1859 3542; x_wconf 87' lang='lat' dir='ltr'><strong>habeo</strong></span> <span class='ocrx_word' id='word_1_400' title='bbox 1890 3488 1971 3541; x_wconf 82' lang='lat' dir='ltr'><strong>di-</strong></span> 
     </span>
    </p>
   </div>
   <div class='ocr_carea' id='block_1_57' title="bbox 371 3554 1970 3628">
    <p class='ocr_par' dir='ltr' id='par_1_57' title="bbox 371 3554 1970 3628">
     <span class='ocr_line' id='line_1_58' title="bbox 371 3554 1970 3628; baseline 0.002 -19"><span class='ocrx_word' id='word_1_401' title='bbox 371 3571 526 3628; x_wconf 85' lang='lat' dir='ltr'><strong>cere:</strong></span> <span class='ocrx_word' id='word_1_402' title='bbox 561 3554 1098 3628; x_wconf 8' lang='lat' dir='ltr'><strong>uisi-scriptumqolim</strong></span> <span class='ocrx_word' id='word_1_403' title='bbox 1137 3557 1298 3611; x_wconf 84' lang='lat' dir='ltr'><strong>fuisse</strong></span> <span class='ocrx_word' id='word_1_404' title='bbox 1337 3554 1624 3625; x_wconf 87' lang='lat' dir='ltr'><strong>perditum;</strong></span> <span class='ocrx_word' id='word_1_405' title='bbox 1668 3559 1835 3628; x_wconf 79' lang='lat' dir='ltr'><strong>deque</strong></span> <span class='ocrx_word' id='word_1_406' title='bbox 1877 3558 1970 3612; x_wconf 91' lang='lat' dir='ltr'><strong>illo</strong></span> 
     </span>
    </p>
   </div>
   <div class='ocr_carea' id='block_1_58' title="bbox 371 3626 1970 3697">
    <p class='ocr_par' dir='ltr' id='par_1_58' title="bbox 371 3626 1970 3697">
     <span class='ocr_line' id='line_1_59' title="bbox 371 3626 1970 3697; baseline 0.003 -18"><span class='ocrx_word' id='word_1_407' title='bbox 371 3627 623 3697; x_wconf 86' lang='lat' dir='ltr'><strong>perditum</strong></span> <span class='ocrx_word' id='word_1_408' title='bbox 648 3627 840 3681; x_wconf 74' lang='lat' dir='ltr'><strong>factum</strong></span> <span class='ocrx_word' id='word_1_409' title='bbox 864 3630 929 3683; x_wconf 92' lang='lat' dir='ltr'><strong>ab</strong></span> <span class='ocrx_word' id='word_1_410' title='bbox 950 3626 1212 3697; x_wconf 84' lang='lat' dir='ltr'><strong>imperitis</strong></span> <span class='ocrx_word' id='word_1_411' title='bbox 1234 3629 1519 3697; x_wconf 69' lang='lat' dir='ltr'><strong>proditum,</strong></span> <span class='ocrx_word' id='word_1_412' title='bbox 1546 3644 1608 3683; x_wconf 90' lang='lat' dir='ltr'><strong>ac</strong></span> <span class='ocrx_word' id='word_1_413' title='bbox 1630 3626 1823 3684; x_wconf 84' lang='lat' dir='ltr'><strong>deinde</strong></span> <span class='ocrx_word' id='word_1_414' title='bbox 1851 3647 1970 3696; x_wconf 83' lang='lat' dir='ltr'><strong>pro-</strong></span> 
     </span>
    </p>
   </div>
   <div class='ocr_carea' id='block_1_59' title="bbox 372 3696 1963 3821">
    <p class='ocr_par' dir='ltr' id='par_1_59' title="bbox 372 3696 1963 3821">
     <span class='ocr_line' id='line_1_60' title="bbox 372 3696 1963 3821; baseline 0.003 -71"><span class='ocrx_word' id='word_1_415' title='bbox 372 3698 566 3821; x_wconf 46' lang='lat' dir='ltr'><strong>tllggum.</strong></span> <span class='ocrx_word' id='word_1_416' title='bbox 599 3696 795 3754; x_wconf 89' lang='lat' dir='ltr'><strong>Perditi</strong></span> <span class='ocrx_word' id='word_1_417' title='bbox 821 3696 1064 3754; x_wconf 86' lang='lat' dir='ltr'><strong>homines</strong></span> <span class='ocrx_word' id='word_1_418' title='bbox 1082 3696 1332 3754; x_wconf 86' lang='lat' dir='ltr'><strong>dicuntur</strong></span> <span class='ocrx_word' id='word_1_419' title='bbox 1372 3699 1615 3787; x_wconf 73' lang='lat' dir='ltr'><strong>scelerati</strong></span> <span class='ocrx_word' id='word_1_420' title='bbox 1657 3715 1718 3753; x_wconf 91' lang='lat' dir='ltr'><strong>ac</strong></span> <span class='ocrx_word' id='word_1_421' title='bbox 1754 3700 1963 3755; x_wconf 84' lang='lat' dir='ltr'><strong>nefarii.</strong></span> 
     </span>
     <span class='ocr_line' id='line_1_61' title="bbox 425 3785 595 3821; baseline 0 0"><span class='ocrx_word' id='word_1_422' title='bbox 425 3785 595 3821; x_wconf 77' lang='lat' dir='ltr'><strong>IGALT.</strong></span> 
     </span>
    </p>
   </div>
   <div class='ocr_carea' id='block_1_60' title="bbox 425 3772 1480 3825">
    <p class='ocr_par' dir='ltr' id='par_1_60' title="bbox 425 3772 1480 3825">
     <span class='ocr_line' id='line_1_62' title="bbox 425 3772 1480 3825; baseline 0.01 -2"><span class='ocrx_word' id='word_1_423' title='bbox 425 3785 595 3825; x_wconf 77' lang='lat' dir='ltr'><strong>IGALT.</strong></span> <span class='ocrx_word' id='word_1_424' title='bbox 1464 3772 1480 3787; x_wconf 87' lang='grc'><em>’</em></span> 
     </span>
    </p>
   </div>
   <div class='ocr_carea' id='block_1_61' title="bbox 444 3860 1963 3931">
    <p class='ocr_par' dir='ltr' id='par_1_61' title="bbox 444 3860 1963 3931">
     <span class='ocr_line' id='line_1_63' title="bbox 444 3860 1963 3931; baseline 0.001 -16"><span class='ocrx_word' id='word_1_425' title='bbox 444 3862 667 3931; x_wconf 81' lang='lat' dir='ltr'><strong>Spiritus</strong></span> <span class='ocrx_word' id='word_1_426' title='bbox 703 3861 961 3916; x_wconf 70' lang='lat' dir='ltr'><strong>insinceri.</strong></span> <span class='ocrx_word' id='word_1_427' title='bbox 1004 3861 1177 3930; x_wconf 83' lang='lat' dir='ltr'><strong>Supra</strong></span> <span class='ocrx_word' id='word_1_428' title='bbox 1221 3862 1271 3915; x_wconf 92' lang='lat' dir='ltr'><strong>in</strong></span> <span class='ocrx_word' id='word_1_429' title='bbox 1313 3860 1550 3930; x_wconf 88' lang='lat' dir='ltr'><strong>Epistula</strong></span> <span class='ocrx_word' id='word_1_430' title='bbox 1578 3862 1645 3916; x_wconf 90' lang='lat' dir='ltr'><strong>ad</strong></span> <span class='ocrx_word' id='word_1_431' title='bbox 1673 3860 1963 3930; x_wconf 81' lang='lat' dir='ltr'><strong>Donatum,</strong></span> 
     </span>
    </p>
   </div>
   <div class='ocr_carea' id='block_1_62' title="bbox 373 3926 1967 4016">
    <p class='ocr_par' dir='ltr' id='par_1_62' title="bbox 373 3926 1967 4016">
     <span class='ocr_line' id='line_1_64' title="bbox 373 3926 1967 4016; baseline 0.003 -34"><span class='ocrx_word' id='word_1_432' title='bbox 373 3926 497 4001; x_wconf 46' lang='lat' dir='ltr'><strong>pag;</strong></span> <span class='ocrx_word' id='word_1_433' title='bbox 604 3926 866 4016; x_wconf 69' lang='lat' dir='ltr'><strong>minandi</strong></span> <span class='ocrx_word' id='word_1_434' title='bbox 892 3941 938 4016; x_wconf 73' lang='lat' dir='ltr'><strong>et</strong></span> <span class='ocrx_word' id='word_1_435' title='bbox 962 3926 1167 4016; x_wconf 77' lang='lat' dir='ltr'><strong>erratici</strong></span> <span class='ocrx_word' id='word_1_436' title='bbox 1187 3926 1415 4016; x_wconf 73' lang='lat' dir='ltr'><strong>spiritus.</strong></span> <span class='ocrx_word' id='word_1_437' title='bbox 1436 3931 1713 4016; x_wconf 67' lang='lat' dir='ltr'><strong>Minatius:</strong></span> <span class='ocrx_word' id='word_1_438' title='bbox 1739 3926 1967 4016; x_wconf 55' lang='lat' dir='ltr'><strong>Spiritus</strong></span> 
     </span>
    </p>
   </div>
   <div class='ocr_carea' id='block_1_63' title="bbox 370 4004 1967 4075">
    <p class='ocr_par' dir='ltr' id='par_1_63' title="bbox 370 4004 1967 4075">
     <span class='ocr_line' id='line_1_65' title="bbox 370 4004 1967 4075; baseline 0.003 -20"><span class='ocrx_word' id='word_1_439' title='bbox 370 4014 485 4055; x_wconf 84' lang='lat' dir='ltr'><strong>sunt</strong></span> <span class='ocrx_word' id='word_1_440' title='bbox 514 4004 781 4075; x_wconf 81' lang='lat' dir='ltr'><strong>insinceri,</strong></span> <span class='ocrx_word' id='word_1_441' title='bbox 813 4005 927 4075; x_wconf 85' lang='lat' dir='ltr'><strong>vagi</strong></span> <span class='ocrx_word' id='word_1_442' title='bbox 947 4046 960 4067; x_wconf 84' lang='lat'><strong>,</strong></span> <span class='ocrx_word' id='word_1_443' title='bbox 991 4022 1022 4058; x_wconf 79' lang='grc' dir='ltr'><strong><em>ιι</em></strong></span> <span class='ocrx_word' id='word_1_444' title='bbox 1047 4004 1234 4075; x_wconf 68' lang='lat' dir='ltr'><strong>ccclesti</strong></span> <span class='ocrx_word' id='word_1_445' title='bbox 1261 4004 1430 4073; x_wconf 90' lang='lat' dir='ltr'><strong>vigore</strong></span> <span class='ocrx_word' id='word_1_446' title='bbox 1454 4005 1663 4075; x_wconf 83' lang='lat' dir='ltr'><strong>terrenis</strong></span> <span class='ocrx_word' id='word_1_447' title='bbox 1695 4004 1889 4056; x_wconf 81' lang='lat' dir='ltr'><strong>labibus</strong></span> <span class='ocrx_word' id='word_1_448' title='bbox 1918 4014 1967 4059; x_wconf 85' lang='lat' dir='ltr'><strong>et</strong></span> 
     </span>
    </p>
   </div>
   <div class='ocr_carea' id='block_1_64' title="bbox 369 4073 1960 4144">
    <p class='ocr_par' dir='ltr' id='par_1_64' title="bbox 369 4073 1960 4144">
     <span class='ocr_line' id='line_1_66' title="bbox 369 4073 1960 4144; baseline 0.003 -20"><span class='ocrx_word' id='word_1_449' title='bbox 369 4073 726 4143; x_wconf 77' lang='lat' dir='ltr'><strong>cupiditatibus</strong></span> <span class='ocrx_word' id='word_1_450' title='bbox 764 4073 1045 4143; x_wconf 75' lang='lat' dir='ltr'><strong>degravati.</strong></span> <span class='ocrx_word' id='word_1_451' title='bbox 1093 4074 1422 4139; x_wconf 82' lang='lat' dir='ltr'><strong>Lactantius,</strong></span> <span class='ocrx_word' id='word_1_452' title='bbox 1464 4074 1555 4128; x_wconf 88' lang='lat' dir='ltr'><strong>lib.</strong></span> <span class='ocrx_word' id='word_1_453' title='bbox 1609 4090 1677 4140; x_wconf 86' lang='lat' dir='ltr'><strong>ll,</strong></span> <span class='ocrx_word' id='word_1_454' title='bbox 1708 4090 1824 4144; x_wconf 87' lang='lat' dir='ltr'><strong>cap.</strong></span> <span class='ocrx_word' id='word_1_455' title='bbox 1861 4076 1960 4129; x_wconf 76' lang='lat' dir='ltr'><strong>H:</strong></span> 
     </span>
    </p>
   </div>
   <div class='ocr_carea' id='block_1_65' title="bbox 372 4143 1964 4216">
    <p class='ocr_par' dir='ltr' id='par_1_65' title="bbox 372 4143 1964 4216">
     <span class='ocr_line' id='line_1_67' title="bbox 372 4143 1964 4216; baseline 0.003 -21"><span class='ocrx_word' id='word_1_456' title='bbox 372 4143 947 4216; x_wconf 60' lang='lat' dir='ltr'><strong>Spirituseontaminati</strong></span> <span class='ocrx_word' id='word_1_457' title='bbox 982 4163 1042 4200; x_wconf 92' lang='lat' dir='ltr'><strong>ac</strong></span> <span class='ocrx_word' id='word_1_458' title='bbox 1077 4145 1260 4216; x_wconf 82' lang='lat' dir='ltr'><strong>perditi</strong></span> <span class='ocrx_word' id='word_1_459' title='bbox 1305 4162 1392 4215; x_wconf 88' lang='lat' dir='ltr'><strong>per</strong></span> <span class='ocrx_word' id='word_1_460' title='bbox 1429 4162 1622 4198; x_wconf 85' lang='lat' dir='ltr'><strong>omnem</strong></span> <span class='ocrx_word' id='word_1_461' title='bbox 1655 4153 1837 4198; x_wconf 87' lang='lat' dir='ltr'><strong>terram</strong></span> <span class='ocrx_word' id='word_1_462' title='bbox 1878 4161 1964 4199; x_wconf 90' lang='lat' dir='ltr'><strong>va-</strong></span> 
     </span>
    </p>
   </div>
   <div class='ocr_carea' id='block_1_66' title="bbox 369 4214 801 4283">
    <p class='ocr_par' dir='ltr' id='par_1_66' title="bbox 369 4214 801 4283">
     <span class='ocr_line' id='line_1_68' title="bbox 369 4214 801 4283; baseline 0.005 -17"><span class='ocrx_word' id='word_1_463' title='bbox 369 4226 573 4283; x_wconf 86' lang='lat' dir='ltr'><strong>gantur.</strong></span> <span class='ocrx_word' id='word_1_464' title='bbox 605 4214 801 4271; x_wconf 74' lang='lat' dir='ltr'><strong>BALUZ.</strong></span> 
     </span>
    </p>
   </div>
   <div class='ocr_carea' id='block_1_67' title="bbox 451 4305 1964 4381">
    <p class='ocr_par' dir='ltr' id='par_1_67' title="bbox 451 4305 1964 4381">
     <span class='ocr_line' id='line_1_69' title="bbox 451 4305 1964 4381; baseline 0.005 -24"><span class='ocrx_word' id='word_1_465' title='bbox 451 4305 600 4375; x_wconf 85' lang='lat' dir='ltr'><strong>Vagi.</strong></span> <span class='ocrx_word' id='word_1_466' title='bbox 625 4306 1063 4381; x_wconf 81' lang='lat' dir='ltr'><strong>Commodianus,</strong></span> <span class='ocrx_word' id='word_1_467' title='bbox 1093 4306 1341 4381; x_wconf 56' lang='lat' dir='ltr'><strong>Instruct.</strong></span> <span class='ocrx_word' id='word_1_468' title='bbox 1375 4323 1455 4362; x_wconf 88' lang='lat' dir='ltr'><strong>tv:</strong></span> <span class='ocrx_word' id='word_1_469' title='bbox 1493 4306 1640 4363; x_wconf 84' lang='lat' dir='ltr'><strong>Unde</strong></span> <span class='ocrx_word' id='word_1_470' title='bbox 1670 4311 1818 4381; x_wconf 76' lang='lat' dir='ltr'><strong>modo</strong></span> <span class='ocrx_word' id='word_1_471' title='bbox 1850 4310 1964 4381; x_wconf 80' lang='lat' dir='ltr'><strong>vagi</strong></span> 
     </span>
    </p>
   </div>
   <div class='ocr_carea' id='block_1_68' title="bbox 369 4377 1962 4447">
    <p class='ocr_par' dir='ltr' id='par_1_68' title="bbox 369 4377 1962 4447">
     <span class='ocr_line' id='line_1_70' title="bbox 369 4377 1962 4447; baseline 0.002 -17"><span class='ocrx_word' id='word_1_472' title='bbox 369 4377 663 4430; x_wconf 72' lang='lat' dir='ltr'><strong>subvertant</strong></span> <span class='ocrx_word' id='word_1_473' title='bbox 688 4394 904 4447; x_wconf 87' lang='lat' dir='ltr'><strong>corpora</strong></span> <span class='ocrx_word' id='word_1_474' title='bbox 925 4378 1103 4433; x_wconf 87' lang='lat' dir='ltr'><strong>multa.</strong></span> <span class='ocrx_word' id='word_1_475' title='bbox 1129 4378 1281 4434; x_wconf 85' lang='lat' dir='ltr'><strong>Item.</strong></span> <span class='ocrx_word' id='word_1_476' title='bbox 1305 4378 1551 4435; x_wconf 86' lang='lat' dir='ltr'><strong>lnstruct.</strong></span> <span class='ocrx_word' id='word_1_477' title='bbox 1584 4396 1725 4434; x_wconf 82' lang='lat' dir='ltr'><strong>xxn:</strong></span> <span class='ocrx_word' id='word_1_478' title='bbox 1756 4377 1962 4434; x_wconf 74' lang='lat' dir='ltr'><strong>Daemo-</strong></span> 
     </span>
    </p>
   </div>
   <div class='ocr_carea' id='block_1_69' title="bbox 368 4448 1957 4518">
    <p class='ocr_par' dir='ltr' id='par_1_69' title="bbox 368 4448 1957 4518">
     <span class='ocr_line' id='line_1_71' title="bbox 368 4448 1957 4518; baseline 0.003 -17"><span class='ocrx_word' id='word_1_479' title='bbox 368 4464 456 4502; x_wconf 89' lang='lat' dir='ltr'><strong>nes</strong></span> <span class='ocrx_word' id='word_1_480' title='bbox 481 4448 534 4502; x_wconf 87' lang='lat' dir='ltr'><strong>in</strong></span> <span class='ocrx_word' id='word_1_481' title='bbox 562 4448 753 4502; x_wconf 85' lang='lat' dir='ltr'><strong>mundo</strong></span> <span class='ocrx_word' id='word_1_482' title='bbox 782 4450 912 4518; x_wconf 83' lang='lat' dir='ltr'><strong>vagi.</strong></span> <span class='ocrx_word' id='word_1_483' title='bbox 954 4449 1027 4503; x_wconf 86' lang='lat' dir='ltr'><strong>Ita</strong></span> <span class='ocrx_word' id='word_1_484' title='bbox 1060 4450 1109 4502; x_wconf 90' lang='lat' dir='ltr'><strong>in</strong></span> <span class='ocrx_word' id='word_1_485' title='bbox 1138 4450 1303 4504; x_wconf 84' lang='lat' dir='ltr'><strong>veteri</strong></span> <span class='ocrx_word' id='word_1_486' title='bbox 1319 4449 1509 4504; x_wconf 89' lang='lat' dir='ltr'><strong>codice</strong></span> <span class='ocrx_word' id='word_1_487' title='bbox 1548 4452 1717 4506; x_wconf 90' lang='lat' dir='ltr'><strong>sancti</strong></span> <span class='ocrx_word' id='word_1_488' title='bbox 1760 4451 1957 4507; x_wconf 81' lang='lat' dir='ltr'><strong>Albini.</strong></span> 
     </span>
    </p>
   </div>
   <div class='ocr_carea' id='block_1_70' title="bbox 369 4518 1962 4590">
    <p class='ocr_par' dir='ltr' id='par_1_70' title="bbox 369 4518 1962 4590">
     <span class='ocr_line' id='line_1_72' title="bbox 369 4518 1962 4590; baseline 0.002 -17"><span class='ocrx_word' id='word_1_489' title='bbox 369 4518 473 4574; x_wconf 79' lang='lat' dir='ltr'><strong>Pro</strong></span> <span class='ocrx_word' id='word_1_490' title='bbox 510 4535 615 4588; x_wconf 89' lang='lat' dir='ltr'><strong>quo</strong></span> <span class='ocrx_word' id='word_1_491' title='bbox 656 4519 913 4589; x_wconf 83' lang='lat' dir='ltr'><strong>Rigaltitts</strong></span> <span class='ocrx_word' id='word_1_492' title='bbox 953 4521 1126 4590; x_wconf 88' lang='lat' dir='ltr'><strong>posuit</strong></span> <span class='ocrx_word' id='word_1_493' title='bbox 1153 4521 1345 4590; x_wconf 85' lang='lat' dir='ltr'><strong>vagari.</strong></span> <span class='ocrx_word' id='word_1_494' title='bbox 1393 4520 1710 4575; x_wconf 88' lang='lat' dir='ltr'><strong>Prudentius</strong></span> <span class='ocrx_word' id='word_1_495' title='bbox 1751 4522 1801 4574; x_wconf 92' lang='lat' dir='ltr'><strong>in</strong></span> <span class='ocrx_word' id='word_1_496' title='bbox 1832 4520 1962 4576; x_wconf 88' lang='lat' dir='ltr'><strong>Car-</strong></span> 
     </span>
    </p>
   </div>
   <div class='ocr_carea' id='block_1_71' title="bbox 367 4590 1957 4662">
    <p class='ocr_par' dir='ltr' id='par_1_71' title="bbox 367 4590 1957 4662">
     <span class='ocr_line' id='line_1_73' title="bbox 367 4590 1957 4662; baseline 0.004 -21"><span class='ocrx_word' id='word_1_497' title='bbox 367 4591 510 4662; x_wconf 84' lang='lat' dir='ltr'><strong>mine</strong></span> <span class='ocrx_word' id='word_1_498' title='bbox 540 4590 607 4644; x_wconf 89' lang='lat' dir='ltr'><strong>de</strong></span> <span class='ocrx_word' id='word_1_499' title='bbox 637 4601 824 4645; x_wconf 86' lang='lat' dir='ltr'><strong>sancto</strong></span> <span class='ocrx_word' id='word_1_500' title='bbox 853 4590 1165 4662; x_wconf 75' lang='lat' dir='ltr'><strong>Vincentio;</strong></span> <span class='ocrx_word' id='word_1_501' title='bbox 1198 4592 1399 4646; x_wconf 80' lang='lat' dir='ltr'><strong>Adsunt</strong></span> <span class='ocrx_word' id='word_1_502' title='bbox 1425 4602 1470 4645; x_wconf 90' lang='lat' dir='ltr'><strong>et</strong></span> <span class='ocrx_word' id='word_1_503' title='bbox 1500 4593 1604 4646; x_wconf 88' lang='lat' dir='ltr'><strong>illic</strong></span> <span class='ocrx_word' id='word_1_504' title='bbox 1633 4594 1842 4662; x_wconf 87' lang='lat' dir='ltr'><strong>spiritus</strong></span> <span class='ocrx_word' id='word_1_505' title='bbox 1873 4609 1957 4647; x_wconf 89' lang='lat' dir='ltr'><strong>va-</strong></span> 
     </span>
    </p>
   </div>
   <div class='ocr_carea' id='block_1_72' title="bbox 366 4656 1273 4731">
    <p class='ocr_par' dir='ltr' id='par_1_72' title="bbox 366 4656 1273 4731">
     <span class='ocr_line' id='line_1_74' title="bbox 366 4656 1273 4731; baseline 0.004 -19"><span class='ocrx_word' id='word_1_506' title='bbox 366 4660 447 4730; x_wconf 87' lang='lat' dir='ltr'><strong>gi,</strong></span> <span class='ocrx_word' id='word_1_507' title='bbox 476 4661 805 4731; x_wconf 80' lang='lat' dir='ltr'><strong>impotentes,</strong></span> <span class='ocrx_word' id='word_1_508' title='bbox 833 4662 1045 4716; x_wconf 81' lang='lat' dir='ltr'><strong>sordidi.</strong></span> <span class='ocrx_word' id='word_1_509' title='bbox 1075 4656 1273 4718; x_wconf 67' lang='lat' dir='ltr'><strong>Bswz.</strong></span> 
     </span>
    </p>
   </div>
   <div class='ocr_carea' id='block_1_73' title="bbox 446 4751 1959 4812">
    <p class='ocr_par' dir='ltr' id='par_1_73' title="bbox 446 4751 1959 4812">
     <span class='ocr_line' id='line_1_75' title="bbox 446 4751 1959 4812; baseline 0.004 -7"><span class='ocrx_word' id='word_1_510' title='bbox 446 4751 713 4808; x_wconf 79' lang='lat' dir='ltr'><strong>Hostanes.</strong></span> <span class='ocrx_word' id='word_1_511' title='bbox 759 4752 979 4810; x_wconf 84' lang='lat' dir='ltr'><strong>Veteres</strong></span> <span class='ocrx_word' id='word_1_512' title='bbox 1027 4752 1290 4809; x_wconf 84' lang='lat' dir='ltr'><strong>editiones</strong></span> <span class='ocrx_word' id='word_1_513' title='bbox 1339 4760 1392 4809; x_wconf 84' lang='lat' dir='ltr'><strong>et</strong></span> <span class='ocrx_word' id='word_1_514' title='bbox 1438 4766 1625 4809; x_wconf 89' lang='lat' dir='ltr'><strong>omnes</strong></span> <span class='ocrx_word' id='word_1_515' title='bbox 1673 4754 1789 4810; x_wconf 83' lang='lat' dir='ltr'><strong>fere</strong></span> <span class='ocrx_word' id='word_1_516' title='bbox 1839 4755 1959 4812; x_wconf 88' lang='lat' dir='ltr'><strong>libri</strong></span> 
     </span>
    </p>
   </div>
   <div class='ocr_carea' id='block_1_74' title="bbox 364 4823 1955 4892">
    <p class='ocr_par' dir='ltr' id='par_1_74' title="bbox 364 4823 1955 4892">
     <span class='ocr_line' id='line_1_76' title="bbox 364 4823 1955 4892; baseline 0.004 -18"><span class='ocrx_word' id='word_1_517' title='bbox 364 4833 575 4878; x_wconf 81' lang='lat' dir='ltr'><strong>veteres</strong></span> <span class='ocrx_word' id='word_1_518' title='bbox 616 4823 810 4878; x_wconf 85' lang='lat' dir='ltr'><strong>habent</strong></span> <span class='ocrx_word' id='word_1_519' title='bbox 850 4824 1142 4879; x_wconf 82' lang='lat' dir='ltr'><strong>Sosthenes.</strong></span> <span class='ocrx_word' id='word_1_520' title='bbox 1186 4825 1452 4880; x_wconf 83' lang='lat' dir='ltr'><strong>Manutius</strong></span> <span class='ocrx_word' id='word_1_521' title='bbox 1492 4826 1667 4892; x_wconf 86' lang='lat' dir='ltr'><strong>posuit</strong></span> <span class='ocrx_word' id='word_1_522' title='bbox 1710 4825 1955 4892; x_wconf 81' lang='lat' dir='ltr'><strong>Ostanes,</strong></span> 
     </span>
    </p>
   </div>
   <div class='ocr_carea' id='block_1_75' title="bbox 365 4892 1957 4966">
    <p class='ocr_par' dir='ltr' id='par_1_75' title="bbox 365 4892 1957 4966">
     <span class='ocr_line' id='line_1_77' title="bbox 365 4892 1957 4966; baseline 0.001 -15"><span class='ocrx_word' id='word_1_523' title='bbox 365 4894 632 4966; x_wconf 70' lang='lat' dir='ltr'><strong>Pometios</strong></span> <span class='ocrx_word' id='word_1_524' title='bbox 667 4892 938 4966; x_wconf 83' lang='lat' dir='ltr'><strong>Hostanes.</strong></span> <span class='ocrx_word' id='word_1_525' title='bbox 984 4897 1052 4949; x_wconf 87' lang='lat' dir='ltr'><strong>At</strong></span> <span class='ocrx_word' id='word_1_526' title='bbox 1082 4911 1181 4965; x_wconf 85' lang='lat' dir='ltr'><strong>ego</strong></span> <span class='ocrx_word' id='word_1_527' title='bbox 1206 4895 1428 4966; x_wconf 82' lang='lat' dir='ltr'><strong>Ostanes</strong></span> <span class='ocrx_word' id='word_1_528' title='bbox 1467 4896 1573 4951; x_wconf 89' lang='lat' dir='ltr'><strong>vidi</strong></span> <span class='ocrx_word' id='word_1_529' title='bbox 1612 4898 1866 4966; x_wconf 89' lang='lat' dir='ltr'><strong>scriptum</strong></span> <span class='ocrx_word' id='word_1_530' title='bbox 1905 4900 1957 4953; x_wconf 91' lang='lat' dir='ltr'><strong>in</strong></span> 
     </span>
    </p>
   </div>
   <div class='ocr_carea' id='block_1_76' title="bbox 365 4965 1958 5034">
    <p class='ocr_par' dir='ltr' id='par_1_76' title="bbox 365 4965 1958 5034">
     <span class='ocr_line' id='line_1_78' title="bbox 365 4965 1958 5034; baseline 0.004 -17"><span class='ocrx_word' id='word_1_531' title='bbox 365 4965 534 5019; x_wconf 90' lang='lat' dir='ltr'><strong>tribus</strong></span> <span class='ocrx_word' id='word_1_532' title='bbox 560 4965 793 5034; x_wconf 89' lang='lat' dir='ltr'><strong>antiquis</strong></span> <span class='ocrx_word' id='word_1_533' title='bbox 818 4966 1091 5021; x_wconf 85' lang='lat' dir='ltr'><strong>codicibus</strong></span> <span class='ocrx_word' id='word_1_534' title='bbox 1111 5005 1126 5029; x_wconf 87' lang='lat'><strong>,</strong></span> <span class='ocrx_word' id='word_1_535' title='bbox 1165 4965 1417 5020; x_wconf 83' lang='lat' dir='ltr'><strong>Hostanes</strong></span> <span class='ocrx_word' id='word_1_536' title='bbox 1456 4968 1506 5021; x_wconf 91' lang='lat' dir='ltr'><strong>in</strong></span> <span class='ocrx_word' id='word_1_537' title='bbox 1536 4965 1856 5024; x_wconf 83' lang='lat' dir='ltr'><strong>Turonensi.</strong></span> <span class='ocrx_word' id='word_1_538' title='bbox 1902 4969 1958 5024; x_wconf 89' lang='lat' dir='ltr'><strong>In</strong></span> 
     </span>
    </p>
   </div>
   <div class='ocr_carea' id='block_1_77' title="bbox 364 5036 1956 5108">
    <p class='ocr_par' dir='ltr' id='par_1_77' title="bbox 364 5036 1956 5108">
     <span class='ocr_line' id='line_1_79' title="bbox 364 5036 1956 5108; baseline 0.004 -19"><span class='ocrx_word' id='word_1_539' title='bbox 364 5050 471 5089; x_wconf 91' lang='lat' dir='ltr'><strong>uno</strong></span> <span class='ocrx_word' id='word_1_540' title='bbox 498 5037 810 5108; x_wconf 6' lang='lat' dir='ltr'><strong>meogveteri</strong></span> <span class='ocrx_word' id='word_1_541' title='bbox 850 5037 1104 5108; x_wconf 81' lang='lat' dir='ltr'><strong>scriptum</strong></span> <span class='ocrx_word' id='word_1_542' title='bbox 1147 5040 1318 5108; x_wconf 88' lang='lat' dir='ltr'><strong>primo</strong></span> <span class='ocrx_word' id='word_1_543' title='bbox 1357 5036 1530 5092; x_wconf 84' lang='lat' dir='ltr'><strong>fuerat</strong></span> <span class='ocrx_word' id='word_1_544' title='bbox 1570 5036 1819 5107; x_wconf 82' lang='lat' dir='ltr'><strong>Ostanes,</strong></span> <span class='ocrx_word' id='word_1_545' title='bbox 1863 5040 1956 5095; x_wconf 88' lang='lat' dir='ltr'><strong>sed</strong></span> 
     </span>
    </p>
   </div>
   <div class='ocr_carea' id='block_1_78' title="bbox 362 5106 1958 5177">
    <p class='ocr_par' dir='ltr' id='par_1_78' title="bbox 362 5106 1958 5177">
     <span class='ocr_line' id='line_1_80' title="bbox 362 5106 1958 5177; baseline 0.004 -18"><span class='ocrx_word' id='word_1_546' title='bbox 362 5115 545 5177; x_wconf 80' lang='lat' dir='ltr'><strong>postea</strong></span> <span class='ocrx_word' id='word_1_547' title='bbox 585 5106 663 5177; x_wconf 87' lang='lat' dir='ltr'><strong>sic</strong></span> <span class='ocrx_word' id='word_1_548' title='bbox 702 5106 1042 5161; x_wconf 82' lang='lat' dir='ltr'><strong>emendatum</strong></span> <span class='ocrx_word' id='word_1_549' title='bbox 1078 5106 1161 5162; x_wconf 80' lang='lat' dir='ltr'><strong>est</strong></span> <span class='ocrx_word' id='word_1_550' title='bbox 1189 5108 1476 5177; x_wconf 84' lang='lat' dir='ltr'><strong>antiquitus</strong></span> <span class='ocrx_word' id='word_1_551' title='bbox 1506 5118 1562 5163; x_wconf 86' lang='grc' dir='ltr'>ιιι</span> <span class='ocrx_word' id='word_1_552' title='bbox 1586 5110 1958 5166; x_wconf 74' lang='lat' dir='ltr'><strong>ostenderetur</strong></span> 
     </span>
    </p>
   </div>
   <div class='ocr_carea' id='block_1_79' title="bbox 360 5176 1959 5247">
    <p class='ocr_par' dir='ltr' id='par_1_79' title="bbox 360 5176 1959 5247">
     <span class='ocr_line' id='line_1_81' title="bbox 360 5176 1959 5247; baseline 0.003 -17"><span class='ocrx_word' id='word_1_553' title='bbox 360 5176 703 5247; x_wconf 84' lang='lat' dir='ltr'><strong>scribendum</strong></span> <span class='ocrx_word' id='word_1_554' title='bbox 749 5191 871 5232; x_wconf 83' lang='lat' dir='ltr'><strong>esse</strong></span> <span class='ocrx_word' id='word_1_555' title='bbox 920 5177 1182 5233; x_wconf 87' lang='lat' dir='ltr'><strong>Sostanes.</strong></span> <span class='ocrx_word' id='word_1_556' title='bbox 1225 5176 1342 5247; x_wconf 85' lang='lat' dir='ltr'><strong>Quo</strong></span> <span class='ocrx_word' id='word_1_557' title='bbox 1381 5178 1541 5233; x_wconf 88' lang='lat' dir='ltr'><strong>modo</strong></span> <span class='ocrx_word' id='word_1_558' title='bbox 1579 5180 1834 5246; x_wconf 90' lang='lat' dir='ltr'><strong>scriptum</strong></span> <span class='ocrx_word' id='word_1_559' title='bbox 1875 5190 1959 5235; x_wconf 88' lang='lat' dir='ltr'><strong>est</strong></span> 
     </span>
    </p>
   </div>
   <div class='ocr_carea' id='block_1_80' title="bbox 360 5246 1958 5319">
    <p class='ocr_par' dir='ltr' id='par_1_80' title="bbox 360 5246 1958 5319">
     <span class='ocr_line' id='line_1_82' title="bbox 360 5246 1958 5319; baseline 0.004 -20"><span class='ocrx_word' id='word_1_560' title='bbox 360 5248 522 5319; x_wconf 76' lang='lat' dir='ltr'><strong>etiam</strong></span> <span class='ocrx_word' id='word_1_561' title='bbox 552 5248 602 5301; x_wconf 88' lang='lat' dir='ltr'><strong>iii</strong></span> <span class='ocrx_word' id='word_1_562' title='bbox 621 5246 1138 5319; x_wconf 76' lang='lat' dir='ltr'><strong>Gratianopolitano.</strong></span> <span class='ocrx_word' id='word_1_563' title='bbox 1158 5248 1213 5304; x_wconf 87' lang='lat' dir='ltr'><strong>In</strong></span> <span class='ocrx_word' id='word_1_564' title='bbox 1239 5249 1491 5318; x_wconf 78' lang='lat' dir='ltr'><strong>Apologia</strong></span> <span class='ocrx_word' id='word_1_565' title='bbox 1512 5250 1722 5319; x_wconf 80' lang='lat' dir='ltr'><strong>Apuleii</strong></span> <span class='ocrx_word' id='word_1_566' title='bbox 1741 5260 1958 5306; x_wconf 87' lang='lat' dir='ltr'><strong>vocatur</strong></span> 
     </span>
    </p>
   </div>
   <div class='ocr_carea' id='block_1_81' title="bbox 362 5316 1952 5384">
    <p class='ocr_par' dir='ltr' id='par_1_81' title="bbox 362 5316 1952 5384">
     <span class='ocr_line' id='line_1_83' title="bbox 362 5316 1952 5384; baseline 0.004 -14"><span class='ocrx_word' id='word_1_567' title='bbox 362 5316 646 5372; x_wconf 81' lang='lat' dir='ltr'><strong>Hostanes.</strong></span> <span class='ocrx_word' id='word_1_568' title='bbox 686 5317 827 5373; x_wconf 87' lang='lat' dir='ltr'><strong>Citat</strong></span> <span class='ocrx_word' id='word_1_569' title='bbox 851 5319 992 5373; x_wconf 89' lang='lat' dir='ltr'><strong>hunc</strong></span> <span class='ocrx_word' id='word_1_570' title='bbox 1024 5319 1199 5374; x_wconf 91' lang='lat' dir='ltr'><strong>locum</strong></span> <span class='ocrx_word' id='word_1_571' title='bbox 1236 5316 1452 5375; x_wconf 82' lang='lat' dir='ltr'><strong>sanctus</strong></span> <span class='ocrx_word' id='word_1_572' title='bbox 1480 5316 1827 5384; x_wconf 74' lang='lat' dir='ltr'><strong>Augustinus.</strong></span> <span class='ocrx_word' id='word_1_573' title='bbox 1862 5322 1952 5377; x_wconf 89' lang='lat' dir='ltr'><strong>lib.</strong></span> 
     </span>
    </p>
   </div>
   <div class='ocr_carea' id='block_1_82' title="bbox 359 5387 1956 5459">
    <p class='ocr_par' dir='ltr' id='par_1_82' title="bbox 359 5387 1956 5459">
     <span class='ocr_line' id='line_1_84' title="bbox 359 5387 1956 5459; baseline 0.003 -18"><span class='ocrx_word' id='word_1_574' title='bbox 359 5402 411 5459; x_wconf 76' lang='lat' dir='ltr'><strong>vi</strong></span> <span class='ocrx_word' id='word_1_575' title='bbox 452 5388 516 5441; x_wconf 88' lang='lat' dir='ltr'><strong>de</strong></span> <span class='ocrx_word' id='word_1_576' title='bbox 543 5387 807 5459; x_wconf 66' lang='lat' dir='ltr'><strong>Baptism.)</strong></span> <span class='ocrx_word' id='word_1_577' title='bbox 836 5401 1017 5444; x_wconf 86' lang='lat' dir='ltr'><strong>contra</strong></span> <span class='ocrx_word' id='word_1_578' title='bbox 1055 5389 1372 5453; x_wconf 86' lang='lat' dir='ltr'><strong>Donatistas,</strong></span> <span class='ocrx_word' id='word_1_579' title='bbox 1404 5405 1522 5458; x_wconf 90' lang='lat' dir='ltr'><strong>cap.</strong></span> <span class='ocrx_word' id='word_1_580' title='bbox 1558 5390 1646 5446; x_wconf 74' lang='grc'><strong>44.</strong></span> <span class='ocrx_word' id='word_1_581' title='bbox 1680 5391 1810 5446; x_wconf 82' lang='lat' dir='ltr'><strong>Vide</strong></span> <span class='ocrx_word' id='word_1_582' title='bbox 1837 5391 1956 5448; x_wconf 81' lang='lat' dir='ltr'><strong>Sel—</strong></span> 
     </span>
    </p>
   </div>
   <div class='ocr_carea' id='block_1_83' title="bbox 359 5457 1949 5531">
    <p class='ocr_par' dir='ltr' id='par_1_83' title="bbox 359 5457 1949 5531">
     <span class='ocr_line' id='line_1_85' title="bbox 359 5457 1949 5531; baseline 0.005 -20"><span class='ocrx_word' id='word_1_583' title='bbox 359 5457 587 5531; x_wconf 70' lang='lat' dir='ltr'><strong>denum,</strong></span> <span class='ocrx_word' id='word_1_584' title='bbox 620 5457 719 5531; x_wconf 63' lang='lat' dir='ltr'><strong>lib,</strong></span> <span class='ocrx_word' id='word_1_585' title='bbox 745 5476 807 5527; x_wconf 89' lang='lat' dir='ltr'><strong>v,</strong></span> <span class='ocrx_word' id='word_1_586' title='bbox 847 5475 964 5531; x_wconf 89' lang='lat' dir='ltr'><strong>cap.</strong></span> <span class='ocrx_word' id='word_1_587' title='bbox 999 5461 1086 5527; x_wconf 84' lang='grc'><strong>11,</strong></span> <span class='ocrx_word' id='word_1_588' title='bbox 1120 5462 1184 5517; x_wconf 89' lang='lat' dir='ltr'><strong>de</strong></span> <span class='ocrx_word' id='word_1_589' title='bbox 1208 5460 1347 5531; x_wconf 77' lang='lat' dir='ltr'><strong>.lure</strong></span> <span class='ocrx_word' id='word_1_590' title='bbox 1364 5457 1585 5515; x_wconf 83' lang='lat' dir='ltr'><strong>naturali</strong></span> <span class='ocrx_word' id='word_1_591' title='bbox 1617 5474 1663 5515; x_wconf 90' lang='lat' dir='ltr'><strong>et</strong></span> <span class='ocrx_word' id='word_1_592' title='bbox 1694 5461 1949 5519; x_wconf 83' lang='lat' dir='ltr'><strong>Gentium.</strong></span> 
     </span>
    </p>
   </div>
   <div class='ocr_carea' id='block_1_84' title="bbox 360 5527 1952 5605">
    <p class='ocr_par' dir='ltr' id='par_1_84' title="bbox 360 5527 1952 5605">
     <span class='ocr_line' id='line_1_86' title="bbox 360 5527 1952 5605; baseline 0.003 -23"><span class='ocrx_word' id='word_1_593' title='bbox 360 5527 829 5605; x_wconf 66' lang='lat' dir='ltr'><strong>Ds1.u_z.—_l’lin.,</strong></span> <span class='ocrx_word' id='word_1_594' title='bbox 861 5527 954 5588; x_wconf 80' lang='lat' dir='ltr'><strong>lib.</strong></span> <span class='ocrx_word' id='word_1_595' title='bbox 987 5548 1113 5599; x_wconf 77' lang='lat' dir='ltr'><strong>xxx,</strong></span> <span class='ocrx_word' id='word_1_596' title='bbox 1149 5548 1198 5605; x_wconf 77' lang='lat' dir='ltr'><strong>c.</strong></span> <span class='ocrx_word' id='word_1_597' title='bbox 1236 5532 1280 5587; x_wconf 91' lang='lat' dir='ltr'><strong>l.</strong></span> <span class='ocrx_word' id='word_1_598' title='bbox 1314 5529 1522 5605; x_wconf 64' lang='lat' dir='ltr'><strong>Primus</strong></span> <span class='ocrx_word' id='word_1_599' title='bbox 1547 5541 1707 5605; x_wconf 51' lang='lat' dir='ltr'><strong>exstat</strong></span> <span class='ocrx_word' id='word_1_600' title='bbox 1746 5531 1952 5605; x_wconf 80' lang='lat' dir='ltr'><strong>(utqui-</strong></span> 
     </span>
    </p>
   </div>
   <div class='ocr_carea' id='block_1_85' title="bbox 359 5596 1949 5674">
    <p class='ocr_par' dir='ltr' id='par_1_85' title="bbox 359 5596 1949 5674">
     <span class='ocr_line' id='line_1_87' title="bbox 359 5596 1949 5674; baseline 0.005 -23"><span class='ocrx_word' id='word_1_601' title='bbox 359 5600 475 5651; x_wconf 84' lang='lat' dir='ltr'><strong>rlem</strong></span> <span class='ocrx_word' id='word_1_602' title='bbox 499 5596 738 5674; x_wconf 66' lang='lat' dir='ltr'><strong>invenio)</strong></span> <span class='ocrx_word' id='word_1_603' title='bbox 771 5596 1135 5674; x_wconf 5' lang='lat' dir='ltr'><strong>cantgiiwntatus</strong></span> <span class='ocrx_word' id='word_1_604' title='bbox 1163 5603 1225 5674; x_wconf 87' lang='lat' dir='ltr'><strong>de</strong></span> <span class='ocrx_word' id='word_1_605' title='bbox 1250 5619 1306 5656; x_wconf 90' lang='lat' dir='ltr'><strong>eo</strong></span> <span class='ocrx_word' id='word_1_606' title='bbox 1340 5602 1553 5674; x_wconf 77' lang='lat' dir='ltr'><strong>Ostanes</strong></span> <span class='ocrx_word' id='word_1_607' title='bbox 1573 5645 1587 5668; x_wconf 92' lang='lat'><strong>,</strong></span> <span class='ocrx_word' id='word_1_608' title='bbox 1618 5596 1949 5659; x_wconf 44' lang='lat' dir='ltr'><strong>Xersiem’re-</strong></span> 
     </span>
    </p>
   </div>
   <div class='ocr_carea' id='block_1_86' title="bbox 297 5667 1945 5742">
    <p class='ocr_par' dir='ltr' id='par_1_86' title="bbox 297 5667 1945 5742">
     <span class='ocr_line' id='line_1_88' title="bbox 297 5667 1945 5742; baseline 0.003 -21"><span class='ocrx_word' id='word_1_609' title='bbox 297 5717 301 5721; x_wconf 90' lang='lat'><strong>.</strong></span> <span class='ocrx_word' id='word_1_610' title='bbox 358 5685 490 5742; x_wconf 55' lang='lat' dir='ltr'><strong>geni</strong></span> <span class='ocrx_word' id='word_1_611' title='bbox 521 5667 827 5737; x_wconf 80' lang='lat' dir='ltr'><strong>Persarum,</strong></span> <span class='ocrx_word' id='word_1_612' title='bbox 872 5672 1034 5738; x_wconf 88' lang='lat' dir='ltr'><strong>bello,</strong></span> <span class='ocrx_word' id='word_1_613' title='bbox 1084 5673 1218 5742; x_wconf 83' lang='lat' dir='ltr'><strong>quod</strong></span> <span class='ocrx_word' id='word_1_614' title='bbox 1263 5674 1305 5725; x_wconf 83' lang='lat' dir='ltr'><strong>is</strong></span> <span class='ocrx_word' id='word_1_615' title='bbox 1348 5674 1401 5726; x_wconf 86' lang='lat' dir='ltr'><strong>in</strong></span> <span class='ocrx_word' id='word_1_616' title='bbox 1447 5671 1700 5728; x_wconf 65' lang='lat' dir='ltr'><strong>Graeciam</strong></span> <span class='ocrx_word' id='word_1_617' title='bbox 1744 5674 1945 5739; x_wconf 77' lang='lat' dir='ltr'><strong>intulit,</strong></span> 
     </span>
    </p>
   </div>
   <div class='ocr_carea' id='block_1_87' title="bbox 357 5738 1947 5813">
    <p class='ocr_par' dir='ltr' id='par_1_87' title="bbox 357 5738 1947 5813">
     <span class='ocr_line' id='line_1_89' title="bbox 357 5738 1947 5813; baseline 0.003 -20"><span class='ocrx_word' id='word_1_618' title='bbox 357 5738 658 5813; x_wconf 76' lang='lat' dir='ltr'><strong>comitatus;</strong></span> <span class='ocrx_word' id='word_1_619' title='bbox 708 5758 769 5796; x_wconf 86' lang='lat' dir='ltr'><strong>ac</strong></span> <span class='ocrx_word' id='word_1_620' title='bbox 812 5742 946 5798; x_wconf 88' lang='lat' dir='ltr'><strong>velut</strong></span> <span class='ocrx_word' id='word_1_621' title='bbox 989 5738 1183 5798; x_wconf 81' lang='lat' dir='ltr'><strong>sentina</strong></span> <span class='ocrx_word' id='word_1_622' title='bbox 1224 5743 1349 5796; x_wconf 83' lang='lat' dir='ltr'><strong>artis</strong></span> <span class='ocrx_word' id='word_1_623' title='bbox 1389 5753 1689 5811; x_wconf 78' lang='lat' dir='ltr'><strong>portentosa:</strong></span> <span class='ocrx_word' id='word_1_624' title='bbox 1729 5746 1947 5813; x_wconf 85' lang='lat' dir='ltr'><strong>sparsit,</strong></span> 
     </span>
    </p>
   </div>
   <div class='ocr_carea' id='block_1_88' title="bbox 357 5810 1949 5887">
    <p class='ocr_par' dir='ltr' id='par_1_88' title="bbox 357 5810 1949 5887">
     <span class='ocr_line' id='line_1_90' title="bbox 357 5810 1949 5887; baseline 0.003 -21"><span class='ocrx_word' id='word_1_625' title='bbox 357 5810 519 5867; x_wconf 80' lang='lat' dir='ltr'><strong>obiter</strong></span> <span class='ocrx_word' id='word_1_626' title='bbox 546 5812 770 5884; x_wconf 78' lang='lat' dir='ltr'><strong>infecto,</strong></span> <span class='ocrx_word' id='word_1_627' title='bbox 801 5829 1114 5887; x_wconf 79' lang='lat' dir='ltr'><strong>quacumque</strong></span> <span class='ocrx_word' id='word_1_628' title='bbox 1151 5810 1548 5883; x_wconf 87' lang='lat' dir='ltr'><strong>commeaverat,</strong></span> <span class='ocrx_word' id='word_1_629' title='bbox 1590 5810 1798 5871; x_wconf 81' lang='lat' dir='ltr'><strong>mundo.</strong></span> <span class='ocrx_word' id='word_1_630' title='bbox 1850 5810 1949 5870; x_wconf 87' lang='lat' dir='ltr'><strong>Hic</strong></span> 
     </span>
    </p>
   </div>
   <div class='ocr_carea' id='block_1_89' title="bbox 2074 2183 3676 2250">
    <p class='ocr_par' dir='ltr' id='par_1_89' title="bbox 2074 2183 3676 2250">
     <span class='ocr_line' id='line_1_91' title="bbox 2074 2183 3676 2250; baseline -0.001 -9"><span class='ocrx_word' id='word_1_631' title='bbox 2074 2188 2293 2241; x_wconf 69' lang='lat' dir='ltr'><strong>maxime</strong></span> <span class='ocrx_word' id='word_1_632' title='bbox 2320 2185 2534 2240; x_wconf 87' lang='lat' dir='ltr'><strong>Ostanes</strong></span> <span class='ocrx_word' id='word_1_633' title='bbox 2554 2185 2620 2239; x_wconf 88' lang='lat' dir='ltr'><strong>ad</strong></span> <span class='ocrx_word' id='word_1_634' title='bbox 2642 2185 2834 2239; x_wconf 83' lang='lat' dir='ltr'><strong>rabiem</strong></span> <span class='ocrx_word' id='word_1_635' title='bbox 2853 2224 2867 2250; x_wconf 91' lang='lat'><strong>,</strong></span> <span class='ocrx_word' id='word_1_636' title='bbox 2891 2200 2994 2239; x_wconf 89' lang='lat' dir='ltr'><strong>non</strong></span> <span class='ocrx_word' id='word_1_637' title='bbox 3018 2184 3308 2240; x_wconf 85' lang='lat' dir='ltr'><strong>aviditatem</strong></span> <span class='ocrx_word' id='word_1_638' title='bbox 3334 2183 3486 2239; x_wconf 85' lang='lat' dir='ltr'><strong>modo</strong></span> <span class='ocrx_word' id='word_1_639' title='bbox 3512 2184 3676 2240; x_wconf 79' lang='lat' dir='ltr'><strong>scien-</strong></span> 
     </span>
    </p>
   </div>
   <div class='ocr_carea' id='block_1_90' title="bbox 2073 2255 3299 2327">
    <p class='ocr_par' dir='ltr' id='par_1_90' title="bbox 2073 2255 3299 2327">
     <span class='ocr_line' id='line_1_92' title="bbox 2073 2255 3299 2327; baseline -0.002 -15"><span class='ocrx_word' id='word_1_640' title='bbox 2073 2260 2157 2312; x_wconf 76' lang='lat' dir='ltr'><strong>tia:</strong></span> <span class='ocrx_word' id='word_1_641' title='bbox 2180 2261 2289 2325; x_wconf 88' lang='lat' dir='ltr'><strong>ejus</strong></span> <span class='ocrx_word' id='word_1_642' title='bbox 2309 2300 2323 2322; x_wconf 94' lang='lat'><strong>,</strong></span> <span class='ocrx_word' id='word_1_643' title='bbox 2358 2256 2651 2312; x_wconf 79' lang='lat' dir='ltr'><strong>Grceeorum</strong></span> <span class='ocrx_word' id='word_1_644' title='bbox 2682 2256 2896 2327; x_wconf 85' lang='lat' dir='ltr'><strong>papulas</strong></span> <span class='ocrx_word' id='word_1_645' title='bbox 2924 2256 3044 2327; x_wconf 84' lang='lat' dir='ltr'><strong>egit.</strong></span> <span class='ocrx_word' id='word_1_646' title='bbox 3078 2255 3299 2311; x_wconf 69' lang='lat' dir='ltr'><strong>Binan.</strong></span> 
     </span>
    </p>
   </div>
   <div class='ocr_carea' id='block_1_91' title="bbox 2147 2324 3674 2399">
    <p class='ocr_par' dir='ltr' id='par_1_91' title="bbox 2147 2324 3674 2399">
     <span class='ocr_line' id='line_1_93' title="bbox 2147 2324 3674 2399; baseline -0.001 -17"><span class='ocrx_word' id='word_1_647' title='bbox 2147 2324 2389 2383; x_wconf 86' lang='lat' dir='ltr'><strong>Formam</strong></span> <span class='ocrx_word' id='word_1_648' title='bbox 2427 2330 2529 2382; x_wconf 87' lang='lat' dir='ltr'><strong>veri</strong></span> <span class='ocrx_word' id='word_1_649' title='bbox 2566 2324 2693 2399; x_wconf 35' lang='lat' dir='ltr'><strong>Dei;</strong></span> <span class='ocrx_word' id='word_1_650' title='bbox 2729 2324 3069 2399; x_wconf 56' lang='lat' dir='ltr'><strong>Plinius,lib.</strong></span> <span class='ocrx_word' id='word_1_651' title='bbox 3101 2342 3136 2381; x_wconf 86' lang='lat' dir='ltr'><strong>Il</strong></span> <span class='ocrx_word' id='word_1_652' title='bbox 3158 2368 3174 2399; x_wconf 85' lang='lat'><strong>,</strong></span> <span class='ocrx_word' id='word_1_653' title='bbox 3206 2340 3324 2399; x_wconf 81' lang='lat' dir='ltr'><strong>cap.</strong></span> <span class='ocrx_word' id='word_1_654' title='bbox 3358 2325 3411 2378; x_wconf 83' lang='lat'><strong>7:</strong></span> <span class='ocrx_word' id='word_1_655' title='bbox 3442 2324 3674 2399; x_wconf 73' lang='lat' dir='ltr'><strong>Efﬁgiem</strong></span> 
     </span>
    </p>
   </div>
   <div class='ocr_carea' id='block_1_92' title="bbox 2072 2397 3667 2467">
    <p class='ocr_par' dir='ltr' id='par_1_92' title="bbox 2072 2397 3667 2467">
     <span class='ocr_line' id='line_1_94' title="bbox 2072 2397 3667 2467; baseline -0.001 -13"><span class='ocrx_word' id='word_1_656' title='bbox 2072 2399 2170 2454; x_wconf 84' lang='lat' dir='ltr'><strong>Dei</strong></span> <span class='ocrx_word' id='word_1_657' title='bbox 2220 2401 2533 2467; x_wconf 76' lang='lat' dir='ltr'><strong>formamque</strong></span> <span class='ocrx_word' id='word_1_658' title='bbox 2578 2398 2781 2453; x_wconf 83' lang='lat' dir='ltr'><strong>credere</strong></span> <span class='ocrx_word' id='word_1_659' title='bbox 2837 2397 3192 2451; x_wconf 86' lang='lat' dir='ltr'><strong>imbecillitatis</strong></span> <span class='ocrx_word' id='word_1_660' title='bbox 3244 2397 3482 2451; x_wconf 76' lang='lat' dir='ltr'><strong>humana:</strong></span> <span class='ocrx_word' id='word_1_661' title='bbox 3533 2397 3667 2452; x_wconf 80' lang='lat' dir='ltr'><strong>reor.</strong></span> 
     </span>
    </p>
   </div>
   <div class='ocr_carea' id='block_1_93' title="bbox 2076 2467 3673 2540">
    <p class='ocr_par' dir='ltr' id='par_1_93' title="bbox 2076 2467 3673 2540">
     <span class='ocr_line' id='line_1_95' title="bbox 2076 2467 3673 2540; baseline -0.003 -14"><span class='ocrx_word' id='word_1_662' title='bbox 2076 2471 2331 2540; x_wconf 84' lang='lat' dir='ltr'><strong>Apuleius</strong></span> <span class='ocrx_word' id='word_1_663' title='bbox 2359 2471 2410 2525; x_wconf 91' lang='lat' dir='ltr'><strong>iu</strong></span> <span class='ocrx_word' id='word_1_664' title='bbox 2442 2470 2700 2540; x_wconf 77' lang='lat' dir='ltr'><strong>Apologia</strong></span> <span class='ocrx_word' id='word_1_665' title='bbox 2725 2488 2736 2522; x_wconf 92' lang='lat'><strong>:</strong></span> <span class='ocrx_word' id='word_1_666' title='bbox 2771 2468 2906 2522; x_wconf 88' lang='lat' dir='ltr'><strong>Deus</strong></span> <span class='ocrx_word' id='word_1_667' title='bbox 2935 2469 3111 2540; x_wconf 85' lang='lat' dir='ltr'><strong>paucis</strong></span> <span class='ocrx_word' id='word_1_668' title='bbox 3141 2467 3449 2540; x_wconf 78' lang='lat' dir='ltr'><strong>cogitabilis,</strong></span> <span class='ocrx_word' id='word_1_669' title='bbox 3485 2469 3673 2522; x_wconf 85' lang='lat' dir='ltr'><strong>nemini</strong></span> 
     </span>
    </p>
   </div>
   <div class='ocr_carea' id='block_1_94' title="bbox 2073 2538 3667 2610">
    <p class='ocr_par' dir='ltr' id='par_1_94' title="bbox 2073 2538 3667 2610">
     <span class='ocr_line' id='line_1_96' title="bbox 2073 2538 3667 2610; baseline -0.001 -14"><span class='ocrx_word' id='word_1_670' title='bbox 2073 2538 2310 2609; x_wconf 72' lang='lat' dir='ltr'><strong>effabilis.</strong></span> <span class='ocrx_word' id='word_1_671' title='bbox 2333 2538 2540 2596; x_wconf 78' lang='lat' dir='ltr'><strong>Attalus</strong></span> <span class='ocrx_word' id='word_1_672' title='bbox 2568 2550 2768 2610; x_wconf 85' lang='lat' dir='ltr'><strong>martyr</strong></span> <span class='ocrx_word' id='word_1_673' title='bbox 2797 2538 2942 2609; x_wconf 87' lang='lat' dir='ltr'><strong>apud</strong></span> <span class='ocrx_word' id='word_1_674' title='bbox 2962 2538 3231 2595; x_wconf 83' lang='lat' dir='ltr'><strong>Rulinuut.</strong></span> <span class='ocrx_word' id='word_1_675' title='bbox 3264 2538 3435 2604; x_wconf 68' lang='lat' dir='ltr'><strong>lib.&#39;v,</strong></span> <span class='ocrx_word' id='word_1_676' title='bbox 3465 2554 3584 2608; x_wconf 84' lang='lat' dir='ltr'><strong>cap.</strong></span> <span class='ocrx_word' id='word_1_677' title='bbox 3614 2540 3667 2606; x_wconf 78' lang='grc'><strong>5,</strong></span> 
     </span>
    </p>
   </div>
   <div class='ocr_carea' id='block_1_95' title="bbox 2077 2609 3668 2682">
    <p class='ocr_par' dir='ltr' id='par_1_95' title="bbox 2077 2609 3668 2682">
     <span class='ocr_line' id='line_1_97' title="bbox 2077 2609 3668 2682; baseline 0 -16"><span class='ocrx_word' id='word_1_678' title='bbox 2077 2613 2433 2682; x_wconf 85' lang='lat' dir='ltr'><strong>interrogatus</strong></span> <span class='ocrx_word' id='word_1_679' title='bbox 2483 2612 2621 2681; x_wconf 88' lang='lat' dir='ltr'><strong>quod</strong></span> <span class='ocrx_word' id='word_1_680' title='bbox 2670 2609 2863 2665; x_wconf 85' lang='lat' dir='ltr'><strong>nomen</strong></span> <span class='ocrx_word' id='word_1_681' title='bbox 2914 2611 3133 2664; x_wconf 87' lang='lat' dir='ltr'><strong>haberet</strong></span> <span class='ocrx_word' id='word_1_682' title='bbox 3176 2609 3313 2664; x_wconf 86' lang='lat' dir='ltr'><strong>Deus</strong></span> <span class='ocrx_word' id='word_1_683' title='bbox 3354 2610 3668 2678; x_wconf 89' lang='lat' dir='ltr'><strong>respondit:</strong></span> 
     </span>
    </p>
   </div>
   <div class='ocr_carea' id='block_1_96' title="bbox 2078 2681 3672 2751">
    <p class='ocr_par' dir='ltr' id='par_1_96' title="bbox 2078 2681 3672 2751">
     <span class='ocr_line' id='line_1_98' title="bbox 2078 2681 3672 2751; baseline 0 -15"><span class='ocrx_word' id='word_1_684' title='bbox 2078 2683 2178 2750; x_wconf 82' lang='lat' dir='ltr'><strong>Qui</strong></span> <span class='ocrx_word' id='word_1_685' title='bbox 2216 2681 2384 2751; x_wconf 76' lang='lat' dir='ltr'><strong>plures</strong></span> <span class='ocrx_word' id='word_1_686' title='bbox 2417 2693 2534 2737; x_wconf 87' lang='lat' dir='ltr'><strong>sunt</strong></span> <span class='ocrx_word' id='word_1_687' title='bbox 2572 2682 2856 2737; x_wconf 85' lang='lat' dir='ltr'><strong>nominibus</strong></span> <span class='ocrx_word' id='word_1_688' title='bbox 2893 2682 3268 2735; x_wconf 80' lang='lat' dir='ltr'><strong>discernuntur.</strong></span> <span class='ocrx_word' id='word_1_689' title='bbox 3302 2681 3398 2745; x_wconf 75' lang='lat' dir='ltr'><strong>Qui</strong></span> <span class='ocrx_word' id='word_1_690' title='bbox 3440 2697 3570 2734; x_wconf 88' lang='lat' dir='ltr'><strong>unus</strong></span> <span class='ocrx_word' id='word_1_691' title='bbox 3600 2692 3672 2736; x_wconf 87' lang='lat' dir='ltr'><strong>est</strong></span> 
     </span>
    </p>
   </div>
   <div class='ocr_carea' id='block_1_97' title="bbox 2076 2750 3672 2824">
    <p class='ocr_par' dir='ltr' id='par_1_97' title="bbox 2076 2750 3672 2824">
     <span class='ocr_line' id='line_1_99' title="bbox 2076 2750 3672 2824; baseline 0.002 -19"><span class='ocrx_word' id='word_1_692' title='bbox 2076 2771 2176 2807; x_wconf 89' lang='lat' dir='ltr'><strong>non</strong></span> <span class='ocrx_word' id='word_1_693' title='bbox 2208 2755 2397 2824; x_wconf 78' lang='lat' dir='ltr'><strong>indiget</strong></span> <span class='ocrx_word' id='word_1_694' title='bbox 2424 2753 2644 2824; x_wconf 84' lang='lat' dir='ltr'><strong>nomine.</strong></span> <span class='ocrx_word' id='word_1_695' title='bbox 2689 2751 3214 2824; x_wconf 27' lang='lat' dir='ltr'><strong>Marius‘Victorinus</strong></span> <span class='ocrx_word' id='word_1_696' title='bbox 3253 2752 3404 2806; x_wconf 89' lang='lat' dir='ltr'><strong>initio</strong></span> <span class='ocrx_word' id='word_1_697' title='bbox 3428 2750 3564 2824; x_wconf 82' lang='lat' dir='ltr'><strong>libri</strong></span> <span class='ocrx_word' id='word_1_698' title='bbox 3604 2753 3672 2808; x_wconf 87' lang='lat' dir='ltr'><strong>de</strong></span> 
     </span>
    </p>
   </div>
   <div class='ocr_carea' id='block_1_98' title="bbox 2077 2822 3670 2892">
    <p class='ocr_par' dir='ltr' id='par_1_98' title="bbox 2077 2822 3670 2892">
     <span class='ocr_line' id='line_1_100' title="bbox 2077 2822 3670 2892; baseline -0.002 -13"><span class='ocrx_word' id='word_1_699' title='bbox 2077 2822 2433 2880; x_wconf 86' lang='lat' dir='ltr'><strong>Generatione</strong></span> <span class='ocrx_word' id='word_1_700' title='bbox 2476 2823 2700 2877; x_wconf 84' lang='lat' dir='ltr'><strong>Divina:</strong></span> <span class='ocrx_word' id='word_1_701' title='bbox 2751 2823 2827 2875; x_wconf 86' lang='lat' dir='ltr'><strong>De</strong></span> <span class='ocrx_word' id='word_1_702' title='bbox 2871 2822 2977 2877; x_wconf 90' lang='lat' dir='ltr'><strong>Deo</strong></span> <span class='ocrx_word' id='word_1_703' title='bbox 3014 2822 3198 2892; x_wconf 70' lang='lat' dir='ltr'><strong>dicere</strong></span> <span class='ocrx_word' id='word_1_704' title='bbox 3220 2839 3377 2892; x_wconf 88' lang='lat' dir='ltr'><strong>supra</strong></span> <span class='ocrx_word' id='word_1_705' title='bbox 3416 2822 3670 2877; x_wconf 84' lang='lat' dir='ltr'><strong>hominem</strong></span> 
     </span>
    </p>
   </div>
   <div class='ocr_carea' id='block_1_99' title="bbox 2074 2891 3671 2963">
    <p class='ocr_par' dir='ltr' id='par_1_99' title="bbox 2074 2891 3671 2963">
     <span class='ocr_line' id='line_1_101' title="bbox 2074 2891 3671 2963; baseline 0 -15"><span class='ocrx_word' id='word_1_706' title='bbox 2074 2895 2291 2949; x_wconf 88' lang='lat' dir='ltr'><strong>audacia</strong></span> <span class='ocrx_word' id='word_1_707' title='bbox 2317 2904 2407 2949; x_wconf 88' lang='lat' dir='ltr'><strong>est.</strong></span> <span class='ocrx_word' id='word_1_708' title='bbox 2442 2895 2655 2959; x_wconf 74' lang='lat' dir='ltr'><strong>Cicero,</strong></span> <span class='ocrx_word' id='word_1_709' title='bbox 2689 2893 2783 2948; x_wconf 88' lang='lat' dir='ltr'><strong>lib.</strong></span> <span class='ocrx_word' id='word_1_710' title='bbox 2813 2910 2829 2947; x_wconf 90' lang='grc' dir='ltr'>ι</span> <span class='ocrx_word' id='word_1_711' title='bbox 2852 2893 2914 2945; x_wconf 87' lang='lat' dir='ltr'><strong>de</strong></span> <span class='ocrx_word' id='word_1_712' title='bbox 2941 2892 3147 2945; x_wconf 87' lang='lat' dir='ltr'><strong>Natura</strong></span> <span class='ocrx_word' id='word_1_713' title='bbox 3169 2891 3415 2963; x_wconf 76' lang='lat' dir='ltr'><strong>Deorum,</strong></span> <span class='ocrx_word' id='word_1_714' title='bbox 3438 2894 3510 2945; x_wconf 86' lang='lat' dir='ltr'><strong>ait</strong></span> <span class='ocrx_word' id='word_1_715' title='bbox 3547 2908 3671 2963; x_wconf 84' lang='lat' dir='ltr'><strong>spe-</strong></span> 
     </span>
    </p>
   </div>
   <div class='ocr_carea' id='block_1_100' title="bbox 2072 2961 3667 3035">
    <p class='ocr_par' dir='ltr' id='par_1_100' title="bbox 2072 2961 3667 3035">
     <span class='ocr_line' id='line_1_102' title="bbox 2072 2961 3667 3035; baseline -0.001 -17"><span class='ocrx_word' id='word_1_716' title='bbox 2072 2967 2208 3020; x_wconf 91' lang='lat' dir='ltr'><strong>ciem</strong></span> <span class='ocrx_word' id='word_1_717' title='bbox 2245 2966 2334 3020; x_wconf 85' lang='lat' dir='ltr'><strong>Dei</strong></span> <span class='ocrx_word' id='word_1_718' title='bbox 2371 2965 2597 3035; x_wconf 87' lang='lat' dir='ltr'><strong>perspici</strong></span> <span class='ocrx_word' id='word_1_719' title='bbox 2626 2964 2948 3033; x_wconf 83' lang='lat' dir='ltr'><strong>cogitatione</strong></span> <span class='ocrx_word' id='word_1_720' title='bbox 2970 3002 2985 3026; x_wconf 88' lang='lat'><strong>,</strong></span> <span class='ocrx_word' id='word_1_721' title='bbox 3017 2977 3121 3035; x_wconf 91' lang='lat' dir='ltr'><strong>non</strong></span> <span class='ocrx_word' id='word_1_722' title='bbox 3151 2976 3333 3035; x_wconf 77' lang='lat' dir='ltr'><strong>sensu.</strong></span> <span class='ocrx_word' id='word_1_723' title='bbox 3362 2961 3667 3035; x_wconf 72' lang='lat' dir='ltr'><strong>Lucretius,</strong></span> 
     </span>
    </p>
   </div>
   <div class='ocr_carea' id='block_1_101' title="bbox 2073 3032 3667 3092">
    <p class='ocr_par' dir='ltr' id='par_1_101' title="bbox 2073 3032 3667 3092">
     <span class='ocr_line' id='line_1_103' title="bbox 2073 3032 3667 3092; baseline -0.002 -2"><span class='ocrx_word' id='word_1_724' title='bbox 2073 3036 2166 3092; x_wconf 89' lang='lat' dir='ltr'><strong>lib.</strong></span> <span class='ocrx_word' id='word_1_725' title='bbox 2200 3053 2246 3092; x_wconf 74' lang='grc' dir='ltr'><strong>ιτ</strong></span> <span class='ocrx_word' id='word_1_726' title='bbox 2281 3032 2419 3091; x_wconf 83' lang='lat' dir='ltr'><strong>Deus</strong></span> <span class='ocrx_word' id='word_1_727' title='bbox 2468 3036 2626 3088; x_wconf 86' lang='lat' dir='ltr'><strong>animi</strong></span> <span class='ocrx_word' id='word_1_728' title='bbox 2661 3032 2745 3090; x_wconf 78' lang='lat' dir='ltr'><strong>via:</strong></span> <span class='ocrx_word' id='word_1_729' title='bbox 2790 3043 2953 3087; x_wconf 87' lang='lat' dir='ltr'><strong>mente</strong></span> <span class='ocrx_word' id='word_1_730' title='bbox 2996 3034 3209 3086; x_wconf 86' lang='lat' dir='ltr'><strong>videtur.</strong></span> <span class='ocrx_word' id='word_1_731' title='bbox 3262 3032 3569 3086; x_wconf 85' lang='lat' dir='ltr'><strong>Lactantius</strong></span> <span class='ocrx_word' id='word_1_732' title='bbox 3614 3034 3667 3088; x_wconf 91' lang='lat' dir='ltr'><strong>in</strong></span> 
     </span>
    </p>
   </div>
   <div class='ocr_carea' id='block_1_102' title="bbox 2071 3100 3669 3175">
    <p class='ocr_par' dir='ltr' id='par_1_102' title="bbox 2071 3100 3669 3175">
     <span class='ocr_line' id='line_1_104' title="bbox 2071 3100 3669 3175; baseline -0.001 -14"><span class='ocrx_word' id='word_1_733' title='bbox 2071 3106 2210 3163; x_wconf 91' lang='lat' dir='ltr'><strong>libro</strong></span> <span class='ocrx_word' id='word_1_734' title='bbox 2251 3107 2318 3162; x_wconf 90' lang='lat' dir='ltr'><strong>de</strong></span> <span class='ocrx_word' id='word_1_735' title='bbox 2359 3106 2439 3162; x_wconf 86' lang='lat' dir='ltr'><strong>lra</strong></span> <span class='ocrx_word' id='word_1_736' title='bbox 2476 3107 2585 3171; x_wconf 90' lang='lat' dir='ltr'><strong>Dei,</strong></span> <span class='ocrx_word' id='word_1_737' title='bbox 2622 3121 2739 3175; x_wconf 90' lang='lat' dir='ltr'><strong>cap.</strong></span> <span class='ocrx_word' id='word_1_738' title='bbox 2790 3105 2886 3159; x_wconf 78' lang='lat' dir='ltr'><strong>H:</strong></span> <span class='ocrx_word' id='word_1_739' title='bbox 2925 3103 3090 3173; x_wconf 78' lang='lat' dir='ltr'><strong>Apud</strong></span> <span class='ocrx_word' id='word_1_740' title='bbox 3134 3101 3523 3174; x_wconf 77' lang='lat' dir='ltr'><strong>XenOphontem</strong></span> <span class='ocrx_word' id='word_1_741' title='bbox 3568 3100 3669 3159; x_wconf 86' lang='lat' dir='ltr'><strong>So-</strong></span> 
     </span>
    </p>
   </div>
   <div class='ocr_carea' id='block_1_103' title="bbox 2071 3175 3663 3250">
    <p class='ocr_par' dir='ltr' id='par_1_103' title="bbox 2071 3175 3663 3250">
     <span class='ocr_line' id='line_1_105' title="bbox 2071 3175 3663 3250; baseline -0.003 -18"><span class='ocrx_word' id='word_1_742' title='bbox 2071 3188 2232 3250; x_wconf 77' lang='lat' dir='ltr'><strong>crates</strong></span> <span class='ocrx_word' id='word_1_743' title='bbox 2271 3178 2537 3250; x_wconf 87' lang='lat' dir='ltr'><strong>disputans</strong></span> <span class='ocrx_word' id='word_1_744' title='bbox 2565 3178 2636 3250; x_wconf 82' lang='lat' dir='ltr'><strong>ait</strong></span> <span class='ocrx_word' id='word_1_745' title='bbox 2661 3181 2879 3248; x_wconf 78' lang='lat' dir='ltr'><strong>formant</strong></span> <span class='ocrx_word' id='word_1_746' title='bbox 3027 3184 3383 3250; x_wconf 66' lang='lat' dir='ltr'><strong>noncportere</strong></span> <span class='ocrx_word' id='word_1_747' title='bbox 3411 3175 3663 3250; x_wconf 85' lang='lat' dir='ltr'><strong>conquiri.</strong></span> 
     </span>
    </p>
   </div>
   <div class='ocr_carea' id='block_1_104' title="bbox 2072 3246 3669 3314">
    <p class='ocr_par' dir='ltr' id='par_1_104' title="bbox 2072 3246 3669 3314">
     <span class='ocr_line' id='line_1_106' title="bbox 2072 3246 3669 3314; baseline -0.003 -9"><span class='ocrx_word' id='word_1_748' title='bbox 2072 3246 2363 3314; x_wconf 72' lang='lat' dir='ltr'><strong>Arnobius,</strong></span> <span class='ocrx_word' id='word_1_749' title='bbox 2395 3251 2483 3304; x_wconf 88' lang='lat' dir='ltr'><strong>lib.</strong></span> <span class='ocrx_word' id='word_1_750' title='bbox 2515 3264 2562 3304; x_wconf 89' lang='lat' dir='ltr'><strong>t:</strong></span> <span class='ocrx_word' id='word_1_751' title='bbox 2592 3246 2843 3304; x_wconf 24' lang='lat' dir='ltr'><strong>Si‘verain</strong></span> <span class='ocrx_word' id='word_1_752' title='bbox 2869 3246 3021 3301; x_wconf 86' lang='lat' dir='ltr'><strong>vultis</strong></span> <span class='ocrx_word' id='word_1_753' title='bbox 3042 3246 3223 3300; x_wconf 86' lang='lat' dir='ltr'><strong>audire</strong></span> <span class='ocrx_word' id='word_1_754' title='bbox 3247 3246 3560 3310; x_wconf 86' lang='lat' dir='ltr'><strong>sententiam,</strong></span> <span class='ocrx_word' id='word_1_755' title='bbox 3579 3255 3669 3300; x_wconf 89' lang='lat' dir='ltr'><strong>aut</strong></span> 
     </span>
    </p>
   </div>
   <div class='ocr_carea' id='block_1_105' title="bbox 2075 3316 3668 3389">
    <p class='ocr_par' dir='ltr' id='par_1_105' title="bbox 2075 3316 3668 3389">
     <span class='ocr_line' id='line_1_107' title="bbox 2075 3316 3668 3389; baseline -0.004 -14"><span class='ocrx_word' id='word_1_756' title='bbox 2075 3323 2271 3375; x_wconf 87' lang='lat' dir='ltr'><strong>nullam</strong></span> <span class='ocrx_word' id='word_1_757' title='bbox 2310 3321 2456 3374; x_wconf 86' lang='lat' dir='ltr'><strong>habet</strong></span> <span class='ocrx_word' id='word_1_758' title='bbox 2488 3319 2625 3373; x_wconf 86' lang='lat' dir='ltr'><strong>Dens</strong></span> <span class='ocrx_word' id='word_1_759' title='bbox 2655 3324 2901 3389; x_wconf 71' lang='lat' dir='ltr'><strong>fortnam,</strong></span> <span class='ocrx_word' id='word_1_760' title='bbox 2935 3328 3020 3371; x_wconf 87' lang='lat' dir='ltr'><strong>aut</strong></span> <span class='ocrx_word' id='word_1_761' title='bbox 3048 3319 3090 3370; x_wconf 87' lang='lat' dir='ltr'><strong>si</strong></span> <span class='ocrx_word' id='word_1_762' title='bbox 3118 3316 3423 3385; x_wconf 75' lang='lat' dir='ltr'><strong>informatus</strong></span> <span class='ocrx_word' id='word_1_763' title='bbox 3444 3323 3530 3389; x_wconf 86' lang='lat' dir='ltr'><strong>est</strong></span> <span class='ocrx_word' id='word_1_764' title='bbox 3569 3317 3668 3389; x_wconf 77' lang='lat' dir='ltr'><strong>ali-</strong></span> 
     </span>
    </p>
   </div>
   <div class='ocr_carea' id='block_1_106' title="bbox 2073 3387 3663 3463">
    <p class='ocr_par' dir='ltr' id='par_1_106' title="bbox 2073 3387 3663 3463">
     <span class='ocr_line' id='line_1_108' title="bbox 2073 3387 3663 3463; baseline -0.002 -18"><span class='ocrx_word' id='word_1_765' title='bbox 2073 3409 2204 3463; x_wconf 87' lang='lat' dir='ltr'><strong>qua,</strong></span> <span class='ocrx_word' id='word_1_766' title='bbox 2246 3408 2307 3446; x_wconf 77' lang='lat' dir='ltr'><strong>ea:</strong></span> <span class='ocrx_word' id='word_1_767' title='bbox 2338 3410 2439 3458; x_wconf 90' lang='lat' dir='ltr'><strong>qua</strong></span> <span class='ocrx_word' id='word_1_768' title='bbox 2476 3393 2539 3445; x_wconf 87' lang='lat' dir='ltr'><strong>sit</strong></span> <span class='ocrx_word' id='word_1_769' title='bbox 2579 3387 2805 3463; x_wconf 71' lang='lat' dir='ltr'><strong>profecto</strong></span> <span class='ocrx_word' id='word_1_770' title='bbox 2832 3391 3123 3463; x_wconf 73' lang='lat' dir='ltr'><strong>nescimus.</strong></span> <span class='ocrx_word' id='word_1_771' title='bbox 3171 3389 3267 3463; x_wconf 68' lang='lat' dir='ltr'><strong>Dio</strong></span> <span class='ocrx_word' id='word_1_772' title='bbox 3305 3388 3541 3463; x_wconf 61' lang='lat' dir='ltr'><strong>gassius,</strong></span> <span class='ocrx_word' id='word_1_773' title='bbox 3569 3387 3663 3442; x_wconf 88' lang='lat' dir='ltr'><strong>lib.</strong></span> 
     </span>
    </p>
   </div>
   <div class='ocr_carea' id='block_1_107' title="bbox 2075 3458 3665 3533">
    <p class='ocr_par' dir='ltr' id='par_1_107' title="bbox 2075 3458 3665 3533">
     <span class='ocr_line' id='line_1_109' title="bbox 2075 3458 3665 3533; baseline -0.003 -16"><span class='ocrx_word' id='word_1_774' title='bbox 2075 3458 2286 3529; x_wconf 64' lang='lat' dir='ltr'><strong>ixxvn,</strong></span> <span class='ocrx_word' id='word_1_775' title='bbox 2319 3479 2481 3533; x_wconf 81' lang='lat' dir='ltr'><strong>agens</strong></span> <span class='ocrx_word' id='word_1_776' title='bbox 2511 3458 2588 3517; x_wconf 87' lang='lat' dir='ltr'><strong>de</strong></span> <span class='ocrx_word' id='word_1_777' title='bbox 2611 3458 2716 3515; x_wconf 62' lang='lat' dir='ltr'><strong>ne.»</strong></span> <span class='ocrx_word' id='word_1_778' title='bbox 2741 3460 3046 3517; x_wconf 64' lang='lat' dir='ltr'><strong>Judieorum</strong></span> <span class='ocrx_word' id='word_1_779' title='bbox 3079 3461 3152 3513; x_wconf 90' lang='lat' dir='ltr'><strong>ait</strong></span> <span class='ocrx_word' id='word_1_780' title='bbox 3179 3458 3298 3533; x_wconf 73' lang='lat' dir='ltr'><strong>illos</strong></span> <span class='ocrx_word' id='word_1_781' title='bbox 3322 3459 3487 3533; x_wconf 88' lang='lat' dir='ltr'><strong>Deum</strong></span> <span class='ocrx_word' id='word_1_782' title='bbox 3510 3473 3665 3533; x_wconf 67' lang='lat' dir='ltr'><strong>suum</strong></span> 
     </span>
    </p>
   </div>
   <div class='ocr_carea' id='block_1_108' title="bbox 2076 3527 3717 3600">
    <p class='ocr_par' dir='ltr' id='par_1_108' title="bbox 2076 3527 3717 3600">
     <span class='ocr_line' id='line_1_110' title="bbox 2076 3527 3717 3600; baseline -0.002 -13"><span class='ocrx_word' id='word_1_783' title='bbox 2076 3527 2395 3590; x_wconf 70' lang='lat' dir='ltr'><strong>inetfabileiii</strong></span> <span class='ocrx_word' id='word_1_784' title='bbox 2416 3533 2842 3600; x_wconf 81' lang='lat' dir='ltr'><strong>invisibilemipic</strong></span> <span class='ocrx_word' id='word_1_785' title='bbox 2864 3532 3219 3586; x_wconf 83' lang='lat' dir='ltr'><strong>existimasse.</strong></span> <span class='ocrx_word' id='word_1_786' title='bbox 3237 3529 3524 3584; x_wconf 86' lang='lat' dir='ltr'><strong>Cassianus</strong></span> <span class='ocrx_word' id='word_1_787' title='bbox 3541 3527 3667 3583; x_wconf 86' lang='lat' dir='ltr'><strong>Col-</strong></span> <span class='ocrx_word' id='word_1_788' title='bbox 3712 3544 3717 3547; x_wconf 86' lang='grc'><strong>·</strong></span> 
     </span>
    </p>
   </div>
   <div class='ocr_carea' id='block_1_109' title="bbox 2025 3600 3662 3676">
    <p class='ocr_par' dir='ltr' id='par_1_109' title="bbox 2025 3600 3662 3676">
     <span class='ocr_line' id='line_1_111' title="bbox 2025 3600 3662 3676; baseline -0.003 -18"><span class='ocrx_word' id='word_1_789' title='bbox 2025 3615 2029 3619; x_wconf 85' lang='grc'><strong>’</strong></span> <span class='ocrx_word' id='word_1_790' title='bbox 2074 3607 2167 3659; x_wconf 91' lang='lat' dir='ltr'><strong>lat.</strong></span> <span class='ocrx_word' id='word_1_791' title='bbox 2198 3622 2227 3660; x_wconf 72' lang='grc' dir='ltr'><strong>ι</strong></span> <span class='ocrx_word' id='word_1_792' title='bbox 2254 3648 2269 3672; x_wconf 92' lang='grc'><em>,</em></span> <span class='ocrx_word' id='word_1_793' title='bbox 2300 3621 2416 3676; x_wconf 88' lang='lat' dir='ltr'><strong>cap.</strong></span> <span class='ocrx_word' id='word_1_794' title='bbox 2439 3606 2494 3672; x_wconf 71' lang='grc'><strong>4,</strong></span> <span class='ocrx_word' id='word_1_795' title='bbox 2527 3604 3036 3676; x_wconf 77' lang='lat' dir='ltr'><strong>disputatatlversus</strong></span> <span class='ocrx_word' id='word_1_796' title='bbox 3061 3616 3244 3676; x_wconf 79' lang='lat' dir='ltr'><strong>eorum</strong></span> <span class='ocrx_word' id='word_1_797' title='bbox 3269 3600 3662 3676; x_wconf 75' lang='lat' dir='ltr'><strong>simplicitatem</strong></span> 
     </span>
    </p>
   </div>
   <div class='ocr_carea' id='block_1_110' title="bbox 2072 3670 3663 3746">
    <p class='ocr_par' dir='ltr' id='par_1_110' title="bbox 2072 3670 3663 3746">
     <span class='ocr_line' id='line_1_112' title="bbox 2072 3670 3663 3746; baseline -0.003 -18"><span class='ocrx_word' id='word_1_798' title='bbox 2072 3678 2163 3746; x_wconf 84' lang='lat' dir='ltr'><strong>qui</strong></span> <span class='ocrx_word' id='word_1_799' title='bbox 2188 3670 2784 3746; x_wconf 64' lang='lat' dir='ltr'><strong>lllCtltltbl‘eilenSlilllem</strong></span> <span class='ocrx_word' id='word_1_800' title='bbox 2809 3675 2918 3727; x_wconf 88' lang='lat' dir='ltr'><strong>veri</strong></span> <span class='ocrx_word' id='word_1_801' title='bbox 2949 3672 3183 3746; x_wconf 80' lang='lat' dir='ltr'><strong>iimniuis</strong></span> <span class='ocrx_word' id='word_1_802' title='bbox 3204 3670 3663 3746; x_wconf 57' lang='lat' dir='ltr'><strong>niajestatenrsuh</strong></span> 
     </span>
    </p>
   </div>
   <div class='ocr_carea' id='block_1_111' title="bbox 2072 3739 3663 3814">
    <p class='ocr_par' dir='ltr' id='par_1_111' title="bbox 2072 3739 3663 3814">
     <span class='ocr_line' id='line_1_113' title="bbox 2072 3739 3663 3814; baseline -0.005 -12"><span class='ocrx_word' id='word_1_803' title='bbox 2072 3739 2567 3814; x_wconf 75' lang='lat' dir='ltr'><strong>circuitiscriptiune</strong></span> <span class='ocrx_word' id='word_1_804' title='bbox 2597 3745 2823 3812; x_wconf 86' lang='lat' dir='ltr'><strong>alicujus</strong></span> <span class='ocrx_word' id='word_1_805' title='bbox 2857 3744 3126 3814; x_wconf 71' lang='lat' dir='ltr'><strong>aestimant</strong></span> <span class='ocrx_word' id='word_1_806' title='bbox 3152 3741 3498 3814; x_wconf 78' lang='lat' dir='ltr'><strong>adorandum.</strong></span> <span class='ocrx_word' id='word_1_807' title='bbox 3529 3739 3663 3814; x_wconf 70' lang='lat' dir='ltr'><strong>Vide</strong></span> 
     </span>
    </p>
   </div>
   <div class='ocr_carea' id='block_1_112' title="bbox 2072 3809 3663 3878">
    <p class='ocr_par' dir='ltr' id='par_1_112' title="bbox 2072 3809 3663 3878">
     <span class='ocr_line' id='line_1_114' title="bbox 2072 3809 3663 3878; baseline -0.006 -7"><span class='ocrx_word' id='word_1_808' title='bbox 2072 3818 2318 3871; x_wconf 86' lang='lat' dir='ltr'><strong>eumdem</strong></span> <span class='ocrx_word' id='word_1_809' title='bbox 2340 3809 2429 3870; x_wconf 84' lang='lat' dir='ltr'><strong>lib.</strong></span> <span class='ocrx_word' id='word_1_810' title='bbox 2451 3831 2542 3869; x_wconf 85' lang='lat' dir='ltr'><strong>vttt</strong></span> <span class='ocrx_word' id='word_1_811' title='bbox 2573 3815 2633 3867; x_wconf 85' lang='lat' dir='ltr'><strong>de</strong></span> <span class='ocrx_word' id='word_1_812' title='bbox 2664 3809 2854 3866; x_wconf 81' lang='lat' dir='ltr'><strong>Habitu</strong></span> <span class='ocrx_word' id='word_1_813' title='bbox 2892 3812 3279 3872; x_wconf 79' lang='lat' dir='ltr'><strong>Monac/torum,</strong></span> <span class='ocrx_word' id='word_1_814' title='bbox 3312 3824 3428 3878; x_wconf 90' lang='lat' dir='ltr'><strong>cap.</strong></span> <span class='ocrx_word' id='word_1_815' title='bbox 3460 3810 3513 3862; x_wconf 71' lang='grc'><strong>4.</strong></span> <span class='ocrx_word' id='word_1_816' title='bbox 3539 3809 3663 3863; x_wconf 85' lang='lat' dir='ltr'><strong>Sul-</strong></span> 
     </span>
    </p>
   </div>
   <div class='ocr_carea' id='block_1_113' title="bbox 2071 3882 3662 3958">
    <p class='ocr_par' dir='ltr' id='par_1_113' title="bbox 2071 3882 3662 3958">
     <span class='ocr_line' id='line_1_115' title="bbox 2071 3882 3662 3958; baseline -0.004 -19"><span class='ocrx_word' id='word_1_817' title='bbox 2071 3890 2231 3958; x_wconf 89' lang='lat' dir='ltr'><strong>pitius</strong></span> <span class='ocrx_word' id='word_1_818' title='bbox 2253 3887 2503 3958; x_wconf 72' lang='lat' dir='ltr'><strong>Severus,</strong></span> <span class='ocrx_word' id='word_1_819' title='bbox 2541 3885 2630 3938; x_wconf 90' lang='lat' dir='ltr'><strong>lib.</strong></span> <span class='ocrx_word' id='word_1_820' title='bbox 2652 3899 2687 3958; x_wconf 86' lang='lat' dir='ltr'><strong>tt</strong></span> <span class='ocrx_word' id='word_1_821' title='bbox 2721 3883 2900 3958; x_wconf 71' lang='lat' dir='ltr'><strong>Sacrae</strong></span> <span class='ocrx_word' id='word_1_822' title='bbox 2934 3882 3212 3958; x_wconf 68' lang='lat' dir='ltr'><strong>Historia):</strong></span> <span class='ocrx_word' id='word_1_823' title='bbox 3246 3882 3564 3958; x_wconf 76' lang='lat' dir='ltr'><strong>Responsum</strong></span> <span class='ocrx_word' id='word_1_824' title='bbox 3589 3891 3662 3958; x_wconf 76' lang='lat' dir='ltr'><strong>cst</strong></span> 
     </span>
    </p>
   </div>
   <div class='ocr_carea' id='block_1_114' title="bbox 2070 3952 3660 4026">
    <p class='ocr_par' dir='ltr' id='par_1_114' title="bbox 2070 3952 3660 4026">
     <span class='ocr_line' id='line_1_116' title="bbox 2070 3952 3660 4026; baseline -0.004 -15"><span class='ocrx_word' id='word_1_825' title='bbox 2070 3952 2289 4026; x_wconf 58' lang='lat' dir='ltr'><strong>formam</strong></span> <span class='ocrx_word' id='word_1_826' title='bbox 2316 3956 2413 4011; x_wconf 88' lang='lat' dir='ltr'><strong>Dei</strong></span> <span class='ocrx_word' id='word_1_827' title='bbox 2440 3956 2731 4026; x_wconf 77' lang='lat' dir='ltr'><strong>mortalibus</strong></span> <span class='ocrx_word' id='word_1_828' title='bbox 2760 3955 2917 4008; x_wconf 86' lang='lat' dir='ltr'><strong>oculis</strong></span> <span class='ocrx_word' id='word_1_829' title='bbox 2943 3954 3159 4026; x_wconf 74' lang='lat' dir='ltr'><strong>perspici</strong></span> <span class='ocrx_word' id='word_1_830' title='bbox 3186 3968 3283 4026; x_wconf 84' lang='lat' dir='ltr'><strong>non</strong></span> <span class='ocrx_word' id='word_1_831' title='bbox 3313 3968 3477 4026; x_wconf 85' lang='lat' dir='ltr'><strong>posse.</strong></span> <span class='ocrx_word' id='word_1_832' title='bbox 3505 3952 3660 4026; x_wconf 82' lang='lat' dir='ltr'><strong>Apud</strong></span> 
     </span>
    </p>
   </div>
   <div class='ocr_carea' id='block_1_115' title="bbox 2069 4023 3660 4097">
    <p class='ocr_par' dir='ltr' id='par_1_115' title="bbox 2069 4023 3660 4097">
     <span class='ocr_line' id='line_1_117' title="bbox 2069 4023 3660 4097; baseline -0.003 -13"><span class='ocrx_word' id='word_1_833' title='bbox 2069 4023 2386 4096; x_wconf 61' lang='lat' dir='ltr'><strong>Iuvencum,</strong></span> <span class='ocrx_word' id='word_1_834' title='bbox 2414 4029 2505 4083; x_wconf 87' lang='lat' dir='ltr'><strong>lib.</strong></span> <span class='ocrx_word' id='word_1_835' title='bbox 2536 4038 2594 4081; x_wconf 86' lang='lat' dir='ltr'><strong>lt.</strong></span> <span class='ocrx_word' id='word_1_836' title='bbox 2629 4024 2765 4081; x_wconf 86' lang='lat' dir='ltr'><strong>Hist.</strong></span> <span class='ocrx_word' id='word_1_837' title='bbox 2804 4025 3050 4097; x_wconf 77' lang='lat' dir='ltr'><strong>Evangel.</strong></span> <span class='ocrx_word' id='word_1_838' title='bbox 3084 4023 3328 4078; x_wconf 76' lang='lat' dir='ltr'><strong>Christus</strong></span> <span class='ocrx_word' id='word_1_839' title='bbox 3356 4023 3660 4093; x_wconf 83' lang='lat' dir='ltr'><strong>loquenst</strong></span> 
     </span>
    </p>
   </div>
   <div class='ocr_carea' id='block_1_116' title="bbox 2071 4101 2342 4170">
    <p class='ocr_par' dir='ltr' id='par_1_116' title="bbox 2071 4101 2342 4170">
     <span class='ocr_line' id='line_1_118' title="bbox 2071 4101 2342 4170; baseline 0.011 -18"><span class='ocrx_word' id='word_1_840' title='bbox 2071 4113 2216 4170; x_wconf 85' lang='lat' dir='ltr'><strong>petra</strong></span> <span class='ocrx_word' id='word_1_841' title='bbox 2243 4101 2342 4155; x_wconf 89' lang='lat' dir='ltr'><strong>ait:</strong></span> 
     </span>
    </p>
   </div>
   <div class='ocr_carea' id='block_1_117' title="bbox 2190 4209 3626 4278">
    <p class='ocr_par' dir='ltr' id='par_1_117' title="bbox 2190 4209 3626 4278">
     <span class='ocr_line' id='line_1_119' title="bbox 2190 4209 3626 4278; baseline -0.004 -14"><span class='ocrx_word' id='word_1_842' title='bbox 2190 4214 2346 4278; x_wconf 86' lang='lat' dir='ltr'><strong>Hujus</strong></span> <span class='ocrx_word' id='word_1_843' title='bbox 2368 4215 2498 4278; x_wconf 89' lang='lat' dir='ltr'><strong>enim</strong></span> <span class='ocrx_word' id='word_1_844' title='bbox 2519 4225 2688 4263; x_wconf 86' lang='lat' dir='ltr'><strong>vocem</strong></span> <span class='ocrx_word' id='word_1_845' title='bbox 2708 4224 2969 4278; x_wconf 86' lang='lat' dir='ltr'><strong>numquam</strong></span> <span class='ocrx_word' id='word_1_846' title='bbox 2991 4210 3414 4278; x_wconf 76' lang='lat' dir='ltr'><strong>comprehendere</strong></span> <span class='ocrx_word' id='word_1_847' title='bbox 3433 4209 3626 4271; x_wconf 89' lang='lat' dir='ltr'><strong>quistis,</strong></span> 
     </span>
    </p>
   </div>
   <div class='ocr_carea' id='block_1_118' title="bbox 2191 4274 3439 4340">
    <p class='ocr_par' dir='ltr' id='par_1_118' title="bbox 2191 4274 3439 4340">
     <span class='ocr_line' id='line_1_120' title="bbox 2191 4274 3439 4340; baseline -0.008 -12"><span class='ocrx_word' id='word_1_848' title='bbox 2191 4274 2295 4328; x_wconf 74' lang='lat' dir='ltr'><strong>Nec</strong></span> <span class='ocrx_word' id='word_1_849' title='bbox 2316 4277 2535 4340; x_wconf 85' lang='lat' dir='ltr'><strong>speciem</strong></span> <span class='ocrx_word' id='word_1_850' title='bbox 2561 4277 2803 4340; x_wconf 86' lang='lat' dir='ltr'><strong>propriam</strong></span> <span class='ocrx_word' id='word_1_851' title='bbox 2823 4274 3068 4324; x_wconf 79' lang='lat' dir='ltr'><strong>concessit</strong></span> <span class='ocrx_word' id='word_1_852' title='bbox 3100 4275 3265 4323; x_wconf 85' lang='lat' dir='ltr'><strong>visere</strong></span> <span class='ocrx_word' id='word_1_853' title='bbox 3286 4274 3439 4320; x_wconf 84' lang='lat' dir='ltr'><strong>vobis.</strong></span> 
     </span>
    </p>
   </div>
   <div class='ocr_carea' id='block_1_119' title="bbox 2034 4376 3659 4455">
    <p class='ocr_par' dir='ltr' id='par_1_119' title="bbox 2034 4376 3659 4455">
     <span class='ocr_line' id='line_1_121' title="bbox 2034 4376 3659 4455; baseline -0.007 -15"><span class='ocrx_word' id='word_1_854' title='bbox 2034 4384 2293 4455; x_wconf 42' lang='lat' dir='ltr'><strong>,Ruftnus</strong></span> <span class='ocrx_word' id='word_1_855' title='bbox 2334 4383 2427 4439; x_wconf 88' lang='lat' dir='ltr'><strong>lib.</strong></span> <span class='ocrx_word' id='word_1_856' title='bbox 2478 4401 2514 4439; x_wconf 83' lang='grc' dir='ltr'><strong>ι.</strong></span> <span class='ocrx_word' id='word_1_857' title='bbox 2544 4382 2921 4455; x_wconf 63' lang='grc' dir='ltr'><strong>Αροιοεὶεῃήυηι</strong></span> <span class='ocrx_word' id='word_1_858' title='bbox 2949 4379 3113 4455; x_wconf 24' lang='lat' dir='ltr'><strong>:‘lVec</strong></span> <span class='ocrx_word' id='word_1_859' title='bbox 3161 4379 3316 4439; x_wconf 83' lang='lat' dir='ltr'><strong>enim,</strong></span> <span class='ocrx_word' id='word_1_860' title='bbox 3358 4376 3659 4455; x_wconf 67' lang='lat' dir='ltr'><strong>ut_qi_tidam</strong></span> 
     </span>
    </p>
   </div>
   <div class='ocr_carea' id='block_1_120' title="bbox 2067 4447 3657 4526">
    <p class='ocr_par' dir='ltr' id='par_1_120' title="bbox 2067 4447 3657 4526">
     <span class='ocr_line' id='line_1_122' title="bbox 2067 4447 3657 4526; baseline -0.006 -18"><span class='ocrx_word' id='word_1_861' title='bbox 2067 4466 2280 4526; x_wconf 84' lang='lat' dir='ltr'><strong>putant,</strong></span> <span class='ocrx_word' id='word_1_862' title='bbox 2315 4465 2497 4509; x_wconf 89' lang='lat' dir='ltr'><strong>natura</strong></span> <span class='ocrx_word' id='word_1_863' title='bbox 2531 4447 2623 4526; x_wconf 70' lang='lat' dir='ltr'><strong>Dei</strong></span> <span class='ocrx_word' id='word_1_864' title='bbox 2654 4447 2904 4526; x_wconf 72' lang='lat' dir='ltr'><strong>aliquibus</strong></span> <span class='ocrx_word' id='word_1_865' title='bbox 2932 4450 3139 4526; x_wconf 79' lang='lat' dir='ltr'><strong>visibilis</strong></span> <span class='ocrx_word' id='word_1_866' title='bbox 3167 4458 3313 4526; x_wconf 51' lang='lat' dir='ltr'><strong>estet</strong></span> <span class='ocrx_word' id='word_1_867' title='bbox 3342 4447 3458 4500; x_wconf 87' lang='lat' dir='ltr'><strong>aliis</strong></span> <span class='ocrx_word' id='word_1_868' title='bbox 3483 4447 3657 4526; x_wconf 49' lang='lat' dir='ltr'><strong>invisi.</strong></span> 
     </span>
    </p>
   </div>
   <div class='ocr_carea' id='block_1_121' title="bbox 2065 4517 3652 4591">
    <p class='ocr_par' dir='ltr' id='par_1_121' title="bbox 2065 4517 3652 4591">
     <span class='ocr_line' id='line_1_123' title="bbox 2065 4517 3652 4591; baseline -0.009 -9"><span class='ocrx_word' id='word_1_869' title='bbox 2065 4517 2200 4582; x_wconf 83' lang='lat' dir='ltr'><strong>bilis.</strong></span> <span class='ocrx_word' id='word_1_870' title='bbox 2230 4517 2364 4583; x_wconf 88' lang='lat' dir='ltr'><strong>Vide</strong></span> <span class='ocrx_word' id='word_1_871' title='bbox 2395 4525 2707 4580; x_wconf 86' lang='lat' dir='ltr'><strong>Tertulliani</strong></span> <span class='ocrx_word' id='word_1_872' title='bbox 2735 4517 3113 4591; x_wconf 68' lang='lat' dir='ltr'><strong>Apologeticum</strong></span> <span class='ocrx_word' id='word_1_873' title='bbox 3153 4517 3465 4591; x_wconf 73' lang='lat' dir='ltr'><strong>et_lihruui_</strong></span> <span class='ocrx_word' id='word_1_874' title='bbox 3482 4517 3652 4591; x_wconf 50' lang='lat' dir='ltr'><strong>Nova</strong></span> 
     </span>
    </p>
   </div>
   <div class='ocr_carea' id='block_1_122' title="bbox 2067 4588 3655 4654">
    <p class='ocr_par' dir='ltr' id='par_1_122' title="bbox 2067 4588 3655 4654">
     <span class='ocr_line' id='line_1_124' title="bbox 2067 4588 3655 4654; baseline -0.007 -1"><span class='ocrx_word' id='word_1_875' title='bbox 2067 4601 2191 4654; x_wconf 90' lang='lat' dir='ltr'><strong>Iiani</strong></span> <span class='ocrx_word' id='word_1_876' title='bbox 2224 4599 2286 4651; x_wconf 88' lang='lat' dir='ltr'><strong>de</strong></span> <span class='ocrx_word' id='word_1_877' title='bbox 2311 4596 2576 4651; x_wconf 89' lang='lat' dir='ltr'><strong>Trinitate.</strong></span> <span class='ocrx_word' id='word_1_878' title='bbox 2611 4593 2739 4648; x_wconf 84' lang='lat' dir='ltr'><strong>Vide</strong></span> <span class='ocrx_word' id='word_1_879' title='bbox 2780 4588 2938 4647; x_wconf 80' lang='lat' dir='ltr'><strong>etiam</strong></span> <span class='ocrx_word' id='word_1_880' title='bbox 2970 4590 3169 4645; x_wconf 87' lang='lat' dir='ltr'><strong>scholia</strong></span> <span class='ocrx_word' id='word_1_881' title='bbox 3206 4588 3388 4643; x_wconf 77' lang='lat' dir='ltr'><strong>Jacobi</strong></span> <span class='ocrx_word' id='word_1_882' title='bbox 3432 4588 3571 4642; x_wconf 88' lang='lat' dir='ltr'><strong>Billii</strong></span> <span class='ocrx_word' id='word_1_883' title='bbox 3604 4588 3655 4642; x_wconf 90' lang='lat' dir='ltr'><strong>in</strong></span> 
     </span>
    </p>
   </div>
   <div class='ocr_carea' id='block_1_123' title="bbox 1983 4658 3652 4741">
    <p class='ocr_par' dir='ltr' id='par_1_123' title="bbox 1983 4658 3652 4741">
     <span class='ocr_line' id='line_1_125' title="bbox 1983 4658 3652 4741; baseline -0.01 -13"><span class='ocrx_word' id='word_1_884' title='bbox 1983 4680 2037 4741; x_wconf 87' lang='lat' dir='ltr'><strong>D</strong></span> <span class='ocrx_word' id='word_1_885' title='bbox 2064 4671 2371 4727; x_wconf 87' lang='lat' dir='ltr'><strong>Orationem</strong></span> <span class='ocrx_word' id='word_1_886' title='bbox 2417 4666 2659 4738; x_wconf 83' lang='lat' dir='ltr'><strong>Gregorii</strong></span> <span class='ocrx_word' id='word_1_887' title='bbox 2702 4663 3021 4718; x_wconf 84' lang='lat' dir='ltr'><strong>Nazianzeni</strong></span> <span class='ocrx_word' id='word_1_888' title='bbox 3063 4661 3125 4714; x_wconf 87' lang='lat' dir='ltr'><strong>de</strong></span> <span class='ocrx_word' id='word_1_889' title='bbox 3161 4658 3331 4729; x_wconf 88' lang='lat' dir='ltr'><strong>Plaga</strong></span> <span class='ocrx_word' id='word_1_890' title='bbox 3369 4659 3652 4730; x_wconf 84' lang='lat' dir='ltr'><strong>grandinis.</strong></span> 
     </span>
    </p>
   </div>
   <div class='ocr_carea' id='block_1_124' title="bbox 2062 4743 3657 4867">
    <p class='ocr_par' dir='ltr' id='par_1_124' title="bbox 2062 4743 3657 4867">
     <span class='ocr_line' id='line_1_126' title="bbox 2062 4743 3657 4867; baseline -0.009 0"><span class='ocrx_word' id='word_1_891' title='bbox 2062 4743 2492 4867; x_wconf 39' lang='lat' dir='ltr'><strong>BAVlilzi—Falsa</strong></span> <span class='ocrx_word' id='word_1_892' title='bbox 2523 4809 2653 4864; x_wconf 86' lang='lat' dir='ltr'><strong>veris</strong></span> <span class='ocrx_word' id='word_1_893' title='bbox 2678 4806 2961 4860; x_wconf 83' lang='lat' dir='ltr'><strong>involvunt.</strong></span> <span class='ocrx_word' id='word_1_894' title='bbox 2986 4803 3254 4858; x_wconf 84' lang='lat' dir='ltr'><strong>Imitatum</strong></span> <span class='ocrx_word' id='word_1_895' title='bbox 3272 4817 3336 4855; x_wconf 79' lang='lat' dir='ltr'><strong>ex</strong></span> <span class='ocrx_word' id='word_1_896' title='bbox 3351 4800 3491 4855; x_wconf 88' lang='lat' dir='ltr'><strong>libro</strong></span> <span class='ocrx_word' id='word_1_897' title='bbox 3502 4808 3657 4855; x_wconf 76' lang='lat' dir='ltr'><strong>sexto</strong></span> 
     </span>
    </p>
   </div>
   <div class='ocr_carea' id='block_1_125' title="bbox 2029 4872 3654 4946">
    <p class='ocr_par' dir='ltr' id='par_1_125' title="bbox 2029 4872 3654 4946">
     <span class='ocr_line' id='line_1_127' title="bbox 2029 4872 3654 4946; baseline -0.011 -4"><span class='ocrx_word' id='word_1_898' title='bbox 2029 4880 2032 4884; x_wconf 17' lang='grc' dir='ltr'><strong>Α</strong></span> <span class='ocrx_word' id='word_1_899' title='bbox 2063 4884 2346 4946; x_wconf 69' lang='grc' dir='ltr'><strong>Ᾱέηεὶᾶοε,</strong></span> <span class='ocrx_word' id='word_1_900' title='bbox 2368 4882 2593 4935; x_wconf 87' lang='lat' dir='ltr'><strong>obscuris</strong></span> <span class='ocrx_word' id='word_1_901' title='bbox 2622 4892 2736 4932; x_wconf 75' lang='lat' dir='ltr'><strong>vero</strong></span> <span class='ocrx_word' id='word_1_902' title='bbox 2761 4877 3035 4929; x_wconf 83' lang='lat' dir='ltr'><strong>involvens.</strong></span> <span class='ocrx_word' id='word_1_903' title='bbox 3066 4875 3293 4946; x_wconf 83' lang='lat' dir='ltr'><strong>Sanctus</strong></span> <span class='ocrx_word' id='word_1_904' title='bbox 3318 4872 3654 4946; x_wconf 65' lang='lat' dir='ltr'><strong>Ambrosius,</strong></span> 
     </span>
    </p>
   </div>
   <div class='ocr_carea' id='block_1_126' title="bbox 2062 4941 3654 5024">
    <p class='ocr_par' dir='ltr' id='par_1_126' title="bbox 2062 4941 3654 5024">
     <span class='ocr_line' id='line_1_128' title="bbox 2062 4941 3654 5024; baseline -0.011 -12"><span class='ocrx_word' id='word_1_905' title='bbox 2062 4957 2156 5013; x_wconf 88' lang='lat' dir='ltr'><strong>lib.</strong></span> <span class='ocrx_word' id='word_1_906' title='bbox 2190 4972 2207 5011; x_wconf 86' lang='grc' dir='ltr'>ι</span> <span class='ocrx_word' id='word_1_907' title='bbox 2252 4941 2472 5024; x_wconf 66' lang='lat' dir='ltr'><strong>O/ﬁcior.</strong></span> <span class='ocrx_word' id='word_1_908' title='bbox 2496 4994 2523 5024; x_wconf 15' lang='grc' dir='ltr'><strong>,ν</strong></span> <span class='ocrx_word' id='word_1_909' title='bbox 2553 4965 2672 5024; x_wconf 81' lang='lat' dir='ltr'><strong>cap.</strong></span> <span class='ocrx_word' id='word_1_910' title='bbox 2704 4946 2792 5024; x_wconf 64' lang='lat' dir='ltr'><strong>lli,</strong></span> <span class='ocrx_word' id='word_1_911' title='bbox 2825 4948 3049 5024; x_wconf 82' lang='lat' dir='ltr'><strong>obscuris</strong></span> <span class='ocrx_word' id='word_1_912' title='bbox 3097 4960 3213 4999; x_wconf 81' lang='lat' dir='ltr'><strong>vera</strong></span> <span class='ocrx_word' id='word_1_913' title='bbox 3236 4942 3506 5024; x_wconf 73' lang='lat' dir='ltr'><strong>involvere.</strong></span> 
     </span>
    </p>
   </div>
   <div class='ocr_carea' id='block_1_127' title="bbox 2066 4965 3653 5091">
    <p class='ocr_par' dir='ltr' id='par_1_127' title="bbox 2066 4965 3653 5091">
     <span class='ocr_line' id='line_1_129' title="bbox 2066 4965 3653 5024; baseline -0.011 -12"><span class='ocrx_word' id='word_1_914' title='bbox 2066 4965 2156 5013; x_wconf 81' lang='lat' dir='ltr'><strong>lib.</strong></span> <span class='ocrx_word' id='word_1_915' title='bbox 2190 4972 2207 5011; x_wconf 86' lang='grc' dir='ltr'>ι</span> <span class='ocrx_word' id='word_1_916' title='bbox 2252 4965 2472 5024; x_wconf 71' lang='lat' dir='ltr'><strong>Uﬁtcwr.</strong></span> <span class='ocrx_word' id='word_1_917' title='bbox 2499 4994 2510 5010; x_wconf 84' lang='lat'><strong>.</strong></span> <span class='ocrx_word' id='word_1_918' title='bbox 2553 4966 2611 5005; x_wconf 90' lang='lat' dir='ltr'><strong>ca</strong></span> <span class='ocrx_word' id='word_1_919' title='bbox 2659 4991 2672 5004; x_wconf 90' lang='lat'><strong>.</strong></span> <span class='ocrx_word' id='word_1_920' title='bbox 2704 4965 2792 5011; x_wconf 83' lang='lat' dir='ltr'><strong>‘ID,</strong></span> <span class='ocrx_word' id='word_1_921' title='bbox 2825 4965 3049 5002; x_wconf 73' lang='lat' dir='ltr'><strong>Obscuris</strong></span> <span class='ocrx_word' id='word_1_922' title='bbox 3097 4965 3213 4999; x_wconf 84' lang='lat' dir='ltr'><strong>vt&#39;ra</strong></span> <span class='ocrx_word' id='word_1_923' title='bbox 3240 4965 3506 4997; x_wconf 84' lang='lat' dir='ltr'><strong>mvowere.</strong></span> <span class='ocrx_word' id='word_1_924' title='bbox 3550 4965 3653 5024; x_wconf 50' lang='grc' dir='ltr'><strong>με·</strong></span> 
     </span>
     <span class='ocr_line' id='line_1_130' title="bbox 2066 4965 3653 5091; baseline -0.011 -10"><span class='ocrx_word' id='word_1_925' title='bbox 2066 5026 2258 5083; x_wconf 71' lang='grc' dir='ltr'><strong>ηιωάίιι</strong></span> <span class='ocrx_word' id='word_1_926' title='bbox 2311 5022 2566 5091; x_wconf 80' lang='lat' dir='ltr'><strong>Queroli:</strong></span> <span class='ocrx_word' id='word_1_927' title='bbox 2620 4965 2768 5074; x_wconf 47' lang='lat' dir='ltr'><strong>istud</strong></span> <span class='ocrx_word' id='word_1_928' title='bbox 2817 5020 2968 5091; x_wconf 84' lang='lat' dir='ltr'><strong>plane</strong></span> <span class='ocrx_word' id='word_1_929' title='bbox 3002 5025 3075 5091; x_wconf 84' lang='lat' dir='ltr'><strong>est</strong></span> <span class='ocrx_word' id='word_1_930' title='bbox 3112 5015 3247 5091; x_wconf 55' lang='lat' dir='ltr'><strong>quod</strong></span> <span class='ocrx_word' id='word_1_931' title='bbox 3280 5030 3412 5091; x_wconf 62' lang='lat' dir='ltr'><strong>satin:</strong></span> <span class='ocrx_word' id='word_1_932' title='bbox 3448 5012 3653 5076; x_wconf 82' lang='lat' dir='ltr'><strong>andnn,</strong></span> 
     </span>
    </p>
   </div>
   <div class='ocr_carea' id='block_1_128' title="bbox 2065 5083 3657 5153">
    <p class='ocr_par' dir='ltr' id='par_1_128' title="bbox 2065 5083 3657 5153">
     <span class='ocr_line' id='line_1_131' title="bbox 2065 5083 3657 5153; baseline -0.013 1"><span class='ocrx_word' id='word_1_933' title='bbox 2065 5097 2287 5153; x_wconf 87' lang='lat' dir='ltr'><strong>obscuris</strong></span> <span class='ocrx_word' id='word_1_934' title='bbox 2322 5083 2457 5147; x_wconf 62' lang='lat' dir='ltr'><strong>wvera</strong></span> <span class='ocrx_word' id='word_1_935' title='bbox 2507 5092 2775 5147; x_wconf 77' lang='lat' dir='ltr'><strong>involvere.</strong></span> <span class='ocrx_word' id='word_1_936' title='bbox 2817 5083 3078 5143; x_wconf 51' lang='lat' dir='ltr'><strong>&#39;Minutius</strong></span> <span class='ocrx_word' id='word_1_937' title='bbox 3124 5083 3317 5142; x_wconf 85' lang='lat' dir='ltr'><strong>Felix:</strong></span> <span class='ocrx_word' id='word_1_938' title='bbox 3356 5083 3538 5138; x_wconf 87' lang='lat' dir='ltr'><strong>Sortes</strong></span> <span class='ocrx_word' id='word_1_939' title='bbox 3577 5098 3657 5153; x_wconf 83' lang='lat' dir='ltr'><strong>re-</strong></span> 
     </span>
    </p>
   </div>
   <div class='ocr_carea' id='block_1_129' title="bbox 2098 5152 3659 5235">
    <p class='ocr_par' dir='ltr' id='par_1_129' title="bbox 2098 5152 3659 5235">
     <span class='ocr_line' id='line_1_132' title="bbox 2098 5152 3659 5235; baseline -0.01 -14"><span class='ocrx_word' id='word_1_940' title='bbox 2098 5177 2185 5222; x_wconf 89' lang='lat' dir='ltr'><strong>unt</strong></span> <span class='ocrx_word' id='word_1_941' title='bbox 2210 5212 2222 5235; x_wconf 90' lang='lat'><strong>,</strong></span> <span class='ocrx_word' id='word_1_942' title='bbox 2253 5165 2462 5220; x_wconf 84' lang='lat' dir='ltr'><strong>oracula</strong></span> <span class='ocrx_word' id='word_1_943' title='bbox 2491 5164 2709 5235; x_wconf 77' lang='lat' dir='ltr'><strong>e/ﬁciunt</strong></span> <span class='ocrx_word' id='word_1_944' title='bbox 2740 5162 2882 5230; x_wconf 74' lang='lat' dir='ltr'><strong>falsis</strong></span> <span class='ocrx_word' id='word_1_945' title='bbox 2911 5158 3137 5235; x_wconf 81' lang='lat' dir='ltr'><strong>pluribus</strong></span> <span class='ocrx_word' id='word_1_946' title='bbox 3153 5158 3421 5235; x_wconf 37' lang='lat' dir='ltr'><strong>involuta:</strong></span> <span class='ocrx_word' id='word_1_947' title='bbox 3444 5152 3659 5235; x_wconf 50' lang='lat' dir='ltr'><strong>Tertulf</strong></span> 
     </span>
    </p>
   </div>
   <div class='ocr_carea' id='block_1_130' title="bbox 2086 5226 3651 5351">
    <p class='ocr_par' dir='ltr' id='par_1_130' title="bbox 2086 5226 3651 5351">
     <span class='ocr_line' id='line_1_133' title="bbox 2086 5226 3651 5351; baseline -0.012 -59"><span class='ocrx_word' id='word_1_948' title='bbox 2086 5226 2255 5297; x_wconf 76' lang='lat' dir='ltr'><strong>ianus.</strong></span> <span class='ocrx_word' id='word_1_949' title='bbox 2292 5236 2382 5291; x_wconf 91' lang='lat' dir='ltr'><strong>lib.</strong></span> <span class='ocrx_word' id='word_1_950' title='bbox 2426 5252 2441 5291; x_wconf 83' lang='grc' dir='ltr'>ι</span> <span class='ocrx_word' id='word_1_951' title='bbox 2475 5226 2544 5290; x_wconf 74' lang='lat' dir='ltr'><strong>ad</strong></span> <span class='ocrx_word' id='word_1_952' title='bbox 2574 5226 2847 5297; x_wconf 82' lang='lat' dir='ltr'><strong>Nationes,</strong></span> <span class='ocrx_word' id='word_1_953' title='bbox 2878 5226 2932 5283; x_wconf 74' lang='lat' dir='ltr'><strong>ut</strong></span> <span class='ocrx_word' id='word_1_954' title='bbox 2959 5228 3221 5351; x_wconf 58' lang='lat' dir='ltr'><strong>nonﬂfalsa</strong></span> <span class='ocrx_word' id='word_1_955' title='bbox 3249 5226 3376 5280; x_wconf 83' lang='lat' dir='ltr'><strong>veris</strong></span> <span class='ocrx_word' id='word_1_956' title='bbox 3404 5226 3651 5278; x_wconf 78' lang='lat' dir='ltr'><strong>intexunt.</strong></span> 
     </span>
     <span class='ocr_line' id='line_1_134' title="bbox 2086 5293 3651 5351; baseline -0.003 0"><span class='ocrx_word' id='word_1_957' title='bbox 2086 5310 2322 5351; x_wconf 69' lang='lat' dir='ltr'><strong>liilriilin:</strong></span> <span class='ocrx_word' id='word_1_958' title='bbox 2361 5308 2611 5351; x_wconf 56' lang='lat' dir='ltr'><strong>Serranis-</strong></span> <span class='ocrx_word' id='word_1_959' title='bbox 2652 5304 2742 5351; x_wconf 80' lang='lat' dir='ltr'><strong>Iilt.</strong></span> <span class='ocrx_word' id='word_1_960' title='bbox 2777 5317 2813 5351; x_wconf 87' lang='lat' dir='ltr'><strong>ll</strong></span> <span class='ocrx_word' id='word_1_961' title='bbox 2845 5302 3021 5351; x_wconf 72' lang='lat' dir='ltr'><strong>Sacra:</strong></span> <span class='ocrx_word' id='word_1_962' title='bbox 3101 5298 3288 5351; x_wconf 72' lang='lat' dir='ltr'><strong>istoria:</strong></span> <span class='ocrx_word' id='word_1_963' title='bbox 3323 5298 3546 5351; x_wconf 85' lang='lat' dir='ltr'><strong>louuens</strong></span> <span class='ocrx_word' id='word_1_964' title='bbox 3588 5293 3651 5347; x_wconf 90' lang='lat' dir='ltr'><strong>de</strong></span> 
     </span>
    </p>
   </div>
   <div class='ocr_carea' id='block_1_131' title="bbox 2062 5293 3656 5380">
    <p class='ocr_par' dir='ltr' id='par_1_131' title="bbox 2062 5293 3656 5380">
     <span class='ocr_line' id='line_1_135' title="bbox 2062 5293 3656 5380; baseline -0.013 -14"><span class='ocrx_word' id='word_1_965' title='bbox 2062 5293 2322 5380; x_wconf 86' lang='lat' dir='ltr'><strong>Sulpitius</strong></span> <span class='ocrx_word' id='word_1_966' title='bbox 2361 5308 2613 5380; x_wconf 78' lang='lat' dir='ltr'><strong>Severus,</strong></span> <span class='ocrx_word' id='word_1_967' title='bbox 2652 5304 2742 5380; x_wconf 80' lang='lat' dir='ltr'><strong>lib.</strong></span> <span class='ocrx_word' id='word_1_968' title='bbox 2777 5293 3021 5380; x_wconf 64' lang='lat' dir='ltr'><strong>&quot;Sacris</strong></span> <span class='ocrx_word' id='word_1_969' title='bbox 3051 5293 3288 5380; x_wconf 73' lang='lat' dir='ltr'><strong>Historia:</strong></span> <span class='ocrx_word' id='word_1_970' title='bbox 3323 5293 3656 5380; x_wconf 43' lang='lat' dir='ltr'><strong>loquens‘de</strong></span> 
     </span>
    </p>
   </div>
   <div class='ocr_carea' id='block_1_132' title="bbox 2063 5363 3654 5451">
    <p class='ocr_par' dir='ltr' id='par_1_132' title="bbox 2063 5363 3654 5451">
     <span class='ocr_line' id='line_1_136' title="bbox 2063 5363 3654 5451; baseline -0.012 -14"><span class='ocrx_word' id='word_1_971' title='bbox 2063 5363 2238 5451; x_wconf 56' lang='lat' dir='ltr'><strong>Dag&#39;ua</strong></span> <span class='ocrx_word' id='word_1_972' title='bbox 2270 5377 2504 5449; x_wconf 85' lang='lat' dir='ltr'><strong>spadone</strong></span> <span class='ocrx_word' id='word_1_973' title='bbox 2534 5363 2643 5451; x_wconf 46' lang='lat' dir='ltr'><strong>ait:</strong></span> <span class='ocrx_word' id='word_1_974' title='bbox 2681 5373 2993 5427; x_wconf 86' lang='lat' dir='ltr'><strong>lntaminata</strong></span> <span class='ocrx_word' id='word_1_975' title='bbox 3023 5371 3087 5423; x_wconf 91' lang='lat' dir='ltr'><strong>ab</strong></span> <span class='ocrx_word' id='word_1_976' title='bbox 3114 5382 3199 5424; x_wconf 91' lang='lat' dir='ltr'><strong>ore</strong></span> <span class='ocrx_word' id='word_1_977' title='bbox 3227 5363 3464 5437; x_wconf 83' lang='lat' dir='ltr'><strong>corrupto</strong></span> <span class='ocrx_word' id='word_1_978' title='bbox 3483 5375 3530 5420; x_wconf 94' lang='lat' dir='ltr'><strong>et</strong></span> <span class='ocrx_word' id='word_1_979' title='bbox 3552 5363 3654 5437; x_wconf 80' lang='lat' dir='ltr'><strong>[al-</strong></span> 
     </span>
    </p>
   </div>
   <div class='ocr_carea' id='block_1_133' title="bbox 2060 5447 2784 5508">
    <p class='ocr_par' dir='ltr' id='par_1_133' title="bbox 2060 5447 2784 5508">
     <span class='ocr_line' id='line_1_137' title="bbox 2060 5447 2784 5508; baseline -0.019 1"><span class='ocrx_word' id='word_1_980' title='bbox 2060 5456 2127 5508; x_wconf 86' lang='lat' dir='ltr'><strong>sis</strong></span> <span class='ocrx_word' id='word_1_981' title='bbox 2142 5447 2272 5505; x_wconf 67' lang='lat' dir='ltr'><strong>vera</strong></span> <span class='ocrx_word' id='word_1_982' title='bbox 2301 5447 2557 5503; x_wconf 76' lang='lat' dir='ltr'><strong>miscente.</strong></span> <span class='ocrx_word' id='word_1_983' title='bbox 2587 5447 2784 5502; x_wconf 68' lang='lat' dir='ltr'><strong>Bswz.</strong></span> 
     </span>
    </p>
   </div>
   <div class='ocr_carea' id='block_1_134' title="bbox 2129 5509 3654 5588">
    <p class='ocr_par' dir='ltr' id='par_1_134' title="bbox 2129 5509 3654 5588">
     <span class='ocr_line' id='line_1_138' title="bbox 2129 5509 3654 5588; baseline -0.011 -12"><span class='ocrx_word' id='word_1_984' title='bbox 2129 5523 2419 5588; x_wconf 84' lang='lat' dir='ltr'><strong>lrrepentes</strong></span> <span class='ocrx_word' id='word_1_985' title='bbox 2449 5522 2599 5573; x_wconf 87' lang='lat' dir='ltr'><strong>etiam</strong></span> <span class='ocrx_word' id='word_1_986' title='bbox 2625 5516 2853 5587; x_wconf 85' lang='lat' dir='ltr'><strong>spiritus.</strong></span> <span class='ocrx_word' id='word_1_987' title='bbox 2887 5512 2964 5567; x_wconf 84' lang='lat' dir='ltr'><strong>ita</strong></span> <span class='ocrx_word' id='word_1_988' title='bbox 2993 5519 3206 5588; x_wconf 77' lang='lat' dir='ltr'><strong>veteres</strong></span> <span class='ocrx_word' id='word_1_989' title='bbox 3235 5509 3499 5567; x_wconf 82' lang='lat' dir='ltr'><strong>editiones</strong></span> <span class='ocrx_word' id='word_1_990' title='bbox 3529 5512 3654 5588; x_wconf 74' lang='lat' dir='ltr'><strong>ante</strong></span> 
     </span>
    </p>
   </div>
   <div class='ocr_carea' id='block_1_135' title="bbox 2057 5577 3653 5657">
    <p class='ocr_par' dir='ltr' id='par_1_135' title="bbox 2057 5577 3653 5657">
     <span class='ocr_line' id='line_1_139' title="bbox 2057 5577 3653 5657; baseline -0.012 -8"><span class='ocrx_word' id='word_1_991' title='bbox 2057 5577 2450 5657; x_wconf 79' lang='lat' dir='ltr'><strong>Manutianam,</strong></span> <span class='ocrx_word' id='word_1_992' title='bbox 2500 5592 2550 5643; x_wconf 92' lang='lat' dir='ltr'><strong>in</strong></span> <span class='ocrx_word' id='word_1_993' title='bbox 2590 5577 2696 5657; x_wconf 80' lang='lat' dir='ltr'><strong>&#39;qiia</strong></span> <span class='ocrx_word' id='word_1_994' title='bbox 2740 5595 2949 5640; x_wconf 84' lang='lat' dir='ltr'><strong>resecta</strong></span> <span class='ocrx_word' id='word_1_995' title='bbox 2979 5593 3032 5639; x_wconf 90' lang='lat' dir='ltr'><strong>et</strong></span> <span class='ocrx_word' id='word_1_996' title='bbox 3063 5583 3262 5638; x_wconf 91' lang='lat' dir='ltr'><strong>omissa</strong></span> <span class='ocrx_word' id='word_1_997' title='bbox 3292 5591 3377 5636; x_wconf 90' lang='lat' dir='ltr'><strong>est</strong></span> <span class='ocrx_word' id='word_1_998' title='bbox 3407 5594 3506 5657; x_wconf 55' lang='lat' dir='ltr'><strong>vos</strong></span> <span class='ocrx_word' id='word_1_999' title='bbox 3540 5577 3653 5657; x_wconf 51' lang='lat' dir='ltr'><strong>spi-</strong></span> 
     </span>
    </p>
   </div>
   <div class='ocr_carea' id='block_1_136' title="bbox 2055 5647 3649 5719">
    <p class='ocr_par' dir='ltr' id='par_1_136' title="bbox 2055 5647 3649 5719">
     <span class='ocr_line' id='line_1_140' title="bbox 2055 5647 3649 5719; baseline -0.01 0"><span class='ocrx_word' id='word_1_1000' title='bbox 2055 5647 2201 5719; x_wconf 71' lang='lat' dir='ltr'><strong>ritus.</strong></span> <span class='ocrx_word' id='word_1_1001' title='bbox 2252 5664 2378 5718; x_wconf 86' lang='lat' dir='ltr'><strong>Eam</strong></span> <span class='ocrx_word' id='word_1_1002' title='bbox 2427 5647 2626 5716; x_wconf 62' lang='lat' dir='ltr'><strong>tamen&#39;</strong></span> <span class='ocrx_word' id='word_1_1003' title='bbox 2655 5657 2911 5713; x_wconf 77' lang='lat' dir='ltr'><strong>exhibent</strong></span> <span class='ocrx_word' id='word_1_1004' title='bbox 2940 5670 3053 5711; x_wconf 68' lang='grc' dir='ltr'>χχιι</span> <span class='ocrx_word' id='word_1_1005' title='bbox 3082 5662 3261 5709; x_wconf 89' lang='lat' dir='ltr'><strong>vetera</strong></span> <span class='ocrx_word' id='word_1_1006' title='bbox 3293 5647 3649 5719; x_wconf 81' lang='lat' dir='ltr'><strong>exemplaria.</strong></span> 
     </span>
    </p>
   </div>
   <div class='ocr_carea' id='block_1_137' title="bbox 2056 5737 3667 5868">
    <p class='ocr_par' dir='ltr' id='par_1_137' title="bbox 2056 5737 3667 5868">
     <span class='ocr_line' id='line_1_141' title="bbox 2056 5737 3667 5868; baseline -0.012 -6"><span class='ocrx_word' id='word_1_1007' title='bbox 2056 5737 2338 5862; x_wconf 44' lang='lat' dir='ltr'><strong>milii:qu</strong></span> <span class='ocrx_word' id='word_1_1008' title='bbox 2358 5813 2569 5862; x_wconf 86' lang='lat' dir='ltr'><strong>mentem</strong></span> <span class='ocrx_word' id='word_1_1009' title='bbox 2591 5810 2799 5860; x_wconf 86' lang='lat' dir='ltr'><strong>terrent.</strong></span> <span class='ocrx_word' id='word_1_1010' title='bbox 2821 5799 2899 5856; x_wconf 79' lang='lat' dir='ltr'><strong>Ex</strong></span> <span class='ocrx_word' id='word_1_1011' title='bbox 2918 5795 3219 5854; x_wconf 84' lang='lat' dir='ltr'><strong>Veronensi</strong></span> <span class='ocrx_word' id='word_1_1012' title='bbox 3237 5797 3464 5868; x_wconf 88' lang='lat' dir='ltr'><strong>optimo.</strong></span> <span class='ocrx_word' id='word_1_1013' title='bbox 3484 5789 3667 5859; x_wconf 76' lang='lat' dir='ltr'><strong>Vulgo</strong></span> 
     </span>
    </p>
   </div>
  </div>
