4302 6296
593 350 703 410 575

1980 347 2113 403 DIVI
2153 344 2475 403 CYPRIANI

3783 354 3891 411 576

594 464 690 524 bra
716 465 1084 537 distorquent,
1112 462 1475 520 valetudinem
1506 461 1787 536 frangunt,
1821 463 2037 520 morbos
2070 473 2094 500 τι
2125 464 2202 518 la-
2228 463 2282 525 Α
2306 462 2492 533 Neque
2518 463 2659 519 enim
2688 463 2774 519 illa
2801 464 3102 521 sublimitas
3128 473 3305 538 potest
3334 465 3533 524 habere
3560 480 3889 541 consortem,

593 567 834 623 cessunt,
868 567 927 612 ut
950 555 1019 611 ad
1040 555 1242 611 cultum
1267 555 1352 610 sui
1381 565 1594 626 cogant,
1625 564 1703 623 ut,
1730 555 1916 612 nidore
1945 555 2191 612 altarium

594 658 649 707 et
678 648 820 719 rogis
849 662 1099 719 pecorum
1113 646 1358 718 saginati,
1378 649 1618 704 remissis
1637 665 1755 719 qua:
1774 651 1840 680 ’³⁷
1859 649 2193 704 constrinxe-

592 746 715 795 rant
741 753 963 796 curasse
993 738 1291 795 videantur.
1326 740 1454 796 llmc
1479 741 1655 797 estde
1700 742 1804 796 illis
1833 741 2041 797 medela
2068 756 2190 797 cum

592 831 807 889 illorum
851 842 1029 888 cessat
1070 832 1301 904 injuria;
1346 832 1451 890 nec
1491 835 1635 890 aliud
1682 834 1785 890 illis
1828 836 2061 890 studium
2109 845 2192 892 est

595 940 756 999 quam
787 939 816 978 a
847 924 961 981 Deo
1005 925 1249 983 homines
1294 941 1521 983 avocare
1549 937 1605 983 et
1644 927 1711 982 ad
1754 928 2189 999 superstitionem

594 1021 676 1078 sui
702 1019 771 1076 ab
798 1020 1076 1078 intellectu
1100 1037 1244 1077 vera:
1272 1022 1545 1093 religionis
1570 1029 1837 1087 avertere,
1862 1030 2057 1077 etcum
2084 1023 2191 1077 sint

596 1112 696 1185 ipsi
730 1111 972 1183 poenales
993 1156 1007 1179 ,
1047 1128 1301 1185 quaerere-
1317 1114 1417 1168 sibi
1445 1113 1513 1167 ad
1554 1128 1765 1184 pennam
1798 1114 2024 1170 comites
2054 1130 2189 1185 quos

590 1205 659 1263 ad
673 1206 878 1262 crimen
896 1220 1051 1263 suum
1073 1207 1297 1262 fecerint
1319 1220 1504 1262 errore
1520 1204 1548 1243 ι)
1575 1207 1881 1276 participes.
1901 1206 1964 1262 Hi
1989 1217 2183 1273 tamen,

593 1298 823 1369 adjurati
864 1314 964 1370 per
998 1300 1163 1355 Deum
1195 1315 1382 1355 verum
1412 1314 1441 1354 a
1470 1300 1647 1367 nobis,
1687 1301 1869 1355 statim
1898 1300 2099 1356 cedunt
2135 1310 2190 1357 et

592 1393 828 1448 fatentur
868 1401 925 1447 et
968 1392 1037 1448 de
1080 1392 1315 1448 obsessis
1356 1391 1674 1463 corporibus
1707 1393 1861 1447 exire
1901 1403 2185 1463 coguntur.

591 1481 789 1539 Videas
827 1482 948 1538 illos
986 1490 1169 1539 nostra
1207 1498 1341 1539 voce
1370 1493 1424 1538 et
1471 1482 1783 1554 operatione
1822 1493 1845 1521 ο
1895 1483 2189 1554 majestatis

591 1575 820 1630 occulta:
847 1573 1029 1646 ﬂagris
1054 1574 1210 1641 caedi,
1244 1574 1368 1647 igne
1400 1575 1616 1641 torreri,
1651 1574 1989 1629 incremento
2014 1590 2188 1644 preme

592 1666 936 1737 propagantis
981 1667 1229 1733 extendi,
1276 1667 1511 1736 ejulare,
1564 1681 1822 1736 gemere,
1874 1666 2185 1737 deprecari,

591 1757 734 1813 unde
762 1758 981 1814 veniant
1013 1766 1067 1814 et
1100 1758 1314 1829 quando
1339 1758 1638 1823 discedant,
1662 1759 1792 1829 ipsis
1820 1760 1980 1814 etiam
2013 1760 2103 1830 qui
2128 1776 2187 1816 se

590 1850 779 1907 colunt
813 1850 1156 1906 audientibus
1195 1851 1459 1918 conﬁteri;
1483 1861 1538 1907 et
1566 1851 1651 1907 vel
1682 1851 1938 1908 exsiliunt
1966 1854 2182 1922 statim,
2215 1859 2262 1919 B

592 1943 677 1998 vel
705 1952 1036 2000 evanescunt
1060 1943 1321 2015 gradatim
1348 1987 1363 2011 ,
1400 1955 1556 2015 prout
1583 1944 1716 2000 ﬁdes
1747 1946 1999 2016 patientis
2028 1946 2183 2017 adju-

590 2047 682 2095 vat
710 2047 804 2094 aut
827 2039 995 2110 gratia
1024 2041 1264 2095 curantis
1290 2040 1510 2110 aspirat.
1546 2039 1680 2094 Ilinc
1710 2039 1899 2109 vulgus
1926 2040 1978 2094 in
2004 2039 2188 2095 odium

592 2133 763 2191 nostri
791 2134 1025 2189 nominis
1052 2142 1267 2205 cogunt,
1300 2143 1356 2187 ut
1383 2148 1481 2189 nos
1510 2120 1690 2189 odiSse
1720 2134 1976 2203 incipiant
2007 2133 2187 2189 homi-

591 2239 692 2281 nes
717 2233 1003 2297 antequam
1030 2240 1212 2292 nosse,
1254 2240 1321 2280 ne
1345 2239 1410 2280 co
1423 2226 1598 2296 gnitos
1628 2232 1722 2280 aut
1748 2225 1946 2281 imitari
1984 2227 2193 2296 possint

592 2328 685 2374 aut
713 2318 970 2375 damnare
995 2333 1102 2375 non
1130 2320 1358 2390 possint.

663 2410 800 2469 VIII.
846 2412 993 2471 Unus
1032 2412 1193 2486 igitur
1238 2413 1474 2469 omnium
1520 2412 1771 2469 dominus
1826 2418 1910 2468 est
1967 2412 2112 2468 Deus
2141 2410 2193 2469 ἀ.

2295 570 2417 612 cum
2468 558 2582 612 sola
2640 572 2853 615 omnem
2902 568 3082 615 teneat
3126 570 3469 631 potestatem.
3518 563 3603 618 Ad
3650 563 3890 623 divinum

2295 650 2580 719 imperium
2640 652 2799 706 etiam
2853 652 2922 708 de
2976 652 3136 710 terris
3200 663 3508 709 mutuemur
3561 657 3890 727 exemplum.

2294 742 2521 811 Quando
2548 759 2800 814 umquam
2844 745 2990 815 regni
3031 746 3261 802 societas
3289 757 3383 801 aut
3418 761 3540 803 cum
3572 747 3679 805 ﬁde
3706 752 3890 822 capit,

2294 842 2386 890 aut
2431 835 2550 891 sine
2576 850 2774 891 cruore
2800 836 2989 892 desiit?
3018 836 3106 893 Sic
3135 837 3516 894 Thebanorum
3565 848 3589 877 ε
3620 843 3894 911 germani-

2294 934 2375 982 tas
2402 937 2580 997 rupta,
2613 938 2668 983 et
2698 943 3018 999 permanens
3045 931 3190 1000 rogis
3220 928 3609 988 dissidentibus
3638 933 3803 988 etiam
3837 934 3892 993 in

2292 1030 2466 1077 morte
2492 1022 2783 1078 discordia.
2813 1022 2882 1078 Et
2902 1022 3175 1077 Romanos
3195 1023 3442 1096 geminos
3471 1039 3636 1079 unum
3673 1040 3778 1081 non
3800 1041 3894 1085 ca-

2293 1118 2372 1188 pit
2401 1132 2647 1188 regnum,
2680 1131 2816 1187 quos
2848 1133 3011 1172 unum
3045 1117 3184 1171 uteri
3213 1116 3355 1172 cedit
3386 1116 3695 1187 hospitium.
3726 1120 3891 1177 Pom-

2293 1208 2446 1279 peius
2471 1218 2526 1264 et
2551 1209 2733 1265 CtBSﬂl‘
2763 1209 2955 1266 afﬁnes
2981 1208 3217 1275 fuerunt,
3250 1224 3349 1265 nec
3379 1217 3558 1265 tamen
3590 1212 3893 1268 necessitu-

2291 1300 2435 1357 dinis
2462 1300 2637 1357 ftedus
2676 1301 2727 1355 in
2767 1301 2959 1355 :emula
2992 1309 3259 1371 potestate
3302 1310 3608 1357 tenuerunt.
3652 1302 3761 1358 Nec
3788 1303 3892 1362 hoc

2293 1398 2348 1446 tu
2376 1390 2443 1445 de
2471 1391 2688 1446 homine
2713 1391 2943 1457 mireris,
2967 1406 3090 1446 cum
3120 1392 3172 1445 in
3202 1390 3307 1445 hoc
3333 1392 3508 1446 omnis
3536 1401 3735 1449 natura
3762 1410 3893 1452 con-

2302 1482 2520 1538 sentiat.
2555 1483 2668 1539 Iiex
2694 1497 2834 1538 unus
2870 1490 2956 1538 est
2991 1483 3201 1554 apibus,
3230 1492 3285 1539 et
3307 1483 3415 1539 dux
3444 1500 3581 1539 unus
3619 1485 3672 1541 in
3711 1489 3892 1559 gregi-

2299 1575 2422 1643 bus,
2448 1586 2502 1632 et
2530 1578 2583 1631 in
2612 1576 2872 1634 armentis
2899 1587 3079 1634 rector
3105 1592 3244 1633 unus
3273 1595 3286 1631 :
3318 1578 3486 1633 multo
3512 1579 3683 1650 magis
3709 1581 3894 1637 mundi

2291 1682 2429 1736 unus
2457 1677 2543 1725 est
2568 1677 2766 1736 rector,
2798 1670 2889 1741 qui
2919 1670 3167 1725 universa
3189 1684 3543 1740 qumcumqtte
3569 1679 3698 1727 sunt
3727 1673 3892 1728 verbo

2286 1757 2462 1829 jubet,
2498 1759 2708 1815 ratione
2732 1758 3034 1829 dispensat,
3066 1760 3263 1816 virtute
3289 1752 3654 1816 consum'mat.

2363 1852 2454 1908 IX.
2476 1846 2696 1911 Hic'nec
2717 1854 2885 1910 videri
2907 1864 3101 1925 potest,
3125 1854 3241 1931 visu
3262 1854 3461 1911 clarior
3480 1866 3559 1912 est
3582 1873 3597 1923 ;
3625 1872 3723 1913 nec
3746 1873 3893 1913 com-

2289 1946 2566 2017 prehendi,
2604 1956 2745 2002 tactu
2777 1948 2966 2018 purior
2990 1956 3113 2014 est;
3147 1963 3247 2005 nec
3272 1949 3548 2017 testimari,
3579 1964 3739 2005 sensu
3772 1967 3889 2006 ma-

2286 2037 2376 2109 jor
2402 2048 2481 2094 est
2508 2056 2520 2092 :
2551 2048 2605 2094 et
2643 2038 2765 2095 ideo
2802 2040 2881 2094 sic
2918 2053 3039 2094 cum
3079 2039 3239 2112 digne
3276 2040 3604 2095 aestimamus
3643 2039 3768 2095 dum
3810 2041 3891 2095 in-

2294 2135 2669 2192 :cstimabilem
2711 2134 2961 2191 dicimus.
3019 2134 3170 2203 Quod
3212 2149 3340 2190 vero
3382 2135 3637 2204 templum
3688 2134 3889 2192 habere

2295 2230 2465 2300 possit
2487 2228 2627 2284 Deus
2649 2227 2692 2296 ί,
2715 2228 2799 2299 euj
2807 2243 2868 2284 us
2888 2228 3148 2300 templum
3174 2236 3313 2282 totus
3326 2236 3404 2282 est
3424 2226 3689 2282 mundus?
3702 2236 3757 2284 et
3770 2243 3890 2285 cum

2297 2320 2459 2377 homo
2482 2322 2641 2377 latius
2665 2331 2691 2370 8
2716 2332 2949 2389 maneat,
2982 2322 3120 2376 intra
3144 2335 3302 2375 unam
3327 2320 3603 2375 :ediculam
3632 2322 3737 2376 vim
3766 2330 3889 2377 tan-

2302 2422 2370 2470 ta:
2418 2414 2711 2485 maiestatis
2749 2412 3053 2471 includam?
3102 2412 3162 2469 In
3205 2422 3391 2469 nostra
3432 2412 3759 2470 dedicandus
3808 2422 3891 2470 cst

1816 2526 2195 2586 LECTIONES
2233 2528 2650 2588 VARIANTES.

651 2629 682 2659 ⁸
704 2627 889 2678 Morbis
911 2627 1017 2678 ΝΟ.
1042 2626 1089 2676 2.
1118 2624 1289 2677 Routlt.

654 2689 925 2758 bIerrore
948 2690 1125 2758 N025.
1148 2687 1320 2758 Reum:
1352 2750 1382 2758 _
1434 2750 1455 2758 _
1595 2748 1652 2758 __
1746 2750 1781 2758 _
2014 2749 2025 2758 _
2094 2747 2140 2758 Δ

657 2750 841 2823 ¢_Vo_ce
866 2759 933 2823 et_
951 2752 1174 2823 oratione
1202 2751 1327 2803 Bod.
1352 2750 1400 2800 5.
1427 2750 1559 2802 Lam.
1593 2748 1717 2803 Tha.
1738 2750 1875 2803 Foss.
1905 2749 2055 2803 Mich.
2087 2748 2191 2801 ιλιι.

538 2816 549 2828 ⁵
593 2814 736 2869 Corb.
765 2813 871 2871 ιὶιι.
895 2813 1031 2879 Spir.

2356 2623 2385 2692 fl
2407 2624 2642 2692 Dominus
2662 2635 2793 2692 unus
2814 2629 2890 2673 est
2910 2620 3052 2692 Deus
3080 2623 3281 2692 Gronau.
3505 2682 3515 2692 _

2363 2685 2881 2801 :t‘ratrum
2911 2688 3030 2736 Ver.
3064 2684 3194 2748 quod
3215 2683 3453 2751 glossema
3470 2682 3658 2737 videtur
3679 2683 3855 2738 Cellar.

2358 2816 2384 2856 8
2409 2813 2593 2864 Laxius
2614 2812 2727 2875 fort.
2756 2808 2930 2863 Routlt.

1919 2899 2277 2958 VARIORUM
2313 2897 2539 2956 NOTAE.

591 3001 802 3065 mentes.
848 2992 1178 3065 Quamquam
1209 3002 1262 3048 et
1289 2992 1564 3065 Minatius,
1593 3006 1712 3062 cap.
1738 3007 1915 3065 xxvn,
1957 3005 2091 3065 sect.
2132 2996 2187 3059 5,

590 3064 734 3121 unde
757 3067 870 3120 Inec
891 3063 1210 3128 transcripta
1233 3064 1499 3125 videntur,
1528 3074 1714 3117 mentes
1736 3063 1915 3119 habet.
1944 3064 2177 3119 CELLAB.

663 3134 880 3190 Illornnt
912 3146 1089 3192 cessat.
1120 3135 1178 3190 In
1210 3134 1493 3190 duodecim
1527 3134 1677 3189 libris
1702 3135 1937 3203 antiquis
1969 3136 2180 3203 legitur:

590 3205 717 3263 Cum
733 3209 939 3263 illorum
963 3208 1213 3262 cultorum
1242 3218 1400 3261 cessat
1422 3207 1614 3276 injuria
1635 3206 1716 3260 vel
1734 3205 1953 3259 insania.
1988 3206 2184 3261 BALUZ.

665 3277 792 3333 Cum
830 3280 931 3333 sitit
972 3279 1071 3345 ipsi
1116 3279 1336 3347 ptenales
1359 3319 1374 3342 ,
1426 3291 1588 3347 poena
1617 3276 1783 3343 digiti.
1818 3276 2102 3331 Salvianus
2132 3281 2195 3333 de

595 3348 819 3404 Gubern.
854 3348 967 3414 Dei,
999 3347 1093 3402 lib.
1114 3346 1165 3401 γι
1185 3390 1200 3415 ,
1230 3364 1348 3418 pag.
1380 3346 1507 3412 2‘20,
1538 3347 1726 3418 scelera
1752 3348 2053 3418 poenaliora.
2087 3349 2194 3404 Nec

590 3425 761 3487 veteri
800 3422 1118 3475 auctoritate
1157 3417 1377 3473 verbum
1418 3424 1584 3471 caret.
1614 3417 1841 3481 Plinius,
1890 3417 1983 3471 lib.
2032 3436 2192 3487 xvnt,

593 3436 625 3475 ν
664 3436 759 3476 teri
800 3436 1118 3475 anetorltate
1157 3436 1377 3473 vernum
1418 3436 1584 3471 caret.
1614 3436 1841 3481 l’lllllUS,
1890 3436 1983 3471 ιιι).
2032 3436 2188 3487 xvnt,

593 3436 714 3561 (ἓν.
752 3492 838 3546 il:
875 3489 1127 3545 Tunditur
1155 3491 1289 3543 alica
1316 3487 1453 3560 pilo,
1483 3488 1980 3561 vinctorumpaenali
2012 3507 2188 3558 opera,

594 3562 647 3646 id
665 3557 758 3618 est
782 3577 945 3646 opera
973 3557 1452 3646 qum-pgnmloco
1490 3566 1592 3646 est.
1778 3557 2100 3646 Prpdqutius
2140 3563 2192 3643 in

594 3627 891 3700 Laurentio,
916 3627 1057 3704 vers.
1091 3627 1212 3699 195,
1236 3632 1371 3687 dixit
1397 3628 1611 3704 paruulis
1634 3627 1797 3696 labor,
1833 3628 1901 3684 de
1927 3630 2193 3688 damnatis

595 3706 649 3760 in
679 3705 914 3760 metalla.
942 3703 1184 3761 CBLLAR.

669 3776 739 3807 ⁸⁷³
759 3776 812 3831 Ν
816 3785 953 3831 ostra
980 3793 1115 3831 voce.
1143 3774 1326 3830 Codex
1350 3771 1676 3828 Veronensis
1693 3813 1709 3840 ,
1733 3787 1834 3827 non
1860 3781 2032 3827 nostra
2053 3788 2190 3841 voce,

596 3847 700 3931 sed.
724 3849 1033 3931 operatione.
1061 3848 1260 3931 Bskuz.

669 3914 870 3973 Imitari
896 3919 1105 3988 possint.
1136 3919 1389 3984 Quamvis
1418 3916 1534 3970 haec
1564 3914 1726 3988 lectio
1755 3924 2010 3988 constans
2038 3917 2106 3970 sit
2137 3917 2191 3972 in

597 3988 848 4043 omnibus
874 3986 1144 4044 veteribus
1184 3989 1332 4043 libris
1361 3998 1414 4042 et
1444 3988 1494 4041 in
1534 3986 1785 4040 omnibus
1823 3987 2150 4042 editionihus
2174 4030 2188 4054 ,

599 4059 758 4113 etiam
792 4060 929 4130 apud
959 4059 1231 4113 Miuutium
1250 4099 1264 4122 ,
1293 4067 1420 4126 puto
1448 4066 1625 4130 tamen
1655 4072 1838 4111 vocem
1867 4058 2058 4130 possint
2085 4075 2190 4113 non

598 4127 895 4197 congruere
928 4130 1048 4181 huic
1083 4130 1199 4183 loco
1228 4138 1282 4182 et
1309 4128 1671 4194 rcponcndmn
1714 4143 1833 4181 esse
1876 4127 2031 4182 aliam
2073 4144 2193 4199 qua:

599 4199 863 4269 signiﬁcet
894 4212 1129 4269 paganos
1159 4199 1398 4252 timuisse
1431 4199 1960 4269 neeogerenturvel
2001 4200 2190 4267 impel-

598 4267 839 4325 lerentur
868 4267 1065 4325 imitari
1094 4268 1452 4322 Christianos.
1496 4268 1608 4322 Nisi
1635 4268 1678 4320 si
1709 4282 1810 4321 vox
1844 4267 1928 4321 illa
1959 4269 2193 4323 tollenda

597 4351 681 4395 cst
706 4341 773 4396 ab
805 4340 906 4396 hoc
937 4341 1083 4405 loco,
1127 4348 1184 4394 ιιι
1224 4340 1431 4407 legatur
1470 4338 1821 4407 simpliciter.
1866 4355 1930 4392 ne
1968 4341 2196 4408 cognitos

598 4423 688 4466 aut
707 4413 895 4466 imitari
916 4421 1005 4466 aut
1032 4412 1277 4465 damnare
1301 4410 1627 4476 nonpossint.
1647 4410 1875 4473 Seneca,
1902 4409 2066 4479 Epist.
2090 4427 2193 4465 vu:

601 4482 823 4538 Necesse
847 4494 918 4537 est
950 4492 1035 4536 aut
1061 4482 1270 4536 imiteris
1296 4492 1382 4534 aut
1408 4481 1592 4535 oderis.
1630 4480 1823 4535 BALUZ.

670 4553 804 4627 Vlll.
824 4584 894 4595 -—
927 4553 1280 4627 Thebanorum
1313 4551 1653 4627 Gel-munitas:
1694 4551 1824 4627 \_’ide
1866 4550 2077 4620 Rigaltii
2098 4553 2193 4608 ob-
2218 4567 2272 4627 Ῑ)

599 4626 935 4682 servationes
961 4624 1028 4679 ad
1055 4624 1334 4679 Minutium
1354 4665 1369 4689 ,
1404 4638 1524 4693 pag.
1552 4622 1674 4677 I89.
1703 4622 1900 4677 Bswz.

671 4694 831 4767 Rogis
860 4694 1235 4751 dissidentibus.
1259 4694 1503 4749 Eteocles
1530 4701 1598 4767 ct‘
1610 4693 1893 4767 Polynices
1922 4707 2042 4747 cum
2073 4710 2190 4748 mu-

601 4766 707 4821 tuis
751 4764 1060 4821 vulneribus
1105 4768 1474 4834 expirassent,
1548 4764 1946 4833 illins’quidem
1993 4780 2190 4833 corpus

597 4837 1053 4907 concremandum
1096 4852 1225 4907 rogo
1265 4836 1670 4907 imponebatur;
1715 4834 1872 4901 hujus
1904 4850 2041 4907 vero
2070 4851 2191 4890 cor-

598 4923 699 4978 pus
736 4908 910 4963 Creon
934 4950 948 4973 ,
1001 4903 1217 4963 Menoeti
1257 4903 1430 4973 ﬁlius,
1474 4906 1763 4978 sepultura:
1804 4903 1940 4959 tradi
1978 4908 2184 4975 vetuit,

599 4976 740 5049 Quod
771 4980 993 5048 patriam
1026 4987 1387 5048 oppugnatmn
1421 4976 1646 5049 venerit.
1687 4976 1891 5049 Neque
1908 4987 2082 5032 tamen
2124 4993 2191 5032 eo

600 5046 783 5105 secius
806 5050 1069 5119 Antigona
1102 5046 1255 5104 soror
1281 5058 1334 5103 et
1372 5048 1533 5119 Argia
1575 5046 1805 5119 coniux,
1845 5046 1984 5102 clam
2031 5060 2193 5119 noctu

600 5119 869 5192 Polynicis
890 5117 1083 5189 corpus
1104 5119 1369 5192 sublatum
1392 5162 1407 5186 ,
1428 5117 1487 5192 in
1509 5117 1699 5192 eadem
1725 5133 2001 5192 pyra._q_na
2027 5118 2193 5174 Eteo-

599 5188 714 5261 cies
759 5188 1145 5261 imposuerunt.
1196 5189 1385 5261 Refert
1427 5190 1529 5261 hoc
1574 5188 1811 5261 llyginus
1832 5188 1983 5261 _Fab.
2024 5206 2189 5244 Lxxu.

600 5260 788 5316 Obiter
824 5257 1000 5317 adhuc
1042 5272 1204 5326 uoto,
1257 5259 1451 5314 ibidem
1485 5257 1793 5325 FabILxxt,
1829 5257 2010 5315 Thebis
2040 5262 2194 5329 [unus

599 5341 869 5402 separatur
892 5332 992 5402 legi
1022 5331 1223 5388 debere
1242 5372 1257 5397 ,
1289 5345 1395 5384 nou
1428 5334 1615 5399 fumus.
1645 5330 1776 5384 Nam
1811 5332 1962 5400 {unus
1987 5339 2133 5385 certe
2161 5345 2191 5384 a

601 5401 875 5458 Thebanis
903 5401 1206 5472 separatum
1231 5446 1245 5469 ,
1278 5418 1383 5456 non
1420 5404 1546 5457 item
1577 5403 1750 5470 fumus
1778 5415 1809 5455 e
1838 5415 1969 5472 rogo
2004 5416 2193 5455 ascen-

602 5472 756 5528 dens.
791 5470 1062 5545 Siquidem
1095 5475 1263 5545 pietas
1291 5475 1495 5529 sororis
1523 5480 1577 5528 et
1602 5472 1787 5527 uxoris
1807 5470 2038 5538 obstitit,
2065 5486 2197 5543 quo.

602 5545 782 5598 minus
811 5544 862 5599 id
892 5544 1062 5601 ﬁeret.
1095 5544 1331 5600 Causa.

675 5615 789 5669 Rea:
828 5632 962 5670 unus
1003 5625 1076 5671 est
1118 5617 1314 5686 apibus.
1367 5616 1726 5687 Hieronymus
1764 5613 1817 5687 in
1851 5612 2093 5687 Epistola
2134 5614 2202 5667 ad

601 5684 870 5741 Rusticum
911 5684 1269 5751 monachum;
1314 5687 1487 5741 Etiam
1525 5684 1670 5740 muta
1707 5685 1954 5755 animalia
1980 5694 2029 5739 et
2068 5686 2205 5755 fera-

601 5771 715 5829 rum
752 5757 1213 5829 gregesductores
1240 5771 1518 5828 sequuntur
1547 5772 1696 5829 suos.
1739 5753 1777 5829 l_
1776 5773 1809 5809 ιι
1848 5756 2028 5829 opibus
2056 5753 2204 5829 prin-

606 5825 907 5893 cipcs'sunt.
941 5827 1127 5893 Varro,
1164 5828 1253 5885 lib.
1285 5825 1365 5896 ιιι,
1392 5842 1511 5897 cap.
1540 5826 1624 5891 16,
1651 5827 1719 5882 de
1746 5825 1822 5881 Re
1847 5825 2074 5882 rustica:
2109 5826 2201 5883 lle-

2293 3011 2404 3066 gem
2433 3008 2577 3066 suum
2606 2999 2886 3066 sequuntur
2913 3006 3224 3066 quocumque
3239 2992 3320 3066 _it,_
3337 2999 3383 3043 ct
3404 2990 3590 3066 [essum
3610 2990 3889 3066 sublevem,

2293 3060 2338 3120 ct
2357 3066 2400 3119 si
2421 3064 2586 3133 nequit
2613 3060 2804 3129 volare,
2826 3060 3126 3133 succollant.
3154 3061 3287 3118 Vide
3302 3060 3655 3133 Lactantium,
3680 3063 3770 3117 lib.
3799 3080 3851 3118 ιιι
3873 3104 3886 3126 ,

2292 3152 2409 3204 cap.
2440 3132 2528 3197 10;
2555 3132 2849 3198 Senecam,
2878 3134 2912 3187 Ι,
2937 3149 2961 3204 γι
2987 3134 3049 3186 de
3075 3132 3373 3195 Clementia.
3398 3148 3514 3201 cap.
3540 3132 3594 3197 9;
3625 3133 3887 3199 Ovidium,

2302 3203 2394 3263 lib.
2423 3223 2478 3261 ιιι
2507 3204 2782 3331 Fugerunt
2803 3246 2817 3270 ,
2849 3213 2903 3260 et
2931 3203 3151 3260 Dionem
3176 3204 3638 3277 Chrysostomutn,
3662 3203 3808 3261 Orat.
3843 3221 3892 3260 Iv

2302 3290 2350 3331 et
2387 3293 2569 3331 vant.
2640 3292 2791 3331 swz.

2299 3290 2350 3335 et
2387 3294 2415 3333 Χ
2427 3293 2569 3332 LVIII.
2596 3290 2791 3331 ΗΑΙᾸΙΖ.

2371 3370 2434 3424 Et
2480 3386 2594 3423 cum
2634 3370 2783 3423 homo
2832 3368 2982 3423 latius
3031 3378 3252 3422 maneat.
3301 3367 3556 3422 Minutius
3617 3382 3734 3436 cap.
3779 3366 3887 3423 52:

2297 3441 2424 3496 Cum
2452 3442 2601 3495 homo
2632 3441 2801 3495 laxius
2836 3456 3087 3493 maneam.
3133 3439 3223 3494 Sic
3260 3437 3335 3493 ibi
3383 3455 3503 3493 cum
3548 3437 3734 3493 Fulvio
3783 3438 3891 3495 Ur-

2296 3515 2413 3567 sino
2442 3514 2839 3579 expressimus,
2881 3512 3007 3581 quia
3048 3510 3270 3581 Cicero,
3317 3525 3474 3580 quem
3515 3509 3710 3563 imitari
3755 3511 3894 3581 solet

2297 3583 2582 3649 Minutius,
2609 3583 2839 3637 habitare
2873 3580 3019 3646 laxe,
3056 3597 3152 3652 pro
3180 3580 3342 3636 domo
3370 3594 3464 3635 sua
3493 3594 3611 3649 cap.
3642 3581 3711 3634 44
3738 3580 3888 3652 dixit.

2295 3652 2525 3710 Codices
2562 3668 2692 3708 vero
2729 3668 2919 3708 omnes
2956 3650 3207 3724 Cypriani
3227 3694 3261 3724 ,_
3283 3652 3326 3724 si
3349 3723 3352 3724 ν
3376 3652 3711 3724 transcripsit
3756 3650 3895 3705 Feli-

2296 3739 2450 3790 cem,
2487 3739 2595 3792 prte
2623 3739 2682 3779 se
2709 3724 2867 3779 latius
2897 3722 3075 3780 ferunt
3095 3765 3108 3787 ,
3147 3734 3201 3778 ut
3231 3722 3475 3777 dubitare
3515 3722 3761 3789 incipiam
3781 3762 3795 3787 ,
3827 3739 3893 3776 an

2296 3810 2398 3851 nec
2444 3797 2588 3865 prior
2635 3796 2722 3851 ille
2768 3796 2957 3865 latius,
3004 3805 3062 3849 ut
3104 3794 3324 3851 Sabmus
3366 3802 3421 3850 et
3464 3792 3556 3849 Fr.
3604 3792 3896 3849 Balduinus

2296 3864 2510 3938 legunt,
2544 3868 2841 3937 scripserit.
2872 3864 3111 3922 Causa.

2369 3956 2837 4014 IX.—Includam.
2868 3958 2942 4014 Ita
2958 3974 3148 4015 omnes
3170 3967 3379 4014 veteres
3407 3957 3670 4015 editiones
3700 3967 3755 4013 et
3783 3973 3898 4013 om-

2296 4030 2384 4086 nia
2427 4040 2607 4086 vetera
2650 4030 3011 4099 exemplaria,
3057 4029 3338 4086 Pithteano
3380 4039 3434 4084 et
3476 4028 3701 4085 Meteusi
3739 4046 3898 4085 exrc-

2299 4102 2403 4172 ptis
2426 4145 2441 4170 ,
2490 4101 2542 4156 in
2582 4102 2777 4172 quibus
2807 4102 3067 4170 sc‘riptum
3097 4110 3181 4157 est
3210 4101 3492 4156 includam.
3534 4099 3681 4172 lianc
3712 4100 3898 4172 lectio:

2298 4170 2423 4228 nem
2453 4172 2685 4241 prtetttlit
2709 4171 2975 4227 Manutius
2994 4213 3008 4237 ,
3038 4181 3092 4227 et
3115 4172 3202 4225 alii
3232 4181 3354 4241 post
3382 4187 3526 4226 cum.
3555 4171 3612 4225 In
3641 4170 3898 4226 Becccnsi

2298 4245 2557 4314 scriptum
2585 4253 2666 4297 est
2692 4243 3003 4313 includatur.
3034 4241 3091 4297 ln
3122 4243 3353 4297 Fuxensi
3382 4283 3410 4314 ,ν
3431 4243 3571 4314 intra
3594 4259 3746 4294 unum
3765 4243 3899 4314 tedi-

2298 4311 2465 4367 culain
2510 4316 2608 4368 vim
2653 4311 2809 4368 tanta:
2853 4315 3134 4384 mujestatis
3176 4313 3414 4367 concludi
3461 4312 3705 4384 testimas.
3758 4311 3897 4367 Sane

2300 4386 2440 4453 apud
2490 4385 2767 4439 Minntium
2821 4383 3050 4452 legitur,
3104 4385 3239 4438 intra
3281 4400 3438 4437 unam
3483 4383 3756 4438 radiculam
3801 4385 3896 4437 vim

2301 4464 2457 4511 tanta:
2485 4455 2763 4511 maiestatis
2787 4456 3063 4510 includam.
3107 4454 3210 4510 Sed
3240 4454 3346 4510 illic
3376 4453 3481 4508 alia
3522 4464 3606 4509 est
3647 4463 3896 4508 constru-

2301 4528 2409 4582 ctio
2458 4522 2764 4582 verborum.
2844 4525 3172 4581 Novatianus
3242 4527 3293 4580 in
3346 4525 3483 4581 libro
3534 4526 3597 4579 de
3647 4522 3899 4579 Trinitatc

2298 4611 2415 4667 cap.
2464 4596 2535 4653 ϐε
2582 4598 2690 4652 Nec
2733 4608 2899 4651 tamen
2943 4596 3081 4650 Dens
3127 4598 3260 4649 intra
3305 4596 3686 4667 tabernaculum
3728 4597 3899 4667 clusus

2293 4665 2824 4731 continetur.Cicero,
2861 4668 2955 4723 lib.
2989 4684 3023 4722 ιι
3052 4667 3119 4722 de
3153 4667 3414 4737 Legibus:
3446 4665 3662 4737 Patrum
3689 4666 3899 4720 delubra

2295 4756 2401 4795 esse
2440 4740 2493 4793 in
2534 4740 2739 4794 urbibus
2783 4753 3095 4809 nosco;‘nec
3138 4736 3321 4809 sequor
3362 4753 3537 4808 magos
3579 4736 3896 4809 Persarum,

2295 4810 2475 4881 quibus
2503 4811 2797 4864 auctoribus
2834 4808 3033 4881 Xerxes
3073 4807 3422 4881 inﬂammasse
3451 4807 3649 4881 templa
3687 4807 3901 4881 Gramina

2297 4879 2503 4945 dicitur,
2533 4882 2669 4951 quod
2693 4880 2971 4952 parietibus
2996 4880 3310 4952 includerent
3339 4881 3459 4934 deos
3477 4920 3492 4944 ,
3526 4879 3705 4952 quibus
3730 4880 3900 4932 omnia

2297 4952 2531 5006 deberent
2548 4950 2667 5007 esse
2695 4950 2920 5022 patentia
2944 4961 2992 5004 et
3018 4950 3195 5019 libera,
3228 4951 3653 5022 quorumquehic
3681 4951 3899 5022 mundus

2301 5025 2464 5079 omnis
2490 5020 2732 5091 templum
2754 5031 2878 5077 esset
2900 5033 2947 5075 et
2975 5022 3175 5075 domus.
3199 5020 3415 5076 Tacitus
3439 5022 3506 5076 ita
3529 5020 3597 5076 de
3617 5020 3900 5076 Germanis

2299 5094 2513 5149 scribit:
2546 5092 2796 5149 therum
2828 5109 2917 5147 nec
2941 5094 3178 5147 cohibere
3209 5092 3484 5163 parietibus
3511 5092 3631 5146 deos
3662 5108 3821 5159 neque
3848 5092 3899 5144 in

2298 5165 2460 5219 ullam
2491 5165 2702 5219 humani
2736 5165 2839 5219 oris
2873 5168 3087 5233 speciem
3126 5162 3411 5233 assimilare
3450 5178 3516 5217 ea:
3550 5162 3903 5232 magnitudine

2297 5236 2573 5290 caelestium
2599 5232 2932 5289 arbitrantur.
2958 5232 3136 5289 Elius
3157 5232 3497 5303 Lampridius
3518 5234 3571 5287 in
3596 5233 3902 5287 Alexandro

2297 5307 2533 5362 Severo:
2580 5306 2840 5360 Adrianus
2881 5305 3072 5376 templa
3110 5306 3165 5359 in
3203 5304 3433 5359 omnibus
3474 5304 3757 5376 ciuitatibus
3798 5304 3906 5356 sine

2297 5377 2622 5448 simulacltris
2636 5380 2865 5448 jusserat
2890 5374 3020 5445 ﬁeri.
3050 5376 3278 5448 Sanctus
3306 5376 3659 5448 Augustinus,
3686 5374 3778 5448 li_b.
3811 5389 3903 5427 vin

2299 5447 2567 5511 Conless.,
2589 5444 2693 5503 0ξὲ
2718 5467 2730 5502 :
2754 5444 3119 5518 Ergoparietes
3131 5447 3323 5516 faciunt
3338 5444 3674 5500 Christianos.
3701 5444 3899 5499 BALIIZ.

2378 5537 2443 5593 In
2484 5550 2659 5593 nostra
2696 5539 3030 5593 dedicandus.
3062 5537 3392 5604 Lactantius,
3439 5552 3559 5608 cap.
3590 5536 3683 5608 25,
3716 5536 3783 5591 de
3824 5536 3903 5591 Ira

2306 5609 2401 5665 Dei
2425 5628 2437 5663 :
2469 5610 2548 5664 Sit
2576 5611 2720 5664 nobis
2745 5609 2885 5664 Deus
2914 5626 3014 5663 non
3042 5610 3093 5663 in
3121 5610 3343 5679 templis,
3369 5609 3458 5663 sed
3482 5607 3534 5662 in
3558 5607 3709 5662 corde
3734 5618 3906 5661 nostra

2307 5691 2644 5736 consecratus.
2675 5680 2818 5736 Idem
2849 5680 2939 5735 lib.
2969 5695 3021 5734 ν.
3055 5679 3308 5745 lnstitut.,
3333 5694 3449 5749 cap.
3476 5680 3532 5744 8,
3560 5679 3635 5733 ait
3660 5679 3747 5732 Dei
3770 5688 3904 5732 tem-

2309 5752 2455 5836 plum
2497 5766 2603 5836 non
2639 5766 2758 5836 esse
2792 5751 2848 5806 in
2888 5751 3157 5836 lapidibus
3173 5758 3281 5836 an:
3310 5750 3453 5836 luto,
3496 5751 3594 5809 sed
3631 5750 3903 5808 hominem

2311 5818 2484 5894 ipsum
2515 5822 2604 5893 qui
2639 5822 2859 5893 ﬁguram
2894 5818 2987 5879 Dei
3020 5830 3208 5894 gestat.
3240 5818 3440 5876 BALI’Z.
