4302 6296
611 296 725 354 5821

2009 296 2143 354 DIVI
2181 293 2500 354 CYPRIANI

3799 302 3912 360 584

686 413 759 467 vis
787 413 947 468 morbi
980 427 1269 468 communes
1295 411 1392 466 sint
1418 411 1682 466 virtutibus
1707 411 1968 480 vitiisque,
1999 421 2210 465 mortem
2237 413 2287 472 Α
2316 413 2401 480 qui
2438 413 2545 466 Deo
2591 413 2812 480 militat,
2858 413 2947 483 qui
3002 413 3207 482 positus
3259 413 3310 468 in
3360 411 3666 470 cmlestibus
3713 415 3905 470 castris

687 516 854 559 tamen
875 522 1187 559 communem
1204 521 1303 558 non
1319 520 1446 568 esse;
1463 503 1529 557 ad
1540 504 1860 575 refrigerium
1878 504 2008 557 enim
2020 504 2200 572 justas,

685 599 754 651 ad
781 599 1090 668 supplicium
1125 599 1238 667 rapi
1268 598 1506 668 injustas.
1537 595 1736 650 Deinde
1753 595 2018 667 objectioni
2039 595 2206 649 tacita:

685 691 822 760 quod
853 708 941 762 per
972 692 1104 747 lianc
1143 693 1502 746 mortalitatem
1545 693 1870 762 privarentur
1914 691 2161 760 martyrio
2187 731 2202 758 ,

684 784 986 854 respondet;
1024 801 1126 840 non
1153 800 1258 840 esse
1301 786 1354 838 in
1395 794 1570 840 nostra
1601 792 1842 855 potestate
1867 783 2201 852 martyrium,

681 887 728 933 et
757 879 834 933 vel
853 877 1081 933 animant
1109 879 1178 933 ad
1219 881 1837 951 martyriumpromptum
1888 877 1994 931 Deo
2027 877 2208 946 judice

679 973 935 1027 coronari.
966 972 1231 1029 Postremo
1257 991 1359 1029 non
1383 975 1455 1028 ita
1489 974 1736 1044 lugendos
1762 972 1902 1026 docet
1943 979 2166 1024 mortuos
2186 1011 2201 1035 ,

677 1074 734 1119 ut
753 1065 1024 1136 gentilibus
1045 1067 1288 1121 scandala
1319 1068 1495 1130 simus,
1529 1075 1786 1135 tamquam
1817 1081 1906 1136 spe
1950 1078 2204 1118 resurrec-

680 1158 830 1214 tionis
859 1175 1142 1214 careamus.
1177 1159 1313 1226 Quin
1343 1161 1385 1211 si
1426 1167 1471 1212 et
1500 1169 1687 1211 nostrte
1715 1144 2064 1210 accersitionis
2098 1154 2204 1208 dies

677 1250 884 1315 venerit,
901 1249 1093 1304 lubenti
1114 1251 1282 1303 animo
1306 1250 1372 1302 ad
1399 1249 1670 1302 Dominum
1693 1247 1810 1300 hinc
1831 1245 2200 1316 emigrandum,

677 1341 958 1411 praesertim
988 1357 1102 1396 cum
1150 1342 1220 1396 ad
1257 1341 1478 1412 patriam
1509 1340 1927 1410 transmigremus
1957 1353 1974 1391 :
2002 1337 2086 1390 ubi
2113 1354 2206 1391 nos

674 1449 889 1504 magnus
931 1435 1203 1488 cltarorum
1256 1451 1494 1488 numerus
1547 1443 1838 1503 exspectat,
1876 1437 2109 1502 frequens
2158 1441 2205 1485 et

675 1527 882 1597 copiosa
903 1527 1050 1580 turba
1085 1527 1370 1592 desiderat,
1392 1528 1509 1597 jam
1561 1527 1624 1580 de
1680 1544 1772 1580 sua
1822 1525 2205 1579 immortalitate

678 1633 874 1685 secura,
897 1627 942 1673 et
963 1619 1130 1673 adhuc
1160 1619 1222 1674 de
1248 1629 1422 1673 nostra
1469 1618 1632 1674 salute
1660 1618 1900 1682 sollicita,
1934 1619 2056 1688 facit
2107 1633 2205 1670 au-

677 1721 775 1766 tent
804 1713 1078 1768 occasionis
1115 1729 1215 1782 qua
1251 1714 1436 1766 librum
1484 1713 1617 1766 hunc
1655 1712 1856 1783 scripsit
1901 1712 2204 1765 mentionem

2310 505 2541 557 divinam
2562 504 2670 573 jam
2698 515 2901 574 sperat,
2923 517 2980 559 ut
3005 507 3070 561 ad
3095 506 3357 576 procellas
3375 516 3428 563 ct
3455 509 3690 580 turbines
3721 507 3904 562 mundi

2311 595 2594 665 trepidatio
2621 597 2765 650 nulla
2804 598 2875 651 sit
2903 597 2954 651 in
2983 597 3166 664 nobis,
3198 599 3340 653 nulla
3388 599 3648 664 turbatio,
3691 598 3905 668 quando

2311 686 2428 740 haec
2449 696 2672 742 ventura
2705 689 3020 758 praedixerit
3051 691 3308 745 Dominus
3333 691 3568 762 providm
3595 691 3742 746 vocis
3773 690 3903 746 hor-

2308 787 2421 833 tatu
2451 780 2721 836 instruens
2750 793 2803 837 et
2849 782 3052 838 docens
3087 795 3140 839 et
3169 799 3476 855 praeparans
3515 794 3674 853 atque
3719 797 3908 839 corro—

2308 871 2504 927 borans
2522 873 2780 930 Ecclesiae
2804 890 2913 931 sua:
2942 877 3196 947 populum
3222 877 3290 932 ad
3319 893 3532 933 omnem
3563 875 3904 932 tolerantiam

2309 964 2606 1022 futurorum
2628 1010 2642 1036 ,
2691 969 2831 1023 bella
2857 978 2913 1024 et
2942 968 3116 1026 fmnes
3142 981 3196 1025 et
3219 980 3378 1025 terrae
3425 980 3601 1026 motus
3644 977 3699 1023 et
3745 968 3907 1039 pesti-

2308 1058 2500 1114 lentias
2547 1078 2642 1129 per
2683 1061 2796 1116 loca
2845 1063 3052 1134 singula
3090 1078 3379 1134 exsurgere
3425 1061 3804 1132 praenuntiavit
3848 1069 3903 1116 et

2307 1151 2515 1206 cecinit.
2544 1151 2609 1206 Et
2636 1168 2704 1207 ne
2745 1153 3048 1222 iu0piuatus
3076 1170 3174 1210 nos
3221 1164 3274 1210 et
3317 1170 3486 1209 novus
3533 1167 3714 1209 rerum
3765 1149 3906 1208 infe-

2307 1245 2560 1299 stantium
2599 1255 2774 1302 metus
2799 1257 3074 1318 quateret,
3106 1249 3274 1318 magis
3316 1263 3378 1301 ac
3424 1247 3593 1318 magis
3627 1247 3680 1301 in
3726 1245 3905 1301 novis-

2308 1335 2459 1389 simis
2490 1338 2824 1406 temporibus
2869 1340 3094 1394 adversa
3125 1343 3472 1395 crebrescere
3519 1348 3646 1393 ante
3679 1352 3906 1406 praemo-

2309 1428 2444 1481 nuit.
2471 1427 2628 1484 Fiant
2655 1444 2781 1486 ecce
2803 1446 2922 1499 qum.
2955 1431 3094 1485 dicta
3128 1441 3274 1497 sunt;
3310 1443 3364 1486 et
3391 1431 3604 1502 quando
3633 1431 3765 1484 fiunt
3791 1444 3908 1499 quae

2308 1528 2432 1572 ante
2465 1519 2719 1588 praedicta
2763 1531 2925 1586 sunt,
2958 1531 3250 1591 sequentur
3303 1533 3357 1577 et
3393 1536 3742 1592 quaecumque
3788 1534 3913 1591 pro-

2312 1610 2477 1663 missa
2500 1621 2643 1676 sunt,
2671 1610 2898 1666 Domino
2918 1613 3032 1684 ipso
3055 1614 3340 1684 pollicente
3364 1613 3639 1668 etdiccnte
3657 1631 3668 1665 :
3686 1611 3812 1666 Cum
3828 1629 3913 1666 au-

2312 1713 2408 1756 tem
2433 1703 2655 1757 videritis
2681 1706 2787 1759 lucc
2815 1708 2985 1760 omnia
3007 1690 3144 1778 ﬁeri,
3163 1709 3337 1762 scitote
3353 1707 3591 1778 quoniam
3611 1707 3662 1759 in.
3681 1706 3912 1777 prox-imo

677 1805 924 1862 Eusebius
950 1807 1002 1861 in
1030 1806 1316 1863 Chronico:
1349 1825 1368 1858 ι
1399 1805 1648 1860 Pestilens
1669 1804 1888 1872 morbus,
1906 1807 2095 1876 inquit,
2129 1815 2208 1859 to-
2238 1812 2286 1871 Β
2315 1807 2386 1890 ζει
2412 1815 2621 1890 ret/15m»
2667 1799 2780 1855 Dei.
2801 1800 2952 1872 (Luc.
2996 1819 3106 1869 χχι,
3149 1803 3209 1857 51
3228 1806 3265 1873 ).
3290 1801 3533 1875 Regnum
3568 1801 3692 1868 Dei,
3723 1802 3915 1857 fratres

683 1917 702 1950 ι
743 1900 840 1954 tius
872 1900 1008 1955 orbis
1039 1901 1226 1955 multas
1253 1902 1538 1971 provincias
1569 1901 1851 1971 occupavit.
1883 1901 2202 1966 maximeque

685 2009 705 2042 ι
736 1991 1101 2047 Alexandriam
1128 2003 1175 2048 et
1206 1993 1514 2066 Ai'gyptum,
1544 2004 1598 2047 ut
1630 1994 1800 2048 scribit
1833 1991 2128 2062 Dionysius,
2157 2003 2202 2045 et

685 2102 704 2135 ‹
731 2084 974 2155 Cypriani
990 2084 1050 2138 de
1084 2085 1396 2140 .ilortalitute
1417 2086 1552 2141 testis
1571 2096 1644 2140 est
1673 2085 1813 2140 liber.
1845 2105 1864 2137 ι

679 2177 747 2210 ’³⁸
771 2177 886 2232 Etsi
915 2178 1052 2248 apud
1078 2179 1336 2249 plurimos
1357 2188 1616 2248 vestrum,
1638 2165 1827 2234 fratres
1845 2179 2200 2244 dilectissimi,

607 2285 758 2327 mens
785 2271 954 2326 solida
977 2281 1058 2327 est
1082 2282 1136 2328 et
1162 2273 1295 2329 fides
1328 2275 1478 2328 firma
1507 2283 1561 2330 et
1602 2275 1778 2329 anima
1809 2274 1999 2328 devota
2021 2315 2035 2341 ,
2083 2290 2203 2344 qua:

605 2363 672 2418 ad
703 2364 984 2433 praesentis
1015 2366 1360 2421 mortalitatis
1386 2367 1591 2436 copiam
1633 2382 1739 2421 non
1786 2377 2031 2422 movetur
2055 2407 2070 2431 ,
2109 2367 2203 2421 sed

607 2463 878 2524 tamquam
931 2463 1081 2525 petra
1109 2454 1263 2510 fortis
1315 2466 1370 2512 et
1419 2457 1627 2512 stabilis
1679 2457 1919 2512 turbidos
1974 2458 2203 2528 impetus

604 2546 790 2602 mundi
835 2555 891 2602 et
913 2547 1178 2603 violentos
1203 2549 1383 2604 saeculi
1410 2548 1605 2604 fluctus
1631 2549 1826 2619 frangit
1866 2549 2042 2618 potius
2090 2550 2203 2619 ipsa

610 2654 710 2694 nec
733 2637 1015 2711 frangitur,
1044 2649 1099 2696 et
1130 2642 1513 2697 tentationibus
1540 2658 1646 2697 non
1678 2643 1926 2708 vincitur,
1956 2641 2049 2696 sed
2080 2657 2203 2712 pro-

603 2731 781 2798 batur,
812 2740 990 2788 tamen
1016 2733 1140 2799 quia
1165 2733 1535 2789 animadverto
1563 2735 1614 2788 in
1644 2733 1798 2803 plebe
1831 2732 2090 2802 quosdam
2117 2733 2204 2788 vel

603 2821 968 2880 imbecillitate
993 2825 1176 2891 animi,
1206 2826 1293 2882 vel
1317 2826 1441 2880 fidei
1473 2826 1765 2898 parvitate,
1800 2827 1882 2880 vel
1917 2824 2204 2880 dulcedine

603 2914 875 2970 saecularis
896 2917 1019 2970 vita:
1038 2957 1054 2983 ,
1085 2916 1171 2972 vel
1196 2931 1357 2972 sexus
1387 2917 1610 2972 mollitie
1630 2955 1647 2983 ,
1674 2917 1796 2982 vel,
1844 2915 1984 2986 quod
2031 2914 2205 2984 majus

606 3016 707 3071 est,
739 3007 984 3064 veritatis
1007 3024 1193 3064 errore
1221 3011 1398 3066 minus
1422 3019 1564 3066 stare
1594 3010 1802 3065 fortiter
1842 3025 1941 3064 nec
1972 3009 2207 3079 pectoris

570 3106 683 3162 'sui
721 3105 959 3161 divinum
999 3117 1160 3178 atque
1211 3108 1462 3163 invictum
1505 3108 1671 3164 robur
1718 3121 2005 3172 exercere,
2049 3105 2206 3159 dissi-

2311 1889 2670 1959 dilectissimi,
2700 1907 2821 1948 esse
2842 1895 3006 1965 cmpit
3041 1896 3092 1950 in
3116 1897 3382 1966 proximo.
3407 1895 3692 1950 Praemium
3717 1896 3838 1950 vita:
3857 1900 3913 1949 et

2311 1985 2562 2056 gaudium
2593 1989 2782 2044 salutis
2825 2000 3060 2056 aeternar,
3090 2000 3143 2046 et
3177 2000 3428 2061 perpetua
3461 1990 3722 2046 securitas
3765 1998 3811 2055 ο,
3855 1995 3912 2044 et

2313 2083 2586 2150 possessio
2619 2083 2848 2152 paradisi
2891 2100 3062 2154 nuper
3091 2086 3318 2149 amissa,
3362 2084 3562 2140 mundo
3599 2092 3912 2140 transeunte

2305 2171 2415 2242 jam
2447 2175 2817 2245 veniunt;jam
2843 2177 3066 2230 terrenis
3087 2176 3326 2232 coelestia
3353 2185 3408 2232 et
3433 2191 3617 2247 magna
3648 2174 3825 2246 parvis
3856 2183 3914 2232 et

2310 2264 2526 2320 caducis
2577 2276 2775 2320 aeterna
2821 2267 3136 2322 succedunt.
3201 2267 3332 2336 Quis
3382 2267 3469 2322 hic
3519 2267 3810 2322 anxietatis
3858 2275 3913 2324 et

2309 2359 2680 2414 sollicitudinis
2709 2360 2861 2414 locus
2902 2361 3030 2416 est?
3073 2361 3204 2429 Quis
3237 2361 3378 2416 inter
3409 2361 3526 2417 haec
3575 2361 3817 2432 trepidus
3857 2371 3914 2418 et

2308 2461 2533 2506 moestus
2563 2462 2674 2519 est,
2729 2452 2831 2508 nisi
2856 2455 2940 2508 cui
2987 2469 3112 2526 spes
3142 2464 3197 2510 et
3238 2456 3373 2511 tides
3417 2455 3606 2512 deest?
3651 2456 3778 2526 Ejus
3829 2465 3915 2513 est

2307 2544 2450 2598 enim
2492 2555 2718 2600 mortem
2747 2548 2940 2603 timere
2967 2549 3056 2619 qui
3083 2548 3151 2603 ad
3191 2549 3464 2604 Christum
3494 2550 3627 2605 nolit
3652 2549 3752 2606 ire.
3777 2549 3911 2620 Ejus

2308 2646 2392 2692 est
2438 2637 2504 2692 ad
2550 2639 2820 2694 Christum
2874 2641 3018 2697 nolle
3049 2641 3128 2697 ire
3153 2642 3244 2712 qui
3282 2657 3342 2699 se
3394 2657 3500 2698 non
3552 2642 3738 2700 credat
3785 2659 3910 2700 cum

2307 2729 2522 2788 Christo
2553 2734 2791 2804 incipere
2817 2750 3062 2806 regnare.

2384 2826 2468 2880 ΙΙΙ.
2493 2828 2762 2897 Scriptum
2790 2838 2874 2885 cst
2913 2830 3056 2886 enim
3079 2830 3282 2901 justum
3326 2830 3431 2887 fide
3471 2832 3652 2888 vivere
3715 2831 3909 2903 (Rom.

2310 2935 2345 2984 ι,
2381 2918 2492 2989 l7).
2522 2919 2776 2989 Sijustus
2807 2936 2887 2989 es,
2919 2932 2974 2978 et
3000 2923 3106 2979 fide
3137 2925 3292 2991 vivis,
3323 2923 3367 2978 si
3396 2940 3526 2981 vere
3550 2926 3603 2980 in
3635 2923 3909 2981 Christum

2311 3011 2521 3077 credis,
2571 3027 2668 3066 cur
2705 3027 2814 3068 non
2853 3028 2974 3068 cum
3018 3014 3235 3070 Christo
3277 3015 3484 3072 futurus
3523 3025 3577 3072 et
3603 3017 3672 3073 de
3701 3017 3910 3072 Domini

2313 3103 2697 3172 pollicitatione
2767 3119 2989 3160 securus
3059 3107 3202 3176 quod
3259 3107 3324 3162 ad
3378 3107 3650 3163 Christum
3702 3109 3910 3165 voceris

601 3197 854 3253 mulanda
881 3213 967 3254 res
993 3214 1098 3255 non
1118 3200 1215 3254 fuit
1241 3216 1340 3255 nec
1368 3201 1590 3256 tacenda
1619 3217 1725 3271 quo
1751 3201 1926 3255 minus
1946 3207 2200 3269 quantum
2231 3209 2275 3272 ρ
2312 3195 2675 3266 amplecteris,
2706 3207 2758 3252 et
2789 3197 2930 3268 quod
2975 3198 3189 3253 diabolo
3219 3214 3407 3256 careas
3457 3201 3763 3272 gratularis.
3819 3201 3906 3257 Si-

603 3301 786 3346 uostra
814 3291 1156 3349 mediocritas
1204 3293 1433 3360 sufficit,
1483 3294 1663 3365 vigore
1692 3294 1852 3364 pleno
1876 3301 1929 3347 et
1957 3305 2207 3347 sermone

605 3383 673 3440 de
737 3384 1006 3441 dominica
1084 3385 1316 3440 lectione
1368 3395 1628 3455 concepto
1707 3385 1950 3440 delicata:
2013 3385 2210 3440 mentis

603 3477 814 3548 ignavia
853 3477 1269 3548 comprimatur,
1321 3487 1374 3533 et
1421 3478 1510 3548 qui
1555 3478 1716 3534 homo
1772 3478 1865 3533 Dei
1911 3487 1965 3532 et
2008 3475 2207 3549 Christi

602 3584 724 3626 esse
744 3570 854 3641 jam
900 3571 1082 3641 ctepit,
1137 3569 1247 3625 Deo
1293 3578 1347 3625 et
1398 3567 1614 3626 Christo
1658 3571 1850 3640 dignus
1891 3569 2168 3626 habeatur.

599 3703 610 3736 ι
675 3662 736 3719 ΙΙ.
768 3665 1078 3737 Agnoscere
1118 3663 1260 3722 enim
1293 3678 1352 3722 se
1375 3663 1574 3735 debet,
1603 3662 1798 3721 fratres
1819 3663 2162 3738 dilectissimi
2185 3706 2203 3733 ,

2313 3303 2470 3344 meon
2503 3289 2732 3358 denique
2761 3289 2846 3343 ille
2878 3290 3090 3360 justus,
3139 3293 3228 3362 qui
3271 3309 3397 3348 vere
3419 3293 3596 3363 justus
3642 3293 3771 3360 fuit,
3815 3294 3907 3364 qui

2313 3380 2416 3436 fide
2439 3381 2594 3451 plena
2626 3381 2717 3436 Dei
2750 3393 3017 3452 prtecepta
3043 3386 3310 3450 servavit,
3359 3385 3489 3440 dum
3545 3386 3594 3441 ei
3645 3385 3905 3440 divinitus

2311 3489 2631 3544 responsum
2672 3475 2859 3531 fuisset
2901 3478 3043 3547 quod
3087 3493 3192 3533 non
3239 3487 3364 3536 ante
3410 3490 3713 3536 moreretur
3741 3495 3905 3551 quam

2311 3563 2584 3622 Christum
2628 3566 2884 3636 vidisset,
2932 3578 2987 3625 et
3025 3568 3272 3627 Christus
3320 3571 3494 3627 infans
3549 3573 3603 3627 in
3646 3573 3905 3643 templum

2312 3675 2434 3718 eum
2459 3672 2631 3717 matre
2663 3662 2930 3732 venisset,
2961 3664 3180 3736 agnovit
3224 3665 3278 3721 in
3325 3663 3525 3735 Spiritu
3563 3673 3747 3724 uatum
3787 3679 3906 3722 esse

1831 3840 2216 3902 LECTIONES
2254 3839 2672 3901 VARIANTES.

665 4003 693 4032 ει
726 3999 1083 4065 Laetitia-Alta
1117 3997 1233 4065 edd.
1260 4012 1429 4065 prope
1470 4013 1652 4065 omnes,
1675 4004 1722 4053 et
1757 4001 2014 4065 Augustin.
2042 3969 2211 4053 contra

600 4065 725 4117 duas
748 4062 885 4127 epist.
909 4061 1081 4127 Pelag.
1120 4063 1204 4126 IV,
1252 4061 1301 4113 8.
1340 4061 1509 4115 Batus.
1530 4061 1716 4115 ratione
1738 4061 2211 4115 uon'attata:Secu-

2316 3998 2433 4049 ritas
2450 3996 2761 4064 (Gotdhorn).

1959 4213 2320 4274 VAlllORUM
2357 4218 2586 4277 NOTA'J.

671 4383 947 4448 Prtesentis
997 4380 1336 4437 mortalitatis.
1417 4380 1682 4438 Describit
1731 4378 2008 4450 eleganter
2056 4379 2193 4435 hanc

600 4459 852 4521 miseram
880 4454 1086 4510 cladem
1131 4453 1350 4507 Pontius
1380 4453 1432 4508 in
1458 4453 1574 4507 Vita
1605 4453 1771 4507 sancti
1804 4451 2074 4522 Cypriani.

671 4529 918 4582 Deticata:
935 4523 1497 4580 mentis.Tertul|ianus
1521 4526 1570 4578 in
1597 4523 1733 4577 libro
1758 4523 1824 4577 de
1848 4523 2196 4591 Spectaculis:

599 4598 861 4654 Delicatus
891 4615 978 4664 es,
1020 4597 1313 4664 cltristiane,
1368 4597 1412 4649 si
1459 4606 1506 4650 et
1544 4596 1597 4648 in
1641 4595 1828 4648 saeculo
1889 4595 2199 4664 voluptatem
2223 4593 2277 4653 1)

598 4686 932 4726 concupiscis.

1049 4739 1391 4796 scribendum
1421 4752 1540 4794 esse
1569 4737 1853 4812 arbitratus
1879 4749 1997 4789 sum
2027 4750 2188 4812 prop-

600 4821 682 4868 ter
708 4807 1078 4868 auctoritatem
1117 4812 1314 4866 codicis
1348 4809 1667 4865 Veronensis
1720 4817 1772 4861 ct
1812 4807 2141 4874 Seguieriani
2169 4847 2186 4872 ,

599 4893 653 4939 et
680 4885 802 4954 quia
833 4883 1019 4954 eadem
1043 4884 1198 4938 lectio
1244 4883 1512 4952 reperitur
1556 4883 1610 4954 in
1651 4879 1767 4932 aliis
1805 4877 1989 4954 viginti
2037 4878 2188 4933 libris

597 4949 795 5010 nostris
817 4965 870 5009 et
901 4956 954 5008 in
993 4953 1178 5010 decem
1213 4949 1536 5023 Anglicanus.
1568 4951 1791 5007 Veteres
1831 4949 2089 5004 editiones
2131 4958 2186 5004 et

597 5027 833 5097 quinque
860 5024 1227 5097 libriiveteres
1242 5024 1440 5078 habent
1467 5033 1648 5092 potest.

669 5097 947 5150 Invictum.
981 5096 1096 5150 Duo
1114 5095 1234 5149 libri
1262 5105 1472 5150 veteres
1499 5097 1841 5164 incomptum.

670 5168 735 5223 ll.
773 5169 980 5238 Sperat.
1014 5165 1201 5238 Angeli
1227 5175 1520 5238 posuerunt
1547 5163 1706 5236 spirat
1725 5163 2038 5238 auctoritate
2066 5178 2190 5232 sep-

599 5249 708 5296 tem
735 5235 974 5293 veterum
999 5235 1404 5306 exemplarium.
1427 5237 1558 5304 Qua:
1575 5235 1710 5290 sane
1734 5236 1891 5306 lectio
1919 5235 2056 5288 bona
2085 5243 2188 5300 est,

598 5325 824 5380 eamque
873 5305 1191 5380 confirmant
1219 5309 1326 5363 duo
1357 5318 1539 5380 nostra
1571 5317 1773 5362 vetera.
1831 5305 2042 5380 Verum
2068 5306 2190 5380 quia

598 5377 801 5453 reliqua
828 5391 882 5436 et
911 5381 1029 5435 alia:
1079 5379 1344 5436 editiones
1394 5379 1590 5453 habent
1629 5387 1820 5449 sperat,
1861 5392 1982 5448 qum
2030 5377 2191 5432 lectio

598 5449 811 5525 quoque
834 5453 974 5525 bona
1004 5460 1107 5515 est,
1139 5463 1345 5525 mutare
1372 5449 1661 5506 noluimus.

669 5518 934 5579 Turbatio.
965 5525 1133 5578 Antea
1179 5523 1455 5593 legebatur
1480 5522 1754 5576 cunctatio.
1783 5519 1887 5593 Sed
1929 5533 2026 5589 ego
2055 5518 2192 5593 hanc

599 5596 885 5652 lectionem
911 5611 1014 5650 non
1032 5593 1206 5664 reperi
1237 5591 1337 5648 nisi
1361 5595 1412 5648 in
1439 5594 1608 5648 tribus
1631 5591 1905 5648 codicibus
1931 5591 2191 5659 antiquis.

598 5669 732 5725 Eam
760 5683 919 5738 quam
948 5663 1144 5738 retinui
1169 5664 1372 5738 habent
1400 5681 1533 5720 xxw
1561 5664 1681 5738 libri
1713 5663 1883 5718 nostri
1903 5672 1956 5717 et
1983 5672 2189 5732 septem

598 5735 902 5810 Anglicani,
938 5737 1069 5794 etin
1103 5736 1289 5807 primis
1317 5735 1658 5810 Vergnensis.

669 5804 1017 5865 Tolerantiam
1043 5804 1355 5878 futurorum.
1401 5804 1540 5878 Citat
1562 5806 1706 5860 hunc
1733 5807 1906 5862 locum
1935 5807 2190 5864 Hincma-

600 5894 694 5939 rus
717 5889 847 5938 tom.
878 5895 915 5947 ι,
949 5873 1069 5951 pag.
1097 5873 1190 5948 72,
1219 5891 1286 5935 ex
1307 5876 1442 5934 libro
1457 5877 1521 5934 de
1544 5878 1868 5946 mortalitate,
1897 5879 1986 5936 ubi
2015 5890 2188 5938 tamen

2298 4382 2615 4456 Sirmondus
2639 4391 2829 4456 monet
2859 4383 2910 4439 in
2940 4382 3180 4456 margine
3205 4392 3476 4456 sumptum
3522 4400 3644 4445 esse
3668 4405 3733 4447 ex
3767 4390 3904 4448 libro

2301 4454 2369 4510 de
2392 4455 2605 4512 Unitate
2635 4455 2891 4511 Ecclesia:
2917 4455 3016 4511 sub
3046 4457 3227 4511 tinem.

2376 4548 2586 4628 Cecinit.
2621 4551 2690 4605 Et
2736 4550 2877 4604 istud
2924 4565 3134 4628 quoque
3183 4551 3634 4628 ponendumfuit
3682 4566 3903 4628 propter

2302 4622 2672 4676 auctoritatem
2728 4633 2968 4675 veterum
3003 4621 3259 4677 librorum
3292 4632 3348 4677 et
3386 4621 3698 4682 editionum:
3738 4621 3901 4684 Eras-

2299 4708 2418 4763 ruus
2472 4692 2689 4762 scripsit
2733 4693 2902 4746 docuit
2928 4733 2941 4755 ,
2974 4693 3206 4763 itemque
3247 4693 3534 4751 Manutius.
3576 4698 3723 4753 Hauc
3775 4716 3902 4757 vero

2296 4761 2592 4818 lectionem
2626 4779 2724 4834 ego
2781 4779 2888 4818 non
2938 4761 3246 4833 reperinisi
3305 4765 3362 4819 in
3413 4769 3580 4823 tribus
3624 4771 3902 4826 codicibus

2293 4835 2545 4906 antiquis.
2569 4834 2763 4898 Aliam,
2793 4851 2911 4905 qua:
2941 4844 3026 4906 est
3045 4846 3246 4902 nostra,
3279 4836 3570 4906 praeferunt
3623 4844 3900 4898 novende-

2291 4904 2394 4978 cini
2432 4905 2551 4978 libri
2585 4907 2774 4978 nostri
2815 4904 2881 4961 ’et
2925 4905 3170 4961 undecim
3225 4904 3528 4978 Anglicani.
3578 4911 3902 4971 Veronensis

2290 4976 2364 5030 ita
2396 4976 2558 5032 etiam
2584 4976 2836 5033 habebat.

2369 5069 2601 5142 Regnum
2648 5067 2754 5142 Dei
2789 5072 2994 5142 fratres.
3050 5068 3233 5142 Refert
3274 5070 3416 5128 hunc
3471 5073 3647 5130 locum
3687 5086 3900 5134 sanctus

2297 5140 2625 5267 Augugtiuus
2647 5141 2740 5196 lib.
2769 5140 2821 5196 tv
2848 5153 3035 5197 contra
3058 5140 3192 5198 duas
3214 5143 3469 5212 epistolas
3491 5146 3898 5220 Pelagianorum

2295 5226 2415 5282 cap.
2487 5253 2499 5265 .

2370 5305 2702 5379 “77Iucipere.
2718 5304 2897 5362 Codex
2915 5305 3241 5362 Sorbonicus
3268 5306 3320 5362 in
3344 5321 3603 5379 perpetuo.
3631 5314 3786 5371 Alius
3807 5332 3900 5372 ve-

2295 5386 2381 5456 tus
2406 5395 2518 5456 cum
2535 5377 2736 5434 Christo
2752 5388 2992 5456 perpetuo
3019 5377 3366 5456 regnaturum.
3401 5377 3550 5456 Hanc
3571 5395 3896 5456 postremam

2295 5450 2585 5528 lectionem
2630 5450 2810 5528 accepi
2851 5465 2914 5528 ex
2966 5449 3205 5528 margine
3235 5449 3482 5528 editionis
3527 5449 3898 5528 Lugdunensis

2296 5523 2419 5575 anui
2453 5523 2613 5587 1544,
2643 5523 2732 5576 ubi
2764 5519 2951 5589 posita:
2978 5531 3102 5575 sunt
3131 5521 3198 5574 ab
3224 5521 3402 5591 aliquo
3427 5528 3544 5582 viro
3571 5519 3782 5584 erudito
3808 5547 3900 5584 va-

2297 5593 2389 5671 riae
2421 5593 2676 5671 lectiones
2706 5593 2883 5671 petitae
2909 5607 2976 5647 ex
3007 5591 3237 5671 antiquis
3268 5593 3900 5671 codicibusgmanuscrip-

2297 5664 2382 5718 tis.
2427 5662 2559 5717 Cum
2599 5679 2691 5718 eas
2709 5662 2910 5731 allego,
2940 5673 2999 5718 ut
3027 5663 3078 5736 id
3102 5677 3314 5733 quoque
3341 5669 3515 5725 obiter
3540 5669 3734 5736 dicam,
3786 5662 3900 5727 mo-

2297 5749 2400 5810 neo
2427 5736 2742 5810 simpliciter
2768 5748 2855 5789 me
2881 5735 3176 5810 sumpsisse
3196 5748 3265 5788 ex
3290 5749 3398 5794 uno
3427 5743 3593 5796 veteri
3626 5735 3782 5810 libro,
3831 5759 3899 5799 ne

2294 5807 2415 5877 quis
2445 5807 2758 5862 existimare
2779 5806 2947 5877 possit
2970 5820 3057 5862 me
3083 5805 3270 5861 fallere
3297 5812 3419 5876 quia
3449 5827 3555 5870 nou
3591 5812 3714 5872 dico
3759 5805 3898 5872 unde

2294 5888 2512 5950 accepta
2533 5878 2601 5936 sit
2620 5879 2798 5937 lectio.
