4272 6278
338 319 443 378 585

1572 317 1779 378 LIBER
1819 319 1907 378 DE
1952 319 2464 384 MORTALITATE.

3535 334 3642 394 586

333 429 443 500 jam
472 427 781 495 Christum,
809 427 878 484 de
908 440 1014 499 quo
1051 427 1155 485 sibi
1201 427 1374 485 fuerat
1412 439 1537 486 ante
1578 433 1927 503 przedictum;
1965 439 2011 500 Α
2037 439 2196 494 Amen
2251 457 2397 495 amen
2447 441 2562 496 dico
2630 442 2767 497 vobis
2840 446 3082 515 quoniam
3127 461 3215 503 uos
3268 447 3534 519 plot-abitis
3591 463 3643 505 et

340 539 449 595 quo
478 524 613 588 viso,
639 524 793 578 scivit
822 538 881 577 sc
904 523 1014 578 cito
1035 537 1156 578 esse
1184 524 1521 579 moriturum.
1554 523 1731 581 Laetus
1748 528 1937 597 itaque

336 615 404 671 de
433 626 607 671 morte
629 616 751 686 janr
773 615 1015 685 proxima
1038 656 1052 681 ,
1097 625 1151 670 et
1180 615 1246 670 de
1273 614 1443 670 vicina
1474 618 1825 673 accersitione
1846 633 1934 674 se-

332 721 516 773 curus,
570 706 778 776 accepit
805 707 855 760 in
881 721 1075 761 manus
1104 721 1325 776 puerum
1349 749 1364 771 ,
1393 706 1466 739 ’³ο
1515 718 1571 763 et
1611 708 1935 767 benedicens

336 798 626 855 Dominum
660 798 982 853 exclamavit
1010 807 1066 852 et
1108 796 1282 852 dixit:
1315 796 1471 851 Nunc
1501 800 1712 855 dimittis
1739 817 1936 855 servum

334 902 501 957 tuum,
542 889 793 957 Domine,
831 890 1108 944 secundum
1139 889 1342 943 verbum
1370 901 1514 945 tuum
1543 894 1605 946 in
1619 910 1742 961 pace
1761 936 1775 960 ,
1806 912 1933 964 quo-

333 985 474 1039 niam
499 984 731 1039 uiderunt
772 986 910 1039 oculi
937 986 1032 1038 mei
1080 986 1304 1040 salutare
1333 996 1473 1040 tuum
1524 986 1685 1057 (Luc.
1741 1005 1810 1055 ιι,
1841 990 1932 1057 9.9,

333 1075 745 1148 50);probans
815 1078 1021 1134 scilicet
1066 1088 1225 1149 atque
1279 1088 1585 1135 contestans
1641 1089 1764 1137 tunc
1815 1098 1936 1139 esse

331 1170 505 1225 servis
535 1171 627 1225 Dei
662 1186 879 1242 pacem,
932 1180 1059 1227 tunc
1107 1172 1364 1238 liberam,
1417 1184 1542 1229 tunc
1593 1177 1931 1247 tranquillam

331 1263 588 1333 quietem,
620 1265 853 1334 quando,
887 1264 956 1321 de
982 1265 1099 1321 istis
1143 1265 1324 1321 mundi
1359 1266 1661 1323 turbinibus
1680 1269 1931 1337 extracti,

330 1354 480 1411 sedis
515 1368 567 1412 et
602 1357 912 1412 securitatis
940 1369 1157 1414 aeterna:
1184 1366 1395 1428 portum
1425 1360 1659 1430 petimus
1677 1401 1692 1424 ,
1720 1360 1937 1430 quando

334 1458 601 1520 expuneta
631 1450 730 1506 hac
758 1461 932 1507 morte
966 1452 1037 1508 ad
1070 1453 1521 1508 immortalitatem
1550 1452 1816 1509 venimus.
1844 1454 1933 1509 Illa

327 1551 414 1597 est
434 1542 576 1598 enim
599 1558 730 1600 vera
763 1552 790 1581 α
820 1559 921 1615 pax
947 1586 962 1612 ,
1001 1545 1090 1599 illa
1120 1545 1223 1599 tida
1255 1545 1612 1616 tranquillitas
1636 1587 1650 1612 ,
1703 1545 1793 1602 illa
1821 1557 1933 1602 sta-

327 1637 453 1694 bilis
478 1646 533 1694 et
560 1637 712 1693 lirma
743 1647 799 1694 et
828 1647 1085 1710 perpetua
1114 1639 1398 1696 securitas.

400 1731 490 1787 IV.
522 1730 803 1799 Caeterum,
834 1731 961 1803 quid
1011 1731 1155 1788 aliud
1210 1734 1262 1788 in
1313 1733 1532 1801 mundo,
1558 1749 1716 1804 quam
1762 1748 1935 1804 pugna

2040 530 2322 601 plangetis,
2356 533 2603 586 stcculum
2647 544 2816 589 autem
2841 538 3110 605 gaudebit;
3159 555 3245 593 vos
3275 540 3438 596 tristes
3465 540 3637 607 eritis,

2039 622 2129 674 sed
2158 624 2359 677 tristitia
2387 635 2550 679 vestra
2588 631 2641 680 in
2666 628 2896 682 la’titiam
2932 631 3092 685 veniet
3146 630 3327 703 (Joau.
3372 649 3490 698 xvt,
3517 633 3633 706 20).

2040 713 2171 782 Quis
2202 731 2306 770 non
2333 718 2545 772 tristitia
2573 734 2760 776 carere
2799 723 2985 791 optet?
3014 725 3134 793 quis
3158 725 3353 779 nonad
3398 726 3638 781 laetitiam

2040 808 2225 864 venire
2254 808 2511 865 festinet?
2564 810 2791 879 Quando
2840 825 3019 870 autem
3074 818 3124 870 in
3169 817 3406 872 laetitiam
3460 820 3641 874 veniat

2041 909 2221 953 nostra
2252 900 2466 955 tristitia
2491 901 2753 957 Dominus
2779 904 2958 959 denuo
2990 907 3104 975 ipse
3138 908 3375 964 declarat
3405 910 3591 964 dicens
3621 929 3634 965 :

2040 990 2234 1044 lterum
2260 991 2277 1029 ί
2299 993 2472 1047 videbo
2498 1012 2603 1057 vos,
2620 1005 2667 1049 et
2693 997 2932 1067 gaudebit
2953 1015 3039 1052 cor
3056 1011 3295 1067 vestrum,
3324 1010 3369 1054 ct
3396 1003 3639 1071 gaudium

2042 1097 2258 1140 vestrum
2286 1104 2430 1142 nemo
2458 1074 2653 1160 auferet
2696 1108 2727 1144 a
2758 1092 2893 1146 vobis
2944 1083 3109 1162 (ibid.
3163 1093 3279 1167 22).
3325 1095 3457 1149 Cum
3511 1112 3642 1167 ergo

2038 1179 2310 1235 Christum
2337 1181 2519 1237 videre
2548 1184 2780 1252 gaudere
2815 1185 2903 1251 sit,
2926 1201 3022 1241 nec
3044 1187 3213 1256 possit
3242 1203 3361 1243 esse
3385 1189 3637 1258 gaudium

2041 1281 2280 1326 nostrum
2313 1274 2413 1327 nisi
2441 1288 2562 1329 eum
2592 1276 2883 1331 viderimus
2908 1276 3183 1334 Christum
3210 1321 3223 1343 ,
3253 1295 3372 1349 qua:
3420 1282 3636 1336 caecitas

2037 1365 2199 1419 animi
2230 1381 2416 1435 quaeve
2443 1366 2708 1423 dementia
2748 1380 2829 1425 est
2859 1386 3042 1428 amare
3083 1388 3363 1442 pressurus
3411 1386 3467 1429 ct
3516 1391 3633 1444 poe-

2039 1471 2135 1511 nas
2162 1466 2218 1512 et
2256 1458 2522 1530 lacrymas
2549 1460 2755 1527 mundi,
2808 1473 2861 1516 et
2906 1478 3010 1517 non
3069 1463 3325 1520 festinare
3364 1467 3540 1537 potius
3572 1467 3639 1523 ad

2039 1550 2294 1619 gaudium
2326 1553 2470 1622 quod
2503 1569 2792 1624 numquam
2825 1557 2994 1623 possit
3016 1557 3252 1611 auferri?

2114 1642 2199 1698 VI.
2230 1642 2340 1698 Iloc
2366 1655 2543 1700 autem
2572 1645 2631 1699 lit
2654 1688 2667 1711 ,
2723 1646 2913 1701 fratres
2942 1648 3275 1704 dileCtissimi
3298 1691 3311 1715 ,
3354 1652 3477 1722 quia
3510 1654 3643 1711 lides

2039 1732 2209 1801 deest,
2243 1736 2367 1806 quia
2417 1752 2576 1791 nemo
2627 1736 2800 1792 credit
2848 1754 2969 1792 vera
3029 1754 3152 1795 esse
3203 1756 3323 1810 qua:
3376 1746 3641 1812 promittit

326 1823 587 1879 adversus
614 1824 905 1893 diabolum,
942 1826 1180 1896 qumidie
1207 1827 1442 1898 geritur,
1487 1843 1648 1898 quam
1677 1827 1936 1884 adversus
1966 1829 2014 1889 B
2042 1823 2205 1890 Deus,
2236 1826 2323 1895 qui
2354 1842 2518 1882 verax
2544 1837 2657 1893 est,
2703 1827 2853 1898 cujus
2885 1844 3065 1884 sermo
3100 1831 3444 1888 credentibus
3482 1846 3645 1891 acter-

321 1915 499 1993 jacula
522 1916 635 1985 ejus
652 1925 705 1972 et
726 1917 827 1972 tela
851 1917 1338 1974 conﬂictationibus
1355 1920 1585 1976 assiduis
1614 1921 1941 1976 dimicatur?

323 2010 461 2067 Cum
489 2013 711 2067 avaritia
746 2013 901 2069 nobis
921 2055 935 2078 ,
966 2028 1091 2069 cum
1124 2013 1457 2085 impudicitia
1483 2055 1497 2080 ,
1525 2030 1648 2071 cum
1672 2016 1747 2070 ira
1770 2057 1785 2083 ,
1818 2030 1941 2071 cum

322 2102 620 2159 ambitione
649 2105 963 2175 congressio
988 2114 1098 2172 est,
1132 2120 1256 2161 cum
1286 2106 1596 2162 carnalibus
1623 2106 1792 2174 vitiis,
1817 2123 1939 2163 cum

338 2194 612 2251 illecebris
661 2198 1017 2255 saecularibus
1059 2199 1273 2255 assidua
1338 2209 1394 2255 et
1451 2200 1676 2256 molesta
1723 2201 1941 2256 luctatio

331 2294 433 2342 est.
454 2286 683 2344 Obsessa
712 2306 865 2346 mens
890 2289 1123 2346 hominis
1149 2301 1202 2347 et
1226 2293 1461 2363 undique
1489 2292 1688 2349 diaboli
1711 2291 1939 2349 infesta-

332 2380 541 2436 tatione
590 2384 783 2438 vallata
814 2382 841 2421 ι»
874 2385 961 2438 vix
1010 2388 1247 2440 occurrit
1289 2385 1551 2456 singulis,
1582 2386 1668 2440 vix
1716 2386 1937 2441 resistit.

325 2471 384 2527 Si
427 2473 649 2528 avaritia
682 2484 947 2544 prostrata
992 2485 1101 2543 est,
1153 2477 1392 2547 exsurgit
1432 2476 1599 2532 libido
1634 2494 1647 2531 :
1679 2477 1724 2532 si
1773 2475 1939 2532 libido

323 2578 635 2636 compressa
662 2580 785 2636 est,
828 2569 1072 2625 succedit
1124 2568 1347 2624 ambitio
1389 2588 1403 2625 :
1451 2571 1494 2624 si
1544 2570 1766 2625 ambitio
1807 2584 1941 2625 con-

330 2668 535 2730 tempta
552 2671 677 2729 est,
710 2661 789 2716 ira
811 2671 1117 2731 exasperat,
1150 2662 1300 2717 inﬂat
1326 2662 1575 2730 superbia
1597 2702 1613 2726 ,
1644 2661 1935 2717 vinolentia

324 2751 556 2822 invitat,
588 2754 797 2810 invidia
839 2755 1182 2811 concordiam
1213 2754 1443 2824 rumpit,
1472 2753 1764 2810 amicitiam
1794 2754 1939 2809 zelus

334 2845 624 2904 abscindit.
710 2848 932 2918 Cogeris
1007 2847 1330 2904 maledicere
1408 2847 1551 2917 quod
1618 2847 1797 2902 divina
1852 2848 1939 2902 lex

321 2938 614 3011 prohibet,
660 2939 1002 3009 compelleris
1025 2937 1208 3007 jurare
1236 2936 1378 3008 quod
1412 2951 1518 2992 non
1546 2936 1691 2992 licet.

397 3030 466 3087 Υ.
514 3029 618 3086 Tot
671 3032 1075 3102 persecutiones
1124 3030 1334 3085 animus
1369 3028 1611 3100 quotidie
1655 3029 1854 3100 patitur
1886 3040 1932 3090 ο,

327 3134 410 3182 tot
434 3126 696 3197 periculis
739 3137 924 3196 pectus
968 3134 1223 3196 urgetur;
1282 3132 1337 3179 et
1382 3123 1615 3179 delectat
1660 3122 1750 3177 hic
1800 3122 1939 3178 inter

2046 1932 2147 1972 nus
2173 1927 2228 1973 et
2255 1917 2439 1974 ﬁrmus
2463 1930 2565 1974 est.
2597 1918 2652 1974 Si
2687 1919 2778 1972 tibi
2818 1920 2897 1972 vir
2923 1922 3103 1989 gratis
3130 1930 3183 1976 et
3224 1922 3507 1978 laudabilis
3544 1926 3644 1979 ali—

2043 2009 2170 2079 quid
2198 2010 2565 2088 polliceretur,
2595 2010 2824 2065 haberes
2861 2012 3043 2081 utique
3095 2014 3364 2084 pollicenti
3393 2026 3417 2062 ες
3446 2015 3604 2071 ﬁdem
3626 2058 3642 2083 ,

2045 2114 2144 2156 nec
2171 2112 2221 2157 te
2244 2100 2354 2156 [alii
2381 2111 2475 2157 aut
2509 2102 2685 2171 decipi
2729 2102 2797 2157 ab
2823 2117 2888 2158 eo
2916 2104 3168 2160 crederes
3204 2121 3362 2175 quem
3404 2116 3551 2163 stare
3589 2110 3643 2163 in

2043 2180 2385 2250 sermonibus
2415 2193 2655 2263 atquein
2698 2194 2907 2251 actibus
2936 2196 3048 2250 suis
3096 2197 3288 2252 scires.
3322 2197 3473 2254 Nunc
3506 2200 3646 2257 Deus

2045 2294 2218 2341 tecum
2289 2286 2561 2356 loquitur;
2626 2296 2681 2342 et
2732 2295 2787 2341 tu
2845 2297 3024 2343 mente
3078 2289 3352 2345 incredula
3408 2293 3645 2361 perﬁdus

2043 2379 2305 2436 ﬂuctuas!
2334 2380 2475 2436 Deus
2503 2379 2597 2436 tibi
2636 2379 2704 2437 de
2748 2372 3082 2437 hoc'mundo
3111 2384 3384 2439 recedenti
3425 2386 3646 2440 humor.

2044 2475 2303 2531 talitatem
2334 2486 2496 2545 atque
2521 2475 2879 2530 azternitatem
2906 2475 3207 2545 pollicetur;
3231 2486 3287 2531 et
3318 2485 3371 2531 tu
3392 2478 3637 2533 dubitas!

2040 2568 2156 2626 Hoc
2179 2577 2262 2625 est
2285 2569 2452 2624 Deum
2475 2569 2698 2624 omnino
2719 2584 2824 2624 non
2858 2584 3051 2634 nosse;
3085 2569 3188 2626 hoc
3225 2579 3305 2626 est
3343 2569 3638 2641 Christum,

2042 2664 2373 2718 credentium
2402 2660 2432 2699 ιι
2456 2662 2735 2719 dominum
2762 2672 2816 2719 et
2848 2664 3181 2734 magistrum,
3210 2673 3432 2734 peccato
3469 2666 3644 2720 incre-

2042 2754 2277 2810 dulitatis
2305 2754 2611 2821 oﬁ‘endere;
2653 2756 2753 2811 hoc
2776 2762 2855 2811 est
2899 2756 2949 2808 in
2985 2755 3224 2821 Ecclesia
3251 2758 3634 2825 constitutum,

2042 2846 2202 2901 [idem
2236 2847 2287 2901 in
2311 2846 2472 2901 domo
2501 2847 2625 2901 ﬁdei
2653 2862 2760 2902 non
2789 2847 3009 2901 habere.

2114 2937 2226 2993 VII.
2254 2937 2520 3005 Quantum
2555 2939 2721 3006 prosit
2745 2938 2893 2994 exire
2922 2938 2989 2992 de
3014 2937 3215 2992 saeculo
3257 2937 3504 2995 Christus
3530 2941 3643 3012 ipse

2041 3033 2228 3088 salutis
2253 3042 2411 3101 atque
2439 3030 2681 3086 utilitatis
2721 3041 2920 3085 nostra:
2946 3033 3202 3101 magister
3225 3033 3493 3099 ostendit;
3526 3035 3641 3104 qui,

2042 3139 2165 3180 cum
2208 3122 2455 3194 discipuli
2487 3121 2607 3191 ejus
2635 3122 3088 3177 contristarentur
3136 3123 3281 3193 quod
3318 3140 3376 3179 se
3415 3125 3522 3193 jam
3555 3126 3641 3180 di-

327 3217 529 3274 diaholi
552 3218 761 3290 gladios
788 3217 880 3273 diu
908 3227 1074 3285 stare,
1097 3232 1220 3274 cum
1250 3217 1422 3288 magis
1447 3215 1935 3286 concupiscendum
1963 3215 2008 3278 C
2041 3222 2189 3270 ceret
2218 3227 2594 3277 recessurum,
2638 3212 2850 3267 locutus
2878 3221 2962 3267 est
3002 3211 3070 3267 ad
3102 3227 3198 3268 eos
3221 3213 3405 3268 dicens
3432 3231 3445 3267 :
3482 3215 3543 3270 Si
3568 3233 3645 3272 me

328 3310 401 3366 sit
425 3318 478 3366 et
507 3311 797 3382 optandum
828 3311 893 3367 ad
939 3309 1230 3378 Christum,
1286 3310 1643 3366 subveniente
1686 3310 1926 3365 velocius

327 3411 506 3461 morte
525 3399 576 3471 ἀ,
605 3394 915 3476 properare,
948 3404 1065 3475 ipso
1086 3404 1390 3460 instruente
1412 3417 1511 3459 nos
1531 3412 1585 3458 et
1610 3401 1823 3457 dicente
1848 3411 1871 3439 θ
1904 3418 1918 3457 :

2033 3304 2351 3370 dilexissetis,
2382 3304 2670 3375 gauderetis
2696 3304 2886 3373 utique,
2908 3304 3150 3372 quoniam
3176 3303 3306 3358 vado
3330 3306 3397 3358 ad
3431 3304 3643 3362 Patrem

2030 3400 2211 3471 (Joan.
2253 3413 2344 3453 XIV
2367 3439 2383 3466 ,
2411 3395 2507 3469 25)
2528 3438 2543 3464 ,
2576 3396 2777 3452 docens
2805 3395 3011 3452 scilicet
3066 3404 3122 3451 et
3156 3397 3473 3467 ostendens,
3517 3413 3641 3456 cum

1565 3513 1950 3572 LECTIONES
1989 3511 2407 3571 VARIANTES.

394 3637 421 3667 ⁸
457 3634 540 3686 Sic
566 3631 738 3685 Baluz.
766 3631 953 3687 ratione
993 3648 1088 3687 non
1125 3633 1359 3699 prodita:
1383 3628 1735 3685 cozteriomnes
1758 3629 1937 3681 Nostra

336 3711 432 3833 pa;
444 3736 639 3833 Circum
663 3758 839 3833 vallata
1023 3757 1171 3809 Ebor.
1196 3759 1391 3833 Bod._:_’:,
1418 3760 1465 3807 4.
1515 3821 1546 3833 Δ,

393 3824 435 3890 °_
454 3823 549 3873 Tot
561 3823 1153 3890 _persect_i_t_ionibus_me_ns
1173 3818 1397 3890 quotidie
1413 3821 1631 3885 quatitur
1648 3819 1794 3873 Vossl
1810 3820 1873 3871 .N
1881 3818 1935 3869 C.

331 3882 381 3933 2.
406 3885 435 3934 Ι
437 3891 485 3935 ια
506 3881 652 3936 etiam
671 3882 723 3934 in
752 3881 875 3935 libro
899 3884 961 3933 de
982 3881 1249 3933 Patientia.

397 3947 427 3986 ά
458 3946 628 4001 Veloci
644 3954 804 3999 morte
827 3948 969 3997 Pent.
1000 3946 1205 3998 Voss.2.
1224 3944 1335 3997 ΝΟ.
1374 3944 1423 3993 2.

2071 3636 2077 3642 ‘
2102 3631 2128 3692 εξ
2160 3626 2223 3692 Et
2243 3632 2479 3676 mouente
2507 3627 2641 3692 Lam.
2678 3628 2798 3692 Voss
2837 3624 2884 3673 1.
2912 3624 3060 3692 Ebur.
3082 3627 3131 3677 Ν
3137 3626 3190 3692 C.
3206 3628 3265 3692 _l.
3284 3629 3472 3692 Bod.2,
3497 3633 3545 3681 5.

2108 3688 2129 3727 ί
2167 3690 2353 3754 Iterum
2377 3692 2544 3754 autem
2569 3688 2723 3754 Lam._
2748 3689 2958 3754 Voss;_1.
2985 3688 3119 3754 Ebor-
3136 3689 3245 3754 ΝΟ.
3272 3691 3316 3737 1.
3354 3688 3491 3754 Voss.
3519 3695 3563 3754 t,
3590 3696 3641 3743 2.

2104 3754 2131 3792 ε
2166 3751 2393 3800 Haberes
2420 3748 2666 3811 pollicenti
2696 3750 2829 3797 Lam.
2855 3747 3001 3799 Ebur.
3028 3749 3134 3798 ΝΟ.
3165 3752 3208 3799 1.
3240 3753 3379 3802 Voss.
3405 3753 3508 3811 1,2.

2102 3812 2134 3852 ιι
2165 3811 2409 3864 Credendi
2434 3813 2719 3871 magistrum
2749 3812 2926 3871 Veron.
2964 3814 3083 3861 Ben.
3114 3812 3278 3861 Paris.
3306 3814 3441 3862 Lam.
3490 3811 3636 3865 Ebor.

2044 3874 2149 3926 Liu.
2173 3877 2220 3926 Ν
2228 3874 2283 3922 C.
2304 3874 2350 3931 1,
2374 3873 2425 3921 d.
2459 3870 2596 3921 voss.
2626 3872 2672 3926 1,
2698 3870 2746 3935 2,
2771 3870 2913 3935 θοᾷ,-
2939 3872 2990 3931 2,
3015 3873 3272 3935 4.,Manut.
3317 3873 3639 3930 Credentium

2041 3930 2550 3999 magistrumpeccato
2573 3932 2749 3985 Routh.
2769 3930 3031 3984 Goldhorn.

1567 4048 1806 4107 STEPH.
1852 4042 2126 4103 BALUle
2162 4039 2390 4099 NOTAE.

400 4169 861 4247 Ill.:—Egcptt_rtcta.
889 4168 995 4226 Sex
1020 4168 1145 4247 libri
1171 4167 1358 4247 nostri,
1388 4174 1617 4238 quatuor
1642 4166 1769 4247 item
1797 4179 1931 4247 quos

330 4241 600 4318 Pamelius
616 4236 819 4307 laudat,
853 4256 988 4296 unus
1042 4239 1382 4318 biorellianus
1408 4236 1484 4318 'et
1509 4251 1648 4318 unus
1679 4236 1931 4318 Anglica-

330 4328 434 4369 nus
458 4312 658 4367 habent
683 4321 991 4381 expugnata,
1020 4311 1111 4365 alii
1131 4311 1238 4366 duo
1263 4311 1505 4381 extincta,
1537 4307 1683 4381 alius
1695 4307 1928 4375 expulsa.

329 4384 442 4439 Nos
471 4376 870 4441 secuti.sunuis
917 4376 1169 4439 meliores
1212 4380 1447 4448 codices,
1478 4379 1569 4450 qui
1599 4376 1800 4433 habent
1840 4393 1930 4432 ea;-

332 4464 543 4528 punctu.
574 4518 586 4528 .
606 4521 635 4528 ﬂ
874 4523 885 4528 _
914 4524 925 4528 _
1008 4521 1052 4528 __
1188 4523 1200 4528 Δ
1258 4498 1263 4505 .

402 4523 473 4580 IV
479 4518 586 4578 .—-'
595 4521 723 4577 Cum
745 4523 977 4577 avaritia.
1008 4521 1160 4578 Hunc
1188 4523 1362 4578 locum
1393 4522 1559 4577 refert
1583 4527 1797 4575 sanctus
1827 4518 1935 4573 Au-

2035 4172 2084 4219 et
2105 4162 2333 4234 gladios.
2348 4159 2618 4215 Admonet
2643 4166 2819 4234 autem
2841 4158 3107 4234 Pamelius
3128 4174 3187 4215 se
3207 4159 3405 4234 vidisse
3436 4162 3640 4232 laqueos

2036 4230 2293 4303 scriptum
2323 4232 2375 4286 in
2419 4240 2647 4302 quatuor
2674 4230 2823 4303 libris
2852 4231 3146 4303 veteribus,
3183 4231 3294 4303 sed
3338 4230 3507 4303 aliam
3528 4234 3641 4288 lec-

2041 4301 2242 4359 tionem
2273 4301 2579 4367 retinuisse,
2627 4302 2749 4371 quia
2775 4309 2953 4357 exstat
2994 4302 3131 4371 apud
3163 4301 3540 4371 Augustinum.

2109 4374 2235 4431 Cum
2263 4373 2551 4429 viderimus.
2584 4371 2779 4444 Viginti
2809 4387 2900 4427 sex
2927 4373 3130 4444 antiqui
3178 4371 3395 4444 codices
3436 4371 3635 4428 habent

2038 4447 2148 4517 quis
2177 4447 2258 4501 vel
2285 4445 2370 4517 qui
2389 4444 2589 4498 uiderit.
2637 4440 2745 4498 Alii
2770 4442 3174 4513 quatuordecim
3199 4440 3495 4511 praeferunt
3523 4459 3637 4497 cre-

2039 4517 2191 4572 dendi
2221 4516 2302 4571 vel
2334 4518 2555 4570 credere.

304 4556 580 4666 rgust'inus
595 4556 1929 4666 iiii?{37553};Elii;‘EEt'iioiZ§°i5eiZ§,'£§JrIni,
1958 4581 2012 4642 D
2611 4583 2838 4666 Dubium
2856 4589 3037 4666 estuan
3062 4580 3166 4651 legi
3188 4580 3382 4666 debeat
3405 4584 3641 4666 utilitatis

333 4663 452 4737 cap.
486 4666 573 4732 IO,
603 4674 658 4719 et
688 4665 781 4720 lib.
815 4680 853 4737 tt
883 4674 1059 4719 contra
1084 4663 1115 4718 J
1124 4665 1375 4737 alienum,
1402 4678 1546 4737 cap,

389 4730 705 4807 Carnutibus
731 4736 883 4790 vitiis.
903 4737 1230 4807 Augustinus
1257 4736 1351 4789 lib.
1372 4751 1431 4807 vi
1453 4733 1635 4807 Operis
1656 4730 1942 4802 imperfecti

331 4816 509 4863 contra
535 4806 822 4875 Iulianum,
854 4821 975 4877 cap.
995 4804 1070 4861 14
1103 4825 1116 4860 :
1151 4805 1252 4860 Hic
1278 4816 1349 4859 est
1370 4804 1461 4877 ille
1482 4805 1749 4877 conﬂictus
1795 4818 1941 4877 quem

332 4888 641 4934 memoratus
662 4873 857 4949 martyr
868 4873 937 4949 in'
950 4877 1077 4932 libro
1100 4894 1244 4948 quem
1271 4877 1334 4931 de
1356 4873 1665 4949 Mortalitate
1685 4873 1943 4942 conscrip-

331 4949 399 5005 sit
440 4949 707 5020 diligenter
731 4958 778 5003 et
797 4946 811 4949 ⁷
830 4946 1125 5020 ειοᾳιιειιιειυί
1144 4948 1383 5020 explicat,
1413 4948 1589 5020 dicens
1605 4949 1736 5020 inter
1763 4955 1944 5020 cwlera

332 5020 472 5091 quod
503 5015 645 5091 nobis
671 5021 879 5091 sitcum
910 5015 1363 5074 carnalibus'uitiis
1387 5030 1535 5088 atque
1573 5015 1817 5072 illecebris
1846 5029 1942 5069 sa:—

332 5089 595 5145 cularibus
615 5090 821 5145 assidua
846 5100 893 5144 et
922 5090 1135 5145 molesta
1167 5090 1393 5144 luctatio.

405 5160 651 5215 Assidua.
702 5160 928 5217 Veteres
951 5160 1217 5216 editiones
1244 5170 1299 5216 et
1324 5171 1532 5229 septem
1556 5158 1676 5213 libri
1723 5166 1934 5213 veteres

335 5232 538 5288 habent
564 5230 776 5286 assidua
817 5241 863 5286 et
888 5233 1027 5302 iugis
1055 5242 1101 5286 et
1132 5233 1361 5286 molesta.
1387 5232 1476 5302 Sic
1502 5231 1662 5302 etiam
1706 5237 1936 5302 quatuor

334 5302 635 5373 Anglicani.
666 5302 773 5358 Sed
803 5297 973 5357 multo
1001 5304 1181 5372 plures
1217 5319 1321 5357 non
1346 5297 1784 5373 habentgetjugis.
1806 5297 1936 5365 Quae

336 5369 530 5445 desunt
558 5373 719 5427 ctiam
744 5373 884 5445 apud
912 5369 1264 5445 Augustinum
1286 5376 1338 5445 in
1362 5373 1494 5428 locis
1519 5369 1644 5445 mox
1664 5369 1936 5445 adducen-

335 5443 439 5500 dis.
473 5443 541 5499 Et
586 5440 843 5514 tamenin
871 5440 1169 5499 initiolibri
1193 5446 1256 5500 de
1295 5444 1459 5514 Opere
1499 5452 1543 5496 et
1574 5440 1935 5510 Eleemosynis,

336 5529 461 5588 pag.
488 5514 621 5588 2'57,
649 5513 840 5588 legitur
866 5515 1076 5588 assidua
1102 5527 1145 5570 et
1159 5517 1302 5588 jugis
1332 5513 1577 5588 Operatio.

408 5557 1612 5656 ῗί.ἷ-’ὁίὲἴόὶἴέιιιῖἷιῖὸῖῖη”’σὲὁὶῖι’‹ἷε”ἱὲὲῖἶὲῖιὲί
1639 5582 1833 5656 legitur
1857 5581 1937 5635 la-

337 5671 493 5728 queos
514 5664 570 5728 et
589 5671 749 5725 supra
772 5653 968 5713 lineam
986 5658 1060 5712 vel
1084 5657 1304 5728 gladios.
1328 5656 1462 5728 llinc
1487 5663 1601 5728 orta
1630 5653 1942 5728 discrepan-

338 5723 414 5781 tia
443 5723 732 5781 lectionum
780 5729 831 5783 in
881 5728 1032 5783 libris
1074 5723 1365 5783 veteribus.
1398 5725 1625 5793 Quidam
1658 5723 1801 5780 enim
1829 5736 1940 5777 ma—

341 5797 561 5857 luerunt
583 5796 808 5870 laqueos,
836 5799 927 5854 alii
954 5798 1174 5869 gladios.
1207 5797 1353 5853 Uuus
1372 5812 1521 5851 meus
1554 5796 1712 5849 habet
1739 5795 1942 5863 laqueos

884 5894 1164 5959 PATROL.
1212 5891 1318 5958 IV.
1372 5889 1436 5954 S.
1482 5887 1787 5953 Cyrnus.

2042 4658 2129 4714 vel
2161 4658 2479 4711 humilitatis.
2508 4656 2642 4711 Nam
2670 4664 2896 4724 quatuor
2921 4652 3042 4708 libri
3092 4651 3380 4724 praeferunt
3410 4656 3641 4710 utilitatis

2045 4741 2101 4785 et
2127 4743 2287 4798 supra
2318 4728 2513 4782 lineam
2546 4727 2623 4798 vel
2645 4723 2968 4798 trucidantis.
2997 4724 3112 4798 Du_o
3140 4723 3229 4777 alii
3256 4725 3492 4798 utilitatis
3523 4737 3641 4798 tan-

2045 4794 2438 4855 tumJAliiduo
2468 4795 2766 4850 humilitatis
2791 4802 3018 4848 tantum.
3060 4794 3243 4863 Itaque
3269 4794 3495 4850 liberum
3542 4796 3640 4852 fuit

2044 4871 2276 4929 librariis
2310 4884 2507 4938 ponere
2529 4868 2809 4938 lectionem
2835 4878 2997 4938 quam
3026 4863 3268 4921 mallent.
3309 4867 3418 4938 Ego
3446 4867 3639 4922 luben-

2048 4952 2130 5011 ter
2158 4936 2466 5011 przeferrem
2496 4937 2817 5011 humilitatis,
2848 4936 2972 5011 quia
3006 4943 3317 5011 certumest
3362 4936 3641 5011 Christum

2046 5003 2211 5067 fuisse
2237 5012 2511 5067 doctorem
2533 5018 2588 5062 et
2604 5003 2917 5080 magistrum
2939 5003 3361 5080 humilitatis.ut
3388 5009 3504 5080 ipse
3537 5008 3643 5080 Cy-

2050 5084 2267 5152 prianus
2292 5094 2412 5135 eum
2435 5086 2590 5133 vocat
2615 5076 3074 5152 iu_Epi_st_ola_Lv1,_
3091 5091 3209 5152 pag.
3236 5076 3323 5152 9t,
3354 5080 3421 5133 ad
3442 5076 3638 5134 Tiriba-

2037 5147 2251 5219 ritanos,
2285 5152 2641 5221 Hieronymus
2668 5149 2725 5221 in
2755 5147 2989 5221 Epistula
3005 5147 3074 5201 ad
3096 5148 3393 5221 Antonium,
3427 5153 3639 5221 Augus-

2042 5225 2203 5289 tinus,
2232 5217 2354 5291 Cap.
2385 5221 2448 5275 '51
2474 5217 2641 5274 xxxm
2665 5217 2784 5274 libri
2810 5217 2873 5273 de
2908 5217 3209 5291 Yirgimlulc
3231 5228 3286 5274 et
3304 5219 3451 5291 alibi,
3481 5217 3640 5277 sanc-

2042 5304 2127 5350 tus
2169 5286 2487 5365 Ambrosius
2513 5291 2605 5365 lib.
2635 5306 2709 5353 tu,
2757 5303 2876 5365 cap.
2907 5289 2961 5355 7,
2990 5286 3061 5365 de
3081 5286 3230 5365 Fide,
3273 5298 3329 5345 et
3377 5290 3645 5365 Cazsarius

2040 5364 2372 5422 Arelatensis
2400 5363 2453 5416 in
2483 5360 2974 5433 calcegundecima:
3015 5358 3262 5433 Homilias
3284 5375 3467 5415 earum
3510 5360 3641 5433 quae

2041 5451 2072 5491 a
2096 5436 2250 5491 nobis
2277 5434 2435 5491 edita:
2464 5441 2608 5487 sunt.
2649 5431 2839 5486 Petrus
2880 5429 3152 5486 Blesensis
3200 5444 3452 5487 sermone
3483 5429 3640 5489 tertio

2043 5523 2164 5563 eum
2189 5516 2343 5561 vocat
2370 5503 2627 5558 humilem
2650 5501 2961 5570 magistrum
2985 5509 3040 5555 et
3059 5500 3332 5556 doctorem
3366 5502 3641 5557 humilita-

2043 5578 2132 5634 tis.
2159 5576 2271 5631 Huc
2298 5575 2423 5630 facit
2448 5573 2592 5644 quod
2623 5570 2980 5644 Tertullianus
3009 5570 3312 5644 in_librodc
3348 5570 3639 5644 Virginibus

2041 5647 2271 5703 vetandis
2292 5648 2367 5701 ait
2386 5640 2519 5700 nihil
2539 5658 2659 5699 esse
2688 5643 2797 5697 Deo
2823 5641 3036 5697 charius
3066 5640 3380 5697 humilitate.
3424 5640 3640 5698 Retinui

2045 5728 2222 5774 tamen
2249 5716 2500 5783 utilitatis,
2535 5715 2659 5785 quia
2701 5714 2817 5769 haec
2842 5712 3003 5771 lectio
3029 5713 3171 5769 bona
3196 5721 3280 5769 est
3301 5722 3355 5769 et
3380 5715 3644 5785 reperitur

2046 5788 2274 5850 inlibris
2299 5786 2773 5848 emendatioribus.
3066 5876 3106 5941 9

2922 5921 2933 5931 ι
3027 5877 3061 5941 1

2922 5921 2933 5931 υ
3027 5877 3061 5942 1
