  <div class='ocr_page' id='page_1' title='image "/cluster/home/n/w/nwhite01/storage/ocr_20150623/4/hvd.32044048207708/300.png"; bbox 0 0 4272 6278; ppageno 0'>
   <div class='ocr_carea' id='block_1_1' title="bbox 369 271 478 328">
    <p class='ocr_par' dir='ltr' id='par_1_1' title="bbox 369 271 478 328">
     <span class='ocr_line' id='line_1_1' title="bbox 369 271 478 328; baseline 0 0"><span class='ocrx_word' id='word_1_1' title='bbox 369 271 478 328; x_wconf 77' lang='grc'><strong><em>589</em></strong></span> 
     </span>
    </p>
   </div>
   <div class='ocr_carea' id='block_1_2' title="bbox 1577 271 2483 335">
    <p class='ocr_par' dir='ltr' id='par_1_2' title="bbox 1577 271 2483 335">
     <span class='ocr_line' id='line_1_2' title="bbox 1577 271 2483 335; baseline 0.006 -7"><span class='ocrx_word' id='word_1_2' title='bbox 1577 271 1780 330; x_wconf 77' lang='lat' dir='ltr'><strong><em>LIBER</em></strong></span> <span class='ocrx_word' id='word_1_3' title='bbox 1835 272 1924 330; x_wconf 85' lang='lat' dir='ltr'><strong><em>DE</em></strong></span> <span class='ocrx_word' id='word_1_4' title='bbox 1974 272 2483 335; x_wconf 75' lang='lat' dir='ltr'><strong><em>MORTALITATE.</em></strong></span> 
     </span>
    </p>
   </div>
   <div class='ocr_carea' id='block_1_3' title="bbox 3575 286 3682 345">
    <p class='ocr_par' dir='ltr' id='par_1_3' title="bbox 3575 286 3682 345">
     <span class='ocr_line' id='line_1_3' title="bbox 3575 286 3682 345; baseline 0.019 -2"><span class='ocrx_word' id='word_1_5' title='bbox 3575 286 3682 345; x_wconf 75' lang='lat'><strong><em>590</em></strong></span> 
     </span>
    </p>
   </div>
   <div class='ocr_carea' id='block_1_4' title="bbox 373 383 3672 475">
    <p class='ocr_par' dir='ltr' id='par_1_4' title="bbox 373 383 3672 475">
     <span class='ocr_line' id='line_1_4' title="bbox 373 383 3672 475; baseline 0.005 -34"><span class='ocrx_word' id='word_1_6' title='bbox 373 390 452 441; x_wconf 90' lang='lat' dir='ltr'><strong><em>nis</em></strong></span> <span class='ocrx_word' id='word_1_7' title='bbox 474 392 652 441; x_wconf 78' lang='lat' dir='ltr'><strong><em>vestrm</em></strong></span> <span class='ocrx_word' id='word_1_8' title='bbox 677 385 727 440; x_wconf 89' lang='lat' dir='ltr'><strong><em>in</em></strong></span> <span class='ocrx_word' id='word_1_9' title='bbox 753 391 1026 456; x_wconf 87' lang='lat' dir='ltr'><strong><em>conspectu</em></strong></span> <span class='ocrx_word' id='word_1_10' title='bbox 1047 383 1292 440; x_wconf 72' lang='lat' dir='ltr'><strong><em>claritatis</em></strong></span> <span class='ocrx_word' id='word_1_11' title='bbox 1313 385 1426 441; x_wconf 85' lang='lat' dir='ltr'><strong><em>Dei.</em></strong></span> <span class='ocrx_word' id='word_1_12' title='bbox 1446 385 1640 441; x_wconf 85' lang='lat' dir='ltr'><strong><em>Etcum</em></strong></span> <span class='ocrx_word' id='word_1_13' title='bbox 1662 389 1967 458; x_wconf 85' lang='lat' dir='ltr'><strong><em>sepelirestu</em></strong></span> <span class='ocrx_word' id='word_1_14' title='bbox 1995 393 2043 453; x_wconf 77' lang='grc' dir='ltr'>Α</span> <span class='ocrx_word' id='word_1_15' title='bbox 2073 399 2177 451; x_wconf 85' lang='lat' dir='ltr'><strong><em>tao&#39;</em></strong></span> <span class='ocrx_word' id='word_1_16' title='bbox 2196 399 2238 451; x_wconf 89' lang='lat' dir='ltr'><strong><em>si</em></strong></span> <span class='ocrx_word' id='word_1_17' title='bbox 2269 399 2390 463; x_wconf 88' lang='lat' dir='ltr'><strong><em>bene</em></strong></span> <span class='ocrx_word' id='word_1_18' title='bbox 2418 399 2714 453; x_wconf 85' lang='lat' dir='ltr'><strong><em>custodieris</em></strong></span> <span class='ocrx_word' id='word_1_19' title='bbox 2746 407 2994 472; x_wconf 74' lang='lat' dir='ltr'><strong><em>prtecepta</em></strong></span> <span class='ocrx_word' id='word_1_20' title='bbox 3032 402 3140 467; x_wconf 80' lang='lat' dir='ltr'><strong><em>eius</em></strong></span> <span class='ocrx_word' id='word_1_21' title='bbox 3162 441 3176 467; x_wconf 86' lang='lat'><strong><em>,</em></strong></span> <span class='ocrx_word' id='word_1_22' title='bbox 3215 402 3317 456; x_wconf 83' lang='lat' dir='ltr'><strong><em>sive</em></strong></span> <span class='ocrx_word' id='word_1_23' title='bbox 3343 415 3443 457; x_wconf 88' lang='lat' dir='ltr'><strong><em>non</em></strong></span> <span class='ocrx_word' id='word_1_24' title='bbox 3495 403 3672 475; x_wconf 85' lang='lat' dir='ltr'><strong><em>(Deut.</em></strong></span> 
     </span>
    </p>
   </div>
   <div class='ocr_carea' id='block_1_5' title="bbox 374 481 1975 555">
    <p class='ocr_par' dir='ltr' id='par_1_5' title="bbox 374 481 1975 555">
     <span class='ocr_line' id='line_1_5' title="bbox 374 481 1975 555; baseline 0.004 -21"><span class='ocrx_word' id='word_1_25' title='bbox 374 492 598 535; x_wconf 87' lang='lat' dir='ltr'><strong><em>mortuos</em></strong></span> <span class='ocrx_word' id='word_1_26' title='bbox 624 481 941 549; x_wconf 86' lang='lat' dir='ltr'><strong><em>simpliciter,</em></strong></span> <span class='ocrx_word' id='word_1_27' title='bbox 975 492 1022 534; x_wconf 92' lang='lat' dir='ltr'><strong><em>et</em></strong></span> <span class='ocrx_word' id='word_1_28' title='bbox 1048 482 1168 551; x_wconf 88' lang='lat' dir='ltr'><strong><em>quia</em></strong></span> <span class='ocrx_word' id='word_1_29' title='bbox 1199 498 1300 536; x_wconf 91' lang='lat' dir='ltr'><strong><em>non</em></strong></span> <span class='ocrx_word' id='word_1_30' title='bbox 1326 498 1379 536; x_wconf 85' lang='lat' dir='ltr'><strong><em>es</em></strong></span> <span class='ocrx_word' id='word_1_31' title='bbox 1408 492 1670 538; x_wconf 88' lang='lat' dir='ltr'><strong><em>cunctatus</em></strong></span> <span class='ocrx_word' id='word_1_32' title='bbox 1710 500 1975 555; x_wconf 77' lang='lat' dir='ltr'><strong><em>exsurgere</em></strong></span> 
     </span>
    </p>
   </div>
   <div class='ocr_carea' id='block_1_6' title="bbox 371 569 1976 646">
    <p class='ocr_par' dir='ltr' id='par_1_6' title="bbox 371 569 1976 646">
     <span class='ocr_line' id='line_1_6' title="bbox 371 569 1976 646; baseline 0.002 -18"><span class='ocrx_word' id='word_1_33' title='bbox 371 585 417 628; x_wconf 90' lang='lat' dir='ltr'><strong><em>et</em></strong></span> <span class='ocrx_word' id='word_1_34' title='bbox 445 569 794 644; x_wconf 81' lang='lat' dir='ltr'><strong><em>derelinquere</em></strong></span> <span class='ocrx_word' id='word_1_35' title='bbox 820 575 1092 646; x_wconf 87' lang='lat' dir='ltr'><strong><em>prandium</em></strong></span> <span class='ocrx_word' id='word_1_36' title='bbox 1122 585 1261 628; x_wconf 90' lang='lat' dir='ltr'><strong><em>tuum</em></strong></span> <span class='ocrx_word' id='word_1_37' title='bbox 1292 616 1306 642; x_wconf 94' lang='lat'><strong><em>,</em></strong></span> <span class='ocrx_word' id='word_1_38' title='bbox 1349 586 1394 629; x_wconf 90' lang='lat' dir='ltr'><strong><em>et</em></strong></span> <span class='ocrx_word' id='word_1_39' title='bbox 1447 575 1593 629; x_wconf 88' lang='lat' dir='ltr'><strong><em>abisti</em></strong></span> <span class='ocrx_word' id='word_1_40' title='bbox 1633 586 1676 630; x_wconf 89' lang='lat' dir='ltr'><strong><em>et</em></strong></span> <span class='ocrx_word' id='word_1_41' title='bbox 1703 577 1976 631; x_wconf 87' lang='lat' dir='ltr'><strong><em>condidisti</em></strong></span> 
     </span>
    </p>
   </div>
   <div class='ocr_carea' id='block_1_7' title="bbox 372 669 1975 735">
    <p class='ocr_par' dir='ltr' id='par_1_7' title="bbox 372 669 1975 735">
     <span class='ocr_line' id='line_1_7' title="bbox 372 669 1975 735; baseline 0.001 -13"><span class='ocrx_word' id='word_1_42' title='bbox 372 679 649 735; x_wconf 87' lang='lat' dir='ltr'><strong><em>mortuunt,</em></strong></span> <span class='ocrx_word' id='word_1_43' title='bbox 669 669 853 723; x_wconf 80' lang='lat' dir='ltr'><strong><em>missus</em></strong></span> <span class='ocrx_word' id='word_1_44' title='bbox 892 685 1004 722; x_wconf 82' lang='lat' dir='ltr'><strong><em>sunt</em></strong></span> <span class='ocrx_word' id='word_1_45' title='bbox 1030 678 1223 724; x_wconf 66' lang='lat' dir='ltr'><strong><em>tentare</em></strong></span> <span class='ocrx_word' id='word_1_46' title='bbox 1251 679 1297 723; x_wconf 87' lang='lat' dir='ltr'><strong><em>te</em></strong></span> <span class='ocrx_word' id='word_1_47' title='bbox 1315 710 1328 733; x_wconf 91' lang='lat'><strong><em>,</em></strong></span> <span class='ocrx_word' id='word_1_48' title='bbox 1375 679 1420 723; x_wconf 89' lang='lat' dir='ltr'><strong><em>et</em></strong></span> <span class='ocrx_word' id='word_1_49' title='bbox 1444 671 1623 724; x_wconf 88' lang='lat' dir='ltr'><strong><em>iterum</em></strong></span> <span class='ocrx_word' id='word_1_50' title='bbox 1644 671 1713 701; x_wconf 69' lang='grc'><strong><em>’³³</em></strong></span> <span class='ocrx_word' id='word_1_51' title='bbox 1743 689 1820 725; x_wconf 89' lang='lat' dir='ltr'><strong><em>me</em></strong></span> <span class='ocrx_word' id='word_1_52' title='bbox 1844 672 1975 726; x_wconf 89' lang='lat' dir='ltr'><strong><em>misit</em></strong></span> 
     </span>
    </p>
   </div>
   <div class='ocr_carea' id='block_1_8' title="bbox 371 760 1972 832">
    <p class='ocr_par' dir='ltr' id='par_1_8' title="bbox 371 760 1972 832">
     <span class='ocr_line' id='line_1_8' title="bbox 371 760 1972 832; baseline 0.001 -16"><span class='ocrx_word' id='word_1_53' title='bbox 371 760 513 817; x_wconf 88' lang='lat' dir='ltr'><strong><em>Deus</em></strong></span> <span class='ocrx_word' id='word_1_54' title='bbox 539 777 720 815; x_wconf 86' lang='lat' dir='ltr'><strong><em>curare</em></strong></span> <span class='ocrx_word' id='word_1_55' title='bbox 746 769 792 815; x_wconf 88' lang='lat' dir='ltr'><strong><em>te</em></strong></span> <span class='ocrx_word' id='word_1_56' title='bbox 829 770 875 814; x_wconf 88' lang='lat' dir='ltr'><strong><em>et</em></strong></span> <span class='ocrx_word' id='word_1_57' title='bbox 913 761 1100 814; x_wconf 84' lang='lat' dir='ltr'><strong><em>Suram</em></strong></span> <span class='ocrx_word' id='word_1_58' title='bbox 1128 777 1308 815; x_wconf 87' lang='lat' dir='ltr'><strong><em>nurum</em></strong></span> <span class='ocrx_word' id='word_1_59' title='bbox 1339 769 1497 814; x_wconf 85' lang='lat' dir='ltr'><strong><em>luant.</em></strong></span> <span class='ocrx_word' id='word_1_60' title='bbox 1545 760 1656 832; x_wconf 84' lang='lat' dir='ltr'><strong><em>Ego</em></strong></span> <span class='ocrx_word' id='word_1_61' title='bbox 1693 764 1825 817; x_wconf 89' lang='lat' dir='ltr'><strong><em>enim</em></strong></span> <span class='ocrx_word' id='word_1_62' title='bbox 1863 780 1972 817; x_wconf 87' lang='lat' dir='ltr'><strong><em>sunt</em></strong></span> 
     </span>
    </p>
   </div>
   <div class='ocr_carea' id='block_1_9' title="bbox 373 852 1976 926">
    <p class='ocr_par' dir='ltr' id='par_1_9' title="bbox 373 852 1976 926">
     <span class='ocr_line' id='line_1_9' title="bbox 373 852 1976 926; baseline 0.002 -18"><span class='ocrx_word' id='word_1_63' title='bbox 373 852 612 926; x_wconf 75' lang='lat' dir='ltr'><strong><em>[inp/mel</em></strong></span> <span class='ocrx_word' id='word_1_64' title='bbox 642 869 772 906; x_wconf 86' lang='lat' dir='ltr'><strong><em>unus</em></strong></span> <span class='ocrx_word' id='word_1_65' title='bbox 801 869 865 907; x_wconf 68' lang='lat' dir='ltr'><strong><em>ea:</em></strong></span> <span class='ocrx_word' id='word_1_66' title='bbox 889 862 1077 922; x_wconf 83' lang='lat' dir='ltr'><strong><em>septem</em></strong></span> <span class='ocrx_word' id='word_1_67' title='bbox 1108 854 1314 923; x_wconf 80' lang='lat' dir='ltr'><strong><em>Angelis</em></strong></span> <span class='ocrx_word' id='word_1_68' title='bbox 1351 855 1537 908; x_wconf 81' lang='lat' dir='ltr'><strong><em>sanctis</em></strong></span> <span class='ocrx_word' id='word_1_69' title='bbox 1570 856 1656 920; x_wconf 88' lang='lat' dir='ltr'><strong><em>qui</em></strong></span> <span class='ocrx_word' id='word_1_70' title='bbox 1692 858 1976 912; x_wconf 81' lang='lat' dir='ltr'><strong><em>assistimus&#39;</em></strong></span> 
     </span>
    </p>
   </div>
   <div class='ocr_carea' id='block_1_10' title="bbox 372 945 1917 1019">
    <p class='ocr_par' dir='ltr' id='par_1_10' title="bbox 372 945 1917 1019">
     <span class='ocr_line' id='line_1_10' title="bbox 372 945 1917 1019; baseline 0 -17"><span class='ocrx_word' id='word_1_71' title='bbox 372 959 419 1002; x_wconf 89' lang='lat' dir='ltr'><strong><em>et</em></strong></span> <span class='ocrx_word' id='word_1_72' title='bbox 446 963 804 1002; x_wconf 82' lang='lat' dir='ltr'><strong><em>conversamur</em></strong></span> <span class='ocrx_word' id='word_1_73' title='bbox 829 955 945 1000; x_wconf 82' lang='lat' dir='ltr'><strong><em>ante</em></strong></span> <span class='ocrx_word' id='word_1_74' title='bbox 970 947 1250 999; x_wconf 77' lang='lat' dir='ltr'><strong><em>claritatem</em></strong></span> <span class='ocrx_word' id='word_1_75' title='bbox 1278 945 1368 1000; x_wconf 87' lang='lat' dir='ltr'><strong><em>Dei</em></strong></span> <span class='ocrx_word' id='word_1_76' title='bbox 1393 945 1538 1017; x_wconf 92' lang='lat' dir='ltr'><strong><em>(Tob.</em></strong></span> <span class='ocrx_word' id='word_1_77' title='bbox 1571 963 1666 1012; x_wconf 83' lang='lat' dir='ltr'><strong><em>xu,</em></strong></span> <span class='ocrx_word' id='word_1_78' title='bbox 1707 949 1917 1019; x_wconf 78' lang='grc'><strong><em>11-15).</em></strong></span> 
     </span>
    </p>
   </div>
   <div class='ocr_carea' id='block_1_11' title="bbox 447 1023 1972 1108">
    <p class='ocr_par' dir='ltr' id='par_1_11' title="bbox 447 1023 1972 1108">
     <span class='ocr_line' id='line_1_11' title="bbox 447 1023 1972 1108; baseline 0.001 -15"><span class='ocrx_word' id='word_1_79' title='bbox 447 1039 538 1093; x_wconf 76' lang='lat' dir='ltr'><strong><em>XI.</em></strong></span> <span class='ocrx_word' id='word_1_80' title='bbox 595 1038 746 1094; x_wconf 77' lang='lat' dir='ltr'><strong><em>lianc</em></strong></span> <span class='ocrx_word' id='word_1_81' title='bbox 792 1023 1124 1093; x_wconf 82' lang='lat' dir='ltr'><strong><em>tolerantiam</em></strong></span> <span class='ocrx_word' id='word_1_82' title='bbox 1166 1038 1297 1108; x_wconf 83' lang='lat' dir='ltr'><strong><em>juSIi</em></strong></span> <span class='ocrx_word' id='word_1_83' title='bbox 1365 1053 1578 1108; x_wconf 79' lang='lat' dir='ltr'><strong><em>semper</em></strong></span> <span class='ocrx_word' id='word_1_84' title='bbox 1641 1039 1972 1107; x_wconf 87' lang='lat' dir='ltr'><strong><em>habuerunt,</em></strong></span> 
     </span>
    </p>
   </div>
   <div class='ocr_carea' id='block_1_12' title="bbox 375 1131 1966 1213">
    <p class='ocr_par' dir='ltr' id='par_1_12' title="bbox 375 1131 1966 1213">
     <span class='ocr_line' id='line_1_12' title="bbox 375 1131 1966 1213; baseline 0.001 -25"><span class='ocrx_word' id='word_1_85' title='bbox 375 1133 516 1188; x_wconf 80' lang='lat' dir='ltr'><strong><em>lianc</em></strong></span> <span class='ocrx_word' id='word_1_86' title='bbox 547 1132 789 1204; x_wconf 80' lang='lat' dir='ltr'><strong><em>Apostoli</em></strong></span> <span class='ocrx_word' id='word_1_87' title='bbox 816 1131 1151 1213; x_wconf 83' lang='lat' dir='ltr'><strong><em>disciplinam</em></strong></span> <span class='ocrx_word' id='word_1_88' title='bbox 1185 1132 1251 1186; x_wconf 88' lang='lat' dir='ltr'><strong><em>de</em></strong></span> <span class='ocrx_word' id='word_1_89' title='bbox 1282 1132 1486 1186; x_wconf 87' lang='lat' dir='ltr'><strong><em>Domini</em></strong></span> <span class='ocrx_word' id='word_1_90' title='bbox 1517 1133 1633 1201; x_wconf 84' lang='lat' dir='ltr'><strong><em>lege</em></strong></span> <span class='ocrx_word' id='word_1_91' title='bbox 1660 1142 1966 1200; x_wconf 84' lang='lat' dir='ltr'><strong><em>tenuerunt,</em></strong></span> 
     </span>
    </p>
   </div>
   <div class='ocr_carea' id='block_1_13' title="bbox 379 1227 1974 1299">
    <p class='ocr_par' dir='ltr' id='par_1_13' title="bbox 379 1227 1974 1299">
     <span class='ocr_line' id='line_1_13' title="bbox 379 1227 1974 1299; baseline 0.002 -17"><span class='ocrx_word' id='word_1_92' title='bbox 379 1243 486 1283; x_wconf 89' lang='lat' dir='ltr'><strong><em>non</em></strong></span> <span class='ocrx_word' id='word_1_93' title='bbox 518 1229 802 1283; x_wconf 87' lang='lat' dir='ltr'><strong><em>mussitare</em></strong></span> <span class='ocrx_word' id='word_1_94' title='bbox 832 1229 885 1282; x_wconf 88' lang='lat' dir='ltr'><strong><em>in</em></strong></span> <span class='ocrx_word' id='word_1_95' title='bbox 910 1227 1168 1292; x_wconf 75' lang='lat' dir='ltr'><strong><em>adversis,</em></strong></span> <span class='ocrx_word' id='word_1_96' title='bbox 1199 1227 1294 1282; x_wconf 89' lang='lat' dir='ltr'><strong><em>sed</em></strong></span> <span class='ocrx_word' id='word_1_97' title='bbox 1317 1242 1667 1299; x_wconf 78' lang='lat' dir='ltr'><strong><em>qmccumque</em></strong></span> <span class='ocrx_word' id='word_1_98' title='bbox 1695 1229 1748 1282; x_wconf 90' lang='lat' dir='ltr'><strong><em>in</em></strong></span> <span class='ocrx_word' id='word_1_99' title='bbox 1775 1231 1974 1285; x_wconf 59' lang='lat' dir='ltr'><strong><em>sarculo</em></strong></span> 
     </span>
    </p>
   </div>
   <div class='ocr_carea' id='block_1_14' title="bbox 373 1320 1972 1390">
    <p class='ocr_par' dir='ltr' id='par_1_14' title="bbox 373 1320 1972 1390">
     <span class='ocr_line' id='line_1_14' title="bbox 373 1320 1972 1390; baseline 0 -14"><span class='ocrx_word' id='word_1_100' title='bbox 373 1322 623 1376; x_wconf 89' lang='lat' dir='ltr'><strong><em>accidunt</em></strong></span> <span class='ocrx_word' id='word_1_101' title='bbox 671 1322 882 1376; x_wconf 77' lang='lat' dir='ltr'><strong><em>fortiter</em></strong></span> <span class='ocrx_word' id='word_1_102' title='bbox 911 1330 966 1375; x_wconf 91' lang='lat' dir='ltr'><strong><em>et</em></strong></span> <span class='ocrx_word' id='word_1_103' title='bbox 995 1321 1258 1390; x_wconf 90' lang='lat' dir='ltr'><strong><em>patienter</em></strong></span> <span class='ocrx_word' id='word_1_104' title='bbox 1287 1324 1561 1390; x_wconf 88' lang='lat' dir='ltr'><strong><em>accipere,</em></strong></span> <span class='ocrx_word' id='word_1_105' title='bbox 1599 1336 1718 1375; x_wconf 81' lang='lat' dir='ltr'><strong><em>CIIIII</em></strong></span> <span class='ocrx_word' id='word_1_106' title='bbox 1754 1320 1972 1376; x_wconf 73' lang='lat' dir='ltr'><strong><em>Jud:eo—</em></strong></span> 
     </span>
    </p>
   </div>
   <div class='ocr_carea' id='block_1_15' title="bbox 369 1411 1976 1483">
    <p class='ocr_par' dir='ltr' id='par_1_15' title="bbox 369 1411 1976 1483">
     <span class='ocr_line' id='line_1_15' title="bbox 369 1411 1976 1483; baseline 0.001 -15"><span class='ocrx_word' id='word_1_107' title='bbox 369 1429 487 1469; x_wconf 89' lang='lat' dir='ltr'><strong><em>rum</em></strong></span> <span class='ocrx_word' id='word_1_108' title='bbox 534 1413 760 1483; x_wconf 86' lang='lat' dir='ltr'><strong><em>populus</em></strong></span> <span class='ocrx_word' id='word_1_109' title='bbox 806 1413 936 1467; x_wconf 84' lang='lat' dir='ltr'><strong><em>hinc</em></strong></span> <span class='ocrx_word' id='word_1_110' title='bbox 976 1427 1190 1482; x_wconf 80' lang='lat' dir='ltr'><strong><em>semper</em></strong></span> <span class='ocrx_word' id='word_1_111' title='bbox 1215 1411 1498 1468; x_wconf 66' lang='lat' dir='ltr'><strong><em>offenderit</em></strong></span> <span class='ocrx_word' id='word_1_112' title='bbox 1527 1413 1669 1483; x_wconf 87' lang='lat' dir='ltr'><strong><em>quod</em></strong></span> <span class='ocrx_word' id='word_1_113' title='bbox 1715 1414 1976 1470; x_wconf 86' lang='lat' dir='ltr'><strong><em>adversus</em></strong></span> 
     </span>
    </p>
   </div>
   <div class='ocr_carea' id='block_1_16' title="bbox 374 1505 1973 1577">
    <p class='ocr_par' dir='ltr' id='par_1_16' title="bbox 374 1505 1973 1577">
     <span class='ocr_line' id='line_1_16' title="bbox 374 1505 1973 1577; baseline -0.003 -13"><span class='ocrx_word' id='word_1_114' title='bbox 374 1509 543 1564; x_wconf 87' lang='lat' dir='ltr'><strong><em>Deum</em></strong></span> <span class='ocrx_word' id='word_1_115' title='bbox 573 1506 911 1577; x_wconf 84' lang='lat' dir='ltr'><strong><em>frequentius</em></strong></span> <span class='ocrx_word' id='word_1_116' title='bbox 941 1515 1330 1572; x_wconf 84' lang='lat' dir='ltr'><strong><em>murmuraret,</em></strong></span> <span class='ocrx_word' id='word_1_117' title='bbox 1364 1505 1500 1560; x_wconf 81' lang='lat' dir='ltr'><strong><em>sicut</em></strong></span> <span class='ocrx_word' id='word_1_118' title='bbox 1531 1514 1755 1560; x_wconf 87' lang='lat' dir='ltr'><strong><em>testatur</em></strong></span> <span class='ocrx_word' id='word_1_119' title='bbox 1784 1507 1834 1560; x_wconf 90' lang='lat' dir='ltr'><strong><em>in</em></strong></span> <span class='ocrx_word' id='word_1_120' title='bbox 1862 1506 1973 1560; x_wconf 84' lang='lat' dir='ltr'><strong><em>Nu-</em></strong></span> 
     </span>
    </p>
   </div>
   <div class='ocr_carea' id='block_1_17' title="bbox 374 1599 1971 1658">
    <p class='ocr_par' dir='ltr' id='par_1_17' title="bbox 374 1599 1971 1658">
     <span class='ocr_line' id='line_1_17' title="bbox 374 1599 1971 1658; baseline -0.002 -1"><span class='ocrx_word' id='word_1_121' title='bbox 374 1601 542 1658; x_wconf 80' lang='lat' dir='ltr'><strong><em>meris</em></strong></span> <span class='ocrx_word' id='word_1_122' title='bbox 574 1601 832 1656; x_wconf 89' lang='lat' dir='ltr'><strong><em>Dominus</em></strong></span> <span class='ocrx_word' id='word_1_123' title='bbox 859 1600 1001 1655; x_wconf 88' lang='lat' dir='ltr'><strong><em>Deus</em></strong></span> <span class='ocrx_word' id='word_1_124' title='bbox 1028 1599 1212 1655; x_wconf 88' lang='lat' dir='ltr'><strong><em>dicens</em></strong></span> <span class='ocrx_word' id='word_1_125' title='bbox 1242 1619 1254 1655; x_wconf 93' lang='lat'>:</span> <span class='ocrx_word' id='word_1_126' title='bbox 1286 1599 1496 1653; x_wconf 82' lang='lat' dir='ltr'><strong><em>Desinat</em></strong></span> <span class='ocrx_word' id='word_1_127' title='bbox 1521 1601 1855 1654; x_wconf 86' lang='lat' dir='ltr'><strong><em>murmuratio</em></strong></span> <span class='ocrx_word' id='word_1_128' title='bbox 1884 1617 1971 1656; x_wconf 90' lang='lat' dir='ltr'><strong><em>eo-</em></strong></span> 
     </span>
    </p>
   </div>
   <div class='ocr_carea' id='block_1_18' title="bbox 376 1692 1974 1765">
    <p class='ocr_par' dir='ltr' id='par_1_18' title="bbox 376 1692 1974 1765">
     <span class='ocr_line' id='line_1_18' title="bbox 376 1692 1974 1765; baseline 0.001 -18"><span class='ocrx_word' id='word_1_129' title='bbox 376 1711 490 1748; x_wconf 84' lang='lat' dir='ltr'><strong><em>rum</em></strong></span> <span class='ocrx_word' id='word_1_130' title='bbox 517 1713 548 1748; x_wconf 86' lang='lat' dir='ltr'><strong><em>a</em></strong></span> <span class='ocrx_word' id='word_1_131' title='bbox 578 1711 672 1762; x_wconf 87' lang='lat' dir='ltr'><strong><em>me,</em></strong></span> <span class='ocrx_word' id='word_1_132' title='bbox 694 1703 738 1747; x_wconf 89' lang='lat' dir='ltr'><strong><em>et</em></strong></span> <span class='ocrx_word' id='word_1_133' title='bbox 765 1709 864 1748; x_wconf 87' lang='lat' dir='ltr'><strong><em>non</em></strong></span> <span class='ocrx_word' id='word_1_134' title='bbox 897 1692 1380 1765; x_wconf 70' lang='lat' dir='ltr'><strong><em>morientur-(Num.</em></strong></span> <span class='ocrx_word' id='word_1_135' title='bbox 1407 1708 1556 1758; x_wconf 79' lang='lat' dir='ltr'><strong><em>xvut,</em></strong></span> <span class='ocrx_word' id='word_1_136' title='bbox 1582 1693 1694 1765; x_wconf 73' lang='lat'><strong><em>25).</em></strong></span> <span class='ocrx_word' id='word_1_137' title='bbox 1738 1693 1974 1749; x_wconf 82' lang='lat' dir='ltr'><strong><em>Murmu-</em></strong></span> 
     </span>
    </p>
   </div>
   <div class='ocr_carea' id='block_1_19' title="bbox 2080 490 3678 563">
    <p class='ocr_par' dir='ltr' id='par_1_19' title="bbox 2080 490 3678 563">
     <span class='ocr_line' id='line_1_19' title="bbox 2080 490 3678 563; baseline 0.003 -19"><span class='ocrx_word' id='word_1_138' title='bbox 2080 490 2284 563; x_wconf 70' lang='grc' dir='ltr'>ιἰιι,2).</span> <span class='ocrx_word' id='word_1_139' title='bbox 2311 491 2377 545; x_wconf 82' lang='grc' dir='ltr'>Ει</span> <span class='ocrx_word' id='word_1_140' title='bbox 2399 492 2591 546; x_wconf 85' lang='lat' dir='ltr'><strong><em>iterum</em></strong></span> <span class='ocrx_word' id='word_1_141' title='bbox 2625 511 2636 546; x_wconf 90' lang='lat'><em>:</em></span> <span class='ocrx_word' id='word_1_142' title='bbox 2671 492 2852 548; x_wconf 85' lang='lat' dir='ltr'><strong><em>Tentat</em></strong></span> <span class='ocrx_word' id='word_1_143' title='bbox 2880 510 2964 548; x_wconf 88' lang='lat' dir='ltr'><strong><em>vos</em></strong></span> <span class='ocrx_word' id='word_1_144' title='bbox 2995 492 3247 550; x_wconf 85' lang='lat' dir='ltr'><strong><em>Dominus</em></strong></span> <span class='ocrx_word' id='word_1_145' title='bbox 3267 494 3404 550; x_wconf 88' lang='lat' dir='ltr'><strong><em>Deus</em></strong></span> <span class='ocrx_word' id='word_1_146' title='bbox 3425 505 3598 561; x_wconf 87' lang='lat' dir='ltr'><strong><em>vester,</em></strong></span> <span class='ocrx_word' id='word_1_147' title='bbox 3621 505 3678 550; x_wconf 89' lang='lat' dir='ltr'><strong><em>ut</em></strong></span> 
     </span>
    </p>
   </div>
   <div class='ocr_carea' id='block_1_20' title="bbox 2078 585 3679 656">
    <p class='ocr_par' dir='ltr' id='par_1_20' title="bbox 2078 585 3679 656">
     <span class='ocr_line' id='line_1_20' title="bbox 2078 585 3679 656; baseline 0.003 -19"><span class='ocrx_word' id='word_1_148' title='bbox 2078 585 2203 638; x_wconf 84' lang='lat' dir='ltr'><strong><em>sciat</em></strong></span> <span class='ocrx_word' id='word_1_149' title='bbox 2233 586 2276 639; x_wconf 88' lang='lat' dir='ltr'><strong><em>si</em></strong></span> <span class='ocrx_word' id='word_1_150' title='bbox 2307 586 2518 656; x_wconf 82' lang='lat' dir='ltr'><strong><em>diligitis</em></strong></span> <span class='ocrx_word' id='word_1_151' title='bbox 2555 586 2833 642; x_wconf 88' lang='lat' dir='ltr'><strong><em>Dominum</em></strong></span> <span class='ocrx_word' id='word_1_152' title='bbox 2872 589 3036 643; x_wconf 88' lang='lat' dir='ltr'><strong><em>Deum</em></strong></span> <span class='ocrx_word' id='word_1_153' title='bbox 3061 598 3281 643; x_wconf 81' lang='lat' dir='ltr'><strong><em>uestrum</em></strong></span> <span class='ocrx_word' id='word_1_154' title='bbox 3309 605 3372 642; x_wconf 73' lang='lat' dir='ltr'><strong><em>ea:</em></strong></span> <span class='ocrx_word' id='word_1_155' title='bbox 3397 597 3498 642; x_wconf 88' lang='lat' dir='ltr'><strong><em>toto</em></strong></span> <span class='ocrx_word' id='word_1_156' title='bbox 3526 590 3679 642; x_wconf 82' lang='lat' dir='ltr'><strong><em>corde</em></strong></span> 
     </span>
    </p>
   </div>
   <div class='ocr_carea' id='block_1_21' title="bbox 2079 678 3370 751">
    <p class='ocr_par' dir='ltr' id='par_1_21' title="bbox 2079 678 3370 751">
     <span class='ocr_line' id='line_1_21' title="bbox 2079 678 3370 751; baseline 0.005 -25"><span class='ocrx_word' id='word_1_157' title='bbox 2079 685 2240 728; x_wconf 82' lang='lat' dir='ltr'><strong><em>vestro</em></strong></span> <span class='ocrx_word' id='word_1_158' title='bbox 2269 686 2316 729; x_wconf 89' lang='lat' dir='ltr'><strong><em>et</em></strong></span> <span class='ocrx_word' id='word_1_159' title='bbox 2344 693 2406 730; x_wconf 69' lang='lat' dir='ltr'><strong><em>erc</em></strong></span> <span class='ocrx_word' id='word_1_160' title='bbox 2431 687 2534 732; x_wconf 89' lang='lat' dir='ltr'><strong><em>tota</em></strong></span> <span class='ocrx_word' id='word_1_161' title='bbox 2562 679 2735 732; x_wconf 82' lang='lat' dir='ltr'><strong><em>anima</em></strong></span> <span class='ocrx_word' id='word_1_162' title='bbox 2757 688 2916 733; x_wconf 80' lang='lat' dir='ltr'><strong><em>vestra</em></strong></span> <span class='ocrx_word' id='word_1_163' title='bbox 2939 678 3116 751; x_wconf 86' lang='lat' dir='ltr'><strong><em>(Deut.</em></strong></span> <span class='ocrx_word' id='word_1_164' title='bbox 3148 695 3260 744; x_wconf 79' lang='lat' dir='ltr'><strong><em>xm,</em></strong></span> <span class='ocrx_word' id='word_1_165' title='bbox 3292 679 3370 750; x_wconf 74' lang='grc'><strong><em>4).</em></strong></span> 
     </span>
    </p>
   </div>
   <div class='ocr_carea' id='block_1_22' title="bbox 2153 759 3674 843">
    <p class='ocr_par' dir='ltr' id='par_1_22' title="bbox 2153 759 3674 843">
     <span class='ocr_line' id='line_1_22' title="bbox 2153 759 3674 843; baseline 0.003 -20"><span class='ocrx_word' id='word_1_166' title='bbox 2153 769 2267 824; x_wconf 83' lang='lat' dir='ltr'><strong><em>XII.</em></strong></span> <span class='ocrx_word' id='word_1_167' title='bbox 2290 770 2380 826; x_wconf 86' lang='lat' dir='ltr'><strong><em>Sic</em></strong></span> <span class='ocrx_word' id='word_1_168' title='bbox 2401 770 2670 826; x_wconf 79' lang='lat' dir='ltr'><strong><em>Abraham</em></strong></span> <span class='ocrx_word' id='word_1_169' title='bbox 2696 773 2804 826; x_wconf 89' lang='lat' dir='ltr'><strong><em>Deo</em></strong></span> <span class='ocrx_word' id='word_1_170' title='bbox 2824 773 3044 843; x_wconf 82' lang='lat' dir='ltr'><strong><em>placuit,</em></strong></span> <span class='ocrx_word' id='word_1_171' title='bbox 3065 774 3174 842; x_wconf 83' lang='lat' dir='ltr'><strong><em>qui,</em></strong></span> <span class='ocrx_word' id='word_1_172' title='bbox 3203 781 3256 827; x_wconf 89' lang='lat' dir='ltr'><strong><em>ut</em></strong></span> <span class='ocrx_word' id='word_1_173' title='bbox 3284 759 3517 843; x_wconf 77' lang='lat' dir='ltr'><strong><em>placeret</em></strong></span> <span class='ocrx_word' id='word_1_174' title='bbox 3543 773 3674 836; x_wconf 85' lang='lat' dir='ltr'><strong><em>Deo,</em></strong></span> 
     </span>
    </p>
   </div>
   <div class='ocr_carea' id='block_1_23' title="bbox 2079 863 3679 934">
    <p class='ocr_par' dir='ltr' id='par_1_23' title="bbox 2079 863 3679 934">
     <span class='ocr_line' id='line_1_23' title="bbox 2079 863 3679 934; baseline 0.002 -18"><span class='ocrx_word' id='word_1_175' title='bbox 2079 878 2178 918; x_wconf 88' lang='lat' dir='ltr'><strong><em>nec</em></strong></span> <span class='ocrx_word' id='word_1_176' title='bbox 2218 863 2466 918; x_wconf 89' lang='lat' dir='ltr'><strong><em>amittere</em></strong></span> <span class='ocrx_word' id='word_1_177' title='bbox 2521 863 2688 917; x_wconf 84' lang='lat' dir='ltr'><strong><em>tilium</em></strong></span> <span class='ocrx_word' id='word_1_178' title='bbox 2739 865 3062 931; x_wconf 85' lang='lat' dir='ltr'><strong><em>timuit,nce</em></strong></span> <span class='ocrx_word' id='word_1_179' title='bbox 3109 881 3295 934; x_wconf 86' lang='lat' dir='ltr'><strong><em>gerere</em></strong></span> <span class='ocrx_word' id='word_1_180' title='bbox 3335 865 3679 933; x_wconf 80' lang='lat' dir='ltr'><strong><em>parricidium</em></strong></span> 
     </span>
    </p>
   </div>
   <div class='ocr_carea' id='block_1_24' title="bbox 2080 953 3679 1029">
    <p class='ocr_par' dir='ltr' id='par_1_24' title="bbox 2080 953 3679 1029">
     <span class='ocr_line' id='line_1_24' title="bbox 2080 953 3679 1029; baseline 0.002 -21"><span class='ocrx_word' id='word_1_181' title='bbox 2080 953 2510 1025; x_wconf 83' lang='lat' dir='ltr'><strong><em>recusavit(Gen.</em></strong></span> <span class='ocrx_word' id='word_1_182' title='bbox 2540 954 2652 1026; x_wconf 80' lang='lat' dir='ltr'><strong><em>xx).</em></strong></span> <span class='ocrx_word' id='word_1_183' title='bbox 2674 955 2770 1021; x_wconf 88' lang='lat' dir='ltr'><strong><em>Qui</em></strong></span> <span class='ocrx_word' id='word_1_184' title='bbox 2802 954 2963 1010; x_wconf 86' lang='lat' dir='ltr'><strong><em>filium</em></strong></span> <span class='ocrx_word' id='word_1_185' title='bbox 2990 973 3092 1011; x_wconf 91' lang='lat' dir='ltr'><strong><em>non</em></strong></span> <span class='ocrx_word' id='word_1_186' title='bbox 3126 967 3275 1029; x_wconf 85' lang='lat' dir='ltr'><strong><em>potes</em></strong></span> <span class='ocrx_word' id='word_1_187' title='bbox 3307 957 3419 1026; x_wconf 84' lang='lat' dir='ltr'><strong><em>lege</em></strong></span> <span class='ocrx_word' id='word_1_188' title='bbox 3447 965 3500 1012; x_wconf 90' lang='lat' dir='ltr'><strong><em>et</em></strong></span> <span class='ocrx_word' id='word_1_189' title='bbox 3531 967 3679 1011; x_wconf 87' lang='lat' dir='ltr'><strong><em>sorte</em></strong></span> 
     </span>
    </p>
   </div>
   <div class='ocr_carea' id='block_1_25' title="bbox 2078 1045 3678 1117">
    <p class='ocr_par' dir='ltr' id='par_1_25' title="bbox 2078 1045 3678 1117">
     <span class='ocr_line' id='line_1_25' title="bbox 2078 1045 3678 1117; baseline 0.002 -17"><span class='ocrx_word' id='word_1_190' title='bbox 2078 1045 2416 1101; x_wconf 81' lang='lat' dir='ltr'><strong><em>mortalitatis</em></strong></span> <span class='ocrx_word' id='word_1_191' title='bbox 2443 1048 2718 1110; x_wconf 89' lang='lat' dir='ltr'><strong><em>amittere,</em></strong></span> <span class='ocrx_word' id='word_1_192' title='bbox 2761 1046 2888 1116; x_wconf 85' lang='lat' dir='ltr'><strong><em>quid</em></strong></span> <span class='ocrx_word' id='word_1_193' title='bbox 2919 1047 3118 1103; x_wconf 82' lang='lat' dir='ltr'><strong><em>faceres</em></strong></span> <span class='ocrx_word' id='word_1_194' title='bbox 3144 1049 3184 1103; x_wconf 87' lang='lat' dir='ltr'><strong><em>si</em></strong></span> <span class='ocrx_word' id='word_1_195' title='bbox 3222 1049 3385 1102; x_wconf 91' lang='lat' dir='ltr'><strong><em>filium</em></strong></span> <span class='ocrx_word' id='word_1_196' title='bbox 3409 1048 3678 1117; x_wconf 86' lang='lat' dir='ltr'><strong><em>jubercris</em></strong></span> 
     </span>
    </p>
   </div>
   <div class='ocr_carea' id='block_1_26' title="bbox 2079 1136 3680 1206">
    <p class='ocr_par' dir='ltr' id='par_1_26' title="bbox 2079 1136 3680 1206">
     <span class='ocr_line' id='line_1_26' title="bbox 2079 1136 3680 1206; baseline 0.001 -16"><span class='ocrx_word' id='word_1_197' title='bbox 2079 1137 2358 1191; x_wconf 88' lang='lat' dir='ltr'><strong><em>occidere?</em></strong></span> <span class='ocrx_word' id='word_1_198' title='bbox 2388 1136 2468 1190; x_wconf 80' lang='lat' dir='ltr'><strong><em>Ad</em></strong></span> <span class='ocrx_word' id='word_1_199' title='bbox 2496 1138 2670 1190; x_wconf 85' lang='lat' dir='ltr'><strong><em>omnia</em></strong></span> <span class='ocrx_word' id='word_1_200' title='bbox 2704 1147 2939 1206; x_wconf 89' lang='lat' dir='ltr'><strong><em>paratum</em></strong></span> <span class='ocrx_word' id='word_1_201' title='bbox 2969 1138 3144 1193; x_wconf 79' lang='lat' dir='ltr'><strong><em>facere</em></strong></span> <span class='ocrx_word' id='word_1_202' title='bbox 3172 1139 3328 1192; x_wconf 85' lang='lat' dir='ltr'><strong><em>timor</em></strong></span> <span class='ocrx_word' id='word_1_203' title='bbox 3351 1137 3441 1192; x_wconf 87' lang='lat' dir='ltr'><strong><em>Dei</em></strong></span> <span class='ocrx_word' id='word_1_204' title='bbox 3475 1150 3525 1192; x_wconf 88' lang='lat' dir='ltr'><strong><em>et</em></strong></span> <span class='ocrx_word' id='word_1_205' title='bbox 3549 1137 3680 1192; x_wconf 88' lang='lat' dir='ltr'><strong><em>fides</em></strong></span> 
     </span>
    </p>
   </div>
   <div class='ocr_carea' id='block_1_27' title="bbox 2081 1217 3678 1296">
    <p class='ocr_par' dir='ltr' id='par_1_27' title="bbox 2081 1217 3678 1296">
     <span class='ocr_line' id='line_1_27' title="bbox 2081 1217 3678 1296; baseline 0.001 -14"><span class='ocrx_word' id='word_1_206' title='bbox 2081 1227 2262 1282; x_wconf 84' lang='lat' dir='ltr'><strong><em>debet.</em></strong></span> <span class='ocrx_word' id='word_1_207' title='bbox 2287 1228 2366 1282; x_wconf 90' lang='lat' dir='ltr'><strong><em>Sit</em></strong></span> <span class='ocrx_word' id='word_1_208' title='bbox 2390 1227 2512 1281; x_wconf 89' lang='lat' dir='ltr'><strong><em>licet</em></strong></span> <span class='ocrx_word' id='word_1_209' title='bbox 2538 1229 2612 1282; x_wconf 86' lang='lat' dir='ltr'><strong><em>rei</em></strong></span> <span class='ocrx_word' id='word_1_210' title='bbox 2640 1226 2926 1284; x_wconf 83' lang='lat' dir='ltr'><strong><em>familiaris</em></strong></span> <span class='ocrx_word' id='word_1_211' title='bbox 2951 1229 3193 1296; x_wconf 80' lang='lat' dir='ltr'><strong><em>amissio,</em></strong></span> <span class='ocrx_word' id='word_1_212' title='bbox 3225 1231 3294 1284; x_wconf 86' lang='lat' dir='ltr'><strong><em>sit</em></strong></span> <span class='ocrx_word' id='word_1_213' title='bbox 3321 1217 3385 1284; x_wconf 87' lang='lat' dir='ltr'><strong><em>de</em></strong></span> <span class='ocrx_word' id='word_1_214' title='bbox 3417 1230 3678 1284; x_wconf 88' lang='lat' dir='ltr'><strong><em>infestan-</em></strong></span> 
     </span>
    </p>
   </div>
   <div class='ocr_carea' id='block_1_28' title="bbox 2079 1318 3683 1377">
    <p class='ocr_par' dir='ltr' id='par_1_28' title="bbox 2079 1318 3683 1377">
     <span class='ocr_line' id='line_1_28' title="bbox 2079 1318 3683 1377; baseline 0.002 -4"><span class='ocrx_word' id='word_1_215' title='bbox 2079 1318 2222 1374; x_wconf 88' lang='lat' dir='ltr'><strong><em>tibus</em></strong></span> <span class='ocrx_word' id='word_1_216' title='bbox 2268 1320 2476 1375; x_wconf 81' lang='lat' dir='ltr'><strong><em>morbis</em></strong></span> <span class='ocrx_word' id='word_1_217' title='bbox 2511 1319 2723 1375; x_wconf 90' lang='lat' dir='ltr'><strong><em>assidua</em></strong></span> <span class='ocrx_word' id='word_1_218' title='bbox 2759 1321 3122 1376; x_wconf 87' lang='lat' dir='ltr'><strong><em>membrorum</em></strong></span> <span class='ocrx_word' id='word_1_219' title='bbox 3169 1331 3221 1377; x_wconf 89' lang='lat' dir='ltr'><strong><em>et</em></strong></span> <span class='ocrx_word' id='word_1_220' title='bbox 3265 1332 3484 1377; x_wconf 90' lang='lat' dir='ltr'><strong><em>cruenta</em></strong></span> <span class='ocrx_word' id='word_1_221' title='bbox 3521 1336 3683 1377; x_wconf 82' lang='lat' dir='ltr'><strong><em>vexa-</em></strong></span> 
     </span>
    </p>
   </div>
   <div class='ocr_carea' id='block_1_29' title="bbox 2074 1412 3676 1480">
    <p class='ocr_par' dir='ltr' id='par_1_29' title="bbox 2074 1412 3676 1480">
     <span class='ocr_line' id='line_1_29' title="bbox 2074 1412 3676 1480; baseline 0.003 -13"><span class='ocrx_word' id='word_1_222' title='bbox 2074 1414 2150 1467; x_wconf 78' lang='lat' dir='ltr'><strong><em>tio</em></strong></span> <span class='ocrx_word' id='word_1_223' title='bbox 2181 1455 2194 1478; x_wconf 92' lang='lat'><strong><em>,</em></strong></span> <span class='ocrx_word' id='word_1_224' title='bbox 2222 1412 2293 1467; x_wconf 85' lang='lat' dir='ltr'><strong><em>sit</em></strong></span> <span class='ocrx_word' id='word_1_225' title='bbox 2338 1413 2404 1468; x_wconf 89' lang='lat' dir='ltr'><strong><em>de</em></strong></span> <span class='ocrx_word' id='word_1_226' title='bbox 2448 1428 2633 1477; x_wconf 80' lang='lat' dir='ltr'><strong><em>uxore,</em></strong></span> <span class='ocrx_word' id='word_1_227' title='bbox 2681 1413 2746 1468; x_wconf 91' lang='lat' dir='ltr'><strong><em>de</em></strong></span> <span class='ocrx_word' id='word_1_228' title='bbox 2797 1414 3002 1480; x_wconf 88' lang='lat' dir='ltr'><strong><em>liberis,</em></strong></span> <span class='ocrx_word' id='word_1_229' title='bbox 3033 1415 3099 1470; x_wconf 90' lang='lat' dir='ltr'><strong><em>de</em></strong></span> <span class='ocrx_word' id='word_1_230' title='bbox 3135 1416 3526 1472; x_wconf 74' lang='lat' dir='ltr'><strong><em>excedentibus</em></strong></span> <span class='ocrx_word' id='word_1_231' title='bbox 3547 1416 3676 1472; x_wconf 86' lang='lat' dir='ltr'><strong><em>cha—</em></strong></span> 
     </span>
    </p>
   </div>
   <div class='ocr_carea' id='block_1_30' title="bbox 2076 1506 3683 1574">
    <p class='ocr_par' dir='ltr' id='par_1_30' title="bbox 2076 1506 3683 1574">
     <span class='ocr_line' id='line_1_30' title="bbox 2076 1506 3683 1574; baseline 0.005 -14"><span class='ocrx_word' id='word_1_232' title='bbox 2076 1507 2152 1561; x_wconf 86' lang='lat' dir='ltr'><strong><em>ris</em></strong></span> <span class='ocrx_word' id='word_1_233' title='bbox 2208 1506 2447 1562; x_wconf 86' lang='lat' dir='ltr'><strong><em>funebris</em></strong></span> <span class='ocrx_word' id='word_1_234' title='bbox 2501 1521 2554 1563; x_wconf 93' lang='lat' dir='ltr'><strong><em>et</em></strong></span> <span class='ocrx_word' id='word_1_235' title='bbox 2596 1507 2759 1563; x_wconf 83' lang='lat' dir='ltr'><strong><em>tristis</em></strong></span> <span class='ocrx_word' id='word_1_236' title='bbox 2789 1509 3025 1574; x_wconf 85' lang='lat' dir='ltr'><strong><em>avulsio;</em></strong></span> <span class='ocrx_word' id='word_1_237' title='bbox 3078 1525 3182 1564; x_wconf 90' lang='lat' dir='ltr'><strong><em>non</em></strong></span> <span class='ocrx_word' id='word_1_238' title='bbox 3221 1511 3330 1564; x_wconf 89' lang='lat' dir='ltr'><strong><em>sint</em></strong></span> <span class='ocrx_word' id='word_1_239' title='bbox 3376 1510 3466 1565; x_wconf 87' lang='lat' dir='ltr'><strong><em>tibi</em></strong></span> <span class='ocrx_word' id='word_1_240' title='bbox 3527 1527 3683 1568; x_wconf 86' lang='lat' dir='ltr'><strong><em>scan-</em></strong></span> 
     </span>
    </p>
   </div>
   <div class='ocr_carea' id='block_1_31' title="bbox 2080 1598 3684 1673">
    <p class='ocr_par' dir='ltr' id='par_1_31' title="bbox 2080 1598 3684 1673">
     <span class='ocr_line' id='line_1_31' title="bbox 2080 1598 3684 1673; baseline 0.004 -21"><span class='ocrx_word' id='word_1_241' title='bbox 2080 1598 2198 1652; x_wconf 86' lang='lat' dir='ltr'><strong><em>dala</em></strong></span> <span class='ocrx_word' id='word_1_242' title='bbox 2249 1600 2369 1666; x_wconf 90' lang='lat' dir='ltr'><strong><em>ista,</em></strong></span> <span class='ocrx_word' id='word_1_243' title='bbox 2418 1599 2510 1654; x_wconf 83' lang='lat' dir='ltr'><strong><em>&#39;sed</em></strong></span> <span class='ocrx_word' id='word_1_244' title='bbox 2560 1600 2769 1669; x_wconf 71' lang='lat' dir='ltr'><strong><em>przelia;</em></strong></span> <span class='ocrx_word' id='word_1_245' title='bbox 2824 1617 2921 1656; x_wconf 91' lang='lat' dir='ltr'><strong><em>nec</em></strong></span> <span class='ocrx_word' id='word_1_246' title='bbox 2962 1600 3244 1656; x_wconf 88' lang='lat' dir='ltr'><strong><em>debilitent</em></strong></span> <span class='ocrx_word' id='word_1_247' title='bbox 3289 1611 3380 1657; x_wconf 90' lang='lat' dir='ltr'><strong><em>aut</em></strong></span> <span class='ocrx_word' id='word_1_248' title='bbox 3437 1603 3684 1673; x_wconf 78' lang='lat' dir='ltr'><strong><em>frangant</em></strong></span> 
     </span>
    </p>
   </div>
   <div class='ocr_carea' id='block_1_32' title="bbox 2078 1688 3682 1763">
    <p class='ocr_par' dir='ltr' id='par_1_32' title="bbox 2078 1688 3682 1763">
     <span class='ocr_line' id='line_1_32' title="bbox 2078 1688 3682 1763; baseline 0.007 -23"><span class='ocrx_word' id='word_1_249' title='bbox 2078 1688 2365 1746; x_wconf 79' lang='lat' dir='ltr'><strong><em>Christiani</em></strong></span> <span class='ocrx_word' id='word_1_250' title='bbox 2390 1691 2548 1748; x_wconf 85' lang='lat' dir='ltr'><strong><em>fidem</em></strong></span> <span class='ocrx_word' id='word_1_251' title='bbox 2567 1690 2616 1757; x_wconf 68' lang='grc' dir='ltr'><strong><em>ι’,</em></strong></span> <span class='ocrx_word' id='word_1_252' title='bbox 2641 1693 2731 1748; x_wconf 87' lang='lat' dir='ltr'><strong><em>sed</em></strong></span> <span class='ocrx_word' id='word_1_253' title='bbox 2749 1693 3216 1763; x_wconf 88' lang='lat' dir='ltr'><strong><em>potiusnsteudant</em></strong></span> <span class='ocrx_word' id='word_1_254' title='bbox 3233 1694 3282 1748; x_wconf 91' lang='lat' dir='ltr'><strong><em>in</em></strong></span> <span class='ocrx_word' id='word_1_255' title='bbox 3302 1693 3682 1752; x_wconf 81' lang='lat' dir='ltr'><strong><em>colluctatione</em></strong></span> 
     </span>
    </p>
   </div>
   <div class='ocr_carea' id='block_1_33' title="bbox 375 1783 3682 1858">
    <p class='ocr_par' dir='ltr' id='par_1_33' title="bbox 375 1783 3682 1858">
     <span class='ocr_line' id='line_1_33' title="bbox 375 1783 3682 1858; baseline 0.001 -18"><span class='ocrx_word' id='word_1_256' title='bbox 375 1785 602 1840; x_wconf 85' lang='lat' dir='ltr'><strong><em>randum</em></strong></span> <span class='ocrx_word' id='word_1_257' title='bbox 635 1801 738 1839; x_wconf 91' lang='lat' dir='ltr'><strong><em>non</em></strong></span> <span class='ocrx_word' id='word_1_258' title='bbox 768 1793 856 1840; x_wconf 86' lang='lat' dir='ltr'><strong><em>est-</em></strong></span> <span class='ocrx_word' id='word_1_259' title='bbox 880 1786 932 1838; x_wconf 90' lang='lat' dir='ltr'><strong><em>in</em></strong></span> <span class='ocrx_word' id='word_1_260' title='bbox 963 1784 1222 1849; x_wconf 82' lang='lat' dir='ltr'><strong><em>adversis,</em></strong></span> <span class='ocrx_word' id='word_1_261' title='bbox 1255 1784 1446 1838; x_wconf 88' lang='lat' dir='ltr'><strong><em>fratres</em></strong></span> <span class='ocrx_word' id='word_1_262' title='bbox 1471 1783 1834 1848; x_wconf 83' lang='lat' dir='ltr'><strong><em>dilectissimi,</em></strong></span> <span class='ocrx_word' id='word_1_263' title='bbox 1871 1786 1965 1841; x_wconf 88' lang='lat' dir='ltr'><strong><em>sed</em></strong></span> <span class='ocrx_word' id='word_1_264' title='bbox 2003 1795 2051 1855; x_wconf 82' lang='grc' dir='ltr'><strong>Β</strong></span> <span class='ocrx_word' id='word_1_265' title='bbox 2081 1786 2338 1842; x_wconf 76' lang='lat' dir='ltr'><strong><em>virtutem</em></strong></span> <span class='ocrx_word' id='word_1_266' title='bbox 2364 1829 2378 1854; x_wconf 86' lang='lat'><strong><em>,</em></strong></span> <span class='ocrx_word' id='word_1_267' title='bbox 2416 1801 2536 1840; x_wconf 90' lang='lat' dir='ltr'><strong><em>cum</em></strong></span> <span class='ocrx_word' id='word_1_268' title='bbox 2568 1787 2961 1842; x_wconf 85' lang='lat' dir='ltr'><strong><em>contemnenda</em></strong></span> <span class='ocrx_word' id='word_1_269' title='bbox 3000 1788 3068 1842; x_wconf 88' lang='lat' dir='ltr'><strong><em>sit</em></strong></span> <span class='ocrx_word' id='word_1_270' title='bbox 3098 1790 3271 1845; x_wconf 85' lang='lat' dir='ltr'><strong><em>omnis</em></strong></span> <span class='ocrx_word' id='word_1_271' title='bbox 3297 1788 3487 1858; x_wconf 80' lang='lat' dir='ltr'><strong><em>injuria</em></strong></span> <span class='ocrx_word' id='word_1_272' title='bbox 3517 1790 3682 1844; x_wconf 87' lang='lat' dir='ltr'><strong><em>malo-</em></strong></span> 
     </span>
    </p>
   </div>
   <div class='ocr_carea' id='block_1_34' title="bbox 375 1876 1972 1947">
    <p class='ocr_par' dir='ltr' id='par_1_34' title="bbox 375 1876 1972 1947">
     <span class='ocr_line' id='line_1_34' title="bbox 375 1876 1972 1947; baseline 0.003 -17"><span class='ocrx_word' id='word_1_273' title='bbox 375 1878 643 1947; x_wconf 85' lang='lat' dir='ltr'><strong><em>patienler</em></strong></span> <span class='ocrx_word' id='word_1_274' title='bbox 669 1885 721 1930; x_wconf 91' lang='lat' dir='ltr'><strong><em>et</em></strong></span> <span class='ocrx_word' id='word_1_275' title='bbox 749 1877 956 1932; x_wconf 81' lang='lat' dir='ltr'><strong><em>fortiter</em></strong></span> <span class='ocrx_word' id='word_1_276' title='bbox 993 1876 1250 1946; x_wconf 84' lang='lat' dir='ltr'><strong><em>quidquid</em></strong></span> <span class='ocrx_word' id='word_1_277' title='bbox 1279 1876 1534 1931; x_wconf 86' lang='lat' dir='ltr'><strong><em>acciderit</em></strong></span> <span class='ocrx_word' id='word_1_278' title='bbox 1575 1878 1972 1946; x_wconf 87' lang='lat' dir='ltr'><strong><em>sustinendttm,</em></strong></span> 
     </span>
    </p>
   </div>
   <div class='ocr_carea' id='block_1_35' title="bbox 374 1968 1974 2040">
    <p class='ocr_par' dir='ltr' id='par_1_35' title="bbox 374 1968 1974 2040">
     <span class='ocr_line' id='line_1_35' title="bbox 374 1968 1974 2040; baseline 0.001 -17"><span class='ocrx_word' id='word_1_279' title='bbox 374 1985 497 2024; x_wconf 89' lang='lat' dir='ltr'><strong><em>cum</em></strong></span> <span class='ocrx_word' id='word_1_280' title='bbox 526 1970 782 2039; x_wconf 89' lang='lat' dir='ltr'><strong><em>scriptum</em></strong></span> <span class='ocrx_word' id='word_1_281' title='bbox 809 1970 879 2024; x_wconf 89' lang='lat' dir='ltr'><strong><em>sit</em></strong></span> <span class='ocrx_word' id='word_1_282' title='bbox 906 1988 918 2021; x_wconf 90' lang='lat'><strong>:</strong></span> <span class='ocrx_word' id='word_1_283' title='bbox 946 1969 1273 2036; x_wconf 81' lang='lat' dir='ltr'><strong><em>Sacriﬁcium</em></strong></span> <span class='ocrx_word' id='word_1_284' title='bbox 1300 1968 1407 2022; x_wconf 89' lang='lat' dir='ltr'><strong><em>Deo</em></strong></span> <span class='ocrx_word' id='word_1_285' title='bbox 1432 1969 1642 2040; x_wconf 82' lang='lat' dir='ltr'><strong><em>spiritus</em></strong></span> <span class='ocrx_word' id='word_1_286' title='bbox 1664 1971 1974 2024; x_wconf 89' lang='lat' dir='ltr'><strong><em>contribula-</em></strong></span> 
     </span>
    </p>
   </div>
   <div class='ocr_carea' id='block_1_36' title="bbox 373 2061 1976 2133">
    <p class='ocr_par' dir='ltr' id='par_1_36' title="bbox 373 2061 1976 2133">
     <span class='ocr_line' id='line_1_36' title="bbox 373 2061 1976 2133; baseline 0.002 -19"><span class='ocrx_word' id='word_1_287' title='bbox 373 2071 490 2127; x_wconf 86' lang='lat' dir='ltr'><strong><em>tus,</em></strong></span> <span class='ocrx_word' id='word_1_288' title='bbox 520 2078 608 2116; x_wconf 88' lang='lat' dir='ltr'><strong><em>cor</em></strong></span> <span class='ocrx_word' id='word_1_289' title='bbox 652 2062 924 2116; x_wconf 86' lang='lat' dir='ltr'><strong><em>contritum</em></strong></span> <span class='ocrx_word' id='word_1_290' title='bbox 972 2070 1019 2115; x_wconf 90' lang='lat' dir='ltr'><strong><em>et</em></strong></span> <span class='ocrx_word' id='word_1_291' title='bbox 1073 2061 1394 2115; x_wconf 78' lang='lat' dir='ltr'><strong><em>liumiliatum</em></strong></span> <span class='ocrx_word' id='word_1_292' title='bbox 1441 2061 1587 2117; x_wconf 82' lang='lat' dir='ltr'><strong><em>Deus</em></strong></span> <span class='ocrx_word' id='word_1_293' title='bbox 1624 2079 1724 2117; x_wconf 88' lang='lat' dir='ltr'><strong><em>non</em></strong></span> <span class='ocrx_word' id='word_1_294' title='bbox 1764 2064 1976 2133; x_wconf 82' lang='lat' dir='ltr'><strong><em>despicit</em></strong></span> 
     </span>
    </p>
   </div>
   <div class='ocr_carea' id='block_1_37' title="bbox 376 2153 1984 2226">
    <p class='ocr_par' dir='ltr' id='par_1_37' title="bbox 376 2153 1984 2226">
     <span class='ocr_line' id='line_1_37' title="bbox 376 2153 1984 2226; baseline 0.002 -20"><span class='ocrx_word' id='word_1_295' title='bbox 376 2153 554 2225; x_wconf 83' lang='lat' dir='ltr'><strong><em>(.Psal.</em></strong></span> <span class='ocrx_word' id='word_1_296' title='bbox 587 2171 640 2221; x_wconf 74' lang='grc' dir='ltr'>ι,</span> <span class='ocrx_word' id='word_1_297' title='bbox 675 2155 795 2226; x_wconf 79' lang='lat' dir='ltr'><strong><em>i9);</em></strong></span> <span class='ocrx_word' id='word_1_298' title='bbox 844 2155 895 2209; x_wconf 93' lang='lat' dir='ltr'><strong><em>in</em></strong></span> <span class='ocrx_word' id='word_1_299' title='bbox 922 2153 1339 2210; x_wconf 86' lang='lat' dir='ltr'><strong><em>Deuteronomio</em></strong></span> <span class='ocrx_word' id='word_1_300' title='bbox 1379 2170 1589 2226; x_wconf 89' lang='lat' dir='ltr'><strong><em>quoque</em></strong></span> <span class='ocrx_word' id='word_1_301' title='bbox 1622 2165 1842 2210; x_wconf 85' lang='lat' dir='ltr'><strong><em>moneat</em></strong></span> <span class='ocrx_word' id='word_1_302' title='bbox 1883 2171 1984 2226; x_wconf 90' lang='lat' dir='ltr'><strong><em>per</em></strong></span> 
     </span>
    </p>
   </div>
   <div class='ocr_carea' id='block_1_38' title="bbox 375 2247 1984 2318">
    <p class='ocr_par' dir='ltr' id='par_1_38' title="bbox 375 2247 1984 2318">
     <span class='ocr_line' id='line_1_38' title="bbox 375 2247 1984 2318; baseline -0.001 -16"><span class='ocrx_word' id='word_1_303' title='bbox 375 2247 593 2318; x_wconf 78' lang='lat' dir='ltr'><strong><em>Moysen</em></strong></span> <span class='ocrx_word' id='word_1_304' title='bbox 621 2247 848 2318; x_wconf 84' lang='lat' dir='ltr'><strong><em>Spiritus</em></strong></span> <span class='ocrx_word' id='word_1_305' title='bbox 873 2257 1091 2302; x_wconf 84' lang='lat' dir='ltr'><strong><em>sanctus</em></strong></span> <span class='ocrx_word' id='word_1_306' title='bbox 1116 2257 1171 2303; x_wconf 89' lang='lat' dir='ltr'><strong><em>et</em></strong></span> <span class='ocrx_word' id='word_1_307' title='bbox 1195 2247 1338 2302; x_wconf 83' lang='lat' dir='ltr'><strong><em>dicat</em></strong></span> <span class='ocrx_word' id='word_1_308' title='bbox 1365 2256 1411 2301; x_wconf 72' lang='grc' dir='ltr'><strong><em>τις</em></strong></span> <span class='ocrx_word' id='word_1_309' title='bbox 1443 2247 1690 2302; x_wconf 86' lang='lat' dir='ltr'><strong><em>Dominus</em></strong></span> <span class='ocrx_word' id='word_1_310' title='bbox 1713 2247 1847 2302; x_wconf 90' lang='lat' dir='ltr'><strong><em>Deus</em></strong></span> <span class='ocrx_word' id='word_1_311' title='bbox 1868 2257 1984 2301; x_wconf 86' lang='lat' dir='ltr'><strong><em>tuus</em></strong></span> 
     </span>
    </p>
   </div>
   <div class='ocr_carea' id='block_1_39' title="bbox 376 2340 1986 2413">
    <p class='ocr_par' dir='ltr' id='par_1_39' title="bbox 376 2340 1986 2413">
     <span class='ocr_line' id='line_1_39' title="bbox 376 2340 1986 2413; baseline 0 -19"><span class='ocrx_word' id='word_1_312' title='bbox 376 2340 667 2405; x_wconf 64' lang='lat' dir='ltr'><strong><em>vexabit&#39;te,</em></strong></span> <span class='ocrx_word' id='word_1_313' title='bbox 696 2350 741 2395; x_wconf 88' lang='lat' dir='ltr'><strong><em>et</em></strong></span> <span class='ocrx_word' id='word_1_314' title='bbox 771 2341 956 2410; x_wconf 80' lang='lat' dir='ltr'><strong><em>[amem</em></strong></span> <span class='ocrx_word' id='word_1_315' title='bbox 980 2340 1168 2413; x_wconf 83' lang='lat' dir='ltr'><strong><em>injiciet</em></strong></span> <span class='ocrx_word' id='word_1_316' title='bbox 1195 2340 1302 2408; x_wconf 87' lang='lat' dir='ltr'><strong><em>tibi,</em></strong></span> <span class='ocrx_word' id='word_1_317' title='bbox 1334 2349 1378 2395; x_wconf 90' lang='lat' dir='ltr'><strong><em>et</em></strong></span> <span class='ocrx_word' id='word_1_318' title='bbox 1398 2350 1726 2411; x_wconf 86' lang='lat' dir='ltr'><strong><em>cognoscetur</em></strong></span> <span class='ocrx_word' id='word_1_319' title='bbox 1750 2341 1801 2394; x_wconf 89' lang='lat' dir='ltr'><strong><em>in</em></strong></span> <span class='ocrx_word' id='word_1_320' title='bbox 1834 2341 1986 2394; x_wconf 80' lang='lat' dir='ltr'><strong><em>corde</em></strong></span> 
     </span>
    </p>
   </div>
   <div class='ocr_carea' id='block_1_40' title="bbox 2083 1877 3686 1948">
    <p class='ocr_par' dir='ltr' id='par_1_40' title="bbox 2083 1877 3686 1948">
     <span class='ocr_line' id='line_1_40' title="bbox 2083 1877 3686 1948; baseline 0.001 -14"><span class='ocrx_word' id='word_1_321' title='bbox 2083 1894 2201 1934; x_wconf 87' lang='lat' dir='ltr'><strong><em>rum</em></strong></span> <span class='ocrx_word' id='word_1_322' title='bbox 2246 1879 2595 1948; x_wconf 69' lang='lat' dir='ltr'><strong><em>prrescntium</em></strong></span> <span class='ocrx_word' id='word_1_323' title='bbox 2644 1877 2836 1932; x_wconf 88' lang='lat' dir='ltr'><strong><em>fiducia</em></strong></span> <span class='ocrx_word' id='word_1_324' title='bbox 2884 1878 3187 1933; x_wconf 85' lang='lat' dir='ltr'><strong><em>futurorum</em></strong></span> <span class='ocrx_word' id='word_1_325' title='bbox 3232 1879 3517 1935; x_wconf 86' lang='lat' dir='ltr'><strong><em>bonorum.</em></strong></span> <span class='ocrx_word' id='word_1_326' title='bbox 3571 1879 3686 1935; x_wconf 77' lang='lat' dir='ltr'><strong><em>Nisi</em></strong></span> 
     </span>
    </p>
   </div>
   <div class='ocr_carea' id='block_1_41' title="bbox 2077 1965 3682 2041">
    <p class='ocr_par' dir='ltr' id='par_1_41' title="bbox 2077 1965 3682 2041">
     <span class='ocr_line' id='line_1_41' title="bbox 2077 1965 3682 2041; baseline 0.001 -17"><span class='ocrx_word' id='word_1_327' title='bbox 2077 1971 2414 2041; x_wconf 64' lang='lat' dir='ltr'><strong><em>praecesserit</em></strong></span> <span class='ocrx_word' id='word_1_328' title='bbox 2457 1985 2656 2040; x_wconf 88' lang='lat' dir='ltr'><strong><em>pugna,</em></strong></span> <span class='ocrx_word' id='word_1_329' title='bbox 2701 1987 2805 2024; x_wconf 89' lang='lat' dir='ltr'><strong><em>non</em></strong></span> <span class='ocrx_word' id='word_1_330' title='bbox 2858 1979 3036 2040; x_wconf 87' lang='lat' dir='ltr'><strong><em>potest</em></strong></span> <span class='ocrx_word' id='word_1_331' title='bbox 3083 1986 3204 2026; x_wconf 79' lang='lat' dir='ltr'><strong><em>esse</em></strong></span> <span class='ocrx_word' id='word_1_332' title='bbox 3245 1965 3467 2026; x_wconf 79' lang='lat' dir='ltr'><strong><em>victoria</em></strong></span> <span class='ocrx_word' id='word_1_333' title='bbox 3512 1986 3682 2026; x_wconf 90' lang='lat' dir='ltr'><strong><em>:cum</em></strong></span> 
     </span>
    </p>
   </div>
   <div class='ocr_carea' id='block_1_42' title="bbox 2083 2063 3681 2135">
    <p class='ocr_par' dir='ltr' id='par_1_42' title="bbox 2083 2063 3681 2135">
     <span class='ocr_line' id='line_1_42' title="bbox 2083 2063 3681 2135; baseline 0.002 -19"><span class='ocrx_word' id='word_1_334' title='bbox 2083 2064 2246 2118; x_wconf 81' lang='lat' dir='ltr'><strong><em>fuerit</em></strong></span> <span class='ocrx_word' id='word_1_335' title='bbox 2326 2063 2378 2117; x_wconf 92' lang='lat' dir='ltr'><strong><em>in</em></strong></span> <span class='ocrx_word' id='word_1_336' title='bbox 2461 2079 2652 2135; x_wconf 67' lang='lat' dir='ltr'><strong><em>pugnae</em></strong></span> <span class='ocrx_word' id='word_1_337' title='bbox 2727 2063 3109 2133; x_wconf 81' lang='lat' dir='ltr'><strong><em>congressione</em></strong></span> <span class='ocrx_word' id='word_1_338' title='bbox 3193 2063 3456 2129; x_wconf 87' lang='lat' dir='ltr'><strong><em>victoria,</em></strong></span> <span class='ocrx_word' id='word_1_339' title='bbox 3555 2074 3681 2120; x_wconf 89' lang='lat' dir='ltr'><strong><em>tunc</em></strong></span> 
     </span>
    </p>
   </div>
   <div class='ocr_carea' id='block_1_43' title="bbox 2083 2153 3686 2227">
    <p class='ocr_par' dir='ltr' id='par_1_43' title="bbox 2083 2153 3686 2227">
     <span class='ocr_line' id='line_1_43' title="bbox 2083 2153 3686 2227; baseline 0.002 -18"><span class='ocrx_word' id='word_1_340' title='bbox 2083 2153 2239 2210; x_wconf 87' lang='lat' dir='ltr'><strong><em>datur</em></strong></span> <span class='ocrx_word' id='word_1_341' title='bbox 2267 2156 2602 2211; x_wconf 80' lang='lat' dir='ltr'><strong><em>vincentibus</em></strong></span> <span class='ocrx_word' id='word_1_342' title='bbox 2645 2165 2698 2211; x_wconf 92' lang='lat' dir='ltr'><strong><em>et</em></strong></span> <span class='ocrx_word' id='word_1_343' title='bbox 2747 2170 2967 2211; x_wconf 86' lang='lat' dir='ltr'><strong><em>corona.</em></strong></span> <span class='ocrx_word' id='word_1_344' title='bbox 3002 2154 3168 2209; x_wconf 86' lang='lat' dir='ltr'><strong><em>Navis</em></strong></span> <span class='ocrx_word' id='word_1_345' title='bbox 3208 2167 3228 2194; x_wconf 72' lang='grc' dir='ltr'>ο</span> <span class='ocrx_word' id='word_1_346' title='bbox 3276 2158 3605 2227; x_wconf 84' lang='lat' dir='ltr'><strong><em>gubernator</em></strong></span> <span class='ocrx_word' id='word_1_347' title='bbox 3631 2159 3686 2213; x_wconf 90' lang='lat' dir='ltr'><strong><em>in</em></strong></span> 
     </span>
    </p>
   </div>
   <div class='ocr_carea' id='block_1_44' title="bbox 2087 2247 3684 2318">
    <p class='ocr_par' dir='ltr' id='par_1_44' title="bbox 2087 2247 3684 2318">
     <span class='ocr_line' id='line_1_44' title="bbox 2087 2247 3684 2318; baseline 0.003 -17"><span class='ocrx_word' id='word_1_348' title='bbox 2087 2256 2405 2317; x_wconf 75' lang='lat' dir='ltr'><strong><em>tempesmte</em></strong></span> <span class='ocrx_word' id='word_1_349' title='bbox 2443 2247 2763 2311; x_wconf 86' lang='lat' dir='ltr'><strong><em>dinoscitur,</em></strong></span> <span class='ocrx_word' id='word_1_350' title='bbox 2808 2250 2858 2302; x_wconf 90' lang='lat' dir='ltr'><strong><em>in</em></strong></span> <span class='ocrx_word' id='word_1_351' title='bbox 2889 2249 3004 2303; x_wconf 87' lang='lat' dir='ltr'><strong><em>acie</em></strong></span> <span class='ocrx_word' id='word_1_352' title='bbox 3041 2249 3194 2303; x_wconf 85' lang='lat' dir='ltr'><strong><em>miles</em></strong></span> <span class='ocrx_word' id='word_1_353' title='bbox 3238 2250 3511 2318; x_wconf 88' lang='lat' dir='ltr'><strong><em>probatur.</em></strong></span> <span class='ocrx_word' id='word_1_354' title='bbox 3543 2251 3684 2306; x_wconf 83' lang='lat' dir='ltr'><strong><em>Deli-</em></strong></span> 
     </span>
    </p>
   </div>
   <div class='ocr_carea' id='block_1_45' title="bbox 2089 2341 3682 2410">
    <p class='ocr_par' dir='ltr' id='par_1_45' title="bbox 2089 2341 3682 2410">
     <span class='ocr_line' id='line_1_45' title="bbox 2089 2341 3682 2410; baseline 0.004 -16"><span class='ocrx_word' id='word_1_355' title='bbox 2089 2350 2204 2394; x_wconf 87' lang='lat' dir='ltr'><strong><em>cata</em></strong></span> <span class='ocrx_word' id='word_1_356' title='bbox 2234 2341 2453 2408; x_wconf 85' lang='lat' dir='ltr'><strong><em>jactatio</em></strong></span> <span class='ocrx_word' id='word_1_357' title='bbox 2483 2350 2566 2396; x_wconf 83' lang='lat' dir='ltr'><strong><em>est</em></strong></span> <span class='ocrx_word' id='word_1_358' title='bbox 2600 2356 2720 2396; x_wconf 90' lang='lat' dir='ltr'><strong><em>cum</em></strong></span> <span class='ocrx_word' id='word_1_359' title='bbox 2750 2341 3043 2410; x_wconf 89' lang='lat' dir='ltr'><strong><em>periculum</em></strong></span> <span class='ocrx_word' id='word_1_360' title='bbox 3077 2357 3182 2396; x_wconf 89' lang='lat' dir='ltr'><strong><em>non</em></strong></span> <span class='ocrx_word' id='word_1_361' title='bbox 3210 2352 3311 2397; x_wconf 88' lang='lat' dir='ltr'><strong><em>est.</em></strong></span> <span class='ocrx_word' id='word_1_362' title='bbox 3341 2343 3682 2400; x_wconf 83' lang='lat' dir='ltr'><strong><em>Conﬂictatio</em></strong></span> 
     </span>
    </p>
   </div>
   <div class='ocr_carea' id='block_1_46' title="bbox 1620 2433 2453 2492">
    <p class='ocr_par' dir='ltr' id='par_1_46' title="bbox 1620 2433 2453 2492">
     <span class='ocr_line' id='line_1_46' title="bbox 1620 2433 2453 2492; baseline 0.002 -4"><span class='ocrx_word' id='word_1_363' title='bbox 1620 2433 2002 2491; x_wconf 80' lang='lat' dir='ltr'><strong><em>LECTIONES</em></strong></span> <span class='ocrx_word' id='word_1_364' title='bbox 2038 2433 2453 2492; x_wconf 70' lang='lat' dir='ltr'><strong><em>VARIANTES.</em></strong></span> 
     </span>
    </p>
   </div>
   <div class='ocr_carea' id='block_1_47' title="bbox 443 2527 1401 2578">
    <p class='ocr_par' dir='ltr' id='par_1_47' title="bbox 443 2527 1401 2578">
     <span class='ocr_line' id='line_1_47' title="bbox 443 2527 1401 2578; baseline -0.001 -1"><span class='ocrx_word' id='word_1_365' title='bbox 443 2529 470 2558; x_wconf 75' lang='grc' dir='ltr'><strong><em>ιι</em></strong></span> <span class='ocrx_word' id='word_1_366' title='bbox 504 2527 730 2577; x_wconf 83' lang='lat' dir='ltr'><strong><em>Monet...</em></strong></span> <span class='ocrx_word' id='word_1_367' title='bbox 757 2527 892 2578; x_wconf 81' lang='lat' dir='ltr'><strong><em>dicit.</em></strong></span> <span class='ocrx_word' id='word_1_368' title='bbox 919 2531 1089 2578; x_wconf 76' lang='lat' dir='ltr'><strong><em>Boniti.</em></strong></span> <span class='ocrx_word' id='word_1_369' title='bbox 1117 2540 1179 2578; x_wconf 74' lang='lat' dir='ltr'><strong><em>ex</em></strong></span> <span class='ocrx_word' id='word_1_370' title='bbox 1256 2527 1401 2577; x_wconf 87' lang='lat' dir='ltr'><strong><em>codd.</em></strong></span> 
     </span>
    </p>
   </div>
   <div class='ocr_carea' id='block_1_48' title="bbox 444 2589 1544 2642">
    <p class='ocr_par' dir='ltr' id='par_1_48' title="bbox 444 2589 1544 2642">
     <span class='ocr_line' id='line_1_48' title="bbox 444 2589 1544 2642; baseline -0.005 0"><span class='ocrx_word' id='word_1_371' title='bbox 444 2589 472 2627; x_wconf 69' lang='grc' dir='ltr'>ι)</span> <span class='ocrx_word' id='word_1_372' title='bbox 506 2591 824 2642; x_wconf 83' lang='lat' dir='ltr'><strong><em>Christianam</em></strong></span> <span class='ocrx_word' id='word_1_373' title='bbox 847 2591 993 2640; x_wconf 87' lang='lat' dir='ltr'><strong><em>fidem</em></strong></span> <span class='ocrx_word' id='word_1_374' title='bbox 1018 2591 1190 2641; x_wconf 82' lang='lat' dir='ltr'><strong><em>Routlt.</em></strong></span> <span class='ocrx_word' id='word_1_375' title='bbox 1213 2603 1276 2641; x_wconf 65' lang='lat' dir='ltr'><strong><em>ex</em></strong></span> <span class='ocrx_word' id='word_1_376' title='bbox 1300 2589 1408 2640; x_wconf 84' lang='lat' dir='ltr'><strong><em>trib.</em></strong></span> <span class='ocrx_word' id='word_1_377' title='bbox 1436 2589 1544 2640; x_wconf 88' lang='lat' dir='ltr'><strong><em>cod.</em></strong></span> 
     </span>
    </p>
   </div>
   <div class='ocr_carea' id='block_1_49' title="bbox 2155 2526 3684 2598">
    <p class='ocr_par' dir='ltr' id='par_1_49' title="bbox 2155 2526 3684 2598">
     <span class='ocr_line' id='line_1_49' title="bbox 2155 2526 3684 2598; baseline 0.005 -20"><span class='ocrx_word' id='word_1_378' title='bbox 2155 2531 2177 2557; x_wconf 74' lang='grc' dir='ltr'><em>ε</em></span> <span class='ocrx_word' id='word_1_379' title='bbox 2213 2528 2333 2598; x_wconf 76' lang='lat' dir='ltr'><strong><em>Nam</em></strong></span> <span class='ocrx_word' id='word_1_380' title='bbox 2359 2529 2675 2598; x_wconf 72' lang='lat' dir='ltr'><strong><em>gubernator.</em></strong></span> <span class='ocrx_word' id='word_1_381' title='bbox 2703 2526 2878 2598; x_wconf 62' lang='lat' dir='ltr'><strong><em>Prisca</em></strong></span> <span class='ocrx_word' id='word_1_382' title='bbox 2909 2535 2955 2582; x_wconf 90' lang='lat' dir='ltr'><strong><em>et</em></strong></span> <span class='ocrx_word' id='word_1_383' title='bbox 2985 2530 3181 2595; x_wconf 89' lang='lat' dir='ltr'><strong><em>probata</em></strong></span> <span class='ocrx_word' id='word_1_384' title='bbox 3226 2529 3362 2585; x_wconf 85' lang='lat' dir='ltr'><strong><em>lectio</em></strong></span> <span class='ocrx_word' id='word_1_385' title='bbox 3409 2530 3538 2598; x_wconf 82' lang='lat' dir='ltr'><strong><em>Lips.</em></strong></span> <span class='ocrx_word' id='word_1_386' title='bbox 3563 2527 3684 2586; x_wconf 78' lang='lat' dir='ltr'><strong><em>Nam</em></strong></span> 
     </span>
    </p>
   </div>
   <div class='ocr_carea' id='block_1_50' title="bbox 2092 2590 2750 2654">
    <p class='ocr_par' dir='ltr' id='par_1_50' title="bbox 2092 2590 2750 2654">
     <span class='ocr_line' id='line_1_50' title="bbox 2092 2590 2750 2654; baseline 0 -12"><span class='ocrx_word' id='word_1_387' title='bbox 2092 2598 2136 2642; x_wconf 88' lang='lat' dir='ltr'><strong><em>et</em></strong></span> <span class='ocrx_word' id='word_1_388' title='bbox 2158 2593 2297 2640; x_wconf 89' lang='lat' dir='ltr'><strong><em>navis</em></strong></span> <span class='ocrx_word' id='word_1_389' title='bbox 2319 2590 2556 2654; x_wconf 64' lang='lat' dir='ltr'><strong><em>expunxit</em></strong></span> <span class='ocrx_word' id='word_1_390' title='bbox 2581 2590 2750 2643; x_wconf 80' lang='lat' dir='ltr'><strong><em>Itoutlt.</em></strong></span> 
     </span>
    </p>
   </div>
   <div class='ocr_carea' id='block_1_51' title="bbox 1617 2694 2439 2752">
    <p class='ocr_par' dir='ltr' id='par_1_51' title="bbox 1617 2694 2439 2752">
     <span class='ocr_line' id='line_1_51' title="bbox 1617 2694 2439 2752; baseline -0.004 -1"><span class='ocrx_word' id='word_1_391' title='bbox 1617 2694 1856 2751; x_wconf 80' lang='lat' dir='ltr'><strong><em>STEPH.</em></strong></span> <span class='ocrx_word' id='word_1_392' title='bbox 1903 2694 2172 2752; x_wconf 75' lang='lat' dir='ltr'><strong><em>BALUZII</em></strong></span> <span class='ocrx_word' id='word_1_393' title='bbox 2211 2695 2439 2751; x_wconf 69' lang='grc' dir='ltr'><strong><em>ΝΟΤΑΞ.</em></strong></span> 
     </span>
    </p>
   </div>
   <div class='ocr_carea' id='block_1_52' title="bbox 455 2789 1983 2858">
    <p class='ocr_par' dir='ltr' id='par_1_52' title="bbox 455 2789 1983 2858">
     <span class='ocr_line' id='line_1_52' title="bbox 455 2789 1983 2858; baseline -0.005 -9"><span class='ocrx_word' id='word_1_394' title='bbox 455 2791 1054 2849; x_wconf 76' lang='lat' dir='ltr'><strong><em>XL—Murmurandum</em></strong></span> <span class='ocrx_word' id='word_1_395' title='bbox 1076 2807 1175 2844; x_wconf 89' lang='lat' dir='ltr'><strong><em>non</em></strong></span> <span class='ocrx_word' id='word_1_396' title='bbox 1203 2789 1662 2858; x_wconf 72' lang='lat' dir='ltr'><strong><em>est.I--Iier0ny_mns</em></strong></span> <span class='ocrx_word' id='word_1_397' title='bbox 1677 2789 1727 2841; x_wconf 88' lang='lat' dir='ltr'><strong><em>in</em></strong></span> <span class='ocrx_word' id='word_1_398' title='bbox 1744 2789 1983 2858; x_wconf 75' lang='lat' dir='ltr'><strong><em>Epistula</em></strong></span> 
     </span>
    </p>
   </div>
   <div class='ocr_carea' id='block_1_53' title="bbox 380 2856 1984 2920">
    <p class='ocr_par' dir='ltr' id='par_1_53' title="bbox 380 2856 1984 2920">
     <span class='ocr_line' id='line_1_53' title="bbox 380 2856 1984 2920; baseline -0.006 0"><span class='ocrx_word' id='word_1_399' title='bbox 380 2867 445 2920; x_wconf 80' lang='lat' dir='ltr'><strong><em>ad</em></strong></span> <span class='ocrx_word' id='word_1_400' title='bbox 477 2864 865 2920; x_wconf 78' lang='lat' dir='ltr'><strong><em>Pontinae/tium</em></strong></span> <span class='ocrx_word' id='word_1_401' title='bbox 892 2871 944 2917; x_wconf 90' lang='lat' dir='ltr'><strong><em>et</em></strong></span> <span class='ocrx_word' id='word_1_402' title='bbox 966 2861 1221 2915; x_wconf 81' lang='lat' dir='ltr'><strong><em>Oceanum</em></strong></span> <span class='ocrx_word' id='word_1_403' title='bbox 1240 2856 1767 2914; x_wconf 68' lang='lat' dir='ltr'><strong><em>adversusRufinum</em></strong></span> <span class='ocrx_word' id='word_1_404' title='bbox 1804 2877 1816 2910; x_wconf 87' lang='lat'>:</span> <span class='ocrx_word' id='word_1_405' title='bbox 1846 2856 1984 2911; x_wconf 85' lang='lat' dir='ltr'><strong><em>Pru-</em></strong></span> 
     </span>
    </p>
   </div>
   <div class='ocr_carea' id='block_1_54' title="bbox 380 2930 1987 2997">
    <p class='ocr_par' dir='ltr' id='par_1_54' title="bbox 380 2930 1987 2997">
     <span class='ocr_line' id='line_1_54' title="bbox 380 2930 1987 2997; baseline -0.005 -8"><span class='ocrx_word' id='word_1_406' title='bbox 380 2937 548 2990; x_wconf 82' lang='lat' dir='ltr'><strong><em>dentis</em></strong></span> <span class='ocrx_word' id='word_1_407' title='bbox 579 2935 794 2988; x_wconf 78' lang='lat' dir='ltr'><strong><em>hominis</em></strong></span> <span class='ocrx_word' id='word_1_408' title='bbox 821 2941 910 2996; x_wconf 86' lang='lat' dir='ltr'><strong><em>est,</em></strong></span> <span class='ocrx_word' id='word_1_409' title='bbox 940 2936 1136 2985; x_wconf 87' lang='lat' dir='ltr'><strong><em>etiamsi</em></strong></span> <span class='ocrx_word' id='word_1_410' title='bbox 1161 2932 1346 2997; x_wconf 82' lang='lat' dir='ltr'><strong><em>doleat,</em></strong></span> <span class='ocrx_word' id='word_1_411' title='bbox 1380 2930 1703 2983; x_wconf 77' lang='lat' dir='ltr'><strong><em>dissimulem</em></strong></span> <span class='ocrx_word' id='word_1_412' title='bbox 1736 2931 1987 2983; x_wconf 87' lang='lat' dir='ltr'><strong><em>conscien-</em></strong></span> 
     </span>
    </p>
   </div>
   <div class='ocr_carea' id='block_1_55' title="bbox 380 3001 1984 3072">
    <p class='ocr_par' dir='ltr' id='par_1_55' title="bbox 380 3001 1984 3072">
     <span class='ocr_line' id='line_1_55' title="bbox 380 3001 1984 3072; baseline -0.004 -12"><span class='ocrx_word' id='word_1_413' title='bbox 380 3011 510 3061; x_wconf 85' lang='lat' dir='ltr'><strong><em>tiam</em></strong></span> <span class='ocrx_word' id='word_1_414' title='bbox 539 3017 583 3060; x_wconf 84' lang='lat' dir='ltr'><strong><em>ct</em></strong></span> <span class='ocrx_word' id='word_1_415' title='bbox 616 3005 783 3059; x_wconf 82' lang='lat' dir='ltr'><strong><em>cordis</em></strong></span> <span class='ocrx_word' id='word_1_416' title='bbox 808 3005 1035 3057; x_wconf 84' lang='lat' dir='ltr'><strong><em>nubilam</em></strong></span> <span class='ocrx_word' id='word_1_417' title='bbox 1057 3004 1238 3072; x_wconf 77' lang='lat' dir='ltr'><strong><em>frontis</em></strong></span> <span class='ocrx_word' id='word_1_418' title='bbox 1259 3005 1530 3072; x_wconf 74' lang='lat' dir='ltr'><strong><em>serenitate</em></strong></span> <span class='ocrx_word' id='word_1_419' title='bbox 1546 3002 1807 3055; x_wconf 82' lang='lat' dir='ltr'><strong><em>discutere.</em></strong></span> <span class='ocrx_word' id='word_1_420' title='bbox 1843 3001 1984 3054; x_wconf 83' lang='lat' dir='ltr'><strong><em>Inter</em></strong></span> 
     </span>
    </p>
   </div>
   <div class='ocr_carea' id='block_1_56' title="bbox 383 3071 1985 3142">
    <p class='ocr_par' dir='ltr' id='par_1_56' title="bbox 383 3071 1985 3142">
     <span class='ocr_line' id='line_1_56' title="bbox 383 3071 1985 3142; baseline -0.005 -10"><span class='ocrx_word' id='word_1_421' title='bbox 383 3079 633 3132; x_wconf 82' lang='lat' dir='ltr'><strong><em>mandata</em></strong></span> <span class='ocrx_word' id='word_1_422' title='bbox 657 3083 1004 3142; x_wconf 58' lang='lat' dir='ltr'><strong><em>quassanctus</em></strong></span> <span class='ocrx_word' id='word_1_423' title='bbox 1028 3071 1347 3136; x_wconf 72' lang='lat' dir='ltr'><strong><em>Ludovicus,</em></strong></span> <span class='ocrx_word' id='word_1_424' title='bbox 1379 3089 1467 3126; x_wconf 81' lang='lat' dir='ltr'><strong><em>rex</em></strong></span> <span class='ocrx_word' id='word_1_425' title='bbox 1495 3071 1843 3136; x_wconf 80' lang='lat' dir='ltr'><strong><em>Francomm,</em></strong></span> <span class='ocrx_word' id='word_1_426' title='bbox 1874 3087 1985 3125; x_wconf 70' lang='grc' dir='ltr'>ιιιοι</span> 
     </span>
    </p>
   </div>
   <div class='ocr_carea' id='block_1_57' title="bbox 331 3143 1982 3212">
    <p class='ocr_par' dir='ltr' id='par_1_57' title="bbox 331 3143 1982 3212">
     <span class='ocr_line' id='line_1_57' title="bbox 331 3143 1982 3212; baseline -0.008 -5"><span class='ocrx_word' id='word_1_427' title='bbox 331 3189 348 3206; x_wconf 83' lang='grc'><strong><em>..</em></strong></span> <span class='ocrx_word' id='word_1_428' title='bbox 384 3150 529 3204; x_wconf 77' lang='lat' dir='ltr'><strong><em>riens</em></strong></span> <span class='ocrx_word' id='word_1_429' title='bbox 547 3147 688 3200; x_wconf 83' lang='lat' dir='ltr'><strong><em>dedit</em></strong></span> <span class='ocrx_word' id='word_1_430' title='bbox 709 3147 815 3197; x_wconf 82' lang='lat' dir='ltr'><strong><em>lilio</em></strong></span> <span class='ocrx_word' id='word_1_431' title='bbox 833 3144 1095 3209; x_wconf 88' lang='lat' dir='ltr'><strong><em>suo,istud</em></strong></span> <span class='ocrx_word' id='word_1_432' title='bbox 1117 3144 1376 3212; x_wconf 88' lang='lat' dir='ltr'><strong><em>imprimis</em></strong></span> <span class='ocrx_word' id='word_1_433' title='bbox 1394 3144 1684 3211; x_wconf 84' lang='lat' dir='ltr'><strong><em>reperitur:</em></strong></span> <span class='ocrx_word' id='word_1_434' title='bbox 1711 3143 1982 3208; x_wconf 78' lang='lat' dir='ltr'><strong><em>Prceterea,</em></strong></span> 
     </span>
    </p>
   </div>
   <div class='ocr_carea' id='block_1_58' title="bbox 2089 2791 3688 2878">
    <p class='ocr_par' dir='ltr' id='par_1_58' title="bbox 2089 2791 3688 2878">
     <span class='ocr_line' id='line_1_58' title="bbox 2089 2791 3688 2878; baseline 0.012 -35"><span class='ocrx_word' id='word_1_435' title='bbox 2089 2791 2199 2878; x_wconf 78' lang='lat' dir='ltr'><strong><em>dias</em></strong></span> <span class='ocrx_word' id='word_1_436' title='bbox 2224 2792 2514 2878; x_wconf 64' lang='lat' dir='ltr'><strong><em>imperator,</em></strong></span> <span class='ocrx_word' id='word_1_437' title='bbox 2547 2801 2859 2878; x_wconf 67' lang='lat' dir='ltr'><strong><em>tempestates</em></strong></span> <span class='ocrx_word' id='word_1_438' title='bbox 2886 2794 3209 2878; x_wconf 68' lang='lat' dir='ltr'><strong><em>gubernator.</em></strong></span> <span class='ocrx_word' id='word_1_439' title='bbox 3252 2797 3490 2878; x_wconf 78' lang='lat' dir='ltr'><strong><em>_Joannes</em></strong></span> <span class='ocrx_word' id='word_1_440' title='bbox 3514 2803 3688 2878; x_wconf 80' lang='lat' dir='ltr'><strong><em>Chry-</em></strong></span> 
     </span>
    </p>
   </div>
   <div class='ocr_carea' id='block_1_59' title="bbox 2089 2863 3681 2938">
    <p class='ocr_par' dir='ltr' id='par_1_59' title="bbox 2089 2863 3681 2938">
     <span class='ocr_line' id='line_1_59' title="bbox 2089 2863 3681 2938; baseline 0.011 -24"><span class='ocrx_word' id='word_1_441' title='bbox 2089 2872 2355 2914; x_wconf 69' lang='grc' dir='ltr'>ευδιωιιιιις</span> <span class='ocrx_word' id='word_1_442' title='bbox 2379 2864 2436 2938; x_wconf 78' lang='lat' dir='ltr'><strong><em>in</em></strong></span> <span class='ocrx_word' id='word_1_443' title='bbox 2473 2863 2706 2931; x_wconf 81' lang='lat' dir='ltr'><strong><em>Epistula</em></strong></span> <span class='ocrx_word' id='word_1_444' title='bbox 2734 2880 2945 2918; x_wconf 68' lang='lat' dir='ltr'><strong><em>ccxxx”</em></strong></span> <span class='ocrx_word' id='word_1_445' title='bbox 2979 2867 3046 2918; x_wconf 87' lang='lat' dir='ltr'><strong><em>ad</em></strong></span> <span class='ocrx_word' id='word_1_446' title='bbox 3085 2867 3348 2923; x_wconf 82' lang='lat' dir='ltr'><strong><em>Venerium</em></strong></span> <span class='ocrx_word' id='word_1_447' title='bbox 3391 2875 3464 2926; x_wconf 88' lang='lat' dir='ltr'><strong><em>ait</em></strong></span> <span class='ocrx_word' id='word_1_448' title='bbox 3488 2863 3681 2938; x_wconf 70' lang='lat' dir='ltr'><strong><em>guber-</em></strong></span> 
     </span>
    </p>
   </div>
   <div class='ocr_carea' id='block_1_60' title="bbox 2091 2929 3685 3010">
    <p class='ocr_par' dir='ltr' id='par_1_60' title="bbox 2091 2929 3685 3010">
     <span class='ocr_line' id='line_1_60' title="bbox 2091 2929 3685 3010; baseline 0.009 -24"><span class='ocrx_word' id='word_1_449' title='bbox 2091 2942 2328 3010; x_wconf 82' lang='lat' dir='ltr'><strong><em>uatorem</em></strong></span> <span class='ocrx_word' id='word_1_450' title='bbox 2379 2933 2428 2986; x_wconf 86' lang='lat' dir='ltr'><strong><em>in</em></strong></span> <span class='ocrx_word' id='word_1_451' title='bbox 2460 2929 2782 3010; x_wconf 76' lang='lat' dir='ltr'><strong><em>tempestate</em></strong></span> <span class='ocrx_word' id='word_1_452' title='bbox 2801 2939 3071 3010; x_wconf 73' lang='lat' dir='ltr'><strong><em>cognosci,</em></strong></span> <span class='ocrx_word' id='word_1_453' title='bbox 3129 2941 3390 2994; x_wconf 85' lang='lat' dir='ltr'><strong><em>medicum</em></strong></span> <span class='ocrx_word' id='word_1_454' title='bbox 3423 2929 3685 3010; x_wconf 54' lang='lat' dir='ltr'><strong><em>Opimium</em></strong></span> 
     </span>
    </p>
   </div>
   <div class='ocr_carea' id='block_1_61' title="bbox 2089 3005 3683 3082">
    <p class='ocr_par' dir='ltr' id='par_1_61' title="bbox 2089 3005 3683 3082">
     <span class='ocr_line' id='line_1_61' title="bbox 2089 3005 3683 3082; baseline 0.011 -29"><span class='ocrx_word' id='word_1_455' title='bbox 2089 3005 2360 3082; x_wconf 61' lang='lat' dir='ltr'><strong><em>graviores</em></strong></span> <span class='ocrx_word' id='word_1_456' title='bbox 2386 3008 2624 3082; x_wconf 64' lang='lat' dir='ltr'><strong><em>corporis</em></strong></span> <span class='ocrx_word' id='word_1_457' title='bbox 2651 3006 2864 3082; x_wconf 78' lang='lat' dir='ltr'><strong><em>inm-bos</em></strong></span> <span class='ocrx_word' id='word_1_458' title='bbox 2890 3007 3142 3082; x_wconf 77' lang='lat' dir='ltr'><strong><em>indicare.</em></strong></span> <span class='ocrx_word' id='word_1_459' title='bbox 3165 3010 3434 3082; x_wconf 76' lang='lat' dir='ltr'><strong><em>Sidonius,</em></strong></span> <span class='ocrx_word' id='word_1_460' title='bbox 3461 3005 3550 3069; x_wconf 86' lang='lat' dir='ltr'><strong><em>lib.</em></strong></span> <span class='ocrx_word' id='word_1_461' title='bbox 3569 3033 3683 3082; x_wconf 89' lang='lat' dir='ltr'><strong><em>vm,</em></strong></span> 
     </span>
    </p>
   </div>
   <div class='ocr_carea' id='block_1_62' title="bbox 2092 3074 3687 3149">
    <p class='ocr_par' dir='ltr' id='par_1_62' title="bbox 2092 3074 3687 3149">
     <span class='ocr_line' id='line_1_62' title="bbox 2092 3074 3687 3149; baseline 0.008 -21"><span class='ocrx_word' id='word_1_462' title='bbox 2092 3074 2261 3142; x_wconf 65' lang='grc' dir='ltr'><strong><em>Ει-ιὶςι.</em></strong></span> <span class='ocrx_word' id='word_1_463' title='bbox 2298 3091 2325 3127; x_wconf 84' lang='lat' dir='ltr'><strong><em>x</em></strong></span> <span class='ocrx_word' id='word_1_464' title='bbox 2359 3091 2370 3126; x_wconf 89' lang='lat'><strong>:</strong></span> <span class='ocrx_word' id='word_1_465' title='bbox 2411 3075 2637 3149; x_wconf 81' lang='lat' dir='ltr'><strong><em>Medicus</em></strong></span> <span class='ocrx_word' id='word_1_466' title='bbox 2669 3077 2724 3149; x_wconf 78' lang='lat' dir='ltr'><strong><em>in</em></strong></span> <span class='ocrx_word' id='word_1_467' title='bbox 2749 3077 3111 3149; x_wconf 78' lang='lat' dir='ltr'><strong><em>desperatione,</em></strong></span> <span class='ocrx_word' id='word_1_468' title='bbox 3136 3081 3440 3149; x_wconf 74' lang='lat' dir='ltr'><strong><em>gubernator</em></strong></span> <span class='ocrx_word' id='word_1_469' title='bbox 3470 3085 3520 3137; x_wconf 90' lang='lat' dir='ltr'><strong><em>in</em></strong></span> <span class='ocrx_word' id='word_1_470' title='bbox 3560 3074 3687 3141; x_wconf 54' lang='lat' dir='ltr'><strong><em>tein;</em></strong></span> 
     </span>
    </p>
   </div>
   <div class='ocr_carea' id='block_1_63' title="bbox 2094 3146 3685 3221">
    <p class='ocr_par' dir='ltr' id='par_1_63' title="bbox 2094 3146 3685 3221">
     <span class='ocr_line' id='line_1_63' title="bbox 2094 3146 3685 3221; baseline 0.001 -24"><span class='ocrx_word' id='word_1_471' title='bbox 2094 3156 2282 3214; x_wconf 86' lang='lat' dir='ltr'><strong><em>pestate</em></strong></span> <span class='ocrx_word' id='word_1_472' title='bbox 2309 3146 2643 3221; x_wconf 76' lang='lat' dir='ltr'><strong><em>cognoscitur.</em></strong></span> <span class='ocrx_word' id='word_1_473' title='bbox 2674 3146 3031 3221; x_wconf 78' lang='lat' dir='ltr'><strong><em>Quintilianus</em></strong></span> <span class='ocrx_word' id='word_1_474' title='bbox 3061 3146 3151 3221; x_wconf 53' lang='lat' dir='ltr'><strong><em>lib:</em></strong></span> <span class='ocrx_word' id='word_1_475' title='bbox 3186 3167 3254 3214; x_wconf 84' lang='lat' dir='ltr'><strong><em>tv,</em></strong></span> <span class='ocrx_word' id='word_1_476' title='bbox 3286 3168 3402 3221; x_wconf 88' lang='lat' dir='ltr'><strong><em>cap.</em></strong></span> <span class='ocrx_word' id='word_1_477' title='bbox 3432 3156 3453 3208; x_wconf 81' lang='grc'>1</span> <span class='ocrx_word' id='word_1_478' title='bbox 3483 3175 3492 3208; x_wconf 92' lang='lat'>:</span> <span class='ocrx_word' id='word_1_479' title='bbox 3517 3155 3685 3212; x_wconf 68' lang='grc' dir='ltr'><strong><em>Ρρεεξ..</em></strong></span> 
     </span>
    </p>
   </div>
   <div class='ocr_carea' id='block_1_64' title="bbox 386 3214 3681 3298">
    <p class='ocr_par' dir='ltr' id='par_1_64' title="bbox 386 3214 3681 3298">
     <span class='ocr_line' id='line_1_64' title="bbox 386 3214 3681 3298; baseline 0.003 -25"><span class='ocrx_word' id='word_1_480' title='bbox 386 3223 430 3273; x_wconf 86' lang='lat' dir='ltr'><strong><em>si</em></strong></span> <span class='ocrx_word' id='word_1_481' title='bbox 453 3218 699 3271; x_wconf 87' lang='lat' dir='ltr'><strong><em>Dominus</em></strong></span> <span class='ocrx_word' id='word_1_482' title='bbox 727 3217 814 3268; x_wconf 88' lang='lat' dir='ltr'><strong><em>tibi</em></strong></span> <span class='ocrx_word' id='word_1_483' title='bbox 831 3215 1053 3296; x_wconf 78' lang='lat' dir='ltr'><strong><em>aliquant</em></strong></span> <span class='ocrx_word' id='word_1_484' title='bbox 1077 3215 1462 3298; x_wconf 62' lang='lat' dir='ltr'><strong><em>tribulationem</em></strong></span> <span class='ocrx_word' id='word_1_485' title='bbox 1476 3214 1656 3266; x_wconf 83' lang='lat' dir='ltr'><strong><em>habere</em></strong></span> <span class='ocrx_word' id='word_1_486' title='bbox 1677 3215 1984 3298; x_wconf 52' lang='lat' dir='ltr'><strong><em>permisg‘rit,</em></strong></span> <span class='ocrx_word' id='word_1_487' title='bbox 2015 3230 2059 3293; x_wconf 67' lang='grc' dir='ltr'><strong>ς</strong></span> <span class='ocrx_word' id='word_1_488' title='bbox 2097 3233 2206 3298; x_wconf 77' lang='lat' dir='ltr'><strong><em>ntus</em></strong></span> <span class='ocrx_word' id='word_1_489' title='bbox 2236 3214 2697 3298; x_wconf 20' lang='lat' dir='ltr'><strong><em>certe’guberndtgr</em></strong></span> <span class='ocrx_word' id='word_1_490' title='bbox 2721 3219 2806 3298; x_wconf 46' lang='grc' dir='ltr'><strong><em>(γέ-ιί</em></strong></span> <span class='ocrx_word' id='word_1_491' title='bbox 2828 3234 3018 3280; x_wconf 84' lang='lat' dir='ltr'><strong><em>navent,</em></strong></span> <span class='ocrx_word' id='word_1_492' title='bbox 3043 3219 3162 3271; x_wconf 87' lang='lat' dir='ltr'><strong><em>dum</em></strong></span> <span class='ocrx_word' id='word_1_493' title='bbox 3182 3214 3383 3290; x_wconf 81' lang='lat' dir='ltr'><strong><em>portum</em></strong></span> <span class='ocrx_word' id='word_1_494' title='bbox 3411 3228 3681 3298; x_wconf 79' lang='lat' dir='ltr'><strong><em>egreditur,</em></strong></span> 
     </span>
    </p>
   </div>
   <div class='ocr_carea' id='block_1_65' title="bbox 388 3284 1990 3360">
    <p class='ocr_par' dir='ltr' id='par_1_65' title="bbox 388 3284 1990 3360">
     <span class='ocr_line' id='line_1_65' title="bbox 388 3284 1990 3360; baseline -0.004 -16"><span class='ocrx_word' id='word_1_495' title='bbox 388 3291 596 3360; x_wconf 87' lang='lat' dir='ltr'><strong><em>benigne</em></strong></span> <span class='ocrx_word' id='word_1_496' title='bbox 622 3300 666 3341; x_wconf 87' lang='lat' dir='ltr'><strong><em>et</em></strong></span> <span class='ocrx_word' id='word_1_497' title='bbox 689 3286 1337 3360; x_wconf 73' lang='lat' dir='ltr'><strong><em>cum_gratiarum_gctione</em></strong></span> <span class='ocrx_word' id='word_1_498' title='bbox 1380 3287 1526 3360; x_wconf 81' lang='lat' dir='ltr'><strong><em>debes</em></strong></span> <span class='ocrx_word' id='word_1_499' title='bbox 1552 3286 1826 3360; x_wconf 70' lang='lat' dir='ltr'><strong><em>suscipere.</em></strong></span> <span class='ocrx_word' id='word_1_500' title='bbox 1866 3284 1990 3360; x_wconf 84' lang='lat' dir='ltr'><strong><em>Ful-</em></strong></span> 
     </span>
    </p>
   </div>
   <div class='ocr_carea' id='block_1_66' title="bbox 386 3355 1994 3430">
    <p class='ocr_par' dir='ltr' id='par_1_66' title="bbox 386 3355 1994 3430">
     <span class='ocr_line' id='line_1_66' title="bbox 386 3355 1994 3430; baseline -0.005 -16"><span class='ocrx_word' id='word_1_501' title='bbox 386 3355 593 3430; x_wconf 75' lang='lat' dir='ltr'><strong><em>gentius</em></strong></span> <span class='ocrx_word' id='word_1_502' title='bbox 627 3355 896 3412; x_wconf 82' lang='lat' dir='ltr'><strong><em>Placiades</em></strong></span> <span class='ocrx_word' id='word_1_503' title='bbox 926 3357 1081 3430; x_wconf 35' lang='grc' dir='ltr'>Ι-ἰιιηιι</span> <span class='ocrx_word' id='word_1_504' title='bbox 1111 3355 1554 3430; x_wconf 32' lang='grc' dir='ltr'>Μγιλιιοιοείιποιιε</span> <span class='ocrx_word' id='word_1_505' title='bbox 1574 3355 1827 3430; x_wconf 35' lang='lat' dir='ltr'><strong><em>Sapiens“</em></strong></span> <span class='ocrx_word' id='word_1_506' title='bbox 1859 3357 1994 3430; x_wconf 77' lang='lat' dir='ltr'><strong><em>enim</em></strong></span> 
     </span>
    </p>
   </div>
   <div class='ocr_carea' id='block_1_67' title="bbox 388 3427 1986 3497">
    <p class='ocr_par' dir='ltr' id='par_1_67' title="bbox 388 3427 1986 3497">
     <span class='ocr_line' id='line_1_67' title="bbox 388 3427 1986 3497; baseline -0.003 -15"><span class='ocrx_word' id='word_1_507' title='bbox 388 3427 610 3484; x_wconf 72' lang='lat' dir='ltr'><strong><em>dolorem</em></strong></span> <span class='ocrx_word' id='word_1_508' title='bbox 639 3446 782 3482; x_wconf 88' lang='lat' dir='ltr'><strong><em>suum</em></strong></span> <span class='ocrx_word' id='word_1_509' title='bbox 813 3438 898 3481; x_wconf 88' lang='lat' dir='ltr'><strong><em>aut</em></strong></span> <span class='ocrx_word' id='word_1_510' title='bbox 930 3428 1227 3497; x_wconf 84' lang='lat' dir='ltr'><strong><em>benignitati</em></strong></span> <span class='ocrx_word' id='word_1_511' title='bbox 1264 3427 1580 3479; x_wconf 88' lang='lat' dir='ltr'><strong><em>commendat</em></strong></span> <span class='ocrx_word' id='word_1_512' title='bbox 1612 3438 1697 3497; x_wconf 77' lang='lat' dir='ltr'><strong><em>aut</em></strong></span> <span class='ocrx_word' id='word_1_513' title='bbox 1729 3427 1986 3479; x_wconf 69' lang='lat' dir='ltr'><strong><em>obiit-iani.</em></strong></span> 
     </span>
    </p>
   </div>
   <div class='ocr_carea' id='block_1_68' title="bbox 387 3495 1992 3569">
    <p class='ocr_par' dir='ltr' id='par_1_68' title="bbox 387 3495 1992 3569">
     <span class='ocr_line' id='line_1_68' title="bbox 387 3495 1992 3569; baseline -0.003 -14"><span class='ocrx_word' id='word_1_514' title='bbox 387 3504 530 3556; x_wconf 86' lang='lat' dir='ltr'><strong><em>Idem</em></strong></span> <span class='ocrx_word' id='word_1_515' title='bbox 575 3513 732 3569; x_wconf 85' lang='lat' dir='ltr'><strong><em>supra</em></strong></span> <span class='ocrx_word' id='word_1_516' title='bbox 777 3500 985 3554; x_wconf 74' lang='lat' dir='ltr'><strong><em>dixerat</em></strong></span> <span class='ocrx_word' id='word_1_517' title='bbox 1039 3495 1358 3569; x_wconf 68' lang='lat' dir='ltr'><strong><em>(ibiivionem</em></strong></span> <span class='ocrx_word' id='word_1_518' title='bbox 1389 3508 1519 3552; x_wconf 86' lang='lat' dir='ltr'><strong><em>esse</em></strong></span> <span class='ocrx_word' id='word_1_519' title='bbox 1540 3495 1861 3552; x_wconf 86' lang='lat' dir='ltr'><strong><em>medicinam</em></strong></span> <span class='ocrx_word' id='word_1_520' title='bbox 1894 3498 1992 3551; x_wconf 85' lang='lat' dir='ltr'><strong><em>mi—</em></strong></span> 
     </span>
    </p>
   </div>
   <div class='ocr_carea' id='block_1_69' title="bbox 387 3568 1360 3634">
    <p class='ocr_par' dir='ltr' id='par_1_69' title="bbox 387 3568 1360 3634">
     <span class='ocr_line' id='line_1_69' title="bbox 387 3568 1360 3634; baseline -0.007 -6"><span class='ocrx_word' id='word_1_521' title='bbox 387 3568 669 3628; x_wconf 85' lang='lat' dir='ltr'><strong><em>seriarum.</em></strong></span> <span class='ocrx_word' id='word_1_522' title='bbox 695 3571 938 3624; x_wconf 87' lang='lat' dir='ltr'><strong><em>Horatius</em></strong></span> <span class='ocrx_word' id='word_1_523' title='bbox 959 3569 1050 3624; x_wconf 78' lang='lat' dir='ltr'><strong><em>lib.</em></strong></span> <span class='ocrx_word' id='word_1_524' title='bbox 1081 3575 1139 3634; x_wconf 81' lang='lat' dir='ltr'><strong><em>it,</em></strong></span> <span class='ocrx_word' id='word_1_525' title='bbox 1162 3568 1262 3623; x_wconf 74' lang='lat' dir='ltr'><strong><em>0d.</em></strong></span> <span class='ocrx_word' id='word_1_526' title='bbox 1289 3569 1324 3624; x_wconf 82' lang='lat'>5</span> <span class='ocrx_word' id='word_1_527' title='bbox 1348 3588 1360 3621; x_wconf 91' lang='lat'><strong>:</strong></span> 
     </span>
    </p>
   </div>
   <div class='ocr_carea' id='block_1_70' title="bbox 484 3661 1398 3727">
    <p class='ocr_par' dir='ltr' id='par_1_70' title="bbox 484 3661 1398 3727">
     <span class='ocr_line' id='line_1_70' title="bbox 484 3661 1398 3727; baseline -0.004 -13"><span class='ocrx_word' id='word_1_528' title='bbox 484 3664 687 3727; x_wconf 67' lang='lat' dir='ltr'><strong><em>Equam</em></strong></span> <span class='ocrx_word' id='word_1_529' title='bbox 711 3670 961 3712; x_wconf 85' lang='lat' dir='ltr'><strong><em>memento</em></strong></span> <span class='ocrx_word' id='word_1_530' title='bbox 985 3662 1136 3712; x_wconf 87' lang='lat' dir='ltr'><strong><em>rebus</em></strong></span> <span class='ocrx_word' id='word_1_531' title='bbox 1161 3662 1211 3710; x_wconf 84' lang='lat' dir='ltr'><strong><em>in</em></strong></span> <span class='ocrx_word' id='word_1_532' title='bbox 1235 3661 1398 3710; x_wconf 86' lang='lat' dir='ltr'><strong><em>arduis</em></strong></span> 
     </span>
    </p>
   </div>
   <div class='ocr_carea' id='block_1_71' title="bbox 488 3728 973 3778">
    <p class='ocr_par' dir='ltr' id='par_1_71' title="bbox 488 3728 973 3778">
     <span class='ocr_line' id='line_1_71' title="bbox 488 3728 973 3778; baseline -0.004 -2"><span class='ocrx_word' id='word_1_533' title='bbox 488 3728 701 3778; x_wconf 84' lang='lat' dir='ltr'><strong><em>Servare</em></strong></span> <span class='ocrx_word' id='word_1_534' title='bbox 736 3732 973 3775; x_wconf 88' lang='lat' dir='ltr'><strong><em>mentem.</em></strong></span> 
     </span>
    </p>
   </div>
   <div class='ocr_carea' id='block_1_72' title="bbox 393 3805 1774 3884">
    <p class='ocr_par' dir='ltr' id='par_1_72' title="bbox 393 3805 1774 3884">
     <span class='ocr_line' id='line_1_72' title="bbox 393 3805 1774 3884; baseline -0.007 -14"><span class='ocrx_word' id='word_1_535' title='bbox 393 3813 623 3884; x_wconf 75' lang='lat' dir='ltr'><strong><em>Epistola</em></strong></span> <span class='ocrx_word' id='word_1_536' title='bbox 666 3808 903 3866; x_wconf 72' lang='grc' dir='ltr'>ΟΕιιοιιίε</span> <span class='ocrx_word' id='word_1_537' title='bbox 928 3809 994 3864; x_wconf 85' lang='lat' dir='ltr'><strong><em>ad</em></strong></span> <span class='ocrx_word' id='word_1_538' title='bbox 1021 3807 1296 3874; x_wconf 84' lang='lat' dir='ltr'><strong><em>Paridem,</em></strong></span> <span class='ocrx_word' id='word_1_539' title='bbox 1321 3805 1460 3878; x_wconf 86' lang='lat' dir='ltr'><strong><em>apud</em></strong></span> <span class='ocrx_word' id='word_1_540' title='bbox 1487 3807 1728 3862; x_wconf 85' lang='lat' dir='ltr'><strong><em>Ovidium</em></strong></span> <span class='ocrx_word' id='word_1_541' title='bbox 1762 3823 1774 3861; x_wconf 88' lang='lat'><strong>:</strong></span> 
     </span>
    </p>
   </div>
   <div class='ocr_carea' id='block_1_73' title="bbox 513 3903 1889 3967">
    <p class='ocr_par' dir='ltr' id='par_1_73' title="bbox 513 3903 1889 3967">
     <span class='ocr_line' id='line_1_73' title="bbox 513 3903 1889 3967; baseline -0.004 -12"><span class='ocrx_word' id='word_1_542' title='bbox 513 3906 718 3956; x_wconf 82' lang='lat' dir='ltr'><strong><em>Leniter</em></strong></span> <span class='ocrx_word' id='word_1_543' title='bbox 744 3919 806 3955; x_wconf 82' lang='lat' dir='ltr'><strong><em>ex</em></strong></span> <span class='ocrx_word' id='word_1_544' title='bbox 833 3906 1011 3954; x_wconf 85' lang='lat' dir='ltr'><strong><em>merito</em></strong></span> <span class='ocrx_word' id='word_1_545' title='bbox 1032 3905 1262 3967; x_wconf 85' lang='lat' dir='ltr'><strong><em>quiequid</em></strong></span> <span class='ocrx_word' id='word_1_546' title='bbox 1293 3906 1478 3967; x_wconf 86' lang='lat' dir='ltr'><strong><em>patiare.</em></strong></span> <span class='ocrx_word' id='word_1_547' title='bbox 1499 3903 1756 3953; x_wconf 86' lang='lat' dir='ltr'><strong><em>ferendum</em></strong></span> <span class='ocrx_word' id='word_1_548' title='bbox 1782 3907 1889 3952; x_wconf 75' lang='lat' dir='ltr'><strong><em>est:</em></strong></span> 
     </span>
    </p>
   </div>
   <div class='ocr_carea' id='block_1_74' title="bbox 577 3966 1688 4029">
    <p class='ocr_par' dir='ltr' id='par_1_74' title="bbox 577 3966 1688 4029">
     <span class='ocr_line' id='line_1_74' title="bbox 577 3966 1688 4029; baseline -0.004 -11"><span class='ocrx_word' id='word_1_549' title='bbox 577 3970 696 4028; x_wconf 70' lang='lat' dir='ltr'><strong><em>Quae</em></strong></span> <span class='ocrx_word' id='word_1_550' title='bbox 719 3970 854 4017; x_wconf 82' lang='lat' dir='ltr'><strong><em>venit</em></strong></span> <span class='ocrx_word' id='word_1_551' title='bbox 883 3966 1081 4029; x_wconf 83' lang='lat' dir='ltr'><strong><em>indigno</em></strong></span> <span class='ocrx_word' id='word_1_552' title='bbox 1108 3979 1266 4029; x_wconf 85' lang='lat' dir='ltr'><strong><em>poena,</em></strong></span> <span class='ocrx_word' id='word_1_553' title='bbox 1294 3966 1504 4015; x_wconf 81' lang='lat' dir='ltr'><strong><em>dolenda</em></strong></span> <span class='ocrx_word' id='word_1_554' title='bbox 1541 3968 1688 4015; x_wconf 78' lang='lat' dir='ltr'><strong><em>venit.</em></strong></span> 
     </span>
    </p>
   </div>
   <div class='ocr_carea' id='block_1_75' title="bbox 391 4070 1988 4141">
    <p class='ocr_par' dir='ltr' id='par_1_75' title="bbox 391 4070 1988 4141">
     <span class='ocr_line' id='line_1_75' title="bbox 391 4070 1988 4141; baseline -0.004 -12"><span class='ocrx_word' id='word_1_555' title='bbox 391 4074 523 4129; x_wconf 78' lang='lat' dir='ltr'><strong><em>Vide</em></strong></span> <span class='ocrx_word' id='word_1_556' title='bbox 540 4073 602 4130; x_wconf 85' lang='lat' dir='ltr'><strong><em>A.</em></strong></span> <span class='ocrx_word' id='word_1_557' title='bbox 622 4072 870 4137; x_wconf 75' lang='lat' dir='ltr'><strong><em>Gellium,</em></strong></span> <span class='ocrx_word' id='word_1_558' title='bbox 896 4071 991 4125; x_wconf 90' lang='lat' dir='ltr'><strong><em>lib.</em></strong></span> <span class='ocrx_word' id='word_1_559' title='bbox 1027 4085 1144 4138; x_wconf 79' lang='lat' dir='ltr'><strong><em>xm.</em></strong></span> <span class='ocrx_word' id='word_1_560' title='bbox 1174 4085 1291 4141; x_wconf 86' lang='lat' dir='ltr'><strong><em>cap.</em></strong></span> <span class='ocrx_word' id='word_1_561' title='bbox 1319 4070 1408 4132; x_wconf 78' lang='lat'>‘26,</span> <span class='ocrx_word' id='word_1_562' title='bbox 1444 4079 1496 4124; x_wconf 89' lang='lat' dir='ltr'><strong><em>et</em></strong></span> <span class='ocrx_word' id='word_1_563' title='bbox 1525 4085 1661 4139; x_wconf 78' lang='lat' dir='ltr'><strong><em>quae,</em></strong></span> <span class='ocrx_word' id='word_1_564' title='bbox 1691 4071 1754 4123; x_wconf 91' lang='lat' dir='ltr'><strong><em>ad</em></strong></span> <span class='ocrx_word' id='word_1_565' title='bbox 1782 4070 1988 4137; x_wconf 77' lang='lat' dir='ltr'><strong><em>erigen~</em></strong></span> 
     </span>
    </p>
   </div>
   <div class='ocr_carea' id='block_1_76' title="bbox 393 4141 1989 4207">
    <p class='ocr_par' dir='ltr' id='par_1_76' title="bbox 393 4141 1989 4207">
     <span class='ocr_line' id='line_1_76' title="bbox 393 4141 1989 4207; baseline -0.003 -8"><span class='ocrx_word' id='word_1_566' title='bbox 393 4148 516 4200; x_wconf 88' lang='lat' dir='ltr'><strong><em>dum</em></strong></span> <span class='ocrx_word' id='word_1_567' title='bbox 545 4149 780 4199; x_wconf 82' lang='lat' dir='ltr'><strong><em>animum</em></strong></span> <span class='ocrx_word' id='word_1_568' title='bbox 806 4142 1080 4198; x_wconf 81' lang='lat' dir='ltr'><strong><em>Ciceronis</em></strong></span> <span class='ocrx_word' id='word_1_569' title='bbox 1109 4144 1279 4196; x_wconf 77' lang='lat' dir='ltr'><strong><em>exulis</em></strong></span> <span class='ocrx_word' id='word_1_570' title='bbox 1305 4151 1355 4196; x_wconf 88' lang='lat' dir='ltr'><strong><em>et</em></strong></span> <span class='ocrx_word' id='word_1_571' title='bbox 1388 4141 1590 4207; x_wconf 75' lang='lat' dir='ltr'><strong><em>afﬂicti,</em></strong></span> <span class='ocrx_word' id='word_1_572' title='bbox 1625 4142 1838 4196; x_wconf 74' lang='lat' dir='ltr'><strong><em>disserit</em></strong></span> <span class='ocrx_word' id='word_1_573' title='bbox 1868 4141 1989 4194; x_wconf 82' lang='lat' dir='ltr'><strong><em>I’Iii-</em></strong></span> 
     </span>
    </p>
   </div>
   <div class='ocr_carea' id='block_1_77' title="bbox 393 4213 1625 4285">
    <p class='ocr_par' dir='ltr' id='par_1_77' title="bbox 393 4213 1625 4285">
     <span class='ocr_line' id='line_1_77' title="bbox 393 4213 1625 4285; baseline -0.003 -15"><span class='ocrx_word' id='word_1_574' title='bbox 393 4217 555 4271; x_wconf 81' lang='lat' dir='ltr'><strong><em>Iiseus</em></strong></span> <span class='ocrx_word' id='word_1_575' title='bbox 584 4217 722 4285; x_wconf 87' lang='lat' dir='ltr'><strong><em>apud</em></strong></span> <span class='ocrx_word' id='word_1_576' title='bbox 750 4215 969 4268; x_wconf 79' lang='lat' dir='ltr'><strong><em>Dionem</em></strong></span> <span class='ocrx_word' id='word_1_577' title='bbox 995 4213 1240 4268; x_wconf 83' lang='lat' dir='ltr'><strong><em>Cassium</em></strong></span> <span class='ocrx_word' id='word_1_578' title='bbox 1274 4214 1362 4268; x_wconf 88' lang='lat' dir='ltr'><strong><em>lib.</em></strong></span> <span class='ocrx_word' id='word_1_579' title='bbox 1396 4227 1625 4266; x_wconf 76' lang='lat' dir='ltr'><strong><em>xxvvm.</em></strong></span> 
     </span>
    </p>
   </div>
   <div class='ocr_carea' id='block_1_78' title="bbox 465 4281 1984 4353">
    <p class='ocr_par' dir='ltr' id='par_1_78' title="bbox 465 4281 1984 4353">
     <span class='ocr_line' id='line_1_78' title="bbox 465 4281 1984 4353; baseline -0.003 -13"><span class='ocrx_word' id='word_1_580' title='bbox 465 4287 578 4340; x_wconf 75' lang='lat' dir='ltr'><strong><em>XII.</em></strong></span> <span class='ocrx_word' id='word_1_581' title='bbox 605 4281 670 4324; x_wconf 63' lang='lat'><strong><em>&#39;—</em></strong></span> <span class='ocrx_word' id='word_1_582' title='bbox 713 4287 791 4339; x_wconf 82' lang='lat' dir='ltr'><strong><em>Sit</em></strong></span> <span class='ocrx_word' id='word_1_583' title='bbox 841 4285 956 4338; x_wconf 84' lang='lat' dir='ltr'><strong><em>licet</em></strong></span> <span class='ocrx_word' id='word_1_584' title='bbox 998 4285 1069 4338; x_wconf 83' lang='lat' dir='ltr'><strong><em>rei</em></strong></span> <span class='ocrx_word' id='word_1_585' title='bbox 1098 4285 1368 4353; x_wconf 80' lang='lat' dir='ltr'><strong><em>familiaris</em></strong></span> <span class='ocrx_word' id='word_1_586' title='bbox 1390 4285 1616 4337; x_wconf 80' lang='lat' dir='ltr'><strong><em>amissio.</em></strong></span> <span class='ocrx_word' id='word_1_587' title='bbox 1669 4281 1889 4337; x_wconf 80' lang='lat' dir='ltr'><strong><em>Rufinus</em></strong></span> <span class='ocrx_word' id='word_1_588' title='bbox 1934 4283 1984 4336; x_wconf 89' lang='lat' dir='ltr'><strong><em>in</em></strong></span> 
     </span>
    </p>
   </div>
   <div class='ocr_carea' id='block_1_79' title="bbox 393 4355 1985 4418">
    <p class='ocr_par' dir='ltr' id='par_1_79' title="bbox 393 4355 1985 4418">
     <span class='ocr_line' id='line_1_79' title="bbox 393 4355 1985 4418; baseline -0.005 -5"><span class='ocrx_word' id='word_1_589' title='bbox 393 4358 535 4413; x_wconf 77' lang='lat' dir='ltr'><strong><em>Psal.</em></strong></span> <span class='ocrx_word' id='word_1_590' title='bbox 567 4372 699 4411; x_wconf 77' lang='lat' dir='ltr'><strong><em>xcv:</em></strong></span> <span class='ocrx_word' id='word_1_591' title='bbox 723 4356 970 4409; x_wconf 85' lang='lat' dir='ltr'><strong><em>Turbetur</em></strong></span> <span class='ocrx_word' id='word_1_592' title='bbox 997 4365 1148 4418; x_wconf 84' lang='lat' dir='ltr'><strong><em>terra,</em></strong></span> <span class='ocrx_word' id='word_1_593' title='bbox 1175 4355 1395 4409; x_wconf 84' lang='lat' dir='ltr'><strong><em>turbetur</em></strong></span> <span class='ocrx_word' id='word_1_594' title='bbox 1413 4371 1568 4418; x_wconf 85' lang='lat' dir='ltr'><strong><em>mare,</em></strong></span> <span class='ocrx_word' id='word_1_595' title='bbox 1594 4357 1854 4409; x_wconf 85' lang='lat' dir='ltr'><strong><em>turbentur</em></strong></span> <span class='ocrx_word' id='word_1_596' title='bbox 1879 4371 1985 4406; x_wconf 87' lang='lat' dir='ltr'><strong><em>ont—</em></strong></span> 
     </span>
    </p>
   </div>
   <div class='ocr_carea' id='block_1_80' title="bbox 397 4427 1646 4495">
    <p class='ocr_par' dir='ltr' id='par_1_80' title="bbox 397 4427 1646 4495">
     <span class='ocr_line' id='line_1_80' title="bbox 397 4427 1646 4495; baseline -0.004 -12"><span class='ocrx_word' id='word_1_597' title='bbox 397 4431 482 4483; x_wconf 87' lang='lat' dir='ltr'><strong><em>nia</em></strong></span> <span class='ocrx_word' id='word_1_598' title='bbox 505 4428 774 4492; x_wconf 83' lang='lat' dir='ltr'><strong><em>elementa;</em></strong></span> <span class='ocrx_word' id='word_1_599' title='bbox 801 4427 892 4479; x_wconf 87' lang='lat' dir='ltr'><strong><em>Dei</em></strong></span> <span class='ocrx_word' id='word_1_600' title='bbox 923 4442 1090 4480; x_wconf 87' lang='lat' dir='ltr'><strong><em>servus</em></strong></span> <span class='ocrx_word' id='word_1_601' title='bbox 1120 4428 1402 4495; x_wconf 81' lang='lat' dir='ltr'><strong><em>intrepidus</em></strong></span> <span class='ocrx_word' id='word_1_602' title='bbox 1430 4437 1646 4479; x_wconf 77' lang='lat' dir='ltr'><strong><em>maneat.</em></strong></span> 
     </span>
    </p>
   </div>
   <div class='ocr_carea' id='block_1_81' title="bbox 468 4494 1987 4565">
    <p class='ocr_par' dir='ltr' id='par_1_81' title="bbox 468 4494 1987 4565">
     <span class='ocr_line' id='line_1_81' title="bbox 468 4494 1987 4565; baseline -0.004 -12"><span class='ocrx_word' id='word_1_603' title='bbox 468 4499 647 4553; x_wconf 80' lang='lat' dir='ltr'><strong><em>Tentat</em></strong></span> <span class='ocrx_word' id='word_1_604' title='bbox 669 4515 771 4552; x_wconf 77' lang='lat' dir='ltr'><strong><em>vos.</em></strong></span> <span class='ocrx_word' id='word_1_605' title='bbox 794 4495 872 4551; x_wconf 85' lang='lat' dir='ltr'><strong><em>Ita</em></strong></span> <span class='ocrx_word' id='word_1_606' title='bbox 896 4499 1052 4551; x_wconf 87' lang='lat' dir='ltr'><strong><em>etiam</em></strong></span> <span class='ocrx_word' id='word_1_607' title='bbox 1078 4499 1128 4551; x_wconf 89' lang='lat' dir='ltr'><strong><em>in</em></strong></span> <span class='ocrx_word' id='word_1_608' title='bbox 1148 4494 1280 4551; x_wconf 81' lang='lat' dir='ltr'><strong><em>libro</em></strong></span> <span class='ocrx_word' id='word_1_609' title='bbox 1306 4499 1367 4551; x_wconf 87' lang='lat' dir='ltr'><strong><em>de</em></strong></span> <span class='ocrx_word' id='word_1_610' title='bbox 1398 4498 1761 4550; x_wconf 67' lang='lat' dir='ltr'><strong><em>lix/rortationc</em></strong></span> <span class='ocrx_word' id='word_1_611' title='bbox 1790 4494 1987 4565; x_wconf 77' lang='lat' dir='ltr'><strong><em>Marty-</em></strong></span> 
     </span>
    </p>
   </div>
   <div class='ocr_carea' id='block_1_82' title="bbox 393 4567 1987 4640">
    <p class='ocr_par' dir='ltr' id='par_1_82' title="bbox 393 4567 1987 4640">
     <span class='ocr_line' id='line_1_82' title="bbox 393 4567 1987 4640; baseline -0.002 -17"><span class='ocrx_word' id='word_1_612' title='bbox 393 4573 474 4637; x_wconf 90' lang='lat' dir='ltr'><strong><em>rii,</em></strong></span> <span class='ocrx_word' id='word_1_613' title='bbox 504 4587 621 4640; x_wconf 82' lang='lat' dir='ltr'><strong><em>cap.</em></strong></span> <span class='ocrx_word' id='word_1_614' title='bbox 649 4571 699 4634; x_wconf 79' lang='lat'><strong><em>9,</em></strong></span> <span class='ocrx_word' id='word_1_615' title='bbox 731 4581 784 4624; x_wconf 86' lang='lat' dir='ltr'><strong><em>et</em></strong></span> <span class='ocrx_word' id='word_1_616' title='bbox 811 4570 900 4622; x_wconf 87' lang='lat' dir='ltr'><strong><em>lib.</em></strong></span> <span class='ocrx_word' id='word_1_617' title='bbox 927 4583 982 4621; x_wconf 91' lang='grc' dir='ltr'><strong><em>ιιι</em></strong></span> <span class='ocrx_word' id='word_1_618' title='bbox 1015 4567 1450 4633; x_wconf 82' lang='lat' dir='ltr'><strong><em>Testimoniorum,</em></strong></span> <span class='ocrx_word' id='word_1_619' title='bbox 1477 4582 1594 4638; x_wconf 86' lang='lat' dir='ltr'><strong><em>cap.</em></strong></span> <span class='ocrx_word' id='word_1_620' title='bbox 1628 4569 1713 4623; x_wconf 79' lang='grc'><strong><em>15.</em></strong></span> <span class='ocrx_word' id='word_1_621' title='bbox 1734 4567 1860 4621; x_wconf 84' lang='lat' dir='ltr'><strong><em>Vide</em></strong></span> <span class='ocrx_word' id='word_1_622' title='bbox 1889 4584 1987 4621; x_wconf 77' lang='lat' dir='ltr'><strong><em>no-</em></strong></span> 
     </span>
    </p>
   </div>
   <div class='ocr_carea' id='block_1_83' title="bbox 397 4639 1407 4710">
    <p class='ocr_par' dir='ltr' id='par_1_83' title="bbox 397 4639 1407 4710">
     <span class='ocr_line' id='line_1_83' title="bbox 397 4639 1407 4710; baseline -0.005 -13"><span class='ocrx_word' id='word_1_623' title='bbox 397 4654 474 4697; x_wconf 75' lang='lat' dir='ltr'><strong><em>tas</em></strong></span> <span class='ocrx_word' id='word_1_624' title='bbox 502 4639 710 4697; x_wconf 76' lang='lat' dir='ltr'><strong><em>nostras</em></strong></span> <span class='ocrx_word' id='word_1_625' title='bbox 738 4641 804 4693; x_wconf 81' lang='lat' dir='ltr'><strong><em>ad</em></strong></span> <span class='ocrx_word' id='word_1_626' title='bbox 835 4639 1172 4710; x_wconf 73' lang='lat' dir='ltr'><strong><em>Agobardum</em></strong></span> <span class='ocrx_word' id='word_1_627' title='bbox 1203 4655 1321 4708; x_wconf 82' lang='lat' dir='ltr'><strong><em>pag.</em></strong></span> <span class='ocrx_word' id='word_1_628' title='bbox 1356 4640 1407 4693; x_wconf 86' lang='lat'><strong><em>9.</em></strong></span> 
     </span>
    </p>
   </div>
   <div class='ocr_carea' id='block_1_84' title="bbox 464 4709 1982 4781">
    <p class='ocr_par' dir='ltr' id='par_1_84' title="bbox 464 4709 1982 4781">
     <span class='ocr_line' id='line_1_84' title="bbox 464 4709 1982 4781; baseline -0.003 -14"><span class='ocrx_word' id='word_1_629' title='bbox 464 4713 579 4767; x_wconf 72' lang='lat' dir='ltr'><strong><em>XII.</em></strong></span> <span class='ocrx_word' id='word_1_630' title='bbox 608 4743 678 4752; x_wconf 91' lang='lat'>—</span> <span class='ocrx_word' id='word_1_631' title='bbox 705 4711 1208 4781; x_wconf 71' lang='lat' dir='ltr'><strong><em>Navisgnbernaror.</em></strong></span> <span class='ocrx_word' id='word_1_632' title='bbox 1237 4713 1384 4764; x_wconf 84' lang='lat' dir='ltr'><strong><em>Hunc</em></strong></span> <span class='ocrx_word' id='word_1_633' title='bbox 1411 4711 1606 4774; x_wconf 87' lang='lat' dir='ltr'><strong><em>locum,</em></strong></span> <span class='ocrx_word' id='word_1_634' title='bbox 1636 4718 1787 4763; x_wconf 85' lang='lat' dir='ltr'><strong><em>antea</em></strong></span> <span class='ocrx_word' id='word_1_635' title='bbox 1824 4709 1982 4762; x_wconf 76' lang='lat' dir='ltr'><strong><em>muti-</em></strong></span> 
     </span>
    </p>
   </div>
   <div class='ocr_carea' id='block_1_85' title="bbox 396 4783 1981 4854">
    <p class='ocr_par' dir='ltr' id='par_1_85' title="bbox 396 4783 1981 4854">
     <span class='ocr_line' id='line_1_85' title="bbox 396 4783 1981 4854; baseline -0.002 -17"><span class='ocrx_word' id='word_1_636' title='bbox 396 4785 503 4837; x_wconf 87' lang='lat' dir='ltr'><strong><em>Ium</em></strong></span> <span class='ocrx_word' id='word_1_637' title='bbox 525 4827 536 4848; x_wconf 82' lang='lat'><strong><em>,</em></strong></span> <span class='ocrx_word' id='word_1_638' title='bbox 555 4800 672 4838; x_wconf 88' lang='lat' dir='ltr'><strong><em>cum</em></strong></span> <span class='ocrx_word' id='word_1_639' title='bbox 691 4785 955 4854; x_wconf 77' lang='lat' dir='ltr'><strong><em>legeretur</em></strong></span> <span class='ocrx_word' id='word_1_640' title='bbox 971 4798 1203 4854; x_wconf 83' lang='lat' dir='ltr'><strong><em>nampro</em></strong></span> <span class='ocrx_word' id='word_1_641' title='bbox 1219 4783 1378 4847; x_wconf 88' lang='lat' dir='ltr'><strong><em>navis,</em></strong></span> <span class='ocrx_word' id='word_1_642' title='bbox 1396 4797 1490 4835; x_wconf 90' lang='lat' dir='ltr'><strong><em>nos</em></strong></span> <span class='ocrx_word' id='word_1_643' title='bbox 1506 4783 1865 4850; x_wconf 82' lang='lat' dir='ltr'><strong><em>snpplevimus</em></strong></span> <span class='ocrx_word' id='word_1_644' title='bbox 1880 4795 1981 4854; x_wconf 76' lang='lat' dir='ltr'><strong><em>ope</em></strong></span> 
     </span>
    </p>
   </div>
   <div class='ocr_carea' id='block_1_86' title="bbox 397 4853 1983 4922">
    <p class='ocr_par' dir='ltr' id='par_1_86' title="bbox 397 4853 1983 4922">
     <span class='ocr_line' id='line_1_86' title="bbox 397 4853 1983 4922; baseline -0.003 -14"><span class='ocrx_word' id='word_1_645' title='bbox 397 4857 621 4908; x_wconf 88' lang='lat' dir='ltr'><strong><em>duorum</em></strong></span> <span class='ocrx_word' id='word_1_646' title='bbox 642 4865 878 4909; x_wconf 76' lang='lat' dir='ltr'><strong><em>veterum</em></strong></span> <span class='ocrx_word' id='word_1_647' title='bbox 898 4853 1300 4922; x_wconf 64' lang='lat' dir='ltr'><strong><em>eset&#39;nplarituu.</em></strong></span> <span class='ocrx_word' id='word_1_648' title='bbox 1319 4853 1374 4906; x_wconf 89' lang='lat' dir='ltr'><strong><em>In</em></strong></span> <span class='ocrx_word' id='word_1_649' title='bbox 1399 4854 1568 4906; x_wconf 86' lang='lat' dir='ltr'><strong><em>tribus</em></strong></span> <span class='ocrx_word' id='word_1_650' title='bbox 1589 4855 1738 4906; x_wconf 83' lang='lat' dir='ltr'><strong><em>deest</em></strong></span> <span class='ocrx_word' id='word_1_651' title='bbox 1753 4853 1983 4905; x_wconf 77' lang='lat' dir='ltr'><strong><em>vocabu-</em></strong></span> 
     </span>
    </p>
   </div>
   <div class='ocr_carea' id='block_1_87' title="bbox 399 4923 1983 4994">
    <p class='ocr_par' dir='ltr' id='par_1_87' title="bbox 399 4923 1983 4994">
     <span class='ocr_line' id='line_1_87' title="bbox 399 4923 1983 4994; baseline -0.003 -16"><span class='ocrx_word' id='word_1_652' title='bbox 399 4927 505 4979; x_wconf 86' lang='lat' dir='ltr'><strong><em>lt&#39;Im</em></strong></span> <span class='ocrx_word' id='word_1_653' title='bbox 524 4943 660 4990; x_wconf 66' lang='lat' dir='ltr'><strong><em>nant,</em></strong></span> <span class='ocrx_word' id='word_1_654' title='bbox 685 4925 823 4994; x_wconf 88' lang='lat' dir='ltr'><strong><em>quod</em></strong></span> <span class='ocrx_word' id='word_1_655' title='bbox 840 4925 962 4976; x_wconf 80' lang='lat' dir='ltr'><strong><em>alibi</em></strong></span> <span class='ocrx_word' id='word_1_656' title='bbox 978 4932 1029 4977; x_wconf 88' lang='lat' dir='ltr'><strong><em>et</em></strong></span> <span class='ocrx_word' id='word_1_657' title='bbox 1044 4925 1092 4976; x_wconf 91' lang='lat' dir='ltr'><strong><em>iu</em></strong></span> <span class='ocrx_word' id='word_1_658' title='bbox 1111 4923 1430 4978; x_wconf 86' lang='lat' dir='ltr'><strong><em>editionibus</em></strong></span> <span class='ocrx_word' id='word_1_659' title='bbox 1446 4924 1659 4993; x_wconf 89' lang='lat' dir='ltr'><strong><em>ponitur</em></strong></span> <span class='ocrx_word' id='word_1_660' title='bbox 1673 4933 1792 4976; x_wconf 82' lang='lat' dir='ltr'><strong><em>ante</em></strong></span> <span class='ocrx_word' id='word_1_661' title='bbox 1806 4924 1983 4993; x_wconf 84' lang='lat' dir='ltr'><strong><em>guber-</em></strong></span> 
     </span>
    </p>
   </div>
   <div class='ocr_carea' id='block_1_88' title="bbox 398 4994 1980 5050">
    <p class='ocr_par' dir='ltr' id='par_1_88' title="bbox 398 4994 1980 5050">
     <span class='ocr_line' id='line_1_88' title="bbox 398 4994 1980 5050; baseline -0.003 -2"><span class='ocrx_word' id='word_1_662' title='bbox 398 5011 562 5050; x_wconf 83' lang='lat' dir='ltr'><strong><em>nator.</em></strong></span> <span class='ocrx_word' id='word_1_663' title='bbox 599 4997 760 5050; x_wconf 81' lang='lat' dir='ltr'><strong><em>Error</em></strong></span> <span class='ocrx_word' id='word_1_664' title='bbox 784 5006 884 5050; x_wconf 83' lang='lat' dir='ltr'><strong><em>est.</em></strong></span> <span class='ocrx_word' id='word_1_665' title='bbox 919 4994 1022 5049; x_wconf 86' lang='lat' dir='ltr'><strong><em>Sed</em></strong></span> <span class='ocrx_word' id='word_1_666' title='bbox 1056 5004 1401 5050; x_wconf 48' lang='lat' dir='ltr'><strong><em>tamen‘error</em></strong></span> <span class='ocrx_word' id='word_1_667' title='bbox 1427 4995 1514 5049; x_wconf 64' lang='lat' dir='ltr'><strong><em>illic</em></strong></span> <span class='ocrx_word' id='word_1_668' title='bbox 1544 4995 1775 5049; x_wconf 88' lang='lat' dir='ltr'><strong><em>ostendit</em></strong></span> <span class='ocrx_word' id='word_1_669' title='bbox 1801 5008 1980 5047; x_wconf 86' lang='lat' dir='ltr'><strong><em>veram</em></strong></span> 
     </span>
    </p>
   </div>
   <div class='ocr_carea' id='block_1_89' title="bbox 397 5066 1982 5133">
    <p class='ocr_par' dir='ltr' id='par_1_89' title="bbox 397 5066 1982 5133">
     <span class='ocr_line' id='line_1_89' title="bbox 397 5066 1982 5133; baseline -0.003 -12"><span class='ocrx_word' id='word_1_670' title='bbox 397 5083 516 5122; x_wconf 56' lang='lat' dir='ltr'><strong><em>esse</em></strong></span> <span class='ocrx_word' id='word_1_671' title='bbox 544 5068 824 5121; x_wconf 76' lang='lat' dir='ltr'><strong><em>lectionem</em></strong></span> <span class='ocrx_word' id='word_1_672' title='bbox 842 5081 997 5133; x_wconf 81' lang='lat' dir='ltr'><strong><em>quam</em></strong></span> <span class='ocrx_word' id='word_1_673' title='bbox 1020 5081 1119 5120; x_wconf 90' lang='lat' dir='ltr'><strong><em>nos</em></strong></span> <span class='ocrx_word' id='word_1_674' title='bbox 1145 5066 1432 5120; x_wconf 81' lang='lat' dir='ltr'><strong><em>atl&#39;erimus.</em></strong></span> <span class='ocrx_word' id='word_1_675' title='bbox 1460 5066 1763 5120; x_wconf 83' lang='lat' dir='ltr'><strong><em>Laetantius</em></strong></span> <span class='ocrx_word' id='word_1_676' title='bbox 1792 5067 1881 5118; x_wconf 92' lang='lat' dir='ltr'><strong><em>lib.</em></strong></span> <span class='ocrx_word' id='word_1_677' title='bbox 1905 5079 1982 5131; x_wconf 90' lang='grc' dir='ltr'>ιιι,</span> 
     </span>
    </p>
   </div>
   <div class='ocr_carea' id='block_1_90' title="bbox 397 5137 1986 5207">
    <p class='ocr_par' dir='ltr' id='par_1_90' title="bbox 397 5137 1986 5207">
     <span class='ocr_line' id='line_1_90' title="bbox 397 5137 1986 5207; baseline -0.001 -18"><span class='ocrx_word' id='word_1_678' title='bbox 397 5154 512 5206; x_wconf 79' lang='lat' dir='ltr'><strong><em>cap.</em></strong></span> <span class='ocrx_word' id='word_1_679' title='bbox 539 5139 601 5192; x_wconf 77' lang='grc'><strong><em>13</em></strong></span> <span class='ocrx_word' id='word_1_680' title='bbox 633 5155 646 5192; x_wconf 88' lang='lat'>:</span> <span class='ocrx_word' id='word_1_681' title='bbox 674 5137 834 5191; x_wconf 79' lang='lat' dir='ltr'><strong><em>Navis</em></strong></span> <span class='ocrx_word' id='word_1_682' title='bbox 862 5139 969 5191; x_wconf 84' lang='lat' dir='ltr'><strong><em>sine</em></strong></span> <span class='ocrx_word' id='word_1_683' title='bbox 997 5137 1328 5207; x_wconf 85' lang='lat' dir='ltr'><strong><em>gubernatore</em></strong></span> <span class='ocrx_word' id='word_1_684' title='bbox 1347 5139 1449 5191; x_wconf 89' lang='lat' dir='ltr'><strong><em>abit</em></strong></span> <span class='ocrx_word' id='word_1_685' title='bbox 1476 5154 1693 5207; x_wconf 87' lang='lat' dir='ltr'><strong><em>pessum.</em></strong></span> <span class='ocrx_word' id='word_1_686' title='bbox 1718 5137 1828 5191; x_wconf 85' lang='lat' dir='ltr'><strong><em>Leo</em></strong></span> <span class='ocrx_word' id='word_1_687' title='bbox 1855 5151 1986 5206; x_wconf 81' lang='lat' dir='ltr'><strong><em>papa</em></strong></span> 
     </span>
    </p>
   </div>
   <div class='ocr_carea' id='block_1_91' title="bbox 402 5209 1988 5278">
    <p class='ocr_par' dir='ltr' id='par_1_91' title="bbox 402 5209 1988 5278">
     <span class='ocr_line' id='line_1_91' title="bbox 402 5209 1988 5278; baseline -0.002 -17"><span class='ocrx_word' id='word_1_688' title='bbox 402 5209 417 5262; x_wconf 93' lang='lat' dir='ltr'><strong><em>I</em></strong></span> <span class='ocrx_word' id='word_1_689' title='bbox 451 5211 506 5263; x_wconf 79' lang='lat' dir='ltr'><strong><em>in</em></strong></span> <span class='ocrx_word' id='word_1_690' title='bbox 531 5209 766 5278; x_wconf 73' lang='lat' dir='ltr'><strong><em>Epistula</em></strong></span> <span class='ocrx_word' id='word_1_691' title='bbox 813 5209 877 5262; x_wconf 86' lang='lat' dir='ltr'><strong><em>ad</em></strong></span> <span class='ocrx_word' id='word_1_692' title='bbox 907 5209 1182 5263; x_wconf 82' lang='lat' dir='ltr'><strong><em>Rusticum</em></strong></span> <span class='ocrx_word' id='word_1_693' title='bbox 1220 5225 1231 5260; x_wconf 88' lang='lat'><strong>:</strong></span> <span class='ocrx_word' id='word_1_694' title='bbox 1270 5209 1394 5275; x_wconf 82' lang='lat' dir='ltr'><strong><em>Quis</em></strong></span> <span class='ocrx_word' id='word_1_695' title='bbox 1442 5211 1570 5261; x_wconf 80' lang='lat' dir='ltr'><strong><em>inter</em></strong></span> <span class='ocrx_word' id='word_1_696' title='bbox 1596 5211 1782 5277; x_wconf 81' lang='lat' dir='ltr'><strong><em>[lactus</em></strong></span> <span class='ocrx_word' id='word_1_697' title='bbox 1834 5209 1988 5259; x_wconf 80' lang='lat' dir='ltr'><strong><em>maris</em></strong></span> 
     </span>
    </p>
   </div>
   <div class='ocr_carea' id='block_1_92' title="bbox 401 5278 1988 5351">
    <p class='ocr_par' dir='ltr' id='par_1_92' title="bbox 401 5278 1988 5351">
     <span class='ocr_line' id='line_1_92' title="bbox 401 5278 1988 5351; baseline -0.001 -21"><span class='ocrx_word' id='word_1_698' title='bbox 401 5297 576 5334; x_wconf 75' lang='lat' dir='ltr'><strong><em>itarem</em></strong></span> <span class='ocrx_word' id='word_1_699' title='bbox 601 5281 804 5350; x_wconf 85' lang='lat' dir='ltr'><strong><em>diriget,</em></strong></span> <span class='ocrx_word' id='word_1_700' title='bbox 836 5281 876 5333; x_wconf 84' lang='lat' dir='ltr'><strong><em>si</em></strong></span> <span class='ocrx_word' id='word_1_701' title='bbox 903 5280 1207 5351; x_wconf 81' lang='lat' dir='ltr'><strong><em>gubernator</em></strong></span> <span class='ocrx_word' id='word_1_702' title='bbox 1226 5279 1512 5334; x_wconf 85' lang='lat' dir='ltr'><strong><em>abscedat?</em></strong></span> <span class='ocrx_word' id='word_1_703' title='bbox 1541 5282 1743 5334; x_wconf 82' lang='lat' dir='ltr'><strong><em>Seneca</em></strong></span> <span class='ocrx_word' id='word_1_704' title='bbox 1772 5280 1822 5332; x_wconf 92' lang='lat' dir='ltr'><strong><em>in</em></strong></span> <span class='ocrx_word' id='word_1_705' title='bbox 1853 5278 1988 5332; x_wconf 86' lang='lat' dir='ltr'><strong><em>libro</em></strong></span> 
     </span>
    </p>
   </div>
   <div class='ocr_carea' id='block_1_93' title="bbox 401 5349 1984 5419">
    <p class='ocr_par' dir='ltr' id='par_1_93' title="bbox 401 5349 1984 5419">
     <span class='ocr_line' id='line_1_93' title="bbox 401 5349 1984 5419; baseline -0.002 -17"><span class='ocrx_word' id='word_1_706' title='bbox 401 5353 462 5404; x_wconf 87' lang='lat' dir='ltr'><strong><em>de</em></strong></span> <span class='ocrx_word' id='word_1_707' title='bbox 512 5349 864 5416; x_wconf 78' lang='lat' dir='ltr'><strong><em>Providentia,</em></strong></span> <span class='ocrx_word' id='word_1_708' title='bbox 889 5349 1008 5418; x_wconf 79' lang='lat' dir='ltr'><strong><em>cap.</em></strong></span> <span class='ocrx_word' id='word_1_709' title='bbox 1035 5351 1072 5403; x_wconf 70' lang='grc'>4</span> <span class='ocrx_word' id='word_1_710' title='bbox 1098 5368 1112 5405; x_wconf 90' lang='lat'><strong>:</strong></span> <span class='ocrx_word' id='word_1_711' title='bbox 1147 5349 1539 5406; x_wconf 80' lang='lat' dir='ltr'><strong><em>Gubernatorem</em></strong></span> <span class='ocrx_word' id='word_1_712' title='bbox 1569 5352 1620 5403; x_wconf 89' lang='lat' dir='ltr'><strong><em>in</em></strong></span> <span class='ocrx_word' id='word_1_713' title='bbox 1651 5359 1940 5419; x_wconf 79' lang='lat' dir='ltr'><strong><em>tempestate</em></strong></span> <span class='ocrx_word' id='word_1_714' title='bbox 1971 5391 1984 5413; x_wconf 90' lang='lat'><strong><em>,</em></strong></span> 
     </span>
    </p>
   </div>
   <div class='ocr_carea' id='block_1_94' title="bbox 401 5419 1991 5493">
    <p class='ocr_par' dir='ltr' id='par_1_94' title="bbox 401 5419 1991 5493">
     <span class='ocr_line' id='line_1_94' title="bbox 401 5419 1991 5493; baseline -0.002 -19"><span class='ocrx_word' id='word_1_715' title='bbox 401 5423 451 5475; x_wconf 87' lang='lat' dir='ltr'><strong><em>in</em></strong></span> <span class='ocrx_word' id='word_1_716' title='bbox 480 5425 587 5476; x_wconf 88' lang='lat' dir='ltr'><strong><em>acie</em></strong></span> <span class='ocrx_word' id='word_1_717' title='bbox 615 5424 824 5476; x_wconf 88' lang='lat' dir='ltr'><strong><em>militent</em></strong></span> <span class='ocrx_word' id='word_1_718' title='bbox 847 5423 1122 5493; x_wconf 84' lang='lat' dir='ltr'><strong><em>intelligas.</em></strong></span> <span class='ocrx_word' id='word_1_719' title='bbox 1151 5422 1290 5477; x_wconf 84' lang='lat' dir='ltr'><strong><em>Idem</em></strong></span> <span class='ocrx_word' id='word_1_720' title='bbox 1319 5425 1485 5492; x_wconf 84' lang='lat' dir='ltr'><strong><em>Epist.</em></strong></span> <span class='ocrx_word' id='word_1_721' title='bbox 1515 5437 1656 5477; x_wconf 82' lang='lat' dir='ltr'><strong><em>cvm.</em></strong></span> <span class='ocrx_word' id='word_1_722' title='bbox 1681 5419 1800 5473; x_wconf 88' lang='lat' dir='ltr'><strong><em>Non</em></strong></span> <span class='ocrx_word' id='word_1_723' title='bbox 1830 5420 1991 5487; x_wconf 81' lang='lat' dir='ltr'><strong><em>magis</em></strong></span> 
     </span>
    </p>
   </div>
   <div class='ocr_carea' id='block_1_95' title="bbox 401 5493 1991 5563">
    <p class='ocr_par' dir='ltr' id='par_1_95' title="bbox 401 5493 1991 5563">
     <span class='ocr_line' id='line_1_95' title="bbox 401 5493 1991 5563; baseline -0.002 -20"><span class='ocrx_word' id='word_1_724' title='bbox 401 5495 526 5546; x_wconf 79' lang='lat' dir='ltr'><strong><em>milii</em></strong></span> <span class='ocrx_word' id='word_1_725' title='bbox 553 5504 710 5563; x_wconf 84' lang='lat' dir='ltr'><strong><em>potest</em></strong></span> <span class='ocrx_word' id='word_1_726' title='bbox 737 5495 999 5563; x_wconf 83' lang='lat' dir='ltr'><strong><em>quisquam</em></strong></span> <span class='ocrx_word' id='word_1_727' title='bbox 1020 5493 1134 5547; x_wconf 76' lang='lat' dir='ltr'><strong><em>talis</em></strong></span> <span class='ocrx_word' id='word_1_728' title='bbox 1157 5494 1390 5562; x_wconf 83' lang='lat' dir='ltr'><strong><em>prodesse</em></strong></span> <span class='ocrx_word' id='word_1_729' title='bbox 1400 5504 1699 5563; x_wconf 53' lang='lat' dir='ltr'><strong><em>praeceptor,</em></strong></span> <span class='ocrx_word' id='word_1_730' title='bbox 1724 5503 1873 5560; x_wconf 87' lang='lat' dir='ltr'><strong><em>quam</em></strong></span> <span class='ocrx_word' id='word_1_731' title='bbox 1898 5505 1991 5560; x_wconf 88' lang='lat' dir='ltr'><strong><em>gu-</em></strong></span> 
     </span>
    </p>
   </div>
   <div class='ocr_carea' id='block_1_96' title="bbox 403 5563 1994 5632">
    <p class='ocr_par' dir='ltr' id='par_1_96' title="bbox 403 5563 1994 5632">
     <span class='ocr_line' id='line_1_96' title="bbox 403 5563 1994 5632; baseline -0.002 -16"><span class='ocrx_word' id='word_1_732' title='bbox 403 5565 636 5617; x_wconf 90' lang='lat' dir='ltr'><strong><em>bernator</em></strong></span> <span class='ocrx_word' id='word_1_733' title='bbox 666 5567 718 5618; x_wconf 89' lang='lat' dir='ltr'><strong><em>in</em></strong></span> <span class='ocrx_word' id='word_1_734' title='bbox 736 5574 1026 5632; x_wconf 85' lang='lat' dir='ltr'><strong><em>tempestate</em></strong></span> <span class='ocrx_word' id='word_1_735' title='bbox 1055 5565 1464 5619; x_wconf 80' lang='lat' dir='ltr'><strong><em>nauseabundus.</em></strong></span> <span class='ocrx_word' id='word_1_736' title='bbox 1498 5563 1787 5632; x_wconf 70' lang='lat' dir='ltr'><strong><em>Tenendum</em></strong></span> <span class='ocrx_word' id='word_1_737' title='bbox 1814 5571 1884 5615; x_wconf 90' lang='lat' dir='ltr'><strong><em>cst</em></strong></span> <span class='ocrx_word' id='word_1_738' title='bbox 1907 5576 1994 5613; x_wconf 86' lang='lat' dir='ltr'><strong><em>ra—</em></strong></span> 
     </span>
    </p>
   </div>
   <div class='ocr_carea' id='block_1_97' title="bbox 404 5633 1992 5705">
    <p class='ocr_par' dir='ltr' id='par_1_97' title="bbox 404 5633 1992 5705">
     <span class='ocr_line' id='line_1_97' title="bbox 404 5633 1992 5705; baseline -0.001 -19"><span class='ocrx_word' id='word_1_739' title='bbox 404 5637 568 5703; x_wconf 81' lang='lat' dir='ltr'><strong><em>piente</em></strong></span> <span class='ocrx_word' id='word_1_740' title='bbox 588 5637 744 5704; x_wconf 78' lang='lat' dir='ltr'><strong><em>[luctu</em></strong></span> <span class='ocrx_word' id='word_1_741' title='bbox 771 5635 1187 5705; x_wconf 84' lang='lat' dir='ltr'><strong><em>gubernaculum,</em></strong></span> <span class='ocrx_word' id='word_1_742' title='bbox 1218 5635 1510 5688; x_wconf 85' lang='lat' dir='ltr'><strong><em>luctandum</em></strong></span> <span class='ocrx_word' id='word_1_743' title='bbox 1537 5652 1648 5689; x_wconf 89' lang='lat' dir='ltr'><strong><em>cum</em></strong></span> <span class='ocrx_word' id='word_1_744' title='bbox 1678 5636 1785 5704; x_wconf 88' lang='lat' dir='ltr'><strong><em>ipso</em></strong></span> <span class='ocrx_word' id='word_1_745' title='bbox 1817 5633 1952 5685; x_wconf 84' lang='lat' dir='ltr'><strong><em>mari</em></strong></span> <span class='ocrx_word' id='word_1_746' title='bbox 1978 5672 1992 5696; x_wconf 91' lang='lat'><strong><em>,</em></strong></span> 
     </span>
    </p>
   </div>
   <div class='ocr_carea' id='block_1_98' title="bbox 403 5705 1992 5774">
    <p class='ocr_par' dir='ltr' id='par_1_98' title="bbox 403 5705 1992 5774">
     <span class='ocr_line' id='line_1_98' title="bbox 403 5705 1992 5774; baseline -0.002 -17"><span class='ocrx_word' id='word_1_747' title='bbox 403 5706 664 5774; x_wconf 80' lang='lat' dir='ltr'><strong><em>eripienda</em></strong></span> <span class='ocrx_word' id='word_1_748' title='bbox 684 5719 799 5760; x_wconf 83' lang='lat' dir='ltr'><strong><em>sunt</em></strong></span> <span class='ocrx_word' id='word_1_749' title='bbox 819 5718 962 5761; x_wconf 84' lang='lat' dir='ltr'><strong><em>vento</em></strong></span> <span class='ocrx_word' id='word_1_750' title='bbox 985 5707 1114 5762; x_wconf 77' lang='lat' dir='ltr'><strong><em>vela.</em></strong></span> <span class='ocrx_word' id='word_1_751' title='bbox 1133 5708 1321 5760; x_wconf 73' lang='lat' dir='ltr'><strong><em>Cicero</em></strong></span> <span class='ocrx_word' id='word_1_752' title='bbox 1348 5707 1440 5759; x_wconf 84' lang='lat' dir='ltr'><strong><em>lib.</em></strong></span> <span class='ocrx_word' id='word_1_753' title='bbox 1466 5721 1500 5759; x_wconf 93' lang='grc' dir='ltr'><strong><em>ιι</em></strong></span> <span class='ocrx_word' id='word_1_754' title='bbox 1532 5707 1597 5759; x_wconf 86' lang='lat' dir='ltr'><strong><em>de</em></strong></span> <span class='ocrx_word' id='word_1_755' title='bbox 1622 5705 1954 5758; x_wconf 81' lang='lat' dir='ltr'><strong><em>Divinatione</em></strong></span> <span class='ocrx_word' id='word_1_756' title='bbox 1980 5719 1992 5754; x_wconf 89' lang='lat'>:</span> 
     </span>
    </p>
   </div>
   <div class='ocr_carea' id='block_1_99' title="bbox 403 5775 2016 5866">
    <p class='ocr_par' dir='ltr' id='par_1_99' title="bbox 403 5775 2016 5866">
     <span class='ocr_line' id='line_1_99' title="bbox 403 5775 2016 5866; baseline -0.001 -36"><span class='ocrx_word' id='word_1_757' title='bbox 403 5775 639 5832; x_wconf 77' lang='lat' dir='ltr'><strong><em>Medicus</em></strong></span> <span class='ocrx_word' id='word_1_758' title='bbox 665 5779 891 5834; x_wconf 85' lang='lat' dir='ltr'><strong><em>morbum</em></strong></span> <span class='ocrx_word' id='word_1_759' title='bbox 916 5779 1338 5852; x_wconf 78' lang='lat' dir='ltr'><strong><em>ingravescentem</em></strong></span> <span class='ocrx_word' id='word_1_760' title='bbox 1368 5777 1560 5866; x_wconf 68' lang='lat' dir='ltr'><strong><em>ratione</em></strong></span> <span class='ocrx_word' id='word_1_761' title='bbox 1584 5777 1840 5848; x_wconf 78' lang='lat' dir='ltr'><strong><em>prtevidet,</em></strong></span> <span class='ocrx_word' id='word_1_762' title='bbox 1874 5775 2016 5829; x_wconf 61' lang='lat' dir='ltr'><strong><em>insiw</em></strong></span> 
     </span>
    </p>
   </div>
   <div class='ocr_carea' id='block_1_100' title="bbox 2099 3286 3691 3369">
    <p class='ocr_par' dir='ltr' id='par_1_100' title="bbox 2099 3286 3691 3369">
     <span class='ocr_line' id='line_1_100' title="bbox 2099 3286 3691 3369; baseline 0.008 -29"><span class='ocrx_word' id='word_1_763' title='bbox 2099 3287 2335 3369; x_wconf 53' lang='lat' dir='ltr'><strong><em>inrpcgit;</em></strong></span> <span class='ocrx_word' id='word_1_764' title='bbox 2365 3299 2419 3342; x_wconf 87' lang='lat' dir='ltr'><strong><em>et</em></strong></span> <span class='ocrx_word' id='word_1_765' title='bbox 2447 3303 2564 3369; x_wconf 61' lang='lat' dir='ltr'><strong><em>cap.</em></strong></span> <span class='ocrx_word' id='word_1_766' title='bbox 2600 3289 2702 3369; x_wconf 62' lang='grc' dir='ltr'><strong><em>ωε</em></strong></span> <span class='ocrx_word' id='word_1_767' title='bbox 2731 3286 2908 3369; x_wconf 61' lang='lat' dir='ltr'><strong><em>Dona:</em></strong></span> <span class='ocrx_word' id='word_1_768' title='bbox 2939 3286 3539 3369; x_wconf 55' lang='lat' dir='ltr'><strong><em>gubernatornumquam</em></strong></span> <span class='ocrx_word' id='word_1_769' title='bbox 3571 3286 3691 3369; x_wconf 66' lang='lat' dir='ltr'><strong><em>fecit</em></strong></span> 
     </span>
    </p>
   </div>
   <div class='ocr_carea' id='block_1_101' title="bbox 2098 3359 3690 3433">
    <p class='ocr_par' dir='ltr' id='par_1_101' title="bbox 2098 3359 3690 3433">
     <span class='ocr_line' id='line_1_101' title="bbox 2098 3359 3690 3433; baseline 0.009 -23"><span class='ocrx_word' id='word_1_770' title='bbox 2098 3359 2442 3433; x_wconf 60' lang='lat' dir='ltr'><strong><em>nattfragiunt.</em></strong></span> <span class='ocrx_word' id='word_1_771' title='bbox 2471 3359 2718 3433; x_wconf 75' lang='lat' dir='ltr'><strong><em>Vegetius</em></strong></span> <span class='ocrx_word' id='word_1_772' title='bbox 2742 3359 2831 3433; x_wconf 79' lang='lat' dir='ltr'><strong><em>lib.</em></strong></span> <span class='ocrx_word' id='word_1_773' title='bbox 2856 3376 2928 3433; x_wconf 78' lang='lat' dir='ltr'><strong><em>tv,</em></strong></span> <span class='ocrx_word' id='word_1_774' title='bbox 2956 3375 3070 3433; x_wconf 79' lang='lat' dir='ltr'><strong><em>cap.</em></strong></span> <span class='ocrx_word' id='word_1_775' title='bbox 3102 3361 3188 3425; x_wconf 79' lang='grc'><strong><em>15,</em></strong></span> <span class='ocrx_word' id='word_1_776' title='bbox 3210 3364 3370 3419; x_wconf 82' lang='lat' dir='ltr'><strong><em>dixit:</em></strong></span> <span class='ocrx_word' id='word_1_777' title='bbox 3400 3359 3534 3433; x_wconf 74' lang='lat' dir='ltr'><strong><em>Quid</em></strong></span> <span class='ocrx_word' id='word_1_778' title='bbox 3554 3359 3690 3424; x_wconf 77' lang='lat' dir='ltr'><strong><em>enim</em></strong></span> 
     </span>
    </p>
   </div>
   <div class='ocr_carea' id='block_1_102' title="bbox 2095 3428 3686 3510">
    <p class='ocr_par' dir='ltr' id='par_1_102' title="bbox 2095 3428 3686 3510">
     <span class='ocr_line' id='line_1_102' title="bbox 2095 3428 3686 3510; baseline 0.008 -28"><span class='ocrx_word' id='word_1_779' title='bbox 2095 3428 2272 3510; x_wconf 72' lang='lat' dir='ltr'><strong><em>salutis</em></strong></span> <span class='ocrx_word' id='word_1_780' title='bbox 2298 3440 2519 3510; x_wconf 74' lang='lat' dir='ltr'><strong><em>superest</em></strong></span> <span class='ocrx_word' id='word_1_781' title='bbox 2541 3430 2692 3510; x_wconf 46' lang='lat' dir='ltr'><strong><em>ei&#39;qui</em></strong></span> <span class='ocrx_word' id='word_1_782' title='bbox 2713 3431 2931 3483; x_wconf 87' lang='lat' dir='ltr'><strong><em>amiserit</em></strong></span> <span class='ocrx_word' id='word_1_783' title='bbox 2961 3428 3484 3510; x_wconf 61' lang='lat' dir='ltr'><strong><em>clituutrtZ’Qorncliits</em></strong></span> <span class='ocrx_word' id='word_1_784' title='bbox 3511 3438 3686 3510; x_wconf 80' lang='lat' dir='ltr'><strong><em>Nepos</em></strong></span> 
     </span>
    </p>
   </div>
   <div class='ocr_carea' id='block_1_103' title="bbox 2097 3499 3684 3575">
    <p class='ocr_par' dir='ltr' id='par_1_103' title="bbox 2097 3499 3684 3575">
     <span class='ocr_line' id='line_1_103' title="bbox 2097 3499 3684 3575; baseline 0.008 -23"><span class='ocrx_word' id='word_1_785' title='bbox 2097 3500 2152 3553; x_wconf 86' lang='lat' dir='ltr'><strong><em>in</em></strong></span> <span class='ocrx_word' id='word_1_786' title='bbox 2183 3499 2300 3553; x_wconf 77' lang='lat' dir='ltr'><strong><em>Vita</em></strong></span> <span class='ocrx_word' id='word_1_787' title='bbox 2332 3501 2490 3575; x_wconf 77' lang='lat' dir='ltr'><strong><em>Attici</em></strong></span> <span class='ocrx_word' id='word_1_788' title='bbox 2517 3517 2528 3550; x_wconf 88' lang='lat'><strong>:</strong></span> <span class='ocrx_word' id='word_1_789' title='bbox 2565 3499 2882 3575; x_wconf 77' lang='lat' dir='ltr'><strong><em>Gubernator</em></strong></span> <span class='ocrx_word' id='word_1_790' title='bbox 2911 3502 3170 3575; x_wconf 71' lang='lat' dir='ltr'><strong><em>pra’cipna</em></strong></span> <span class='ocrx_word' id='word_1_791' title='bbox 3218 3503 3367 3559; x_wconf 81' lang='lat' dir='ltr'><strong><em>laude</em></strong></span> <span class='ocrx_word' id='word_1_792' title='bbox 3391 3499 3684 3575; x_wconf 49' lang='lat' dir='ltr'><strong><em>fortior-qui</em></strong></span> 
     </span>
    </p>
   </div>
   <div class='ocr_carea' id='block_1_104' title="bbox 2096 3571 3682 3647">
    <p class='ocr_par' dir='ltr' id='par_1_104' title="bbox 2096 3571 3682 3647">
     <span class='ocr_line' id='line_1_104' title="bbox 2096 3571 3682 3647; baseline 0.007 -23"><span class='ocrx_word' id='word_1_793' title='bbox 2096 3587 2270 3625; x_wconf 82' lang='lat' dir='ltr'><strong><em>navem</em></strong></span> <span class='ocrx_word' id='word_1_794' title='bbox 2294 3587 2354 3647; x_wconf 62' lang='lat' dir='ltr'><strong><em>ea:</em></strong></span> <span class='ocrx_word' id='word_1_795' title='bbox 2375 3571 2534 3622; x_wconf 85' lang='lat' dir='ltr'><strong><em>lticme</em></strong></span> <span class='ocrx_word' id='word_1_796' title='bbox 2555 3572 2779 3647; x_wconf 80' lang='lat' dir='ltr'><strong><em>marirpte</em></strong></span> <span class='ocrx_word' id='word_1_797' title='bbox 2800 3573 3064 3647; x_wconf 77' lang='lat' dir='ltr'><strong><em>scopuloso</em></strong></span> <span class='ocrx_word' id='word_1_798' title='bbox 3083 3584 3263 3627; x_wconf 81' lang='lat' dir='ltr'><strong><em>servat.</em></strong></span> <span class='ocrx_word' id='word_1_799' title='bbox 3291 3571 3489 3632; x_wconf 78' lang='lat' dir='ltr'><strong><em>Seneca</em></strong></span> <span class='ocrx_word' id='word_1_800' title='bbox 3512 3571 3682 3647; x_wconf 81' lang='lat' dir='ltr'><strong><em>Epist.</em></strong></span> 
     </span>
    </p>
   </div>
   <div class='ocr_carea' id='block_1_105' title="bbox 2096 3641 3690 3715">
    <p class='ocr_par' dir='ltr' id='par_1_105' title="bbox 2096 3641 3690 3715">
     <span class='ocr_line' id='line_1_105' title="bbox 2096 3641 3690 3715; baseline 0.005 -18"><span class='ocrx_word' id='word_1_801' title='bbox 2096 3659 2200 3697; x_wconf 79' lang='lat' dir='ltr'><strong><em>xxx</em></strong></span> <span class='ocrx_word' id='word_1_802' title='bbox 2235 3659 2247 3694; x_wconf 90' lang='lat'>:</span> <span class='ocrx_word' id='word_1_803' title='bbox 2281 3641 2500 3715; x_wconf 76' lang='lat' dir='ltr'><strong><em>Magnus</em></strong></span> <span class='ocrx_word' id='word_1_804' title='bbox 2548 3643 2852 3715; x_wconf 84' lang='lat' dir='ltr'><strong><em>gubernator</em></strong></span> <span class='ocrx_word' id='word_1_805' title='bbox 2877 3653 2921 3695; x_wconf 90' lang='lat' dir='ltr'><strong><em>et</em></strong></span> <span class='ocrx_word' id='word_1_806' title='bbox 2948 3645 3100 3696; x_wconf 87' lang='lat' dir='ltr'><strong><em>scisso</em></strong></span> <span class='ocrx_word' id='word_1_807' title='bbox 3148 3647 3348 3715; x_wconf 86' lang='lat' dir='ltr'><strong><em>navigat</em></strong></span> <span class='ocrx_word' id='word_1_808' title='bbox 3393 3651 3525 3713; x_wconf 78' lang='lat' dir='ltr'><strong><em>velo;</em></strong></span> <span class='ocrx_word' id='word_1_809' title='bbox 3560 3641 3615 3703; x_wconf 43' lang='lat' dir='ltr'><strong><em>&#39;et</em></strong></span> <span class='ocrx_word' id='word_1_810' title='bbox 3643 3654 3690 3706; x_wconf 83' lang='lat' dir='ltr'><strong><em>si</em></strong></span> 
     </span>
    </p>
   </div>
   <div class='ocr_carea' id='block_1_106' title="bbox 2095 3713 3683 3784">
    <p class='ocr_par' dir='ltr' id='par_1_106' title="bbox 2095 3713 3683 3784">
     <span class='ocr_line' id='line_1_106' title="bbox 2095 3713 3683 3784; baseline 0.006 -17"><span class='ocrx_word' id='word_1_811' title='bbox 2095 3713 2392 3777; x_wconf 69' lang='lat' dir='ltr'><strong><em>exarmavit,</em></strong></span> <span class='ocrx_word' id='word_1_812' title='bbox 2440 3722 2606 3784; x_wconf 84' lang='lat' dir='ltr'><strong><em>tamen</em></strong></span> <span class='ocrx_word' id='word_1_813' title='bbox 2652 3713 2890 3779; x_wconf 84' lang='lat' dir='ltr'><strong><em>reliquias</em></strong></span> <span class='ocrx_word' id='word_1_814' title='bbox 2936 3715 3121 3784; x_wconf 79' lang='lat' dir='ltr'><strong><em>nauigii</em></strong></span> <span class='ocrx_word' id='word_1_815' title='bbox 3162 3713 3303 3784; x_wconf 74' lang='lat' dir='ltr'><strong><em>aptdt</em></strong></span> <span class='ocrx_word' id='word_1_816' title='bbox 3349 3719 3416 3770; x_wconf 88' lang='lat' dir='ltr'><strong><em>ad</em></strong></span> <span class='ocrx_word' id='word_1_817' title='bbox 3454 3736 3683 3777; x_wconf 84' lang='lat' dir='ltr'><strong><em>cursum.</em></strong></span> 
     </span>
    </p>
   </div>
   <div class='ocr_carea' id='block_1_107' title="bbox 2095 3781 3685 3856">
    <p class='ocr_par' dir='ltr' id='par_1_107' title="bbox 2095 3781 3685 3856">
     <span class='ocr_line' id='line_1_107' title="bbox 2095 3781 3685 3856; baseline 0.006 -18"><span class='ocrx_word' id='word_1_818' title='bbox 2095 3784 2462 3838; x_wconf 81' lang='lat' dir='ltr'><strong><em>Theodoretus</em></strong></span> <span class='ocrx_word' id='word_1_819' title='bbox 2490 3781 2863 3856; x_wconf 29' lang='lat' dir='ltr'><strong><em>Epistarxxt‘x</em></strong></span> <span class='ocrx_word' id='word_1_820' title='bbox 2913 3781 3288 3856; x_wconf 51' lang='lat' dir='ltr'><strong><em>scribitinaris</em></strong></span> <span class='ocrx_word' id='word_1_821' title='bbox 3342 3789 3685 3856; x_wconf 82' lang='lat' dir='ltr'><strong><em>agitationem</em></strong></span> 
     </span>
    </p>
   </div>
   <div class='ocr_carea' id='block_1_108' title="bbox 2095 3853 3686 3924">
    <p class='ocr_par' dir='ltr' id='par_1_108' title="bbox 2095 3853 3686 3924">
     <span class='ocr_line' id='line_1_108' title="bbox 2095 3853 3686 3924; baseline 0.006 -17"><span class='ocrx_word' id='word_1_822' title='bbox 2095 3855 2324 3924; x_wconf 88' lang='lat' dir='ltr'><strong><em>prodere</em></strong></span> <span class='ocrx_word' id='word_1_823' title='bbox 2345 3854 2715 3918; x_wconf 75' lang='lat' dir='ltr'><strong><em>gubernatoris</em></strong></span> <span class='ocrx_word' id='word_1_824' title='bbox 2745 3853 3076 3924; x_wconf 69' lang='lat' dir='ltr'><strong><em>indmtriam.</em></strong></span> <span class='ocrx_word' id='word_1_825' title='bbox 3106 3853 3258 3917; x_wconf 83' lang='lat' dir='ltr'><strong><em>Nam,</em></strong></span> <span class='ocrx_word' id='word_1_826' title='bbox 3298 3865 3353 3910; x_wconf 78' lang='grc' dir='ltr'>ιη</span> <span class='ocrx_word' id='word_1_827' title='bbox 3379 3853 3460 3913; x_wconf 74' lang='lat' dir='ltr'><strong><em>ait</em></strong></span> <span class='ocrx_word' id='word_1_828' title='bbox 3495 3861 3686 3916; x_wconf 85' lang='lat' dir='ltr'><strong><em>Hiero-</em></strong></span> 
     </span>
    </p>
   </div>
   <div class='ocr_carea' id='block_1_109' title="bbox 2093 3922 3686 4002">
    <p class='ocr_par' dir='ltr' id='par_1_109' title="bbox 2093 3922 3686 4002">
     <span class='ocr_line' id='line_1_109' title="bbox 2093 3922 3686 4002; baseline 0.003 -23"><span class='ocrx_word' id='word_1_829' title='bbox 2093 3922 2286 4002; x_wconf 80' lang='lat' dir='ltr'><strong><em>nymus</em></strong></span> <span class='ocrx_word' id='word_1_830' title='bbox 2314 3925 2404 4002; x_wconf 76' lang='lat' dir='ltr'><strong><em>lib.</em></strong></span> <span class='ocrx_word' id='word_1_831' title='bbox 2431 3940 2468 3985; x_wconf 88' lang='grc' dir='ltr'>ι,</span> <span class='ocrx_word' id='word_1_832' title='bbox 2493 3925 2734 4002; x_wconf 69' lang='lat' dir='ltr'><strong><em>adversus</em></strong></span> <span class='ocrx_word' id='word_1_833' title='bbox 2761 3922 3038 4002; x_wconf 69' lang='lat' dir='ltr'><strong><em>lin/iitum,</em></strong></span> <span class='ocrx_word' id='word_1_834' title='bbox 3065 3939 3254 3980; x_wconf 82' lang='lat' dir='ltr'><strong><em>navem</em></strong></span> <span class='ocrx_word' id='word_1_835' title='bbox 3284 3939 3441 4002; x_wconf 84' lang='lat' dir='ltr'><strong><em>agere</em></strong></span> <span class='ocrx_word' id='word_1_836' title='bbox 3469 3933 3686 4002; x_wconf 84' lang='lat' dir='ltr'><strong><em>ignarus</em></strong></span> 
     </span>
    </p>
   </div>
   <div class='ocr_carea' id='block_1_110' title="bbox 2095 3995 3686 4070">
    <p class='ocr_par' dir='ltr' id='par_1_110' title="bbox 2095 3995 3686 4070">
     <span class='ocr_line' id='line_1_110' title="bbox 2095 3995 3686 4070; baseline 0.005 -20"><span class='ocrx_word' id='word_1_837' title='bbox 2095 3995 2268 4050; x_wconf 78' lang='lat' dir='ltr'><strong><em>navita</em></strong></span> <span class='ocrx_word' id='word_1_838' title='bbox 2302 3997 2478 4070; x_wconf 66' lang='lat' dir='ltr'><strong><em>timet.</em></strong></span> <span class='ocrx_word' id='word_1_839' title='bbox 2504 3995 2655 4070; x_wconf 76' lang='lat' dir='ltr'><strong><em>Apud</em></strong></span> <span class='ocrx_word' id='word_1_840' title='bbox 2689 3996 2898 4070; x_wconf 68' lang='lat' dir='ltr'><strong><em>Avitum</em></strong></span> <span class='ocrx_word' id='word_1_841' title='bbox 2928 3995 3094 4070; x_wconf 61' lang='lat' dir='ltr'><strong><em>Epist.</em></strong></span> <span class='ocrx_word' id='word_1_842' title='bbox 3132 4013 3252 4070; x_wconf 56' lang='lat' dir='ltr'><strong><em>xxx:</em></strong></span> <span class='ocrx_word' id='word_1_843' title='bbox 3283 3995 3513 4070; x_wconf 53' lang='lat' dir='ltr'><strong><em>legitur?</em></strong></span> <span class='ocrx_word' id='word_1_844' title='bbox 3542 4005 3686 4058; x_wconf 82' lang='lat' dir='ltr'><strong><em>Alias</em></strong></span> 
     </span>
    </p>
   </div>
   <div class='ocr_carea' id='block_1_111' title="bbox 2092 4065 3687 4144">
    <p class='ocr_par' dir='ltr' id='par_1_111' title="bbox 2092 4065 3687 4144">
     <span class='ocr_line' id='line_1_111' title="bbox 2092 4065 3687 4144; baseline 0.007 -25"><span class='ocrx_word' id='word_1_845' title='bbox 2092 4078 2257 4144; x_wconf 74' lang='lat' dir='ltr'><strong><em>autem</em></strong></span> <span class='ocrx_word' id='word_1_846' title='bbox 2286 4066 2668 4144; x_wconf 31' lang='lat' dir='ltr'><strong><em>qttwultio‘est,</em></strong></span> <span class='ocrx_word' id='word_1_847' title='bbox 2688 4067 2728 4120; x_wconf 88' lang='lat' dir='ltr'><strong><em>si</em></strong></span> <span class='ocrx_word' id='word_1_848' title='bbox 2757 4067 2896 4144; x_wconf 69' lang='lat' dir='ltr'><strong><em>nauis</em></strong></span> <span class='ocrx_word' id='word_1_849' title='bbox 2925 4065 2976 4144; x_wconf 80' lang='lat' dir='ltr'><strong><em>in</em></strong></span> <span class='ocrx_word' id='word_1_850' title='bbox 3005 4069 3298 4144; x_wconf 78' lang='lat' dir='ltr'><strong><em>titagistrum</em></strong></span> <span class='ocrx_word' id='word_1_851' title='bbox 3330 4065 3486 4127; x_wconf 66' lang='lat' dir='ltr'><strong><em>uentis</em></strong></span> <span class='ocrx_word' id='word_1_852' title='bbox 3511 4079 3687 4144; x_wconf 82' lang='lat' dir='ltr'><strong><em>furen—</em></strong></span> 
     </span>
    </p>
   </div>
   <div class='ocr_carea' id='block_1_112' title="bbox 2093 4138 3678 4206">
    <p class='ocr_par' dir='ltr' id='par_1_112' title="bbox 2093 4138 3678 4206">
     <span class='ocr_line' id='line_1_112' title="bbox 2093 4138 3678 4206; baseline 0.004 -14"><span class='ocrx_word' id='word_1_853' title='bbox 2093 4140 2222 4192; x_wconf 90' lang='lat' dir='ltr'><strong><em>tibus</em></strong></span> <span class='ocrx_word' id='word_1_854' title='bbox 2247 4155 2345 4192; x_wconf 89' lang='lat' dir='ltr'><strong><em>non</em></strong></span> <span class='ocrx_word' id='word_1_855' title='bbox 2375 4139 2483 4192; x_wconf 87' lang='lat' dir='ltr'><strong><em>sine</em></strong></span> <span class='ocrx_word' id='word_1_856' title='bbox 2513 4139 2714 4191; x_wconf 87' lang='lat' dir='ltr'><strong><em>illorum</em></strong></span> <span class='ocrx_word' id='word_1_857' title='bbox 2746 4138 2969 4206; x_wconf 89' lang='lat' dir='ltr'><strong><em>periculo</em></strong></span> <span class='ocrx_word' id='word_1_858' title='bbox 2999 4141 3207 4192; x_wconf 84' lang='lat' dir='ltr'><strong><em>cedatur</em></strong></span> <span class='ocrx_word' id='word_1_859' title='bbox 3248 4142 3343 4196; x_wconf 89' lang='lat' dir='ltr'><strong><em>isto</em></strong></span> <span class='ocrx_word' id='word_1_860' title='bbox 3369 4138 3678 4200; x_wconf 83' lang='lat' dir='ltr'><strong><em>discrimine.</em></strong></span> 
     </span>
    </p>
   </div>
   <div class='ocr_carea' id='block_1_113' title="bbox 2093 4205 3677 4284">
    <p class='ocr_par' dir='ltr' id='par_1_113' title="bbox 2093 4205 3677 4284">
     <span class='ocr_line' id='line_1_113' title="bbox 2093 4205 3677 4284; baseline 0.003 -20"><span class='ocrx_word' id='word_1_861' title='bbox 2093 4208 2289 4284; x_wconf 70' lang='lat' dir='ltr'><strong><em>Melius</em></strong></span> <span class='ocrx_word' id='word_1_862' title='bbox 2312 4210 2631 4284; x_wconf 79' lang='lat' dir='ltr'><strong><em>fortassisin</em></strong></span> <span class='ocrx_word' id='word_1_863' title='bbox 2664 4205 2848 4284; x_wconf 81' lang='lat' dir='ltr'><strong><em>codice</em></strong></span> <span class='ocrx_word' id='word_1_864' title='bbox 2876 4205 3248 4284; x_wconf 68' lang='lat' dir='ltr'><strong><em>Martnnsii,_i_n</em></strong></span> <span class='ocrx_word' id='word_1_865' title='bbox 3275 4227 3377 4280; x_wconf 87' lang='lat' dir='ltr'><strong><em>quo</em></strong></span> <span class='ocrx_word' id='word_1_866' title='bbox 3422 4218 3677 4284; x_wconf 87' lang='lat' dir='ltr'><strong><em>scriptum</em></strong></span> 
     </span>
    </p>
   </div>
   <div class='ocr_carea' id='block_1_114' title="bbox 2092 4279 3683 4350">
    <p class='ocr_par' dir='ltr' id='par_1_114' title="bbox 2092 4279 3683 4350">
     <span class='ocr_line' id='line_1_114' title="bbox 2092 4279 3683 4350; baseline 0.003 -16"><span class='ocrx_word' id='word_1_867' title='bbox 2092 4291 2172 4335; x_wconf 89' lang='lat' dir='ltr'><strong><em>est</em></strong></span> <span class='ocrx_word' id='word_1_868' title='bbox 2207 4299 2220 4334; x_wconf 94' lang='lat'>:</span> <span class='ocrx_word' id='word_1_869' title='bbox 2252 4281 2311 4334; x_wconf 85' lang='lat' dir='ltr'><strong><em>Si</em></strong></span> <span class='ocrx_word' id='word_1_870' title='bbox 2338 4291 2504 4334; x_wconf 80' lang='lat' dir='ltr'><strong><em>naqu</em></strong></span> <span class='ocrx_word' id='word_1_871' title='bbox 2533 4281 2641 4334; x_wconf 83' lang='lat' dir='ltr'><strong><em>sine</em></strong></span> <span class='ocrx_word' id='word_1_872' title='bbox 2665 4282 2904 4349; x_wconf 85' lang='lat' dir='ltr'><strong><em>nmgistro</em></strong></span> <span class='ocrx_word' id='word_1_873' title='bbox 2927 4281 3130 4350; x_wconf 82' lang='lat' dir='ltr'><strong><em>fuerint.</em></strong></span> <span class='ocrx_word' id='word_1_874' title='bbox 3163 4279 3300 4335; x_wconf 11' lang='lat' dir='ltr'><strong><em>Non,</em></strong></span> <span class='ocrx_word' id='word_1_875' title='bbox 3329 4285 3436 4336; x_wconf 87' lang='lat' dir='ltr'><strong><em>sine</em></strong></span> <span class='ocrx_word' id='word_1_876' title='bbox 3475 4279 3683 4339; x_wconf 78' lang='lat' dir='ltr'><strong><em>illorum</em></strong></span> 
     </span>
    </p>
   </div>
   <div class='ocr_carea' id='block_1_115' title="bbox 2090 4351 3680 4424">
    <p class='ocr_par' dir='ltr' id='par_1_115' title="bbox 2090 4351 3680 4424">
     <span class='ocr_line' id='line_1_115' title="bbox 2090 4351 3680 4424; baseline 0.003 -20"><span class='ocrx_word' id='word_1_877' title='bbox 2090 4352 2315 4423; x_wconf 84' lang='lat' dir='ltr'><strong><em>periculo</em></strong></span> <span class='ocrx_word' id='word_1_878' title='bbox 2342 4353 2535 4424; x_wconf 78' lang='lat' dir='ltr'><strong><em>ceditur</em></strong></span> <span class='ocrx_word' id='word_1_879' title='bbox 2559 4351 2653 4424; x_wconf 8' lang='lat' dir='ltr'><strong><em>isti?</em></strong></span> <span class='ocrx_word' id='word_1_880' title='bbox 2679 4353 2974 4424; x_wconf 71' lang='lat' dir='ltr'><strong><em>discrimini.</em></strong></span> <span class='ocrx_word' id='word_1_881' title='bbox 3010 4351 3156 4424; x_wconf 78' lang='lat' dir='ltr'><strong><em>[Iane</em></strong></span> <span class='ocrx_word' id='word_1_882' title='bbox 3186 4367 3342 4421; x_wconf 90' lang='lat' dir='ltr'><strong><em>porro</em></strong></span> <span class='ocrx_word' id='word_1_883' title='bbox 3372 4355 3508 4407; x_wconf 81' lang='lat' dir='ltr'><strong><em>Aviti</em></strong></span> <span class='ocrx_word' id='word_1_884' title='bbox 3539 4357 3680 4424; x_wconf 80' lang='lat' dir='ltr'><strong><em>epis-</em></strong></span> 
     </span>
    </p>
   </div>
   <div class='ocr_carea' id='block_1_116' title="bbox 2093 4421 3680 4493">
    <p class='ocr_par' dir='ltr' id='par_1_116' title="bbox 2093 4421 3680 4493">
     <span class='ocr_line' id='line_1_116' title="bbox 2093 4421 3680 4493; baseline 0.003 -16"><span class='ocrx_word' id='word_1_885' title='bbox 2093 4421 2252 4477; x_wconf 79' lang='lat' dir='ltr'><strong><em>tolum</em></strong></span> <span class='ocrx_word' id='word_1_886' title='bbox 2281 4424 2347 4477; x_wconf 69' lang='lat' dir='ltr'><strong><em>Ii.</em></strong></span> <span class='ocrx_word' id='word_1_887' title='bbox 2374 4424 2430 4476; x_wconf 84' lang='lat' dir='ltr'><strong><em>I&#39;.</em></strong></span> <span class='ocrx_word' id='word_1_888' title='bbox 2461 4423 2761 4476; x_wconf 85' lang='lat' dir='ltr'><strong><em>Hardninus</em></strong></span> <span class='ocrx_word' id='word_1_889' title='bbox 2784 4432 2820 4475; x_wconf 91' lang='lat' dir='ltr'><strong><em>t.</em></strong></span> <span class='ocrx_word' id='word_1_890' title='bbox 2842 4421 3268 4487; x_wconf 87' lang='lat' dir='ltr'><strong><em>nCnnciliorum,</em></strong></span> <span class='ocrx_word' id='word_1_891' title='bbox 3294 4439 3344 4493; x_wconf 86' lang='lat' dir='ltr'><strong><em>p.</em></strong></span> <span class='ocrx_word' id='word_1_892' title='bbox 3372 4421 3680 4490; x_wconf 78' lang='lat' dir='ltr'><strong><em>981,edidit</em></strong></span> 
     </span>
    </p>
   </div>
   <div class='ocr_carea' id='block_1_117' title="bbox 2093 4493 3680 4565">
    <p class='ocr_par' dir='ltr' id='par_1_117' title="bbox 2093 4493 3680 4565">
     <span class='ocr_line' id='line_1_117' title="bbox 2093 4493 3680 4565; baseline 0.003 -19"><span class='ocrx_word' id='word_1_893' title='bbox 2093 4503 2360 4565; x_wconf 85' lang='lat' dir='ltr'><strong><em>tamquam</em></strong></span> <span class='ocrx_word' id='word_1_894' title='bbox 2390 4508 2577 4548; x_wconf 83' lang='lat' dir='ltr'><strong><em>novam</em></strong></span> <span class='ocrx_word' id='word_1_895' title='bbox 2610 4510 2673 4547; x_wconf 74' lang='lat' dir='ltr'><strong><em>ex</em></strong></span> <span class='ocrx_word' id='word_1_896' title='bbox 2714 4493 2895 4565; x_wconf 82' lang='lat' dir='ltr'><strong><em>codice</em></strong></span> <span class='ocrx_word' id='word_1_897' title='bbox 2939 4493 3300 4565; x_wconf 81' lang='lat' dir='ltr'><strong><em>manuscripto</em></strong></span> <span class='ocrx_word' id='word_1_898' title='bbox 3344 4495 3680 4552; x_wconf 71' lang='lat' dir='ltr'><strong><em>bibiiotheca:</em></strong></span> 
     </span>
    </p>
   </div>
   <div class='ocr_carea' id='block_1_118' title="bbox 2089 4562 3639 4634">
    <p class='ocr_par' dir='ltr' id='par_1_118' title="bbox 2089 4562 3639 4634">
     <span class='ocr_line' id='line_1_118' title="bbox 2089 4562 3639 4634; baseline 0.002 -15"><span class='ocrx_word' id='word_1_899' title='bbox 2089 4562 2270 4634; x_wconf 65' lang='lat' dir='ltr'><strong><em>regie.</em></strong></span> <span class='ocrx_word' id='word_1_900' title='bbox 2300 4566 2365 4620; x_wconf 88' lang='lat' dir='ltr'><strong><em>Et</em></strong></span> <span class='ocrx_word' id='word_1_901' title='bbox 2391 4577 2566 4620; x_wconf 90' lang='lat' dir='ltr'><strong><em>tamen</em></strong></span> <span class='ocrx_word' id='word_1_902' title='bbox 2593 4565 2730 4634; x_wconf 81' lang='lat' dir='ltr'><strong><em>edita</em></strong></span> <span class='ocrx_word' id='word_1_903' title='bbox 2763 4564 2929 4616; x_wconf 85' lang='lat' dir='ltr'><strong><em>fuerat</em></strong></span> <span class='ocrx_word' id='word_1_904' title='bbox 2956 4575 2986 4615; x_wconf 89' lang='lat' dir='ltr'><strong><em>a</em></strong></span> <span class='ocrx_word' id='word_1_905' title='bbox 3009 4562 3293 4616; x_wconf 69' lang='lat' dir='ltr'><strong><em>Sirmnndo</em></strong></span> <span class='ocrx_word' id='word_1_906' title='bbox 3319 4579 3459 4618; x_wconf 89' lang='lat' dir='ltr'><strong><em>anno</em></strong></span> <span class='ocrx_word' id='word_1_907' title='bbox 3484 4569 3639 4621; x_wconf 66' lang='grc'><strong><em>1645.</em></strong></span> 
     </span>
    </p>
   </div>
   <div class='ocr_carea' id='block_1_119' title="bbox 2163 4632 3674 4712">
    <p class='ocr_par' dir='ltr' id='par_1_119' title="bbox 2163 4632 3674 4712">
     <span class='ocr_line' id='line_1_119' title="bbox 2163 4632 3674 4712; baseline 0.003 -24"><span class='ocrx_word' id='word_1_908' title='bbox 2163 4632 2644 4712; x_wconf 74' lang='lat' dir='ltr'><strong><em>Delicatajactatio.</em></strong></span> <span class='ocrx_word' id='word_1_909' title='bbox 2675 4632 3029 4712; x_wconf 79' lang='lat' dir='ltr'><strong><em>Tertullianus</em></strong></span> <span class='ocrx_word' id='word_1_910' title='bbox 3057 4634 3106 4686; x_wconf 89' lang='lat' dir='ltr'><strong><em>in</em></strong></span> <span class='ocrx_word' id='word_1_911' title='bbox 3138 4635 3270 4712; x_wconf 78' lang='lat' dir='ltr'><strong><em>libro</em></strong></span> <span class='ocrx_word' id='word_1_912' title='bbox 3312 4637 3618 4712; x_wconf 60' lang='lat' dir='ltr'><strong><em>deCurona</em></strong></span> <span class='ocrx_word' id='word_1_913' title='bbox 3659 4658 3674 4693; x_wconf 93' lang='lat'><strong>:</strong></span> 
     </span>
    </p>
   </div>
   <div class='ocr_carea' id='block_1_120' title="bbox 2086 4705 3676 4778">
    <p class='ocr_par' dir='ltr' id='par_1_120' title="bbox 2086 4705 3676 4778">
     <span class='ocr_line' id='line_1_120' title="bbox 2086 4705 3676 4778; baseline 0.003 -18"><span class='ocrx_word' id='word_1_914' title='bbox 2086 4706 2222 4762; x_wconf 76' lang='lat' dir='ltr'><strong><em>Novi</em></strong></span> <span class='ocrx_word' id='word_1_915' title='bbox 2253 4705 2478 4778; x_wconf 72' lang='lat' dir='ltr'><strong><em>pastores</em></strong></span> <span class='ocrx_word' id='word_1_916' title='bbox 2504 4723 2672 4778; x_wconf 84' lang='lat' dir='ltr'><strong><em>eorum</em></strong></span> <span class='ocrx_word' id='word_1_917' title='bbox 2725 4707 2776 4757; x_wconf 88' lang='lat' dir='ltr'><strong><em>in</em></strong></span> <span class='ocrx_word' id='word_1_918' title='bbox 2810 4705 3146 4778; x_wconf 82' lang='lat' dir='ltr'><strong><em>paceleones,</em></strong></span> <span class='ocrx_word' id='word_1_919' title='bbox 3177 4706 3228 4757; x_wconf 85' lang='lat' dir='ltr'><strong><em>in</em></strong></span> <span class='ocrx_word' id='word_1_920' title='bbox 3255 4711 3262 4717; x_wconf 85' lang='lat'>&#39;</span> <span class='ocrx_word' id='word_1_921' title='bbox 3279 4709 3454 4776; x_wconf 73' lang='lat' dir='ltr'><strong><em>prtvlt’o</em></strong></span> <span class='ocrx_word' id='word_1_922' title='bbox 3485 4725 3676 4764; x_wconf 76' lang='lat' dir='ltr'><strong><em>cervos.</em></strong></span> 
     </span>
    </p>
   </div>
   <div class='ocr_carea' id='block_1_121' title="bbox 2085 4775 3676 4848">
    <p class='ocr_par' dir='ltr' id='par_1_121' title="bbox 2085 4775 3676 4848">
     <span class='ocr_line' id='line_1_121' title="bbox 2085 4775 3676 4848; baseline 0.001 -15"><span class='ocrx_word' id='word_1_923' title='bbox 2085 4775 2336 4834; x_wconf 82' lang='lat' dir='ltr'><strong><em>Sidonius</em></strong></span> <span class='ocrx_word' id='word_1_924' title='bbox 2366 4781 2455 4833; x_wconf 87' lang='lat' dir='ltr'><strong><em>lib.</em></strong></span> <span class='ocrx_word' id='word_1_925' title='bbox 2488 4775 2537 4844; x_wconf 77' lang='lat' dir='ltr'><strong><em>v&#39;,</em></strong></span> <span class='ocrx_word' id='word_1_926' title='bbox 2568 4777 2844 4848; x_wconf 26' lang='lat' dir='ltr'><strong><em>Epistavu</em></strong></span> <span class='ocrx_word' id='word_1_927' title='bbox 2878 4791 2889 4826; x_wconf 93' lang='lat'>:</span> <span class='ocrx_word' id='word_1_928' title='bbox 2919 4775 3042 4827; x_wconf 82' lang='lat' dir='ltr'><strong><em>Cum</em></strong></span> <span class='ocrx_word' id='word_1_929' title='bbox 3063 4778 3190 4848; x_wconf 39' lang='lat' dir='ltr'><strong><em>sint</em></strong></span> <span class='ocrx_word' id='word_1_930' title='bbox 3218 4775 3540 4848; x_wconf 57' lang='lat' dir='ltr'><strong><em>inprattoriis</em></strong></span> <span class='ocrx_word' id='word_1_931' title='bbox 3571 4783 3676 4834; x_wconf 82' lang='lat' dir='ltr'><strong><em>leo-</em></strong></span> 
     </span>
    </p>
   </div>
   <div class='ocr_carea' id='block_1_122' title="bbox 2086 4845 3675 4918">
    <p class='ocr_par' dir='ltr' id='par_1_122' title="bbox 2086 4845 3675 4918">
     <span class='ocr_line' id='line_1_122' title="bbox 2086 4845 3675 4918; baseline 0.001 -14"><span class='ocrx_word' id='word_1_932' title='bbox 2086 4867 2191 4913; x_wconf 86' lang='lat' dir='ltr'><strong><em>ncs,</em></strong></span> <span class='ocrx_word' id='word_1_933' title='bbox 2225 4853 2274 4904; x_wconf 89' lang='lat' dir='ltr'><strong><em>in</em></strong></span> <span class='ocrx_word' id='word_1_934' title='bbox 2301 4852 2478 4904; x_wconf 86' lang='lat' dir='ltr'><strong><em>castris</em></strong></span> <span class='ocrx_word' id='word_1_935' title='bbox 2509 4845 2722 4918; x_wconf 65' lang='lat' dir='ltr'><strong><em>lepores.</em></strong></span> <span class='ocrx_word' id='word_1_936' title='bbox 2754 4845 3010 4900; x_wconf 83' lang='lat' dir='ltr'><strong><em>Martinus</em></strong></span> <span class='ocrx_word' id='word_1_937' title='bbox 3061 4845 3300 4917; x_wconf 76' lang='lat' dir='ltr'><strong><em>Magistri</em></strong></span> <span class='ocrx_word' id='word_1_938' title='bbox 3344 4851 3393 4902; x_wconf 91' lang='lat' dir='ltr'><strong><em>in</em></strong></span> <span class='ocrx_word' id='word_1_939' title='bbox 3438 4853 3571 4904; x_wconf 79' lang='lat' dir='ltr'><strong><em>libro</em></strong></span> <span class='ocrx_word' id='word_1_940' title='bbox 3612 4854 3675 4906; x_wconf 86' lang='lat' dir='ltr'><strong><em>de</em></strong></span> 
     </span>
    </p>
   </div>
   <div class='ocr_carea' id='block_1_123' title="bbox 2088 4916 3677 4991">
    <p class='ocr_par' dir='ltr' id='par_1_123' title="bbox 2088 4916 3677 4991">
     <span class='ocr_line' id='line_1_123' title="bbox 2088 4916 3677 4991; baseline 0.001 -17"><span class='ocrx_word' id='word_1_941' title='bbox 2088 4921 2537 4988; x_wconf 66' lang='grc' dir='ltr'><strong><em>1σὀι·ιὶιιιιίὶησ,ΐυι.</em></strong></span> <span class='ocrx_word' id='word_1_942' title='bbox 2558 4916 2598 4972; x_wconf 28' lang='lat'><strong><em>‘8</em></strong></span> <span class='ocrx_word' id='word_1_943' title='bbox 2626 4937 2637 4972; x_wconf 92' lang='lat'>:</span> <span class='ocrx_word' id='word_1_944' title='bbox 2669 4916 2960 4991; x_wconf 76' lang='lat' dir='ltr'><strong><em>Multisnnt</em></strong></span> <span class='ocrx_word' id='word_1_945' title='bbox 2987 4919 3072 4987; x_wconf 89' lang='lat' dir='ltr'><strong><em>qui</em></strong></span> <span class='ocrx_word' id='word_1_946' title='bbox 3093 4916 3396 4991; x_wconf 20' lang='lat' dir='ltr'><strong><em>in’absentia</em></strong></span> <span class='ocrx_word' id='word_1_947' title='bbox 3427 4924 3677 4991; x_wconf 83' lang='lat' dir='ltr'><strong><em>periculo-</em></strong></span> 
     </span>
    </p>
   </div>
   <div class='ocr_carea' id='block_1_124' title="bbox 2087 4989 3672 5061">
    <p class='ocr_par' dir='ltr' id='par_1_124' title="bbox 2087 4989 3672 5061">
     <span class='ocr_line' id='line_1_124' title="bbox 2087 4989 3672 5061; baseline 0.001 -15"><span class='ocrx_word' id='word_1_948' title='bbox 2087 5010 2198 5046; x_wconf 84' lang='lat' dir='ltr'><strong><em>rum</em></strong></span> <span class='ocrx_word' id='word_1_949' title='bbox 2230 4992 2387 5045; x_wconf 86' lang='lat' dir='ltr'><strong><em>multa</em></strong></span> <span class='ocrx_word' id='word_1_950' title='bbox 2429 4998 2736 5061; x_wconf 81' lang='lat' dir='ltr'><strong><em>proponunt,</em></strong></span> <span class='ocrx_word' id='word_1_951' title='bbox 2769 4989 2914 5040; x_wconf 88' lang='lat' dir='ltr'><strong><em>etiam</em></strong></span> <span class='ocrx_word' id='word_1_952' title='bbox 2943 4991 3049 5041; x_wconf 86' lang='lat' dir='ltr'><strong><em>sine</em></strong></span> <span class='ocrx_word' id='word_1_953' title='bbox 3093 4989 3198 5042; x_wconf 87' lang='lat' dir='ltr'><strong><em>ulla</em></strong></span> <span class='ocrx_word' id='word_1_954' title='bbox 3225 4993 3380 5043; x_wconf 88' lang='lat' dir='ltr'><strong><em>animi</em></strong></span> <span class='ocrx_word' id='word_1_955' title='bbox 3428 4989 3633 5060; x_wconf 73' lang='lat' dir='ltr'><strong><em>ﬁctione</em></strong></span> <span class='ocrx_word' id='word_1_956' title='bbox 3655 5038 3672 5061; x_wconf 84' lang='lat'><strong><em>,</em></strong></span> 
     </span>
    </p>
   </div>
   <div class='ocr_carea' id='block_1_125' title="bbox 2086 5061 3673 5134">
    <p class='ocr_par' dir='ltr' id='par_1_125' title="bbox 2086 5061 3673 5134">
     <span class='ocr_line' id='line_1_125' title="bbox 2086 5061 3673 5134; baseline 0 -17"><span class='ocrx_word' id='word_1_957' title='bbox 2086 5066 2191 5134; x_wconf 91' lang='lat' dir='ltr'><strong><em>qni,</em></strong></span> <span class='ocrx_word' id='word_1_958' title='bbox 2212 5065 2389 5116; x_wconf 86' lang='lat' dir='ltr'><strong><em>oblatis</em></strong></span> <span class='ocrx_word' id='word_1_959' title='bbox 2405 5061 2702 5134; x_wconf 69' lang='lat' dir='ltr'><strong><em>periculis,_a</em></strong></span> <span class='ocrx_word' id='word_1_960' title='bbox 2724 5069 2856 5112; x_wconf 80' lang='lat' dir='ltr'><strong><em>recto</em></strong></span> <span class='ocrx_word' id='word_1_961' title='bbox 2871 5070 2914 5134; x_wconf 83' lang='lat' dir='ltr'><strong><em>et</em></strong></span> <span class='ocrx_word' id='word_1_962' title='bbox 2929 5069 3098 5134; x_wconf 82' lang='lat' dir='ltr'><strong><em>sancto</em></strong></span> <span class='ocrx_word' id='word_1_963' title='bbox 3121 5066 3375 5134; x_wconf 73' lang='lat' dir='ltr'><strong><em>proposito</em></strong></span> <span class='ocrx_word' id='word_1_964' title='bbox 3390 5065 3673 5131; x_wconf 84' lang='lat' dir='ltr'><strong><em>discedunt,</em></strong></span> 
     </span>
    </p>
   </div>
   <div class='ocr_carea' id='block_1_126' title="bbox 2088 5129 3679 5204">
    <p class='ocr_par' dir='ltr' id='par_1_126' title="bbox 2088 5129 3679 5204">
     <span class='ocr_line' id='line_1_126' title="bbox 2088 5129 3679 5204; baseline 0.002 -18"><span class='ocrx_word' id='word_1_965' title='bbox 2088 5129 2508 5204; x_wconf 80' lang='lat' dir='ltr'><strong><em>quemadmodum</em></strong></span> <span class='ocrx_word' id='word_1_966' title='bbox 2535 5132 2583 5182; x_wconf 90' lang='lat' dir='ltr'><strong><em>in</em></strong></span> <span class='ocrx_word' id='word_1_967' title='bbox 2637 5129 2912 5204; x_wconf 66' lang='lat' dir='ltr'><strong><em>Evangelia</em></strong></span> <span class='ocrx_word' id='word_1_968' title='bbox 2941 5129 3149 5202; x_wconf 75' lang='lat' dir='ltr'><strong><em>legimus</em></strong></span> <span class='ocrx_word' id='word_1_969' title='bbox 3196 5129 3257 5185; x_wconf 86' lang='lat' dir='ltr'><strong><em>de</em></strong></span> <span class='ocrx_word' id='word_1_970' title='bbox 3289 5133 3457 5199; x_wconf 84' lang='lat' dir='ltr'><strong><em>Petro,</em></strong></span> <span class='ocrx_word' id='word_1_971' title='bbox 3490 5138 3575 5204; x_wconf 88' lang='lat' dir='ltr'><strong><em>qni</em></strong></span> <span class='ocrx_word' id='word_1_972' title='bbox 3623 5129 3679 5190; x_wconf 88' lang='lat' dir='ltr'><strong><em>in</em></strong></span> 
     </span>
    </p>
   </div>
   <div class='ocr_carea' id='block_1_127' title="bbox 2089 5201 3677 5272">
    <p class='ocr_par' dir='ltr' id='par_1_127' title="bbox 2089 5201 3677 5272">
     <span class='ocr_line' id='line_1_127' title="bbox 2089 5201 3677 5272; baseline 0.001 -14"><span class='ocrx_word' id='word_1_973' title='bbox 2089 5201 2312 5258; x_wconf 84' lang='lat' dir='ltr'><strong><em>absentia</em></strong></span> <span class='ocrx_word' id='word_1_974' title='bbox 2369 5205 2434 5234; x_wconf 71' lang='grc'><strong>⁵⁷³</strong></span> <span class='ocrx_word' id='word_1_975' title='bbox 2491 5202 2702 5272; x_wconf 88' lang='lat' dir='ltr'><strong><em>periculi</em></strong></span> <span class='ocrx_word' id='word_1_976' title='bbox 2727 5201 2788 5254; x_wconf 87' lang='lat' dir='ltr'><strong><em>de</em></strong></span> <span class='ocrx_word' id='word_1_977' title='bbox 2815 5218 2970 5271; x_wconf 86' lang='lat' dir='ltr'><strong><em>prope</em></strong></span> <span class='ocrx_word' id='word_1_978' title='bbox 2993 5201 3166 5255; x_wconf 86' lang='lat' dir='ltr'><strong><em>tamen</em></strong></span> <span class='ocrx_word' id='word_1_979' title='bbox 3216 5205 3446 5258; x_wconf 83' lang='lat' dir='ltr'><strong><em>instantis</em></strong></span> <span class='ocrx_word' id='word_1_980' title='bbox 3477 5201 3677 5260; x_wconf 78' lang='lat' dir='ltr'><strong><em>dicebat</em></strong></span> 
     </span>
    </p>
   </div>
   <div class='ocr_carea' id='block_1_128' title="bbox 2091 5272 3681 5346">
    <p class='ocr_par' dir='ltr' id='par_1_128' title="bbox 2091 5272 3681 5346">
     <span class='ocr_line' id='line_1_128' title="bbox 2091 5272 3681 5346; baseline 0.001 -16"><span class='ocrx_word' id='word_1_981' title='bbox 2091 5277 2290 5330; x_wconf 79' lang='lat' dir='ltr'><strong><em>Christo</em></strong></span> <span class='ocrx_word' id='word_1_982' title='bbox 2313 5290 2331 5325; x_wconf 87' lang='lat'><strong><em>:</em></strong></span> <span class='ocrx_word' id='word_1_983' title='bbox 2363 5292 2380 5323; x_wconf 74' lang='grc' dir='ltr'><strong><em>ι</em></strong></span> <span class='ocrx_word' id='word_1_984' title='bbox 2410 5272 2621 5327; x_wconf 84' lang='lat' dir='ltr'><strong><em>Etiamsi</em></strong></span> <span class='ocrx_word' id='word_1_985' title='bbox 2642 5276 3014 5346; x_wconf 7' lang='lat' dir='ltr'><strong><em>oportueritgine</em></strong></span> <span class='ocrx_word' id='word_1_986' title='bbox 3036 5275 3160 5326; x_wconf 85' lang='lat' dir='ltr'><strong><em>mori</em></strong></span> <span class='ocrx_word' id='word_1_987' title='bbox 3188 5283 3366 5336; x_wconf 84' lang='lat' dir='ltr'><strong><em>tecum,</em></strong></span> <span class='ocrx_word' id='word_1_988' title='bbox 3397 5293 3494 5330; x_wconf 88' lang='lat' dir='ltr'><strong><em>non</em></strong></span> <span class='ocrx_word' id='word_1_989' title='bbox 3524 5289 3568 5330; x_wconf 91' lang='lat' dir='ltr'><strong><em>te</em></strong></span> <span class='ocrx_word' id='word_1_990' title='bbox 3593 5295 3681 5332; x_wconf 79' lang='lat' dir='ltr'><strong><em>nc—</em></strong></span> 
     </span>
    </p>
   </div>
   <div class='ocr_carea' id='block_1_129' title="bbox 2092 5343 3682 5418">
    <p class='ocr_par' dir='ltr' id='par_1_129' title="bbox 2092 5343 3682 5418">
     <span class='ocr_line' id='line_1_129' title="bbox 2092 5343 3682 5418; baseline 0.004 -22"><span class='ocrx_word' id='word_1_991' title='bbox 2092 5347 2244 5418; x_wconf 87' lang='lat' dir='ltr'><strong><em>gabo;</em></strong></span> <span class='ocrx_word' id='word_1_992' title='bbox 2269 5361 2431 5418; x_wconf 71' lang='lat' dir='ltr'><strong><em>ream</em></strong></span> <span class='ocrx_word' id='word_1_993' title='bbox 2453 5343 2834 5418; x_wconf 77' lang='lat' dir='ltr'><strong><em>autemridissct</em></strong></span> <span class='ocrx_word' id='word_1_994' title='bbox 2866 5343 3118 5418; x_wconf 72' lang='lat' dir='ltr'><strong><em>Christum</em></strong></span> <span class='ocrx_word' id='word_1_995' title='bbox 3143 5346 3380 5418; x_wconf 80' lang='lat' dir='ltr'><strong><em>vinctum,</em></strong></span> <span class='ocrx_word' id='word_1_996' title='bbox 3420 5349 3486 5400; x_wconf 89' lang='lat' dir='ltr'><strong><em>ad</em></strong></span> <span class='ocrx_word' id='word_1_997' title='bbox 3512 5365 3682 5402; x_wconf 81' lang='lat' dir='ltr'><strong><em>rorem</em></strong></span> 
     </span>
    </p>
   </div>
   <div class='ocr_carea' id='block_1_130' title="bbox 2092 5415 3675 5484">
    <p class='ocr_par' dir='ltr' id='par_1_130' title="bbox 2092 5415 3675 5484">
     <span class='ocr_line' id='line_1_130' title="bbox 2092 5415 3675 5484; baseline 0.003 -15"><span class='ocrx_word' id='word_1_998' title='bbox 2092 5415 2353 5470; x_wconf 73' lang='lat' dir='ltr'><strong><em>ancillula:</em></strong></span> <span class='ocrx_word' id='word_1_999' title='bbox 2368 5417 2494 5469; x_wconf 70' lang='lat' dir='ltr'><strong><em>dixit</em></strong></span> <span class='ocrx_word' id='word_1_1000' title='bbox 2521 5429 2572 5467; x_wconf 89' lang='lat' dir='ltr'><strong><em>se</em></strong></span> <span class='ocrx_word' id='word_1_1001' title='bbox 2595 5429 2693 5467; x_wconf 89' lang='lat' dir='ltr'><strong><em>non</em></strong></span> <span class='ocrx_word' id='word_1_1002' title='bbox 2716 5416 3051 5468; x_wconf 84' lang='lat' dir='ltr'><strong><em>novissecum.</em></strong></span> <span class='ocrx_word' id='word_1_1003' title='bbox 3075 5415 3223 5483; x_wconf 76' lang='lat' dir='ltr'><strong><em>Apud</em></strong></span> <span class='ocrx_word' id='word_1_1004' title='bbox 3245 5417 3306 5470; x_wconf 82' lang='lat' dir='ltr'><strong><em>&#39;l&#39;.</em></strong></span> <span class='ocrx_word' id='word_1_1005' title='bbox 3326 5418 3553 5484; x_wconf 89' lang='lat' dir='ltr'><strong><em>Livium,</em></strong></span> <span class='ocrx_word' id='word_1_1006' title='bbox 3583 5421 3675 5474; x_wconf 93' lang='lat' dir='ltr'><strong><em>lib.</em></strong></span> 
     </span>
    </p>
   </div>
   <div class='ocr_carea' id='block_1_131' title="bbox 2095 5484 3681 5555">
    <p class='ocr_par' dir='ltr' id='par_1_131' title="bbox 2095 5484 3681 5555">
     <span class='ocr_line' id='line_1_131' title="bbox 2095 5484 3681 5555; baseline 0.001 -13"><span class='ocrx_word' id='word_1_1007' title='bbox 2095 5505 2166 5552; x_wconf 85' lang='lat' dir='ltr'><strong><em>tv,</em></strong></span> <span class='ocrx_word' id='word_1_1008' title='bbox 2188 5487 2401 5541; x_wconf 82' lang='lat' dir='ltr'><strong><em>Vectius</em></strong></span> <span class='ocrx_word' id='word_1_1009' title='bbox 2427 5485 2672 5550; x_wconf 76' lang='lat' dir='ltr'><strong><em>MeSsius,</em></strong></span> <span class='ocrx_word' id='word_1_1010' title='bbox 2694 5484 2912 5537; x_wconf 81' lang='lat' dir='ltr'><strong><em>Volscos</em></strong></span> <span class='ocrx_word' id='word_1_1011' title='bbox 2938 5486 3238 5555; x_wconf 85' lang='lat' dir='ltr'><strong><em>increpans,</em></strong></span> <span class='ocrx_word' id='word_1_1012' title='bbox 3271 5489 3343 5542; x_wconf 90' lang='lat' dir='ltr'><strong><em>ait</em></strong></span> <span class='ocrx_word' id='word_1_1013' title='bbox 3372 5491 3551 5544; x_wconf 90' lang='lat' dir='ltr'><strong><em>illosin</em></strong></span> <span class='ocrx_word' id='word_1_1014' title='bbox 3569 5492 3681 5544; x_wconf 85' lang='lat' dir='ltr'><strong><em>otio</em></strong></span> 
     </span>
    </p>
   </div>
   <div class='ocr_carea' id='block_1_132' title="bbox 2097 5556 3682 5626">
    <p class='ocr_par' dir='ltr' id='par_1_132' title="bbox 2097 5556 3682 5626">
     <span class='ocr_line' id='line_1_132' title="bbox 2097 5556 3682 5626; baseline 0.001 -13"><span class='ocrx_word' id='word_1_1015' title='bbox 2097 5559 2451 5613; x_wconf 83' lang='lat' dir='ltr'><strong><em>tuimdtuosos</em></strong></span> <span class='ocrx_word' id='word_1_1016' title='bbox 2471 5571 2614 5622; x_wconf 81' lang='lat' dir='ltr'><strong><em>esse,</em></strong></span> <span class='ocrx_word' id='word_1_1017' title='bbox 2657 5556 2894 5626; x_wconf 72' lang='lat' dir='ltr'><strong><em>inbelle</em></strong></span> <span class='ocrx_word' id='word_1_1018' title='bbox 2947 5571 3155 5626; x_wconf 87' lang='lat' dir='ltr'><strong><em>segnes.</em></strong></span> <span class='ocrx_word' id='word_1_1019' title='bbox 3189 5557 3402 5614; x_wconf 88' lang='lat' dir='ltr'><strong><em>Tacitus</em></strong></span> <span class='ocrx_word' id='word_1_1020' title='bbox 3444 5562 3492 5614; x_wconf 90' lang='lat' dir='ltr'><strong><em>in</em></strong></span> <span class='ocrx_word' id='word_1_1021' title='bbox 3546 5563 3682 5615; x_wconf 82' lang='lat' dir='ltr'><strong><em>libro</em></strong></span> 
     </span>
    </p>
   </div>
   <div class='ocr_carea' id='block_1_133' title="bbox 2096 5624 3680 5699">
    <p class='ocr_par' dir='ltr' id='par_1_133' title="bbox 2096 5624 3680 5699">
     <span class='ocr_line' id='line_1_133' title="bbox 2096 5624 3680 5699; baseline 0.002 -16"><span class='ocrx_word' id='word_1_1022' title='bbox 2096 5632 2265 5699; x_wconf 84' lang='lat' dir='ltr'><strong><em>primo</em></strong></span> <span class='ocrx_word' id='word_1_1023' title='bbox 2287 5628 2635 5682; x_wconf 87' lang='lat' dir='ltr'><strong><em>Ilistoriarum</em></strong></span> <span class='ocrx_word' id='word_1_1024' title='bbox 2664 5644 2675 5678; x_wconf 89' lang='lat'>:</span> <span class='ocrx_word' id='word_1_1025' title='bbox 2709 5624 3074 5696; x_wconf 84' lang='lat' dir='ltr'><strong><em>Ignavissimus</em></strong></span> <span class='ocrx_word' id='word_1_1026' title='bbox 3100 5630 3306 5698; x_wconf 87' lang='lat' dir='ltr'><strong><em>quisque</em></strong></span> <span class='ocrx_word' id='word_1_1027' title='bbox 3319 5641 3384 5694; x_wconf 81' lang='lat' dir='ltr'><strong><em>et,</em></strong></span> <span class='ocrx_word' id='word_1_1028' title='bbox 3407 5641 3460 5684; x_wconf 89' lang='lat' dir='ltr'><strong><em>ut</em></strong></span> <span class='ocrx_word' id='word_1_1029' title='bbox 3484 5649 3564 5686; x_wconf 86' lang='lat' dir='ltr'><strong><em>res</em></strong></span> <span class='ocrx_word' id='word_1_1030' title='bbox 3588 5634 3680 5686; x_wconf 84' lang='lat' dir='ltr'><strong><em>do—</em></strong></span> 
     </span>
    </p>
   </div>
   <div class='ocr_carea' id='block_1_134' title="bbox 2095 5700 3682 5774">
    <p class='ocr_par' dir='ltr' id='par_1_134' title="bbox 2095 5700 3682 5774">
     <span class='ocr_line' id='line_1_134' title="bbox 2095 5700 3682 5774; baseline 0.003 -23"><span class='ocrx_word' id='word_1_1031' title='bbox 2095 5701 2214 5774; x_wconf 78' lang='lat' dir='ltr'><strong><em>cuit,</em></strong></span> <span class='ocrx_word' id='word_1_1032' title='bbox 2234 5702 2284 5774; x_wconf 78' lang='lat' dir='ltr'><strong><em>in</em></strong></span> <span class='ocrx_word' id='word_1_1033' title='bbox 2309 5700 2529 5774; x_wconf 74' lang='lat' dir='ltr'><strong><em>periculo</em></strong></span> <span class='ocrx_word' id='word_1_1034' title='bbox 2550 5714 2647 5751; x_wconf 89' lang='lat' dir='ltr'><strong><em>non</em></strong></span> <span class='ocrx_word' id='word_1_1035' title='bbox 2665 5713 2904 5774; x_wconf 74' lang='lat' dir='ltr'><strong><em>ausurus,</em></strong></span> <span class='ocrx_word' id='word_1_1036' title='bbox 2921 5700 3060 5752; x_wconf 90' lang='lat' dir='ltr'><strong><em>nimii</em></strong></span> <span class='ocrx_word' id='word_1_1037' title='bbox 3078 5702 3254 5766; x_wconf 83' lang='lat' dir='ltr'><strong><em>verbis,</em></strong></span> <span class='ocrx_word' id='word_1_1038' title='bbox 3270 5703 3454 5772; x_wconf 79' lang='lat' dir='ltr'><strong><em>lingua:</em></strong></span> <span class='ocrx_word' id='word_1_1039' title='bbox 3471 5708 3682 5774; x_wconf 81' lang='lat' dir='ltr'><strong><em>feroces.</em></strong></span> 
     </span>
    </p>
   </div>
   <div class='ocr_carea' id='block_1_135' title="bbox 2098 5769 3681 5848">
    <p class='ocr_par' dir='ltr' id='par_1_135' title="bbox 2098 5769 3681 5848">
     <span class='ocr_line' id='line_1_135' title="bbox 2098 5769 3681 5848; baseline 0.003 -21"><span class='ocrx_word' id='word_1_1040' title='bbox 2098 5772 2165 5828; x_wconf 78' lang='lat' dir='ltr'><strong><em>Et</em></strong></span> <span class='ocrx_word' id='word_1_1041' title='bbox 2187 5771 2320 5828; x_wconf 86' lang='lat' dir='ltr'><strong><em>infra</em></strong></span> <span class='ocrx_word' id='word_1_1042' title='bbox 2349 5789 2361 5829; x_wconf 91' lang='lat'><strong>:</strong></span> <span class='ocrx_word' id='word_1_1043' title='bbox 2399 5771 2617 5828; x_wconf 88' lang='lat' dir='ltr'><strong><em>llliante</em></strong></span> <span class='ocrx_word' id='word_1_1044' title='bbox 2644 5769 2912 5825; x_wconf 87' lang='lat' dir='ltr'><strong><em>discrimen</em></strong></span> <span class='ocrx_word' id='word_1_1045' title='bbox 2937 5775 3143 5844; x_wconf 58' lang='lat' dir='ltr'><strong><em>preces,</em></strong></span> <span class='ocrx_word' id='word_1_1046' title='bbox 3172 5774 3223 5826; x_wconf 89' lang='lat' dir='ltr'><strong><em>in</em></strong></span> <span class='ocrx_word' id='word_1_1047' title='bbox 3247 5769 3681 5848; x_wconf 54' lang='lat' dir='ltr'><strong><em>pcricttlo&#39;pavidi.</em></strong></span> 
     </span>
    </p>
   </div>
  </div>
