4272 6278
518 303 523 307 ’
548 340 655 400 591

1947 325 2087 384 DIVI
2133 323 2460 385 CYPRIANI

3746 315 3860 376 592

546 456 602 510 in
643 449 885 511 adversis
925 446 1173 521 probatio
1215 450 1299 501 est
1337 440 1580 500 veritatis
1603 448 1650 495 τι.
1680 439 1858 498 Arbor
1894 454 2017 512 quae
2045 439 2151 495 alta
2178 444 2229 502 Α
2259 441 2331 472 ’³³
2360 435 2675 501 obstruitur,
2704 433 2791 490 vel
2826 437 3060 489 caecatur
3076 434 3349 503 aspectus,
3377 431 3445 487 ad
3469 429 3853 487 documentum

549 548 735 606 radice
761 544 979 602 fundata
1018 551 1122 609 est,
1155 537 1333 597 ventis
1360 534 1794 593 incumbentibus
1816 548 1925 590 non
1963 548 2149 589 move-

549 650 639 698 tur
662 659 675 706 ;
702 648 757 696 et
780 636 933 695 navis
958 648 1080 706 quae
1104 632 1232 690 forti
1256 645 1515 704 compage
1530 629 1702 687 solida
1722 638 1806 686 est
1827 627 1880 696 ι’,
1911 627 2151 699 pulsatur

545 731 834 797 ﬂuctibus,
868 742 970 785 nec
1009 727 1244 793 foratur;
1286 734 1342 781 et
1379 723 1595 796 quando
1620 735 1746 778 area
1784 720 1963 792 fruges
2004 716 2148 784 terit,

545 831 739 880 ventos
776 835 944 893 grana
977 818 1136 877 fortia
1184 829 1239 874 et
1279 818 1502 874 robusta
1546 824 1935 881 contemnunt,
1964 814 2152 868 inanes

546 914 719 987 paleae
742 912 873 969 flatu
899 919 1150 984 portante
1176 910 1478 982 rapiuntur.
1862 918 1863 921 ‘

617 1049 756 1106 XIII.
789 1048 878 1106 Sic
903 1057 959 1105 et
983 1046 1258 1119 apostolus
1286 1045 1507 1111 Paulus,
1536 1053 1658 1114 pOSt
1686 1041 1960 1112 naufragia
1985 1081 1999 1106 ,
2032 1045 2153 1110 post

544 1141 756 1213 flagella
781 1181 797 1207 ,
831 1149 953 1213 post
989 1139 1169 1195 carnis
1200 1147 1255 1194 et
1277 1137 1522 1208 corporis
1554 1135 1719 1191 multa
1747 1143 1799 1191 et
1829 1133 2011 1205 gravia
2042 1140 2151 1186 tor-

543 1246 747 1301 menta,
771 1249 879 1303 non
905 1234 1088 1290 vexari
1118 1231 1214 1288 sed
1243 1229 1518 1288 emendari
1545 1243 1604 1285 se
1627 1228 1758 1283 dicit
1780 1226 2041 1289 adversis,
2068 1233 2148 1289 ut,

543 1328 674 1386 dum
706 1324 922 1399 gravius
951 1325 1225 1395 affligitur,
1271 1323 1456 1378 verius
1483 1320 1804 1391 probaretur
1836 1336 1849 1371 :
1887 1315 2049 1371 Datus
2079 1323 2152 1368 est

541 1420 690 1486 mihi,
716 1417 908 1489 inquit,
936 1416 1174 1471 stimulus
1197 1414 1368 1468 carnis
1398 1427 1543 1477 meae,
1581 1410 1792 1481 angelus
1825 1407 2037 1463 Satana:
2063 1406 2150 1477 qui

540 1528 623 1567 me
644 1510 949 1579 colaphiset,
981 1517 1036 1562 ut
1063 1522 1166 1561 non
1187 1504 1425 1561 extollar.
1460 1502 1680 1574 Propter
1709 1501 1845 1570 quod
1866 1509 1942 1553 ter
1969 1498 2149 1552 Domi-

540 1620 665 1660 nnm
691 1601 868 1673 rogavi
897 1609 954 1654 ut
997 1597 1272 1654 discederet
1296 1612 1330 1650 a
1359 1610 1437 1649 me
1455 1637 1469 1661 ,
1516 1588 1563 1648 et
1588 1593 1718 1648 dixit
1746 1590 1869 1645 milii
1900 1605 1919 1644 :
1948 1588 2149 1660 Sufﬁcit

540 1695 631 1749 tibi
678 1694 848 1765 gratia
889 1706 1023 1744 mea.
1072 1687 1212 1743 Nam
1248 1688 1409 1741 virtus
1446 1687 1501 1740 in
1540 1683 1839 1753 inﬁrmitate
1886 1683 2149 1751 perﬁcitur

540 1784 610 1858 (ll
637 1785 755 1841 Cor.
787 1799 884 1850 xu,
914 1779 1052 1853 7-9).
1081 1779 1309 1848 Quando
1336 1793 1465 1849 ergo
1487 1776 1772 1832 infirmitas
1797 1784 1851 1831 et
1896 1773 2139 1830 imbecil-

537 1877 663 1934 litas
701 1885 758 1932 et
803 1874 1024 1930 vastitas
1050 1871 1238 1942 'aliqua
1283 1876 1579 1940 grassatur,
1611 1876 1737 1921 tunc
1766 1866 1931 1920 virtus
1959 1874 2139 1919 nostra

536 1968 834 2041 perficitur,
862 1976 992 2023 tunc
1025 1964 1187 2031 ﬁdes,
1218 1962 1263 2018 si
1294 1969 1495 2017 tentata
1540 1959 1872 2029 perstiterit,
1913 1973 2141 2014 corona-

537 2069 648 2124 tur,
676 2060 813 2115 sicut
842 2057 1102 2128 scriptum
1128 2063 1212 2112 est
1244 2073 1259 2110 :
1298 2052 1434 2109 Vasa
1459 2051 1604 2124 ﬁguli
1634 2052 1810 2122 probat
1840 2056 2058 2123 fornax,
2095 2059 2139 2105 et

538 2153 768 2209 homines
800 2154 969 2223 justas
994 2148 1201 2205 tentatio
1239 2146 1579 2203 tribulationis
1637 2144 1825 2216 (Eccli.
1855 2159 2032 2209 xxvn,
2059 2144 2136 2215 5).

533 2247 653 2305 Hoc
690 2245 923 2316 denique
952 2244 1094 2299 inter
1115 2256 1213 2297 nos
1242 2249 1298 2297 et
1323 2248 1548 2295 caeteros
1571 2237 1815 2304 interest,
1846 2237 1937 2307 qui
1968 2236 2134 2291 Deum

536 2339 806 2406 nesciunt,
851 2335 994 2407 quod
1038 2334 1114 2389 illi
1170 2333 1224 2389 in
1270 2330 1510 2387 adversis
1538 2340 1836 2400 queruntur
1883 2337 1938 2383 ct
1984 2344 2136 2383 mur-

533 2439 786 2499 murant,
819 2441 918 2484 nos
945 2426 1169 2483 adversa
1197 2437 1307 2480 non
1343 2431 1572 2477 avocant
1598 2437 1630 2476 a
1658 2420 1885 2489 virtutis
1920 2429 1974 2475 et
2011 2419 2136 2477 fidei

534 2521 784 2587 veritate,
818 2518 916 2576 sed
940 2517 1300 2574 corroborant
1328 2524 1351 2554 ο
1381 2513 1436 2570 in
1462 2512 1669 2570 dolore.

608 2655 752 2712 XIV.
804 2654 923 2709 Hoc
969 2651 1111 2724 quod
1157 2663 1303 2707 nunc
1351 2649 1594 2719 corporis
1637 2647 1780 2703 vires
1822 2647 2031 2703 solutus
2078 2648 2130 2702 in

536 2751 737 2806 fluxum
766 2754 957 2805 venter
999 2743 1298 2809 eviscerat,
1346 2739 1491 2814 quod
1540 2740 1593 2796 in
1640 2738 1872 2795 faucium
1914 2736 2133 2794 vulnera

534 2850 827 2912 conceptus
871 2836 1181 2894 medullitus
1229 2834 1369 2905 ignis
1410 2840 1704 2897 exaestuat,
1733 2829 1876 2903 quod
1916 2830 2155 2886 assiduo

530 2933 1019 3003 vomituintestina
1060 2929 1389 3002 quatiuntur,
1419 2924 1563 2998 quod
1604 2923 1746 2980 oculi
1775 2923 1827 2979 vi
1860 2924 2134 2995 sanguinis

530 3027 921 3095 inardescunt,
948 3023 1090 3096 quod
1126 3019 1482 3094 quorumdam
1511 3018 1597 3077 vel
1638 3018 1803 3089 pedes
1828 3018 1913 3073 vel
1939 3019 2133 3088 aliqua:

530 3120 898 3179 membrorum
928 3123 1110 3188 partes
1137 3114 1389 3185 contagio
1417 3110 1675 3169 morbida
1697 3110 1996 3181 putredinis
2018 3127 2133 3167 am-

530 3221 808 3286 putantur,
848 3209 990 3282 quod
1018 3224 1116 3281 per
1130 3207 1367 3279 iacturas
1395 3214 1451 3261 et
1472 3203 1667 3261 damna
1693 3219 1979 3276 corporum
2004 3221 2131 3277 pro-

530 3312 818 3378 rumpente
836 3300 1188 3375 languorevel
1203 3298 1513 3357 debilitatur
1531 3297 1880 3364 incessus,vel
1902 3299 2137 3371 auditus,

2254 531 2466 602 proficit
2496 527 2641 583 fidei.
2676 527 2878 581 Contra
2908 534 2986 579 tot
3025 525 3255 594 impetus
3295 522 3557 579 vastitatis
3583 529 3638 576 et
3663 522 3853 577 mortis

2255 621 2559 678 inconcussi
2592 619 2755 675 animi
2775 617 3060 673 virtutibus
3086 615 3361 687 congredi,
3394 624 3589 685 quanta
3620 613 3855 684 pectoris

2255 711 2566 784 magnitudo
2592 721 2674 767 cst
2704 711 2716 765 !
2757 720 2955 780 quanta
2979 707 3280 763 sublimitas
3306 706 3443 761 inter
3482 705 3663 760 ruinas
3684 720 3853 776 gene-

2252 807 2328 863 ris
2350 805 2568 860 humani
2599 813 2743 859 stare
2767 813 3029 867 erectum,
3058 815 3159 857 nec
3178 815 3301 855 cum
3323 799 3403 855 eis
3424 798 3619 869 quibus
3639 811 3765 867 Spes
3798 796 3853 853 in

2257 898 2424 954 Deum
2460 897 2604 952 nulla
2633 905 2715 952 est
2746 895 2931 966 jacere
2976 893 3335 964 prostratum!
3369 889 3636 948 Gratulari
3681 889 3854 959 magis

2252 1000 2465 1062 oportet
2508 1000 2563 1043 et
2594 985 2850 1060 temporis
2872 1002 3065 1068 munus
3093 984 3344 1064 amplecti
3373 983 3538 1054 quod,
3568 983 3695 1037 dum
3727 996 3853 1036 nos-

2255 1092 2389 1138 tram
2419 1080 2578 1136 fidem
2608 1079 2817 1136 fortiter
2849 1081 3163 1150 promimus,
3181 1087 3235 1132 et
3265 1072 3448 1153 labore
3477 1073 3504 1111 ἀ
3534 1073 3760 1128 tolerato
3783 1073 3851 1128 ad

2250 1176 2522 1233 Christum
2555 1192 2648 1246 per
2676 1184 2959 1245 angustam
2993 1173 3189 1229 Christi
3222 1171 3361 1227 viam
3393 1171 3685 1241 pergimus,
3713 1182 3853 1237 pra:-

2252 1269 2419 1325 mium
2460 1267 2584 1323 vita:
2608 1274 2654 1324 ,θ
2694 1267 2811 1336 ejus
2851 1274 2905 1319 et
2933 1263 3055 1319 fidei
3095 1264 3212 1334 ipso
3244 1261 3519 1333 jndicante
3556 1260 3850 1329 capiamus.

2251 1358 2382 1415 Mori
2398 1359 2555 1429 plane
2578 1357 2779 1420 timeat,
2809 1355 2901 1412 sed
2927 1356 3041 1426 qui,
3068 1371 3131 1411 ex
3155 1370 3291 1424 aqua
3318 1362 3372 1410 et
3396 1351 3594 1423 Spiritu
3624 1367 3732 1407 non
3762 1367 3851 1408 re-

2252 1462 2432 1514 natus,
2460 1452 2725 1522 gelienme
2754 1449 2966 1520 ignibus
2997 1448 3352 1518 mancipatur.
3386 1446 3517 1501 Mori
3549 1448 3733 1501 timeat
3759 1445 3852 1516 qui

2251 1558 2360 1599 non
2390 1541 2593 1599 Christi
2623 1555 2781 1596 cruce
2821 1549 2877 1594 et
2917 1540 3167 1609 passione
3192 1546 3444 1594 censetur
3466 1555 3480 1592 :
3502 1537 3638 1592 mori
3670 1537 3853 1593 timeat

2250 1634 2341 1704 qui
2387 1634 2453 1689 ad
2506 1631 2797 1689 secundam
2848 1643 3076 1695 mortem
3122 1629 3191 1686 de
3222 1631 3322 1685 hac
3365 1640 3539 1684 morte
3570 1628 3847 1686 transibit:

2250 1726 2387 1781 mori
2428 1726 2613 1780 timeat
2639 1740 2820 1795 quem,
2851 1723 2918 1779 de
2977 1722 3175 1779 saeculo
3237 1722 3599 1788 recedentem,
3652 1737 3848 1793 peren-

2170 1829 2218 1889 Β
2250 1819 2406 1874 nibus
2434 1819 2608 1888 pinnis
2644 1827 2844 1872 mterna
2884 1816 3098 1871 flamma
3133 1815 3401 1885 torquebit
3434 1832 3447 1868 :
3490 1815 3626 1869 mori
3665 1816 3850 1871 timeat

2246 1913 2333 1969 cui
2364 1913 2466 1967 hoc
2496 1927 2645 1966 mora
2675 1910 2915 1981 longiore
2941 1909 3237 1977 confertur,
3280 1917 3335 1963 ut
3363 1909 3632 1963 cruciatus
3655 1908 3770 1979 ejus
3795 1917 3849 1966 ct

2243 2005 2478 2075 gemitus
2508 2004 2724 2059 interim
2753 2002 3049 2058 differatur.

2318 2096 2433 2152 XV.
2466 2096 2613 2152 Multi
2639 2111 2705 2151 ex
2733 2097 2926 2150 nostris
2955 2095 3007 2148 in
3039 2094 3137 2148 hac
3163 2094 3486 2149 mortalitate
3518 2094 3840 2162 moriuntur,

2245 2188 2347 2245 hoc
2372 2199 2475 2255 est,
2506 2187 2661 2242 multi
2684 2202 2746 2242 ex
2794 2186 2991 2241 nostris
3017 2183 3084 2240 de
3112 2185 3309 2239 saeculo
3339 2184 3651 2239 liberantur.
3699 2184 3837 2241 Mor—

2249 2283 2423 2338 talitas
2450 2283 2570 2346 ista,
2599 2291 2657 2336 ut
2677 2279 2874 2336 Iudaeis
2901 2288 2956 2335 et
2984 2278 3271 2349 gentilibus
3306 2286 3359 2333 et
3381 2277 3575 2332 Christi
3598 2279 3839 2334 hostibus

2243 2375 2407 2445 pestis
2433 2381 2534 2438 est,
2561 2373 2631 2427 ita
2662 2370 2753 2427 Dei
2794 2371 2965 2435 servis
2992 2370 3240 2425 salutaris
3282 2384 3534 2425 excessus
3580 2377 3682 2425 est.
3728 2369 3877 2446 Hoc-

2239 2467 2403 2538 quod,
2419 2466 2534 2521 sine
2548 2464 2655 2519 ullo
2673 2464 2980 2519 discrimine
2991 2464 3203 2533 generis
3229 2462 3467 2531 humani,
3481 2478 3608 2531 cum
3627 2463 3839 2534 injustis

2239 2560 2538 2619 moriuntur
2564 2567 2619 2614 et
2639 2556 2768 2627 justi
2793 2598 2806 2620 ,
2833 2573 2939 2610 non
2971 2564 3053 2610 est
3076 2556 3219 2625 quod
3251 2555 3446 2624 putetis
3475 2556 3627 2609 bonis
3651 2565 3705 2610 et
3727 2569 3841 2610 ma-

2240 2650 2305 2705 lis
2336 2651 2607 2707 interitum
2651 2664 2771 2705 esse
2800 2663 3139 2704 communem
3171 2665 3183 2702 :
3214 2646 3280 2702 ad
3342 2647 3671 2719 refrigerium
3710 2648 3841 2718 justi

2248 2752 2526 2809 vocantur,
2555 2741 2621 2797 ad
2650 2740 2966 2811 supplicium
2998 2738 3277 2809 rapiuntur
3319 2740 3499 2809 injusti
3528 2757 3541 2805 ;
3573 2742 3727 2797 datur
3748 2757 3840 2798 ve-

2241 2838 2411 2893 locius
2465 2836 2629 2891 tutela
2675 2833 2990 2898 ﬁdentibus,
3065 2832 3282 2903 perfidis
3325 2847 3504 2904 poena.
3552 2834 3839 2905 improvidi

2238 2936 2294 2983 et
2323 2927 2515 2999 ingrati
2544 2941 2755 2992 sumus,
2777 2923 2971 2979 fratres
2991 2923 3346 2989 dilectissimi,
3380 2924 3446 2981 ad
3475 2926 3651 2981 divina
3680 2927 3840 2983 bene-

2238 3018 2377 3086 ficia,
2412 3032 2513 3074 nec
2555 3016 2682 3089 quid
2730 3016 2887 3072 nobis
2924 3014 3232 3071 conferatur
3271 3021 3631 3089 agnoscimus.
3666 3019 3841 3076 Exce-

2237 3111 2370 3167 dunt
2397 3124 2525 3167 ecce
2555 3110 2607 3164 in
2638 3123 2768 3179 pace
2800 3116 2927 3163 tuta:
2970 3122 3091 3162 cum
3113 3108 3283 3178 gloria
3325 3124 3422 3165 sua
3461 3110 3710 3181 virgines,
3742 3125 3837 3167 ve-

2244 3202 2440 3259 nientis
2478 3200 2778 3257 antichristi
2814 3201 2988 3255 minas
3032 3210 3087 3255 et
3111 3201 3443 3273 corruptelas
3481 3210 3536 3257 ct
3567 3203 3838 3272 lupanaria
3892 3212 3913 3233 ‘

2244 3314 2352 3355 non
2382 3296 2650 3363 timentes,
2678 3293 2828 3365 pueri
2857 3292 3150 3364 periculum
3167 3292 3567 3350 lubriczcaztatis
3584 3296 3836 3363 evadunt,

716 3429 738 3462 ι
1766 3409 2147 3472 LECTIONES
2183 3408 2601 3470 VARIANTES.

599 3514 626 3544 °
665 3509 871 3562 Virtutis
894 3507 1036 3557 (ἔναυ.
1069 3502 1242 3556 Rmuli.

595 3571 628 3612 δ
662 3575 911 3637 ὼιηρξεὲ
928 3568 1132 3637 sgfidata
1158 3562 1462 3637 Lamufibor.
1506 3565 1645 3617 Voss.
1671 3562 1784 3625 1,2,
1808 3565 1854 3614 '5.
1880 3565 1991 3618 NC.
2012 3568 2058 3630 1,
2082 3567 2132 3617 2.

534 3635 643 3689 un.
670 3624 796 3689 non:
818 3624 933 3696 1:2,
956 3633 1007 3694 δ,
1023 3631 1074 3680 t.
1093 3624 1266 3682 nonut.
1288 3624 1418 3690 Lips.

2297 3505 2330 3604 ἒ
2342 3502 2665 3566 Comprobant
2684 3503 2776 3552 Ar.
2795 3497 2944 3553 Paris
2968 3502 3102 3553 Lam.
3123 3499 3270 3553 Ebor.
3299 3503 3417 3554 Bod.
3438 3503 3489 3565 .2,
3517 3504 3564 3553 5.

2355 3564 2410 3614 In
2428 3563 2599 3613 labore
2624 3564 2759 3614 Lam.
2795 3564 2884 3614 ΝΟ
2910 3562 3116 3614 LEbor.
3144 3566 3269 3614 Bod.
3287 3566 3337 3614 2.

2301 3563 2330 3604 ἀ
2355 3564 2410 3614 1η
2428 3562 2599 3613 labore
2624 3564 2759 3614 Lam.
2795 3564 2884 3614 ΝΟ
2910 3562 3116 3615 LEbor.
3144 3566 3269 3616 Bod.
3287 3566 3337 3615 2.
3475 3562 3483 3565 ’

2293 3631 2317 3659 ε
2339 3627 2599 3678 Prtemium
2622 3628 2714 3677 vim
2737 3626 2864 3679 Bod.
2894 3627 2938 3689 1,
2963 3627 3013 3687 2,
3036 3627 3085 3678 4.
3111 3628 3221 3680 NC.
3249 3629 3294 3678 1.
3320 3627 3496 3680 Routh.

1774 3708 2017 3767 STEPH.
2059 3709 2329 3771 BALUZII
2366 3708 2594 3767 NOTAE.

538 3812 639 3870 Dio
664 3808 882 3886 cassius
911 3808 1007 3864 lib.
1037 3821 1160 3863 sui
1205 3803 1430 3886 adnotat
1467 3801 1645 3886 solere
1676 3802 2143 3886 plerosque__ante-

536 3898 699 3954 quam
720 3884 772 3938 in
795 3886 1141 3954 con_Spectum
1165 3884 1327 3954 atque
1354 3877 1739 3954 experientiam
1765 3877 1988 3946 periculi
2019 3893 2142 3949 per-

537 3943 786 4010 venerint
805 3943 1035 4006 audaces
1059 3962 1201 4004 esse.
1228 3943 1434 4002 Seneca
1458 3943 1677 4000 Troade.

666 4063 709 4113 Ο
734 4062 937 4124 tumide,
962 4072 1129 4111 rerum
1143 4059 1266 4124 dum
1297 4058 1622 4124 secundarum
1642 4064 1800 4110 status

667 4122 874 4177 Extollit
892 4120 1093 4184 animos,
1119 4120 1285 4172 timide
1308 4132 1419 4171 cum
1462 4121 1709 4185 increpuit
1732 4127 1913 4174 metus.

543 4233 659 4291 lluc
697 4224 1141 4301 quoquereferri
1195 4231 1420 4301 possunt
1468 4223 1567 4278 ista
1620 4240 1686 4301 ex
1720 4226 1916 4301 capite
1965 4226 2140 4301 primo

546 4292 867 4360 Tlirenomnt
888 4294 1173 4369 Hieremiae
1201 4311 1214 4349 :
1245 4292 1397 4348 Facti
1419 4303 1538 4349 sunt
1567 4292 1821 4369 principes
1860 4292 1979 4369 pejus
2008 4299 2140 4353 velut

541 4377 723 4431 arietes
751 4388 853 4427 non
886 4367 1190 4440 invenientes
1208 4381 1397 4440 pascua
1415 4407 1456 4440 ,_
1479 4377 1526 4440 et
1535 4365 1782 4440 _t_tbieruu_t
1814 4365 2000 4440 absque
2022 4373 2135 4440 [or-

546 4446 763 4503 titudine
788 4452 908 4498 ante
934 4435 1483 4513 faciem__s_ubsequenti_s
1509 4435 1724 4513 (ΤΙις-εηἶ
1758 4437 1801 4513 l,
1830 4437 1908 4508 ϐ).

2324 3803 2648 3858 Fidentibtts.
2674 3802 2811 3859 Tres
2845 3804 2980 3882 _lil_)ri_
3008 3814 3216 3882 veteres
3243 3805 3496 3882 ﬁdelibus.
3544 3806 3693 3882 Vide,
3717 3825 3839 3882 quae.

2250 3882 2431 3949 notata
2457 3883 2582 3949 sunt
2608 3889 2767 3949 supra
2793 3875 2859 3949 ad
2890 3876 3182 3949 Epistolam
3208 3877 3471 3947 quintam,
3497 3895 3614 3949 pag.
3637 3875 3763 3936 59f.

2322 3945 2515 4028 XVuT-
2527 3944 2801 4028 Venientis.
2821 3945 2878 4000 In
2894 3946 3102 4028 (limbus
3116 3944 3265 4028 libris
3280 3944 3551 4028 veteribus
3561 3944 3835 4028 scriptum

2249 4026 2333 4099 est
2356 4018 2620 4098 venientis,
2651 4024 2706 4099 et
2729 4031 2891 4099 supra
2915 4018 3107 4073 lineam
3140 4019 3215 4073 vel
3243 4021 3521 4099 servientis.
3557 4022 3646 4078 Sic
3673 4018 3834 4079 etiam

2250 4089 2304 4143 in
2330 4103 2439 4158 uno
2460 4087 2750 4143 suo'veteri
2781 4087 2974 4158 legisse
3001 4104 3059 4144 se
3087 4098 3313 4145 testatur
3336 4091 3631 4149 Murellius.

2268 4229 2280 4241 ⁸
2321 4157 2622 4241 Lupanaria
2652 4174 2759 4240 non.
2783 4157 3029 4241 timentes.
3062 4161 3365 4241 Adversarii
3405 4163 3711 4219 christiana:
3755 4180 3837 4221 re-

2246 4228 2458 4306 ligionis
2478 4271 2492 4296 ,
2518 4229 2932 4306 quiseeviebant
2955 4232 3006 4306 in
3036 4243 3278 4306 nostros,
3304 4234 3535 4302 virgines
3578 4238 3836 4306 martyrio

2245 4299 2539 4381 destinatas
2561 4299 2844 4381 addebant
2868 4300 2933 4355 ad
2956 4301 3249 4370 lupanaria,
3279 4299 3567 4381 sequentes
3588 4299 3837 4363 videlicet

2247 4371 2488 4447 instituta
2517 4379 2756 4447 veterum
2788 4370 3150 4447 Romanorum
3172 4413 3186 4437 ,
3221 4375 3325 4447 qui
3357 4370 3529 4447 ’ἐπεῖδε
3576 4378 3835 4447 putabant

2246 4442 2793 4521 sipue-lheintegra:
2838 4443 3048 4521 exirent
3094 4458 3125 4498 c
3181 4442 3309 4521 vita.
3367 4442 3728 4521 'l‘ertuflianus
3779 4449 3833 4504 in

616 4518 801 4592 Arbor.
834 4506 1007 4582 Supra
1038 4509 1091 4592 in
1114 4508 1250 4592 libro
1277 4508 1340 4562 de
1372 4506 1576 4592 unum;
1604 4506 1982 4592 Ecclesiae-pag.
2013 4510 2137 4592 l9]:
2168 4522 2219 4583 Ῑ)
2244 4506 2392 4568 calce
2421 4506 2752 4592 Apologeti'ci
2778 4529 2792 4565 :
2826 4511 2965 4592 Nam
2992 4523 3038 4567 et
3064 4515 3304 4592 proxime
3324 4516 3392 4592 ad
3422 4517 3651 4572 lenonem
3686 4519 3834 4592 dam-7

547 4588 792 4647 Triticum
819 4577 930 4639 non'
951 4581 1085 4659 rapit
1113 4588 1325 4659 ventus,
1371 4594 1461 4659 nec
1480 4577 1709 4659 arborem
1735 4577 2143 4659 "splidal'radice
2168 4577 2206 4583 —
2244 4577 2795 4659 ηιιιριεεςζςτὶιήειῗαιςςιηι2
2842 4577 3184 4659 potiu;_qim,n
3235 4586 3304 4639 αα
3351 4587 3562 4657 leonem,
3616 4591 3836 4659 con/em-

546 4661 815 4732 fundatam
843 4648 1374 4732 procellansubvertit.‘
1394 4648 1613 4732 Seneca
1644 4650 1694 4702 in
1735 4649 1874 4732 libro
2005 4651 2139 4732 Pre—

544 4718 787 4794 itideutia,
817 4718 936 4795 cap.
962 4722 1020 4778 4:
1048 4719 1173 4775 Non
1198 4730 1271 4795 est
1295 4718 1445 4774 arbor
1480 4718 1647 4795 solida
1676 4735 1766 4795 nec
1790 4723 1939 4787 [artis
1969 4724 2065 4778 nisi
2087 4723 2140 4778 in

545 4816 701 4874 quam
724 4788 964 4881 frequens
1003 4800 1176 4881 vetitas
1216 4791 1481 4881 incursat;
1514 4788 1659 4881 ρδςῖ
1686 4790 1834 4881 etiam
1883 4796 2140 4849 vexatione

547 4858 981 4945 constri'ngi'tnr‘et
1009 4862 1207 4918 radices
1230 4861 1407 4945 altius
1444 4858 1574 4932 ﬁgit.
1609 4858 1845 4932 Fragiles
1882 4876 1998 4919 sunt
2023 4882 2138 4938 qua:

544 4944 602 4999 in
625 4936 803 5012 aprica
830 4936 962 5012 valle
982 4942 1262 5012 creverunt.

622 5001 763 5069 Χιν.
794 5039 866 5051 --
881 5004 1157 5062 Vastitatis.
1184 5002 1259 5057 Ita
1281 5002 1549 5058 sexdecim
1577 5001 1697 5059 libri
1722 5013 1926 5061 veteres
1947 5015 2000 5060 et
2021 5007 2135 5062 edi-

548 5086 728 5143 tiones
756 5076 976 5137 Manutii
1000 5086 1055 5131 et
1090 5073 1338 5129 Morcllii.
1384 5074 1557 5129 Aliam
1587 5084 1762 5129 tamen
1810 5074 2092 5133 lecti’onem
2115 5120 2130 5141 ,

549 5171 672 5228 quae
715 5152 880 5228 habet
924 5144 1252 5228 vastationis,
1308 5143 1505 5199 habent
1543 5146 1964 5228 ctiamuseptem
2013 5149 2134 5205 libri

549 5213 783 5284 v'eteres.
814 5222 928 5290 Ego
943 5233 1062 5275 eam
1092 5213 1318 5297 praefero
1342 5229 1500 5283 quam
1521 5218 1691 5297 major
1707 5213 1963 5272 libroruin
1982 5234 2135 5276 man-

551 5285 913 5367 uscriptoruin
940 5303 1064 5367 pars
1081 5285 1315 5367 ostendit
1337 5287 1640 5367 essetnagis
1668 5297 1957 5367 receptam2
1992 5304 2132 5359 prze-

550 5356 738 5427 sertim
751 5356 1146 5434 cum'yocabulo
1156 5356 1402 5434 vastitatis
1416 5357 1487 5411 uti
1502 5356 1654 5434 solea
1657 5356 1898 5434 tsanctus
1914 5356 2131 5433 Martyr.

623 5427 960 5494 Inconcussa.
1004 5429 1225 5485 Multum
1278 5428 1484 5481 variant
1538 5427 1590 5481 in
1642 5428 1745 5484 hoc
1791 5430 1907 5485 loco
1955 5427 2136 5490 vetera

551 5505 900 5579 exemplaria.
939 5499 1193 5579 Quaedam
1224 5498 1421 5579 habent
1446 5499 1761 5579 inconcussi,
1816 5501 1919 5557 alia
1962 5502 2137 5560 incon-

548 5568 729 5638 cussis:
766 5579 877 5648 Ego
892 5568 1050 5648 Amalo
1071 5569 1271 5648 referre
1292 5568 1359 5624 ad
1384 5572 1651 5635 ,animam.

631 5641 863 5721 oportet.
891 5641 1108 5721 lictiiiui
1138 5641 1276 5721 hanc
1326 5655 1538 5721 vocem,
1585 5642 1988 5721 quantiviscam
2028 5661 2135 5703 non

556 5712 849 5794 repe'tjeritn
888 5716 991 5794 nisi
1022 5715 1073 5769 in
1103 5713 1285 5792 paucis
1309 5712 1575 5794 γριφηυιξε
1608 5713 1748 5794 “pri,
1774 5714 1895 5783 quia
1923 5727 2016 5774 aut
2043 5719 2133 5775 ma

557 5781 651 5873 aut
667 5792 770 5850 alia
799 5788 990 5849 similis
1018 5781 1317 5842 necessaria
1345 5791 1427 5837 est
1451 5782 1503 5838 in
1532 5782 1632 5838 hoc
1659 5783 1795 5840 loco.

2244 4657 2363 4737 estis
2391 4655 2552 4737 labent
2581 4653 2841 4737 pudicitiae
2882 4656 3024 4737 apud
3043 4653 3153 4737 nos
3176 4658 3476 4737 atrociorem
3515 4653 3652 4715 omni
3682 4653 3833 4731 plena

2241 4735 2288 4781 et
2315 4726 2474 4799 omni
2497 4735 2655 4779 morte
2691 4726 2940 4796 reputari.
2987 4726 3309 4784 Prudentius
3362 4729 3418 4799 in
3471 4726 3713 4788 carmine
3763 4732 3833 4788 de

2241 4804 2425 4852 sancta
2449 4795 2693 4868 Agnete:

2238 4908 2374 4960 Hanc
2384 4911 2431 4960 iu
2441 4908 2642 4973 lupanar
2651 4910 2850 4962 tradere
2860 4917 3052 4964 certum
3065 4920 3142 4965 est
3157 4914 3216 4964 ad
3227 4927 3359 4966 aram
3375 4916 3425 4967 ni
3440 4922 3585 4980 caput
3593 4918 3827 4982 applicet.

2238 5011 2394 5099 ﬁtpud
2419 5013 2724 5099 Rufinum
2748 5032 2839 5099 vin
2858 5034 2940 5099 ,_e.
2960 5018 3027 5074 l2
3043 5062 3057 5085 ,
3084 5019 3274 5092 legitur
3301 5021 3521 5099 historia
3544 5025 3826 5099 cujusdam

2237 5082 2452 5169 feminae
2472 5085 2665 5169 nobilis
2679 5082 3321 5169 Antiochenzegufmcum
3337 5094 3539 5169 videret
3552 5082 3677 5153 se'et
3692 5082 3828 5153 filias

2235 5168 2362 5211 suas
2374 5158 2490 5227 cogi
2509 5158 2575 5212 ad
2589 5158 2999 5232 sacrificandum
3023 5158 3201 5229 idolis,
3222 5174 3278 5219 et
3307 5164 3408 5219 nisi
3436 5165 3692 5232 facerent,
3716 5179 3827 5222 tor-

2237 5236 2423 5311 menta.
2443 5236 2765 5311 ent-mortem.
2786 5231 3055 5311 ititeptari,
3076 5235 3285 5290 timeret
3303 5250 3463 5311 porro
3475 5253 3541 5292 ne
3563 5231 3828 5307 pudicitia:

2235 5305 2428 5382 sum-et
2457 5298 2686 5382 ﬁliarum
2717 5299 2798 5354 vis
2833 5302 3134 5382 inferretur,
3157 5320 3215 5359 se
3244 5298 3364 5360 cu'm
3394 5307 3495 5362 illis
3526 5298 3755 5379 projecit
3773 5311 3829 5366 in

2235 5367 2544 5452 Quirinalia
2576 5369 2769 5452 itinere
2798 5373 3049 5452 positum.
3098 5367 3240 5452 inter
3277 5385 3479 5452 caetera
3526 5367 3662 5434 'ver'o
3706 5371 3828 5449 qua:

2239 5437 2373 5520 dixit
2406 5437 2631 5520 filiabus
2655 5442 2769 5497 suis
2798 5437 2853 5520 ut
2881 5444 2959 5520 eis
2981 5447 3249 5520 suaderet
3276 5447 3418 5502 hunc
3441 5450 3672 5517 exitum,
3703 5437 3778 5506 ait
3808 5470 3824 5507 :

2241 5507 2625 5592 Prostituentur
2649 5514 2845 5592 ergoin
2866 5514 3081 5592 publicis
3108 5516 3447 5592 iupanaribas
3463 5507 3687 5575 membra
3711 5539 3827 5586 qua:

2239 5594 2327 5664 aer
2353 5596 2478 5661 pene
2518 5583 2629 5664 ipse
2651 5583 2886 5664 pubiicus
2905 5586 3080 5664 habuit
3106 5583 3404 5664 incognita?
3435 5591 3593 5664 illnc
3626 5583 3824 5649 factum

2239 5650 2469 5731 ut,.quia
2500 5650 3077 5734 viijgines'christianaa
3123 5650 3538 5734 proficiebantur
3581 5662 3635 5718 in
3673 5665 3826 5734 lupa-

2235 5723 2408 5808 ξξπίὲ,
2437 5723 2803 5808 creditttm_sit
2830 5723 3244 5808 illas,_q_uatiivis
3274 5732 3380 5785 vim
3408 5748 3582 5808 passa:
3622 5723 3825 5805 pudici-

2235 5795 2360 5849 tiam
2389 5808 2515 5851 vere
2540 5795 2898 5868 perdidissent
2916 5842 2933 5871 ,
2961 5795 3127 5858 fuisse
3153 5812 3331 5859 tamen
3366 5795 3606 5876 virgines
3622 5795 3826 5866 "secun-
