4302 6296
438 332 548 390 595

1644 332 1851 391 LIBER
1891 333 1980 390 DE
2019 332 2536 394 MORTALITATE.

3635 346 3743 405 596

438 448 505 505 ad
533 448 876 504 continentiae
918 457 1078 521 atque
1126 449 1447 506 innocentia:
1489 449 1765 521 prmmium
1816 447 2038 504 feliciter
2064 451 2116 513 Α
2143 448 2402 519 martyrio
2439 462 2562 505 meo
2597 448 2798 519 privor,
2825 447 2954 505 dum
2993 458 3168 508 morte
3206 452 3529 524 prtevenior.
3558 454 3743 514 Primo

437 543 1055 614 pervcniunt,tormenta
1080 544 1188 615 jam
1221 559 1323 599 non
1350 544 1497 599 timet
1517 543 1740 599 delicata
1767 550 2030 607 matrona,

434 644 637 690 metum
670 636 1054 705 persecutionis
1082 644 1135 690 ct
1157 651 1344 691 manus
1368 637 1741 706 cruciatusque
1765 634 2033 690 carniﬁcis

436 726 704 781 moriendi
750 726 1025 781 celeritate
1068 726 1292 782 lucrata.
1340 725 1543 780 Pavore
1595 724 1934 780 mortalitatis
1979 735 2034 781 et

433 817 693 888 temporis
718 817 1083 873 accenduntur
1106 817 1301 887 tepidi,
1326 818 1767 888 constringuntur
1794 816 2028 885 remissi,

431 909 734 966 excitantur
764 911 957 981 ignavi,
976 910 1280 966 desertores
1293 910 1686 982 compelluntur
1707 920 1764 964 ut
1785 910 2028 979 redeant,

429 1004 662 1074 gentiles
689 1013 952 1073 coguntur
986 1012 1045 1058 ut
1068 1004 1323 1071 credant,
1354 1012 1507 1060 vetus
1538 1003 1772 1059 fidelium
1802 1004 2030 1075 populus

426 1092 497 1149 ad
544 1094 780 1164 quietem
837 1080 1185 1161 vocatur,lad
1224 1096 1394 1151 aciem
1450 1109 1638 1152 recens
1680 1105 1735 1151 et
1780 1098 2031 1167 copiosus

427 1187 703 1249 exercitus
733 1186 925 1243 robore
961 1187 1184 1244 fortiore
1223 1186 1508 1258 colligitur,
1539 1192 1867 1258 pugnaturus
1912 1189 2029 1245 sine

425 1286 572 1332 metu
603 1279 787 1333 mortis
818 1294 938 1334 cum
986 1279 1225 1349 praelium
1265 1279 1501 1345 venerit,
1540 1278 1630 1348 qui
1675 1276 1742 1333 ad
1782 1279 2027 1337 militiam

427 1375 674 1438 tempore
696 1358 1041 1427 mortalitatis
1068 1370 1296 1427 accedit.

497 1463 636 1518 XVI.
669 1463 802 1533 Quid
830 1464 1023 1521 deinde
1054 1463 1215 1531 illud,
1244 1462 1443 1519 fratres
1483 1462 1836 1530 dilectissimi,
1869 1467 2027 1537 quale

422 1565 528 1623 eSt,
556 1571 710 1626 quam
741 1556 1033 1627 pertinens,
1077 1572 1234 1627 quam
1265 1558 1624 1613 necessarium
1650 1600 1664 1625 ,
1692 1557 1833 1627 quod
1863 1560 2027 1627 pestis

422 1651 525 1707 ista
554 1659 609 1705 et
636 1650 773 1716 lues,
796 1666 914 1720 qua:
942 1649 1221 1706 horribilis
1245 1660 1296 1705 et
1325 1648 1507 1705 feralis
1525 1649 1754 1717 videtur,
1780 1651 2026 1722 explorat

416 1740 676 1813 justitiam
703 1742 1056 1813 singulorum,
1082 1752 1139 1798 et
1164 1752 1370 1799 mentes
1402 1743 1618 1799 humani
1654 1747 1869 1816 generis
1898 1760 2023 1802 exa-

2138 542 2191 596 in
2219 541 2336 597 loco
2352 554 2459 597 non
2475 550 2558 597 est
2582 542 2636 597 in
2658 550 2745 597 tua
2778 553 3060 613 patestate,
3086 546 3180 603 sed
3210 546 3265 603 in
3290 548 3384 605 Dei
3420 548 3736 621 dignatione

2136 636 2474 708 martyrium,
2495 650 2597 693 nec
2618 646 2772 707 potes
2799 645 2851 693 te
2875 638 3059 695 dicere
3080 640 3382 710 perdidisse
3398 643 3544 714 quod
3566 644 3744 700 nescis

2134 739 2203 780 an
2251 726 2510 782 merearis
2559 727 2805 798 accipere
2838 728 2931 783 ⁸³⁵.
2999 728 3154 786 Tunc
3182 730 3378 791 deinde
3411 734 3552 791 Deus
3589 749 3744 790 scru-

2137 824 2277 872 tator
2303 815 2332 855 b
2362 817 2507 873 renis
2547 826 2604 875 et
2651 817 2831 875 cordis
2892 829 2948 875 et
2971 820 3304 880 occultorum
3346 827 3741 898 contemplator

2134 916 2190 965 et
2214 910 2457 979 cognitor
2477 909 2622 967 videt
2670 918 2723 967 te
2759 920 2815 967 et
2845 910 3028 967 laudat
3069 921 3126 969 et
3162 915 3516 987 comprobat,
3547 925 3605 972 et
3646 919 3738 989 qui

2133 1002 2387 1072 perspicit
2412 1002 2550 1074 apud
2575 1010 2627 1059 te
2651 1013 2893 1074 paratam
2921 1004 3088 1062 fuisse
3114 1007 3390 1075 virtutem,
3421 1009 3612 1067 reddet
3637 1026 3736 1081 pro

2134 1094 2329 1149 virtute
2358 1096 2681 1151 mercedem.
2734 1095 3003 1168 Numquid
3047 1098 3177 1155 Cain
3220 1114 3343 1156 cum
3387 1101 3499 1158 Deo
3541 1118 3737 1159 munus

2131 1186 2348 1244 offerret
2368 1190 2479 1260 jam
2496 1198 2799 1260 peremerat
2819 1190 3077 1248 fratrem?
3099 1193 3166 1248 Et
3188 1201 3365 1250 tamen
3392 1195 3734 1264 parricidium

2130 1291 2316 1337 mente
2352 1279 2673 1354 conceptum
2701 1284 2843 1341 Deus
2872 1284 3126 1356 providus
3163 1296 3291 1343 ante
3330 1286 3625 1355 damnavit.
3666 1288 3739 1346 Ut

2132 1376 2239 1432 illic
2263 1378 2512 1448 cogitatio
2534 1377 2673 1433 mala
2701 1388 2755 1434 et
2782 1379 3083 1449 perniciosa
3107 1381 3393 1451 conceptio
3422 1381 3533 1437 Deo
3555 1383 3737 1453 provi-

2129 1467 2289 1525 dente
2310 1477 2589 1539 prospecta
2613 1476 2698 1524 est
2724 1480 2770 1536 ε,
2799 1470 2870 1524 ita
2900 1470 3030 1525 etin
3069 1470 3159 1527 Dei
3187 1472 3359 1527 servis
3381 1513 3395 1539 ,
3421 1470 3566 1541 apud
3593 1487 3734 1543 quos

2128 1558 2400 1616 confessio
2425 1561 2784 1631 cogitaturet
2819 1563 3134 1633 martyrium
3180 1571 3363 1618 mente
3405 1563 3729 1634 concipitur,

2127 1650 2340 1706 animus
2385 1650 2453 1707 ad
2504 1651 2707 1707 bonum
2756 1652 2970 1709 deditus
3025 1654 3136 1710 Deo
3180 1650 3362 1725 judi'ce
3412 1666 3727 1713 coronatur.

2128 1741 2289 1800 Aliud
2320 1750 2405 1799 est
2430 1744 2690 1815 martyrio
2718 1744 2960 1800 animum
3003 1743 3227 1813 deesse,
3255 1746 3399 1803 aliud
3429 1747 3608 1805 animo
3636 1749 3732 1804 dc-

420 1834 609 1898 minat,
637 1848 705 1888 an
733 1835 959 1890 infirmis
988 1835 1226 1890 serviant
1250 1836 1387 1901 sani,
1418 1850 1484 1890 an
1518 1837 1796 1908 propinqui
1827 1852 2025 1910 cogna-
2052 1847 2102 1908 Β
2130 1836 2297 1893 fuisse
2321 1838 2659 1910 martyrium.
2691 1838 2917 1906 Qualem
2958 1849 3011 1895 te
3055 1840 3259 1897 invenit
3321 1841 3579 1899 Dominus
3603 1859 3729 1900 cum

418 1933 502 1981 tos
522 1926 611 1997 pie
638 1927 900 1998 diligant,
930 1943 997 1983 an
1044 1930 1400 1985 misereantur
1440 1941 1716 1986 servorum
1765 1934 2023 2005 languen-

416 2018 551 2073 tium
598 2018 824 2087 domini,
877 2034 944 2075 an
1002 2020 1358 2090 deprecantes
1401 2036 1574 2092 argros
1621 2038 1725 2077 non
1773 2024 2023 2081 deserant

421 2104 645 2179 medici,
663 2127 729 2167 an
768 2113 973 2168 feroces
1006 2112 1314 2168 violentiam
1346 2128 1496 2168 suam
1526 2116 1884 2185 comprimant
1907 2159 1922 2184 ,
1951 2132 2019 2174 an

429 2220 653 2280 rapaces
683 2207 922 2262 avaritia:
959 2207 1182 2263 lurentis
1212 2208 1566 2264 insatiabilem
1608 2213 1820 2280 semper
1861 2213 2023 2271 ardo-

418 2310 531 2352 rem
560 2299 643 2353 vel
675 2310 818 2353 metu
841 2299 1030 2354 mortis
1051 2301 1465 2371 extinguant,an
1488 2303 1749 2359 cervicem
1801 2305 2021 2363 ﬂectant

418 2390 656 2458 superbi,
688 2404 755 2444 an
788 2390 1061 2446 audaciam
1095 2392 1296 2447 leniant
1320 2401 1344 2428 τι
1376 2394 1621 2463 improbi,
1651 2411 1716 2450 an
1746 2399 2019 2467 pereunti-

362 2468 365 2471 ’
419 2479 520 2536 bus
545 2481 742 2547 charis,
782 2482 865 2538 vel
903 2483 980 2538 sic
1021 2484 1217 2554 aliquid
1268 2483 1462 2541 divites
1511 2487 1869 2559 indigentibus
1913 2490 2019 2545 lar-

418 2573 633 2644 giantur
653 2583 705 2628 et
731 2572 928 2628 donent
953 2575 1070 2630 sine
1096 2575 1309 2630 herede
1332 2576 1603 2631 morituri!
1633 2577 1696 2634 Ut
1718 2579 1847 2633 nihil
1873 2580 2017 2636 aliud

419 2665 720 2721 mortalitas
746 2667 843 2721 ista
876 2667 1179 2734 contulerit,
1210 2668 1313 2725 hoc
1340 2668 1661 2727 Christianis
1687 2681 1743 2727 et
1773 2673 1867 2728 Dei
1897 2688 2015 2729 ser-

418 2755 502 2811 vis
518 2756 1233 2830 plurimum‘pl'tcstitit,quod
1250 2762 1567 2833 martyrium
1582 2765 1841 2835 coepimus
1856 2764 2018 2821 liben-

420 2859 505 2905 ter
521 2859 795 2920 appetere,
819 2850 943 2904 dum
964 2862 1186 2906 mortem
1210 2852 1465 2909 discimus
1485 2870 1588 2910 non
1613 2855 1818 2911 timere.
1852 2858 2017 2913 Exer-

417 2940 540 2996 citia
560 2950 682 2996 sunt
698 2941 847 2997 nobis
864 2943 1097 3009 ista,non
1117 2944 1319 2999 funera.
1345 2946 1478 3000 Dant
1495 2947 1675 3002 animo
1693 2947 2017 3005 fortitudinis
2036 2953 2040 2963 ’

416 3032 665 3103 gloriam,
695 3042 1004 3104 contemptu
1037 3038 1223 3090 mortis
1249 3047 1553 3108 praeparant
1571 3039 1637 3093 ad
1659 3054 1938 3095 coronam.

490 3124 651 3180 XVII.
678 3124 781 3181 Sed
828 3126 1053 3182 fortasse
1094 3127 1288 3199 aliquis
1335 3139 1570 3199 Opponat
1598 3140 1651 3187 et
1677 3131 1818 3187 dicat
1858 3132 2018 3189 :floc

2127 1939 2299 1998 vocat,
2333 1931 2491 1986 talem
2520 1929 2719 1999 pariter
2745 1941 2802 1987 et
2822 1930 3063 2001 judicat,
3094 1933 3311 2004 quando
3350 1934 3465 2005 ipse
3504 1943 3731 1991 testetur

2125 2029 2180 2079 et
2203 2021 2344 2078 dicat
2380 2040 2394 2077 :
2426 2020 2492 2075 Et
2514 2022 2674 2077 scient
2693 2038 2867 2078 omnes
2888 2022 3138 2080 Ecclesia:
3166 2026 3290 2096 quia
3328 2042 3422 2097 ego
3446 2042 3560 2082 sum
3585 2042 3729 2082 scru-

2124 2122 2259 2168 tator
2276 2113 2412 2169 renis
2455 2124 2502 2168 et
2542 2112 2711 2168 cordis
2746 2112 2931 2185 (Apoc.
2978 2129 3038 2179 rt,
3084 2114 3198 2187 23).
3252 2115 3362 2173 Nec
3399 2119 3543 2174 enim
3586 2117 3729 2174 Deus

2123 2204 2437 2275 sanguinem
2461 2215 2700 2259 nostrum
2722 2201 3044 2275 desiderata,
3070 2206 3166 2261 sed
3182 2205 3339 2262 ﬁdem
3353 2209 3565 2278 quierit.
3591 2208 3725 2263 Nam

2124 2310 2223 2351 nec
2251 2294 2549 2361 Abraham,
2577 2309 2679 2351 nec
2707 2296 2880 2364 Isaac,
2910 2310 3013 2353 nec
3040 2295 3210 2353 Jacob
3250 2300 3415 2354 occisi
3456 2311 3622 2366 sunt,
3671 2314 3730 2358 et.

2123 2396 2304 2445 tamen
2331 2387 2455 2444 fidei
2481 2403 2543 2444 ac
2564 2389 2788 2458 iustitiae
2823 2389 3031 2446 meritis
3060 2388 3306 2445 honorati
3329 2392 3469 2448 inter
3486 2393 3725 2448 Patriar-

2119 2479 2251 2535 chas
2278 2481 2434 2560 primi
2464 2494 2587 2537 esse
2635 2490 2985 2549 meruerunt;
3023 2482 3092 2538 ad
3133 2462 3363 2554 quorum
3411 2487 3721 2542 convivium

2119 2582 2479 2646 congregatur
2526 2576 2771 2646 quisquis
2815 2574 2988 2634 ﬁdelis
3014 2585 3072 2634 et
3108 2576 3288 2648 justus
3338 2588 3394 2635 et
3436 2578 3724 2636 laudabilis

2120 2670 2416 2725 invenitur.

2191 2760 2379 2817 XVIII.
2419 2759 2728 2818 Meminisse
2768 2760 3033 2821 debemus
3071 2764 3402 2820 voluntatem
3448 2779 3570 2832 nos,
3612 2781 3721 2824 non

2121 2860 2384 2918 nostram,
2410 2851 2503 2907 sed
2539 2851 2631 2906 Dei
2664 2853 2842 2907 facere
2870 2853 3089 2920 debere,
3117 2854 3415 2909 secundum
3450 2856 3592 2926 quod
3620 2872 3722 2912 nos

2122 2945 2383 3001 Dominus
2410 2944 2666 3015 ,quotidie
2696 2943 2858 3013 jussit
2900 2959 3077 3000 orare.
3126 2945 3296 3012 Quam
3327 2955 3718 3015 praeposterum

2120 3046 2221 3106 est,
2250 3052 2518 3109 quamque
2546 3050 2882 3108 perversum,
2910 3045 2988 3101 ut,
3017 3050 3139 3091 cum
3159 3038 3209 3093 ei
3235 3036 3567 3093 voluntatem
3594 3038 3716 3095 ﬁeri

2120 3132 2474 3203 postulemus,
2507 3130 2953 3201 quando-evocat
2997 3143 3096 3185 nos
3134 3135 3191 3185 et
3225 3130 3456 3186 accersit
3498 3129 3568 3186 de
3614 3131 3717 3186 hoc

414 3234 503 3276 me
524 3234 653 3290 ergo
697 3220 747 3274 in
781 3221 1029 3290 prazscnli
1060 3223 1388 3287 mortalitate
1430 3226 1714 3281 contristat
1751 3227 1897 3297 quod
1922 3228 2012 3299 qui
2042 3232 2087 3297 (ι
2119 3224 2321 3282 mundo
2347 3224 2512 3292 Deus,
2544 3238 2653 3279 non
2683 3222 2878 3279 statim
2895 3220 3187 3278 voluntatis
3216 3221 3332 3293 ejus
3359 3223 3589 3293 imperio
3616 3238 3715 3295 pa-

414 3322 631 3385 paratus
675 3312 1174 3371 adeon-fossionem
1205 3314 1406 3370 fueram
1433 3357 1447 3382 ,
1475 3325 1535 3371 “et
1561 3317 1625 3372 ad
1670 3318 2008 3376 tolerantiam

412 3404 680 3475 passionis
710 3413 821 3460 toto
848 3421 933 3461 mc
978 3405 1143 3462 corde
1172 3414 1227 3462 et
1251 3407 1407 3478 plena
1435 3408 1629 3465 virtute
1654 3410 2004 3479 devoveram,

2116 3332 2351 3375 reamus.
2404 3315 2710 3373 Obnitimur
2755 3322 2811 3370 et
2836 3316 3181 3381 reluctamur,
3230 3324 3307 3382 et,
3356 3317 3714 3388 pervicacium

2113 3427 2267 3469 more
2296 3424 2600 3479 servorum,
2619 3407 2687 3465 ad
2710 3417 3063 3480 conspectum
3086 3406 3299 3464 Domini
3333 3420 3457 3482 cum
3501 3409 3715 3466 tristitia

1646 3523 2032 3586 LECTIONES
2068 3527 2486 3587 VARIANTES.

479 3613 505 3678 _“
538 3611 863 3678 Campi-imam
883 3615 1023 3663 Pem.
1053 3616 1189 3667 Voss.
1210 3616 1255 3677 1,
1270 3615 1321 3665 2.

475 3674 505 3712 b
539 3674 790 3728 Scru'tator
818 3684 894 3729 est
924 3680 1060 3729 Voss.
1086 3677 1132 3726 2.
1153 3674 1295 3730 Pent.
1317 3677 1478 3731 Saris.
1496 3679 1624 3732 Bod.
1648 3682 1753 3733 1.4.

2177 3622 2493 3688 ῗῐέενερθσω
2517 3619 2650 3688 Ιτίρεο
2682 3619 2844 3688 ,νβ-εξ-
2875 3617 3030 3688 3-.5-
3106 3676 3135 3688 ..

2175 3684 2204 3724 d
2237 3677 2500 3735 Desiderat
2521 3677 2655 3735 deest
2673 3680 2727 3732 iu
2748 3681 2842 3733 Ed.
2868 3677 3041 3731 Priuc.
3250 3679 3426 3732 Rmuli.

1655 3787 1897 3845 STEPH.
1940 3787 2211 3847 BALUZII
2248 3787 2478 3845 NOTAE.

411 3898 538 3973 dum
577 3897 1062 3973 Evangelium,_u_t
1107 3913 1171 3973 es
1222 3897 1551 3973 Hieronymo
1598 3908 1655 3956 et
1705 3903 2004 3973 Augustino

410 3972 604 4096 probat
627 3971 875 4094 Algerus,
907 3969 1260 4025 scholaSticus
1291 3969 1605 4039 Leodensis,
1640 3973 1693 4027 in
1718 3969 1891 4042 capite
1935 3972 2005 4029 76

437 4044 535 4096 ibri
577 4041 640 4095 de
728 4041 1025 4096 isericordia
1052 4040 1349 4095 etJustilia.
1396 4041 1511 4096 E20
1561 4058 1690 4096 vero
1715 4059 1778 4096 ex
1812 4044 2003 4096 eodem

437 4044 535 4098 ibri
577 4041 640 4095 de
669 4040 1025 4096 Misericordia
1052 4040 1349 4095 etJustilia.
1396 4041 1511 4111 Ego
1561 4058 1690 4097 vero
1715 4040 2003 4099 ett—eodem

411 4113 709 4195 Augustino
739 4112 1081 4195 .addodillutn
1134 4113 1185 4195 in
1244 4112 1502 4195 Epistola.
1534 4113 1603 4166 ad
1658 4112 2004 4195 V‘ictorianum

410 4184 649 4239 scribere
699 4183 1008 4238 violentiam
1052 4181 1244 4237 factam
1286 4181 1339 4238 in
1373 4184 1611 4252 virgine,
1658 4185 1701 4240 si
1748 4185 1834 4239 illa
1892 4200 1999 4240 non

410 4254 779 4326 consenserit,
827 4269 934 4326 non
980 4269 1091 4326 pro;
1113 4254 1472 4326 corruptionis
1526 4255 1874 4326 turpitudine,
1903 4256 1999 4312 sed

410 4339 513 4399 pro
534 4325 797 4393 passionis
820 4325 1042 4399 vulnere
1063 4324 1422 4399 deputandam
1450 4367 1464 4388 ,
1507 4336 1561 4399 et
1588 4324 1642 4399 in
1666 4327 1900 4399 Epistola
1926 4328 1997 4399 ad

412 4394 739 4450 Honoratum
768 4396 1003 4452 scribere
1032 4395 1339 4463 pudicitiam
1368 4411 1472 4451 non
1506 4397 1695 4452 violari
1710 4394 1995 4464 ‘violentia,

406 4467 452 4522 si
482 4475 661 4520 mente
699 4475 979 4531 servatur,
1025 4467 1280 4536 quoniam
1330 4480 1428 4521 nec
1467 4467 1518 4520 in
1567 4483 1730 4524 carne
1766 4469 1997 4524 violatur

407 4539 625 4608 quando
677 4538 922 4592 voluntas
972 4537 1224 4609 patientis
1266 4551 1360 4593 sua
1412 4540 1638 4608 turpiter
1682 4555 1845 4595 carne
1888 4556 1993 4594 non

410 4609 604 4674 utitur,
633 4609 728 4664 sed
759 4610 874 4664 sine
900 4610 1255 4680 consensione
1275 4609 1477 4680 tolerat
1515 4611 1656 4679 quod
1695 4612 1834 4667 alius
1861 4626 1993 4680 ope-

408 4680 941 4752 ratur._Vide_etiam
970 4679 1221 4752 Carolum
1261 4677 1646 4752 Guyetumjib.
1671 4697 1742 4747 ιι,
1780 4677 1911 4752 cap.‘
1942 4683 1995 4749 7,

408 4764 530 4819 pag.
559 4749 1082 4822 175,.‘Heortologite.
1112 4749 1401 4806 Suetonius
1430 4751 1481 4804 in
1512 4749 1731 4808 Tiberio
1761 4770 1773 4805 :
1804 4749 1997 4806 Imma-

408 4828 539 4874 tura:
589 4820 805 4889 puellm,
851 4820 981 4888 quia
1006 4838 1147 4876 more
1174 4822 1362 4875 tradito
1409 4824 1554 4892 nefas
1605 4834 1733 4878 esset
1782 4825 2000 4892 virgines

405 4892 755 4966 strangulari;
776 4893 961 4966 vitione
982 4894 1123 4966 prius
1143 4908 1175 4944 a
1202 4893 1466 4966 carniﬁce,
1499 4893 1613 4966 dein
1643 4892 1995 4966 straugulatw.

408 4960 485 5030 De
514 4961 625 5016 ﬁlia
652 4962 828 5030 Sejani
863 4964 931 5015 ita
962 4960 1121 5016 etiam
1152 4960 1827 5021 testaturDioCassiuslib.
1851 4982 1997 5021 Lvnt.

408 5029 543 5086 Vide
572 5033 852 5087 Baronium
884 5033 948 5085 ad
976 5033 1116 5087 diem
1144 5032 1208 5088 21
1241 5033 1502 5088 Januarii.

480 5100 712 5157 Delicuta
748 5113 1020 5176 matrona,
1048 5103 1231 5176 \A’rictur
1261 5105 1493 5161 Vitensis
1544 5104 1636 5158 lib.
1676 5121 1730 5173 v,
1776 5120 1895 5176 cap.
1926 5106 1993 5161 8:

410 5171 654 5246 Matrona
682 5174 863 5227 nobilis
899 5191 959 5227 ac
988 5174 1226 5229 delicata.
1274 5176 1627 5246 Hieronymus
1675 5171 1725 5230 in
1763 5171 1998 5245 Epistola

406 5244 476 5297 ad
503 5242 892 5298 Pammachium
933 5246 1192 5299 adversus
1222 5262 1435 5302 errores
1475 5242 1699 5302 Joannis
1743 5242 1999 5301 llieroso-

406 5314 647 5385 lymilani
680 5333 694 5370 :
733 5315 825 5371 Dei
852 5315 1016 5369 Filius
1038 5332 1191 5368 unum
1221 5317 1500 5379 morbidum
1531 5333 1668 5370 ovem
1688 5318 1792 5371 suis
1822 5317 2001 5370 hume-

404 5387 476 5439 ris
533 5387 747 5464 portavit
792 5388 859 5440 ad
904 5388 1055 5440 oculos
1079 5425 1094 5452 ,
1129 5387 1364 5452 baiulans
1398 5399 1444 5443 et
1499 5388 1695 5464 patiens
1735 5388 2004 5441 delicatam

404 5460 754 5526 peccatricem.

480 5526 548 5557 ⁶⁸⁰
572 5527 836 5596 COpiosus.
863 5527 1129 5583 Treslibri
1152 5530 1319 5584 nostri
1342 5537 1395 5583 et
1422 5543 1602 5584 unusa
1622 5528 1863 5584 Morellio
1875 5529 2006 5584 cita-

405 5604 495 5669 _tus
521 5598 776 5652 exhibent
800 5609 1018 5665 torosus,
1048 5600 1098 5653 id
1131 5609 1214 5656 est
1235 5600 1324 5668 qui
1355 5602 1564 5669 pulpam
1594 5601 1770 5655 carnis
1824 5613 2004 5654 macu-

406 5666 576 5721 losam
620 5669 818 5736 habet,
849 5671 899 5723 in
932 5686 1039 5739 quo
1081 5680 1164 5724 est
1218 5666 1382 5724 robur
1424 5666 1473 5726 et
1525 5671 1799 5725 fortitudo.
1851 5669 2003 5726 Unde

406 5741 579 5811 cervix
626 5749 797 5793 torosa
848 5742 989 5811 apud
1033 5741 1298 5796 Catullum
1344 5743 1395 5795 in
1441 5741 1683 5796 carmine
1726 5741 1794 5796 de
1842 5742 2007 5796 Bere-

404 5810 655 5880 cynthia,
707 5811 845 5867 colla
894 5820 1065 5868 torosa
1125 5812 1279 5868 boum
1318 5811 1461 5884 apud
1488 5811 1732 5868 Ovidium
1782 5812 1838 5866 in
1868 5812 2004 5867 libro

2024 4647 2077 4708 D

2108 3900 2363 3972 secundo,
2384 3897 2983 3972 MetamorphoseonLet
3032 3906 3204 3972 torosa
3219 3900 3463 3972 juventus
3505 3901 3560 3958 in
3604 3900 3709 3960 Sa-

2109 3981 2227 4060 tyra
2258 3971 2538 4060 nt‘Persii.
2568 3969 2830 4060 Mipujcius
2870 3968 3022 4060 FeliLx
3059 3970 3125 4060 inJ
3156 3968 3491 4060 ipso‘f‘ermel
3520 3973 3704 4043 initio,

2110 4039 2305 4114 Crispis
2321 4042 2599 4114 torosisque
2617 4039 2808 4114 ibidem
2821 4039 3078 4094 erroribus
3090 4039 3404 4098 delectat.'ln
3426 4044 3566 4101 libro
3586 4039 3704 4102 mo;

2110 4111 2331 4169 nasterii
2382 4112 2666 4167 Beccensis
2705 4111 2964 4182 scriptum
2986 4119 3073 4182 est
3094 4128 3329 4169 corrosus
3355 4128 3454 4182 pro
3483 4124 3704 4173 torosus.

2180 4181 2921 4255 XVI.-—lndigentibus.|stud
2936 4181 3233 4255 adiecimus
3252 4200 3319 4240 ex
3346 4181 3452 4255 fide
3476 4187 3702 4243 duorum

2104 4265 2347 4312 veterum
2392 4253 2651 4311 librorum
2679 4264 2986 4309 nostrorum
3016 4264 3072 4309 et
3100 4253 3326 4310 duorum
3355 4254 3487 4311 item
3519 4256 3705 4328 Angli-

2100 4340 2358 4383 canorum
2371 4365 2382 4379 .

2104 4431 2112 4448 .
2171 4397 2334 4522 XVIII.
2361 4394 2742 4451 -—Perniciosa
2763 4395 3042 4467 conceptio.
3070 4392 3254 4450 Codex
3287 4392 3663 4468 Seguierianns
3685 4441 3701 4464 ,

2104 4485 2274 4522 pericu
2299 4485 2408 4522 osa.

2137 4485 2408 4524 ertcutosa.

2100 4485 2408 4539 periculosa.

2171 4539 2328 4593 Aliud
2365 4548 2437 4594 est
2472 4539 2626 4593 enim.
2657 4537 2893 4593 Joannes
2927 4536 3086 4591 Picus
3116 4534 3412 4591 Mirandula
3440 4538 3598 4594 aliter
3624 4538 3704 4593 le-

2104 4610 2259 4680 gebat
2288 4611 2340 4665 in
2380 4624 2479 4665 suo
2510 4609 2719 4680 codice.
2758 4608 2985 4680 Scripsit
3020 4607 3166 4680 enim
3200 4623 3213 4660 :
3247 4606 3403 4680 Aliud
3448 4618 3519 4663 est
3566 4611 3702 4664 enim

2103 4676 2403 4752 martyrium
2424 4680 2599 4752 deesse
2636 4679 2838 4752 animo,
2885 4676 3032 4733 aliud
3073 4677 3298 4733 animum
3332 4677 3505 4734 deesse
3550 4696 3694 4734 mar-

2104 4750 2258 4823 tyrio}
2287 4751 2364 4806 Ita
2387 4753 2438 4806 in
2466 4750 2737 4823 Aipologia.

2174 4821 2462 4878 Desiderat.
2484 4822 2550 4876 Et
2570 4817 2712 4876 istud
2732 4833 2945 4892 quoque
2966 4817 3348 4892 adiecimusex
3377 4820 3698 4892 quibusdam

2102 4893 2378 4949 codicibus
2403 4892 2603 4946 nostris
2622 4899 2676 4944 et
2700 4888 2764 4946 ett
2796 4888 3115 4961 quibusdam
3149 4888 3477 4962 Anglicatiis.
3511 4891 3700 4947 Potest

2102 4971 2279 5020 tamen
2302 4976 2422 5019 esse
2448 4962 2737 5033 glossema.

2176 5033 2609 5105 XVIII.—Quam
2631 5040 3015 5105 prwposterum.
3034 5032 3136 5088 Ista
3165 5039 3380 5089 exstant
3400 5032 3539 5105 apud
3561 5032 3704 5091 Gra-

2102 5106 2305 5160 tianum
2325 5119 2514 5176 xnt,q.
2536 5102 2593 5169 2,
2610 5102 2661 5176 et
2680 5103 2829 5176 apud
2850 5103 3191 5176 Guillelmum
3225 5102 3455 5176 Durandi
3486 5105 3539 5158 in
3565 5117 3705 5160 trac-

2104 5184 2216 5300 tatlu
2255 5176 2320 5300 d5
2359 5174 2519 5231 Modo
2564 5174 2849 5230 celebrandi
2892 5175 3103 5230 Concilt'i
3124 5174 3390 5245 generalis,
3425 5183 3563 5245 part,
3612 5192 3701 5239 tu,

2104 5262 2169 5300 ru
2208 5261 2254 5300 r.
2325 5285 2338 5300 .

2104 5247 2254 5302 rubr.
2283 5247 2338 5301 6.
3780 5252 3785 5259 ·

2126 5359 2135 5367 .
2181 5316 2533 5371 Peroicacium
2574 5331 2712 5371 more
2749 5330 3027 5370 servorum.
3058 5314 3274 5370 Tacitus
3307 5313 3404 5370 lib.
3451 5330 3472 5371 ι
3519 5314 3707 5371 Histo-

2108 5388 2311 5442 riarum
2355 5409 2367 5445 :
2414 5385 2667 5442 Pervicaa:
2706 5386 2857 5441 etiam
2893 5387 3133 5440 adversus
3159 5393 3407 5439 tormenta
3449 5402 3706 5441 servorum

2106 5459 2249 5525 ﬁdes.
2300 5457 2430 5513 Vide
2455 5457 2795 5515 Macrobium.
2815 5456 2907 5512 lib.
2938 5472 2954 5510 ι
2991 5455 3256 5525 Saturual,
3284 5470 3407 5525 cap.
3433 5457 3521 5512 il.
3563 5455 3707 5511 Idem

2107 5524 2326 5583 Tacitus
2373 5529 2468 5582 lib.
2512 5544 2562 5582 tv
2588 5526 2866 5582 Annalium
2892 5524 3052 5580 tradit
3070 5526 3342 5580 Octaviam
3370 5524 3600 5583 Neronis
3621 5542 3711 5582 ac-

2108 5607 2347 5653 cusatam
2375 5598 2443 5653 de
2483 5598 2666 5654 servili
2702 5610 2907 5663 amore,
2934 5604 2989 5651 et
3021 5607 3169 5650 actas
3207 5596 3277 5649 ob
3315 5596 3366 5650 id
3397 5598 3467 5653 de
3500 5599 3713 5652 ancillis

2149 5672 2453 5735 oaestiones,
2484 5683 2546 5723 ac
2585 5670 2634 5722 vi
2677 5676 3064 5723 tormentorum
3104 5666 3257 5721 victis
3291 5667 3609 5736 quibusdam
3656 5678 3717 5723 nt

2129 5736 2239 5794 alsa
2283 5748 2619 5803 annuerent,
2669 5739 2847 5809 plures
2872 5737 3186 5809 perstitisse
3227 5736 3720 5809 sanctitatemﬂdo-

2107 5810 2270 5868 mina:
2325 5811 2484 5868 tueri.
2529 5805 2924 5885 Suetoniusgin
2960 5805 3200 5879 Caligula
3246 5822 3262 5861 :
3311 5805 3525 5867 Mulieri
3564 5806 3726 5864 liber-
