4302 6296
537 431 647 493 595

1921 429 2063 490 DIVI
2122 430 2447 492 CYPRIANI

3734 441 3843 502 590

536 559 594 606 et
635 560 868 605 maerore
906 545 1270 617 perducimur,
1301 552 1561 602 exeuntes
1597 544 1757 601 istinc
1790 547 2126 603 necessitatis
2150 552 2207 613 Α
2234 549 2336 606 ties
2362 549 2659 607 revelatum
2688 559 2805 618 est,
2836 566 2995 624 quam
3025 552 3336 626 frequenter
3366 565 3529 629 atque
3555 558 3840 618 manifeste

536 642 773 708 vinculo,
800 654 908 695 non
951 639 1214 710 obsequio
1240 638 1561 705 voluntatis;
1604 648 1660 695 et
1697 639 1943 695 volumus
1964 640 2035 695 ab
2069 654 2136 695 eo

536 731 774 804 praemiis
799 730 1107 787 cmlesdbus
1142 730 1392 786 honorari
1415 730 1480 786 ad
1503 746 1661 801 quem
1685 731 1928 786 venimus
1950 731 2133 786 inviti!

537 826 678 894 Quid
704 830 834 896 el'go
861 841 1078 881 oramus
1129 833 1181 879 et
1222 825 1457 895 petimus
1502 834 1559 879 ut
1614 825 1862 879 adveniat
1916 839 2137 895 regnum

535 920 820 983 ctelornnr,
856 917 903 971 si
933 918 1213 987 captivitas
1243 924 1455 972 terrena
1488 915 1759 971 delectat?
1799 914 1935 983 Quid
1967 915 2138 986 preci-

537 1016 641 1072 bus
669 1013 972 1087 frequenter
1003 1012 1209 1067 iteratis
1253 1026 1501 1080 rogamus
1523 1019 1575 1065 et
1605 1010 1872 1078 poscimus
1904 1019 1958 1063 ut
1979 1023 2138 1063 acce-

534 1105 808 1164 leretdies
831 1104 977 1173 regni
1003 1147 1017 1170 ,
1065 1104 1111 1158 si
1144 1103 1344 1172 majora
1385 1101 1647 1155 desideria
1679 1109 1734 1155 et
1765 1110 1887 1153 vota
1928 1101 2136 1169 potiora

531 1210 664 1258 sunt
688 1197 892 1254 servire
916 1197 1034 1251 istic
1056 1193 1271 1250 diabolo
1298 1209 1456 1264 quam
1483 1208 1707 1262 regnare
1733 1206 1853 1245 emn
1881 1188 2139 1250 Christo?

614 1293 760 1349 XIX.
814 1292 1068 1361 Denique,
1106 1299 1162 1343 ut
1192 1287 1526 1343 manifestius
1555 1287 1748 1341 divitue
1792 1285 2139 1355 providentiae

534 1391 735 1448 indicia
780 1389 1142 1443 clarescerent
1179 1385 1316 1456 quod
1350 1382 1606 1439 Dominus
1646 1383 1902 1455 praescius
1930 1382 2137 1438 futuro-

536 1500 657 1540 rum
688 1482 800 1537 suis
826 1480 1075 1537 consulat
1107 1478 1171 1533 ad
1200 1493 1387 1533 veram
1410 1478 1657 1540 salutem,
1682 1490 1802 1529 eum
1830 1474 2046 1545 quidam
2072 1473 2140 1529 de

536 1577 755 1647 collegis
781 1584 832 1629 et
854 1570 1560 1635 consacerdotibusnostris,
1593 1568 1901 1624 infirmitate
1922 1577 1947 1605 ει
1966 1566 2143 1623 defes-

533 1686 628 1728 sus
658 1679 710 1726 et
736 1669 804 1725 de
829 1668 1286 1743 appropinquante
1327 1665 1434 1735 jam
1468 1673 1639 1737 morte
1666 1664 1954 1729 sollicitus,
1986 1679 2138 1719 cont-

533 1772 774 1829 meatum
821 1762 921 1816 sibi
974 1768 1303 1833 precaretur,
1353 1756 1557 1811 adstitit
1586 1755 1899 1826 deprecanti
1943 1765 1997 1810 et
2026 1755 2137 1825 jam

535 1876 676 1931 pene
721 1855 967 1911 morienti
1013 1853 1226 1924 juvenis
1251 1852 1454 1906 honore
1482 1857 1536 1904 et
1560 1846 1839 1919 majestate
1860 1849 2141 1904 venerabi—

2242 643 2309 699 de
2334 643 2431 700 Dei
2455 643 2768 715 dignatione
2798 655 3126 717 prmceptum
3153 659 3236 704 est
3258 657 3313 704 ut
3338 658 3672 707 eontestarer
3698 654 3841 708 assi-

2240 737 2345 791 due
2370 743 2425 792 et
2450 737 2659 806 publice
2699 739 3046 809 praedicarem
3086 740 3283 796 fratres
3319 752 3534 799 nostros
3575 760 3684 799 non
3721 760 3841 803 esse

2241 830 2500 901 lugendus
2531 832 2880 888 aecersitionc
2924 832 3196 890 Dominica
3224 834 3291 891 de
3322 838 3522 911 saeculo
3548 838 3801 896 liberatos
3821 881 3838 909 ,

2244 938 2363 977 cum
2397 924 2629 978 sciamus
2674 940 2779 979 non
2833 940 2929 981 eos
2964 927 3133 981 amitti
3176 937 3201 974 ε
3241 927 3334 982 sed
3375 930 3644 999 prmmitti,
3688 916 3840 989 recc;

2241 1014 2434 1070 dentes
2462 1017 2801 1085 prmeedcrc,
2841 1025 2898 1073 ut
2947 1020 3371 1089 proficiscentes,
3410 1032 3469 1077 ut
3521 1024 3834 1097 navigantes

2242 1107 2435 1172 solent,
2468 1107 2763 1163 desiderari
2813 1124 2905 1164 eos
2929 1110 3147 1179 debere,
3179 1129 3285 1167 non
3325 1114 3536 1186 plangi,
3566 1132 3665 1171 nec
3700 1118 3843 1174 acci-

2241 1199 2462 1270 piendas
2503 1215 2622 1255 esse
2663 1201 2748 1255 hic
2792 1210 2935 1256 atras
2976 1214 3180 1272 vestes,
3237 1204 3309 1237 ⁸³³
3361 1206 3576 1277 quando
3633 1208 3706 1264 illi
3766 1212 3839 1268 ibi

2243 1292 2555 1349 indumenta
2583 1294 2700 1350 alba
2727 1295 2837 1364 jam
2862 1297 3209 1365 sumpserint,
3234 1299 3575 1355 occasionem
3605 1301 3840 1360 dandam

2244 1401 2352 1439 non
2398 1400 2518 1441 esse
2549 1385 2837 1458 gentilibus
2864 1395 2921 1440 ut
2954 1402 3052 1443 nos
3079 1389 3273 1444 merito
3300 1404 3362 1445 ac
3402 1391 3525 1461 jure
3550 1394 3843 1465 reprehen-

2244 1475 2375 1531 dant
2394 1476 2535 1547 quod
2565 1492 2699 1548 quos
2728 1477 2913 1533 vivere
2940 1478 3080 1549 apud
3115 1480 3280 1535 Deum
3309 1480 3561 1552 dicimus,
3587 1494 3644 1540 ut
3670 1488 3846 1561 extin-

2245 1576 2361 1623 ctos
2399 1577 2454 1623 ct
2492 1569 2730 1640 perditos
2774 1569 3073 1641 lugeamus,
3121 1582 3176 1628 et
3212 1571 3372 1630 ﬁdem
3400 1591 3557 1647 quam
3594 1594 3845 1639 sermone

2246 1671 2301 1715 et
2342 1676 2474 1715 voce
2524 1661 2891 1734 dcpromimus
2944 1663 3123 1720 cordis
3162 1674 3217 1721 et
3260 1668 3494 1737 pectoris
3542 1671 3845 1730 testimonio

2246 1768 2353 1807 non
2388 1753 2691 1823 probemus.
2742 1753 2869 1825 Spei
2900 1765 3100 1811 nostra:
3141 1773 3204 1813 ac
3242 1758 3365 1815 fidei
3398 1762 3840 1840 praevaricatores

2246 1860 2460 1912 sumus;
2510 1847 2761 1903 simulata
2783 1844 2832 1915 ιι,
2868 1848 3012 1917 ficta,
3043 1848 3219 1907 fucata
3262 1852 3512 1910 videntur
3551 1870 3671 1913 esse
3724 1875 3845 1931 quas

534 1955 606 2009 lis
634 1993 648 2018 ,
682 1960 823 2007 statu
853 1948 1028 2017 celsus
1063 1944 1091 1985 ι)
1125 1954 1179 2001 ct
1224 1945 1400 1999 clarus
1429 1952 1648 2015 aspectu
1672 1985 1685 2009 ,
1718 1952 1772 1999 et
1800 1958 1958 2014 quem
2004 1942 2139 1998 assi-
2167 1946 2217 2007 Β
2244 1938 2490 1994 dicimus.
2520 1939 2670 1996 Nihil
2707 1941 2927 2012 prodest
2962 1942 3142 1999 verbis
3183 1946 3440 2017 praeferre
3485 1948 3735 2023 virtutem
3784 1961 3840 2010 et

478 2064 483 2069 ’
538 2052 767 2100 stentem
820 2039 920 2095 sibi
963 2039 1049 2093 vix
1098 2045 1281 2108 posset
1332 2036 1599 2091 humanus
1654 2042 1904 2105 aspectus
1968 2034 2137 2090 oculis

537 2129 844 2192 earnalihus
874 2130 1093 2201 intueri,
1112 2129 1211 2201 nisi
1238 2127 1380 2201 quod
1406 2128 1566 2182 talem
1591 2126 1772 2183 videre
1790 2127 1900 2196 jam
1929 2135 2141 2196 poterat

538 2228 609 2283 de
647 2225 844 2282 steculo
875 2236 1207 2279 recessurus.
1246 2218 1417 2291 Atque
1446 2220 1537 2274 ille
1570 2230 1591 2256 ε
1627 2233 1734 2274 non
1762 2218 1880 2273 sine
1909 2218 2139 2289 quadam

538 2317 704 2375 animi
727 2325 779 2372 et
805 2315 951 2370 vocis
982 2298 1351 2384 indignatione
1379 2310 1653 2366 infremuit
1684 2318 1738 2364 et
1763 2309 1935 2364 dixit:
1972 2328 1990 2359 ι
2024 2302 2139 2365 Pati

538 2410 760 2476 timetis,
789 2408 934 2463 exire
958 2420 1064 2462 non
1101 2404 1280 2473 vultis,
1305 2402 1432 2475 quid
1473 2404 1662 2457 faciant
1688 2402 1876 2457 vobiS?
1906 2421 1925 2475 ι
1958 2400 2139 2456 luere-

536 2504 716 2577 pautis
750 2518 853 2555 vox
880 2509 1038 2556 estet
1064 2497 1332 2554 mouentis
1352 2539 1365 2564 ,
1397 2496 1490 2567 qui
1519 2495 1587 2550 de
1616 2494 1989 2566 persecutione
2033 2493 2141 2549 sol—

538 2596 721 2661 licitis,
741 2594 807 2649 de
832 2592 1181 2649 aecersitionc
1212 2591 1414 2645 securis
1435 2585 1462 2625 (1
1493 2605 1599 2644 non
1628 2587 1894 2643 consentit
1919 2586 1983 2642 ad
2005 2602 2139 2657 prte-

540 2702 668 2743 sens
695 2686 1045 2751 desiderium,
1094 2683 1185 2738 sed
1240 2682 1472 2737 consulit
1520 2682 1572 2736 in
1616 2680 1874 2736 futurum.
1928 2680 2145 2736 Audivit

541 2778 713 2834 frater
741 2786 924 2832 noster
951 2786 1003 2832 et
1030 2775 1231 2844 collega
1265 2774 1554 2829 moriturus
1585 2772 1727 2843 quod
1758 2772 1967 2828 caeteris
1998 2773 2144 2847 dice-

542 2880 648 2927 ret.
677 2869 810 2925 Nam
848 2868 938 2940 qui
976 2868 1271 2942 moriturus
1303 2866 1531 2934 audivit,
1583 2865 1648 2920 ad
1689 2865 1792 2921 Itoc
1841 2866 2043 2921 audivit
2088 2875 2147 2922 ut

544 2963 767 3018 diceret.
822 2960 1039 3017 Audivit
1090 2975 1195 3041 non
1226 2959 1328 3015 sibi
1361 2959 1469 3026 ille,
1504 2958 1599 3015 sed
1639 2960 1814 3014 nobis.
1852 2958 1982 3013 Nam
2018 2958 2145 3029 quid

547 3056 648 3112 sibi
685 3055 916 3109 disceret
957 3053 1069 3125 jam
1116 3051 1470 3108 recessurus?
1524 3051 1715 3106 Didicit
1748 3052 1911 3106 immo
1935 3050 2089 3105 nobis
2120 3060 2143 3088 θ

541 3146 945 3205 remanentibus
968 3188 982 3214 ,
1014 3153 1089 3210 ut,
1144 3144 1272 3200 dttm
1301 3143 1634 3199 sacerdotem
1664 3144 1752 3214 qui
1784 3155 2146 3200 commeatum

540 3241 761 3312 petebat
805 3240 1124 3311 increpitum
1176 3253 1296 3295 esse
1344 3240 1728 3313 comperimus,
1778 3238 1905 3310 quid
1941 3237 2146 3295 cunctis

544 3335 794 3406 expediat
822 3349 1232 3406 agnosceremus
1276 3331 1293 3370 τ
1306 3373 1318 3386 .

618 3429 735 3493 XX.
763 3410 925 3505 Nobis
968 3444 1181 3515 quoque
1223 3427 1351 3513 ipsis
1381 3427 1617 3485 minimis
1657 3435 1710 3484 et
1731 3429 1985 3485 extremis
2012 3444 2145 3499 quo-

2240 2030 2395 2089 factis
2420 2033 2704 2092 destruere
2739 2037 3039 2097 veritatem.

2316 2124 2461 2180 XXI.
2493 2127 2735 2198 Increpat
2772 2126 2785 2166 ί
2818 2128 3046 2201 denique
3072 2132 3344 2204 apostolus
3371 2134 3563 2191 Paulus
3589 2144 3638 2191 et
3654 2135 3833 2209 objur-

2242 2218 2402 2289 gabat
2426 2228 2479 2274 et
2505 2220 2685 2290 culpat
2727 2222 2769 2276 si
2839 2224 2928 2293 qui
2971 2225 3359 2280 contristentur
3382 2226 3432 2281 in
3462 2242 3686 2284 excessu
3712 2244 3837 2287 suo-

2246 2324 2365 2365 rum
2398 2328 2409 2363 :
2443 2310 2758 2381 Nolumusi,
2792 2314 2980 2385 inquit,
3006 2317 3243 2387 ignorare
3267 2335 3373 2393 eos,
3406 2322 3607 2391 fratres,
3637 2324 3701 2391 de
3723 2322 3843 2377 dor-

2252 2401 2539 2467 mientibus,
2568 2413 2624 2456 ut
2649 2420 2750 2459 non
2777 2407 3143 2462 contristemini
3174 2408 3304 2463 sicut
3329 2420 3375 2466 et
3404 2411 3576 2467 cwteri
3598 2415 3685 2483 qui
3704 2430 3847 2483 spent

2246 2510 2347 2548 non
2376 2495 2582 2549 habent.
2614 2495 2676 2551 Si
2704 2498 2837 2552 enim
2861 2499 3114 2571 credimus
3140 2504 3262 2572 quia
3290 2503 3445 2558 Jesus
3497 2515 3727 2560 mortuus
3773 2516 3847 2562 est

2245 2594 2291 2639 et
2324 2589 2617 2656 resurrexit,
2669 2590 2742 2644 sic
2770 2599 2814 2644 et
2844 2590 2981 2645 Deus
3026 2609 3111 2647 eos
3156 2595 3243 2664 qui
3272 2595 3587 2650 dormierunt
3638 2597 3693 2652 in
3719 2597 3847 2653 .Iesu

2247 2681 2467 2736 adducet
2518 2699 2633 2736 cum
2665 2683 2757 2738 illo
2803 2684 2847 2757 (I
2887 2683 3117 2741 Tltessat.
3173 2703 3247 2755 tv,
3300 2690 3534 2763 15,14).
3567 2690 3672 2746 Eos
3718 2707 3847 2748 con-

2250 2774 2450 2830 tristari
2474 2776 2609 2838 dicit,
2631 2777 2683 2832 in
2709 2792 2932 2834 excessu
2964 2795 3185 2836 suorum
3206 2782 3295 2850 qui
3319 2798 3469 2866 spem
3499 2798 3602 2838 non
3623 2784 3839 2841 habent.

2248 2867 2352 2933 Qui
2374 2874 2551 2922 autem
2572 2882 2669 2938 spe
2697 2868 2924 2926 vivimus
2946 2881 3000 2926 et
3030 2872 3081 2926 in
3111 2864 3278 2928 Dcuin
3304 2864 3575 2930 credimus
3592 2885 3645 2931 et
3666 2876 3844 2931 Chris-

2252 2967 2361 3013 tum
2394 2974 2607 3029 passum
2638 2974 2760 3042 esse
2809 2975 2905 3033 pro
2950 2962 3103 3019 nobis
3133 2974 3187 3020 et
3217 2966 3579 3022 resurrexisse
3614 2965 3842 3022 conlidi-

2255 3067 2395 3117 mus,
2446 3052 2501 3107 in
2538 3051 2761 3108 Christo
2803 3064 3103 3123 manentes,
3148 3065 3202 3112 et
3228 3071 3324 3127 per
3368 3058 3541 3128 ipsum
3586 3066 3748 3129 atque
3796 3059 3849 3113 in

2250 3147 2368 3217 ipso
2396 3156 2761 3219 resurgentes,
2790 3146 2917 3218 quid
2947 3158 3037 3202 aut
3064 3149 3162 3219 ipsi
3192 3149 3443 3205 recedere
3471 3148 3627 3206 istinc
3657 3149 3723 3205 de
3750 3165 3852 3206 sa:-

2252 3240 2374 3295 culo
2401 3240 2669 3305 nolumus,
2718 3250 2811 3295 aut
2835 3249 3052 3295 nostros
3089 3239 3405 3313 recedentes
3427 3240 3577 3311 quasi
3612 3241 3850 3312 perditos

2172 3335 2218 3398 Ο
2256 3332 2555 3404 plangimus
2580 3347 2642 3387 ac
2668 3331 2935 3399 dolemus,
2980 3332 3097 3401 ipso
3129 3332 3348 3387 Christo
3398 3332 3626 3388 Domino
3660 3344 3707 3389 et
3744 3336 3851 3389 Deo

2256 3436 2440 3483 nostro
2487 3435 2740 3481 monente
2784 3414 2847 3480 ac
2897 3422 3144 3481 dicente:
3180 3422 3293 3496 Ego
3321 3441 3433 3479 sunt
3481 3427 3779 3499 resurrectio
3805 3435 3853 3481 ct

1791 3521 2176 3581 LECTIONES
2215 3520 2628 3579 VARIANTES.
2716 3572 2747 3583 -

614 3624 640 3652 τι
658 3622 742 3671 Stc
753 3620 920 3671 decem
940 3632 1052 3680 mss.
1075 3618 1277 3680 Anglor.
1302 3617 1491 3667 Nostris
1509 3617 1605 3679 jam
1628 3619 1787 3669 Oxon.

613 3682 642 3721 b
676 3683 760 3734 Sic.
784 3696 868 3733 sax
885 3679 1029 3745 codd.
1051 3679 1240 3745 Anglic.
1262 3680 1501 3745 ﬁxcclsus
1520 3682 1677 3745 Oxon.

616 3750 639 3812 ς
672 3748 915 3812 titionem
940 3744 1025 3801 tlte
1057 3739 1188 3800 tuin.
1220 3740 1371 3812 1ξῶοῃ
1390 3743 1497 3799 ΝΕ.
1522 3744 1562 3793 ι.
1593 3739 1789 3812 apag.
1839 3803 1849 3812 _
1943 3802 1953 3812 .

614 3809 659 3881 tl.
677 3796 1209 3859 Sollicita-suiseCurus
1232 3796 1403 3858 Routlt.
1431 3796 1493 3856 ex
1513 3807 1658 3855 codd.
1688 3796 1798 3857 ΝΟ.
1834 3803 1856 3852 ι
1879 3802 1977 3854 suis
1998 3804 2029 3853 5
2051 3806 2151 3854 Pa-

612 3887 749 3920 νιιιιεκ

545 3872 818 4005 "minibus
842 3932 974 3981 ασσδι
999 3930 1051 4005 ie
1076 3931 1132 3979 υ
1149 3931 1290 4005 σοέιά·
1320 3929 1524 4005 Αξιμέον.ο
1545 3928 1779 4005 cetera
1795 3927 2146 4005 ςιιιοιιέη-μνδ-

618 3996 636 4033 τ
678 3996 1004 4057 Nos-eremtts
1027 3994 1157 4047 Lam.
1187 3992 1331 4057 Ebor.
1359 3991 1465 4055 A'C.
1498 3993 1541 4053 l,
1561 3991 1609 4041 8.
1640 3991 1763 4042 Ball.
1792 3992 1835 4049 I,
1858 3993 1907 4051 2,
1933 3992 1981 4049 5,
2005 3992 2052 4040 4.

2317 3618 2355 3686 β.
2380 3615 2486 3666 Non
2505 3614 2675 3675 amitti,
2701 3613 2791 3663 sed
2815 3615 3115 3664 recedentes
3136 3617 3227 3664 Ar.
3254 3619 3300 3663 et
3315 3612 3481 3667 caeteri
3510 3613 3653 3667 modo
3674 3626 3852 3666 memo-

2254 3684 2719 3810 rartltLSislimujla-w,
2747 3741 2885 3805 pag.
2918 3738 2961 3791 l.
2986 3740 3107 3810 Boil.
3132 3739 3179 3788 ι.
3226 3801 3237 3810 _
3407 3800 3452 3810 __

2320 3802 2613 3876 {improbat
2640 3800 2794 3876 (inpr.
2820 3801 3237 3876 anntcslutqnead
3259 3800 3539 3876 edit..l.i_ps.
3551 3800 3858 3876 l_tnpr01.erat

2251 3861 2511 3937 coniiciunt
2527 3861 2691 3925 Angli.
2715 3863 2941 3926 Increpat
2959 3863 3055 3914 duo
3066 3861 3246 3916 tantum
3263 3863 3407 3915 codd.
3433 3862 3597 3928 Angli.

2322 3939 2335 3977 ι
2379 3927 2500 3977 bolo
2544 3924 2667 3977 130d.
2692 3926 2739 3977 1.
2772 3927 2822 3975 5.

1817 4074 2059 4130 STEi’Il.
2103 4072 2372 4141 BALUZII
2411 4071 2637 4127 NOTAE.

554 4176 673 4233 tina:
722 4171 979 4242 octoginta
1031 4169 1258 4242 donarit,
1301 4170 1435 4242 quod
1491 4167 1782 4242 excruciata
1828 4167 2150 4242 gravissimis

554 4247 817 4305 tormentis
839 4236 928 4305 'ch
979 4239 1162 4313 scelere
1205 4236 1406 4313 patroni
1453 4240 1750 4297 reticuisset.
1810 4236 2044 4301 Alterius
2090 4237 2153 4313 Ii-

553 4317 799 4380 ltertiur,
846 4314 930 4371 cui
978 4310 1259 4382 Epicharis
1304 4327 1501 4382 nomen
1541 4319 1676 4382 erat,
1724 4324 1843 4378 qua:
1871 4310 2152 4382 tormentis

555 4379 843 4442 dilacerata
881 4379 1167 4453 numquam
1224 4382 1376 4436 fateri
1424 4381 1589 4434 voluit
1629 4396 1689 4435 ca
1734 4379 1976 4453 qu_a)',illi
2020 4379 2153 4453 obji-

556 4459 861 4521 eiebautnr,
916 4448 1162 4525 quamvis
1212 4468 1334 4525 vera
1386 4460 1600 4525 essent,
1650 4451 1979 4525 mentionem
2027 4448 2154 4525 facit

556 4492 861 4521 υυυ....ι...,
916 4492 1162 4525 quau"...
1221 4492 1334 4508 μ...
1386 4492 1567 4511 νην...
1650 4492 1979 4517 ........,..,,.....
2027 4492 2152 4523 φρ..

556 4530 774 4584 Tacitus
821 4529 872 4582 in
920 4527 1055 4580 libro
1120 4540 1187 4579 xv
1233 4523 1527 4577 Annalium.
1568 4492 1883 4577 Ammianus
1926 4519 2152 4583 Murcel—.

558 4600 722 4665 linus,
770 4598 862 4663 lib.
915 4612 1110 4663 xxviii,
1165 4596 1489 4657 mentionem
1535 4593 1660 4651 facit
1723 4592 1932 4657 ancillae
1975 4608 2003 4647 a
2047 4608 2151 4665 qua

567 4663 817 4739 contigua
865 4669 1024 4733 morti
1072 4677 1565 4739 torntentavoees
1596 4671 1976 4739 expresserunt
2022 4663 2156 4725 obli-

569 4734 802 4814 quas:iu
835 4738 1273 4814 _caput__t_lotnini.
1319 4735 1449 4814 Vide
1490 4734 1741 4814 Plinium,
1772 4734 1865 4791 lib.
1910 4750 2001 4814 )‘ll,
2024 4750 2164 4814 “cap.

566 4803 679 4874 95;
710 4803 1000 4873 Justitttim,
1024 4803 1117 4865 lib.
1165 4823 1311 4872 xuv;
1362 4804 1620 4863 Senecam
1644 4847 1656 4868 .
1682 4804 1775 4865 lib.
1806 4820 1880 4871 tv,
1919 4806 1982 4867 de
2011 4803 2175 4863 Bene-

569 4884 723 4953 ﬁciis,
753 4898 872 4953 cap.
895 4881 982 4947 19,
1014 4891 1068 4939 et
1086 4881 1258 4953 Epist.
1291 4878 1324 4933 6
1352 4877 1419 4953 ad
1450 4877 1595 4932 illum
1637 4876 1832 4941 locum,
1872 4876 1925 4935 in
1962 4876 2173 4953 equa/eo

582 4964 768 5018 teneat.
810 4947 861 5009 id
892 4962 995 5017 est,
1040 4960 1098 5009 ut
1129 4947 1365 5011 Muretus
1408 4949 1810 5016 interpretatur.
1842 4962 1945 5005 non
1979 4947 2176 5004 iudicet

1308 5019 1459 5073 rodat
1482 5027 1699 5089 propter
1728 5033 1845 5087 qua:
1876 5028 2173 5084 torquetur.

1300 5088 1554 5157 aximnin,
1582 5088 1673 5143 lib.
1691 5104 1761 5157 vt,
1795 5104 1911 5153 cap.
1944 5088 1978 5147 8
2007 5099 2060 5159 et
2082 5090 2171 5143 Iih.

585 5024 855 5086 conscios,
886 5023 1018 5076 nihil
1052 5036 1237 5075 eorum

590 5095 724 5151 Vide
754 5096 913 5153 etiam
944 5092 1215 5153 Valerium

580 5182 694 5229 vni,
724 5182 843 5237 cap.
886 5164 957 5237 fi;
1004 5163 1407 5237 Quintilianum,
1434 5160 1525 5237 lib.
1572 5175 1637 5224 tt,
1671 5159 1923 5237 cap_._f).tl;
1956 5160 2177 5237 itionem

576 5224 851 5311 Cassium,
884 5224 924 5297 ι’.
944 5224 1416 5311 ’Σῇιμνὶςιοιειιι
1444 5224 1862 5311 Υἱιςξιιπειιμιξ-Ιιῐρ.
1894 5224 1943 5311 ,3,
1973 5246 2091 5302 cap.
2120 5232 2175 5311 εξ,

576 5317 633 5363 et
659 5300 955 5362 P‘atricium
981 5305 1197 5360 iunium
1226 5305 1276 5358 in
1308 5302 1449 5358 notis
1476 5300 1542 5357 ad
1572 5300 1863 5371 Epistolam
1888 5300 2178 5359 Clementis

571 5378 642 5435 ad
666 5378 976 5443 Corinthios,
1004 5391 1122 5445 pag.
1152 5374 1204 5431 0.

647 5448 795 5504 XIX.
824 5478 895 5493 --
920 5442 1123 5505 Audiuit
1150 5456 1202 5503 ut
1224 5448 1427 5518 diceret.
1462 5445 1733 5518 Interpres
1767 5442 2094 5518 prafationis
2121 5442 2174 5501 in

573 5519 977 5585 altercationem
995 5516 1498 5587 Jasonisetl’apisci
1530 5534 1544 5572 ;
1579 5516 1657 5575 A’d
1690 5516 1783 5579 ttae
1814 5516 1953 5587 enim
1972 5517 2174 5587 rideret

571 5600 628 5649 ut
656 5596 884 5661 referret,
916 5585 1629 5661 Tertulllanugitt'extrctno
1674 5586 1808 5661 libro
1844 5586 1909 5661 de
1944 5585 2168 5661 Virgini-

569 5664 674 5718 bus
702 5657 941 5719 velandis
972 5677 985 5712 :
1022 5658 1188 5713 Nobis
1214 5657 1463 5719 Dominus
1487 5660 1636 5713 etiam
1671 5657 2057 5715 revelationifms
2086 5673 2170 5713 ve-

569 5733 773 5795 laminis
802 5731 970 5798 spatia
1012 5740 1226 5789 metatus
1254 5741 1345 5787 est.
1389 5728 1528 5787 Nam
1561 5729 1763 5787 cuidam
1796 5731 1955 5784 sorori
1987 5739 2174 5787 nostra

569 5805 784 5873 angelus
809 5804 862 5867 in
882 5803 1088 5873 somniis
1108 5801 1323 5873 cervices
1349 5800 1497 5873 quasi
1526 5799 1860 5873 applauderet
1883 5801 2170 5873 uerberans,

572 5868 869 5938 Eligant“,
909 5871 1092 5938 inquit,
1130 5868 1430 5927 cervices'et
1461 5868 1639 5938 merito
1675 5870 1844 5925 nudtc.
1875 5868 2075 5929 Bonum
2101 5882 2173 5929 est

567 5936 728 6005 usque
774 5939 840 5993 ad
886 5936 1085 5996 lumbos
1122 5954 1155 5995 a
1191 5940 1356 6009 capite
1392 5936 1590 6010 vclct'is,
1631 5954 1693 5996 ne
1729 5949 1773 5996 ct
1805 5940 1892 5999 tibi
1926 5943 2176 6001 cervicum

2259 4165 2459 4227 libertas
2490 4183 2591 4221 non
2623 4165 2801 4231 prosit.
2843 4163 2904 4220 Et
2939 4165 3108 4236 utique
3133 4165 3270 4236 quod
3300 4165 3386 4231 uni
3416 4165 3606 4235 dixeris
3633 4167 3863 4229 amnilms

2257 4237 2464 4299 dixeris.
2496 4237 2696 4307 Audiuit
2724 4253 2842 4307 ergo
2872 4248 2923 4291 ut
2951 4235 3155 4293 diceret.
3185 4236 3329 4307 Idem
3365 4238 3415 4303 in
3457 4238 3594 4301 libro
3642 4239 3707 4297 dt:
3739 4238 3860 4299 ldo-

2260 4309 2465 4369 Inlatt'ia
2502 4326 2513 4362 :
2553 4304 2662 4367 Hoc
2702 4304 2895 4379 inloco
2921 4322 2982 4359 ea;
3011 4306 3313 4379 auctoritate
3339 4306 3433 4373 Dei
3461 4318 3708 4367 contestor
3736 4310 3861 4379 quia

2257 4395 2346 4439 nec
2388 4388 2552 4445 tutum
2592 4386 2663 4437 est
2691 4376 2984 4437 subtrahere
3012 4376 3365 4446 quodcumque
3403 4380 3495 4445 uni
3520 4380 3669 4503 ctera
3697 4376 3859 4437 osten-

2257 4466 2388 4503 sunt.
2428 4450 2597 4503 utiaue
2632 4450 2858 4503 omnium
2890 4464 3059 4503 causa.
3096 4449 3442 4503 Augustinus.
3479 4448 3513 4503 Ii
3561 4490 3571 4503 .
3608 4465 3699 4503 vttt
3732 4449 3859 4503 Con-

2255 4466 2388 4515 sum,
2428 4450 2597 4517 utique
2632 4450 2858 4515 euntium
2890 4464 3059 4503 causa.
3096 4449 3442 4516 Augustinus,
3479 4448 3571 4518 lib.
3608 4465 3699 4509 vttt
3732 4449 3863 4507 Cott-

2261 4522 2408 4591 j'essq
2442 4535 2559 4590 cap.
2591 4521 2654 4577 5:
2690 4518 2795 4581 Sed
2821 4518 2902 4575 ubi
2929 4519 3051 4581 mihi
3082 4517 3232 4591 homo
3260 4529 3375 4591 tuus
3410 4517 3775 4591 Simplicianns
3802 4518 3863 4575 de

2214 4612 2221 4618 ·
2261 4582 2539 4651 ’γίβιοιὶηξι
2574 4592 2670 4647 ista
2704 4590 2951 4657 narravit,
2998 4588 3163 4651 exarsi
3201 4590 3269 4645 ad
3309 4582 3744 4647 itnitandumfAd
3771 4592 3863 4653 Itoc

2269 4664 2401 4719 enim
2426 4664 2471 4721 el
2498 4663 2581 4721 illc
2612 4669 2923 4721 narraverat.

2349 4732 2692 4792 Sacerdotem.
2727 4732 2851 4791 Hcce
2889 4741 3092 4795 tantum
3129 4742 3337 4795 veteres
3373 4733 3639 4793 editiones
3673 4743 3727 4791 et
3752 4748 3866 4793 om-

2276 4819 2372 4861 nes
2389 4804 2628 4869 ferelibri
2652 4804 2817 4876 nostri
2843 4813 3123 4876 veteresret
3149 4805 3446 4876 Anglicani.
3473 4805 3766 4875 Pantelius,
3797 4822 3865 4863 es

2277 4876 2509 4937 editione
2535 4891 2653 4949 quae
2675 4874 2867 4949 dicitur
2888 4874 3072 4949 lirarii
3102 4885 3153 4931 et
3178 4874 3439 4949 cx‘veterj
3462 4874 3667 4949 codice,
3696 4881 3866 4949 scripj

2277 4950 2347 5002 sit
2381 4943 2690 5004 sacerdotem
2725 4943 2840 5013 Dei.
2882 4945 2985 5001 Sed
3031 4962 3128 5015 ego
3174 4961 3355 5007 vocem
3402 4945 3492 5000 Dei
3537 4963 3643 5003 non
3690 4943 3864 5009 inveni

2279 5018 2382 5143 pisli
2408 5019 2459 5073 in
2488 5034 2583 5075 sex
2609 5017 2882 5077 codicibus
2907 5017 3158 5089 antiquis.
3183 5015 3558 5088 Seguicrianus
3587 5018 3733 5077 illaut
3760 5034 3866 5077 non

2298 5104 2346 5143 ιιι
2368 5098 2461 5143 iet.

2298 5098 2461 5143 labet.

2357 5159 2703 5221 XX.-—Atras
2714 5159 3115 5219 vestes.Vetcrcs
3131 5160 3273 5216 enim
3295 5174 3360 5215 eo
3376 5160 3559 5217 colore
3586 5161 3869 5217 utebantur

2281 5230 2333 5289 in
2358 5232 2521 5291 luctu.
2550 5230 2860 5291 Vincentius
2881 5231 3174 5302 Lirinensis
3192 5233 3536 5302 conqueritur
3563 5231 3747 5287 viduas
3768 5232 3868 5287 sub

2281 5303 2599 5361 Arianorum
2656 5302 3037 5373 persecutione
3081 5301 3240 5373 fuisse
3276 5300 3591 5371 dcpnllatas,
3632 5303 3751 5373 quia
3793 5302 3871 5363 ui-

2278 5370 2725 5445 ntirumferebaitt
2740 5381 2914 5445 vestes
2936 5372 3127 5445 pullas,
3159 5372 3209 5427 id
3232 5382 3314 5445 est
3335 5370 3535 5445 nigras.
3559 5370 3711 5445 Apud
3737 5370 3870 5445 Pan-

2278 5443 2385 5501 lnm
2416 5446 2505 5500 lib.
2536 5461 2551 5499 ι
2582 5443 2916 5509 Sententiar.,
2952 5443 3029 5501 tit.
3059 5443 3149 5505 25,
3176 5454 3230 5505 et
3260 5444 3383 5501 hinc
3414 5446 3464 5501 in
3506 5443 3643 5500 libro
3670 5459 3741 5501 i‘tt
3774 5443 3871 5509 fia-

2280 5516 2595 5582 pitularium,
2627 5530 2678 5570 e.
2711 5514 2833 5578 743,
2869 5514 3058 5583 legitur
3096 5531 3107 5567 :
3142 5514 3242 5581 Qui
3277 5515 3413 5583 luget
3440 5515 3692 5575 abstinere
3726 5514 3871 5573 debet

2280 5603 2312 5643 a
2338 5587 2575 5648 conviciis
2609 5602 2669 5638 ac
2705 5586 3013 5641 ornamentis
3046 5595 3093 5641 et
3134 5596 3264 5641 ueste
3291 5585 3426 5641 alba.
3458 5585 3528 5649 Et
3556 5595 3731 5651 tamen
3763 5586 3873 5643 lIe~

2275 5655 2555 5729 radiantis,
2588 5656 2625 5711 I.
2659 5670 2738 5723 nt,
2773 5664 2921 5729 notat
2960 5655 3217 5729 mulieres
3241 5656 3509 5729 Iiontanas
3534 5657 3587 5719 in
3616 5656 3771 5729 luctu
3793 5658 3873 5729 iu-

2277 5727 2435 5783 dutas
2476 5727 2638 5783 fuisse
2679 5726 2919 5782 vestibus
2956 5727 3091 5783 albis
3136 5726 3384 5794 exilibus,
3428 5738 3484 5781 ut
3527 5726 3872 5793 maerentium

2277 5799 2511 5869 speciem
2530 5797 2975 5869 prabet-enimtth
2991 5807 3173 5854 contra
3190 5799 3283 5852 viri
3304 5797 3536 5867 vestibus
3549 5801 3677 5855 atris
3690 5808 3876 5869 essent

2278 5870 2477 5933 amicti.
2522 5870 2654 5926 Vide
2674 5869 2839 5927 etiam
2882 5868 3191 5937 Qumstiones
3228 5869 3486 5935 Romanas
3507 5869 3801 5929 Plutarchi.

2350 5940 2493 6001 XXI.
2518 5972 2585 5984 —
2608 5939 2914 6012 Plangimus
2932 5956 2990 6013 ac
3012 5940 3255 5998 dolemus.
3278 5939 3366 5998 Ait
3385 5938 3874 6017 Cyprianusnobis,
