4272 6278
395 356 520 429 $97

1617 369 1820 426 LIBER
1868 369 1960 426 DE
1998 368 2513 427 ΜΟΒΤᾹΙᾸΤΛΤΕ.

3610 377 3719 437 5‘38

413 483 535 539 vita.
570 480 671 551 Qui
698 480 855 537 credit
883 482 938 538 in
972 499 1068 549 me,
1104 482 1217 538 licet
1248 484 1513 552 tttoriutttr,
1559 486 1720 551 rivet;
1761 498 1808 541 et
1854 489 2016 543 omnis
2044 497 2091 555 Α
2123 488 2380 544 Dominus
2437 489 2739 558 pollicetur,
2792 491 3025 561 quando,
3053 502 3110 549 ut
3156 506 3276 550 cum
3308 494 3401 551 illo
3436 497 3624 565 simus,
3665 509 3724 554 et

414 577 503 647 qui
528 576 643 629 vivit
669 585 715 629 et
736 575 957 631 creditiu
982 593 1079 645 me,
1113 592 1212 631 non
1235 577 1473 631 morietur
1494 579 1543 631 in
1562 588 1806 633 a'tcrnum
1835 579 2013 650 (Joan.

413 682 491 734 xr,
531 665 744 738 25,26).
795 667 849 724 Si
880 668 930 722 in
972 666 1244 723 Christum
1289 668 1579 737 credimus,
1612 670 1653 724 si
1700 671 1858 725 fidem
1892 686 2014 726 ver-

413 756 498 814 bis
530 768 586 814 et
631 759 913 829 promissis
942 758 1059 828 ejus
1106 758 1387 827 habemus,
1433 768 1488 816 et
1532 776 1639 816 non
1671 763 1931 817 morimur
1961 764 2011 818 in

414 861 698 918 aeternum,
733 860 759 888 ο
793 850 861 906 ad
884 846 1181 918 Christum,
1223 867 1341 907 cum
1367 868 1473 923 quo
1517 864 1572 909 et
1609 854 1802 909 victuri
1846 865 1898 911 et
1928 872 2015 912 re-

416 945 627 1016 gnaturi
657 952 873 1015 seraper
899 959 1103 1012 sumus,
1149 945 1269 1000 lceta
1312 947 1597 1003 securitate
1636 949 1933 1005 veniamus.

488 1036 653 1093 XXII.
697 1037 849 1105 Quod
873 1037 1087 1093 interim
1117 1038 1396 1106 morimur,
1434 1040 1501 1095 ad
1548 1040 2010 1100 immortalitatem

415 1139 591 1187 morte
623 1130 1074 1202 transgredimur;
1120 1146 1218 1188 nec
1242 1140 1421 1202 potest
1449 1133 1556 1189 vita
1586 1142 1788 1190 :eterna
1822 1150 2009 1193 succe-

412 1223 564 1293 dere,
614 1223 716 1278 nisi
746 1222 871 1279 hinc
893 1224 1180 1294 contigerit
1228 1223 1395 1279 exire.
1423 1223 1539 1281 Non
1569 1235 1653 1281 est
1672 1228 1848 1283 exitus
1876 1229 2006 1297 iste,

411 1315 510 1372 sed
541 1314 799 1372 transitus
829 1324 884 1371 et
911 1316 1191 1386 temporali
1221 1316 1412 1373 itinere
1448 1317 1675 1374 decurso
1718 1320 1781 1375 ad
1809 1330 2009 1379 aeterna

408 1418 795 1481 transgressus.
837 1408 968 1477 Quis
995 1422 1101 1464 non
1133 1408 1199 1463 ad
1229 1409 1455 1465 meliora
1486 1411 1670 1466 venire
1701 1410 1727 1449 ι)
1753 1411 2009 1470 festinet?

406 1505 527 1576 quis
564 1519 673 1561 non
695 1502 891 1559 mutari
917 1512 971 1559 et
994 1502 1360 1559 transformari
1397 1515 1418 1541 ο
1454 1504 1521 1559 ad
1546 1502 1742 1561 Christi
1773 1508 2005 1577 speciem

411 1605 468 1652 et
487 1595 553 1650 ad
574 1590 812 1651 cailestis
837 1594 1022 1667 gloria:
1045 1593 1356 1666 dignitatem
1381 1594 1566 1650 venire
1584 1595 1740 1651 citius
1766 1608 2003 1668 exuptet,

390 1687 580 1744 ‘Paulo
605 1687 851 1759 apostolo
891 1686 1217 1758 praedicante
1246 1696 1299 1742 et
1328 1686 1543 1743 dicente
1572 1706 1587 1744 :
1621 1688 1815 1744 Nostra
1841 1700 2007 1747 autem

406 1781 737 1846 conversatio,
793 1778 986 1850 inquit,
1018 1779 1071 1833 in
1111 1778 1248 1834 cretis
1273 1788 1344 1833 est
1376 1775 1402 1816 ά
1430 1821 1445 1847 ,
1474 1780 1611 1834 unde
1634 1789 1681 1835 et
1728 1780 2006 1840 Dominum

2120 597 2241 637 cum
2273 583 2364 636 illo
2404 584 2453 637 in
2486 584 2702 638 aeternis
2731 585 2946 640 sedibus
2973 588 3233 653 vivamus,
3266 598 3425 659 atque
3452 591 3504 644 in
3536 592 3717 659 regnis

2120 674 2428 730 coelestibus
2482 675 2829 745 gaudeamus,
2867 678 3082 734 Patrem
3124 695 3221 751 pro
3259 680 3412 735 nobis
3462 694 3710 751 precatur

2119 766 2304 821 dicens
2338 782 2350 819 :
2387 764 2563 831 Pater,
2598 784 2722 838 quos
2752 769 2875 821 mihi
2907 770 3092 825 dedisti
3119 772 3233 825 rolo
3260 780 3312 851 ut
3341 772 3425 825 ubi
3451 790 3541 843 ego
3571 773 3715 842 fuero

2118 872 2162 916 et
2189 864 2285 933 ipsi
2312 863 2413 916 sint
2444 880 2658 928 mecum,
2679 874 2724 917 et
2754 865 2951 918 videant
2978 867 3265 920 claritatem
3291 884 3440 936 quam
3473 869 3598 921 milii
3626 868 3716 923 de-

2119 953 2236 1007 disti
2285 954 2581 1025 priusquam
2612 956 2829 1010 mundus
2854 958 2993 1026 fieret
3023 957 3202 1029 (.loan.
3236 976 3371 1025 xvrr,
3401 959 3517 1032 21).
3576 961 3714 1015 Ven-

2103 1056 2267 1103 ‘turus
2291 1049 2357 1103 ad
2402 1048 2599 1104 Christi
2628 1050 2832 1118 sedem,
2862 1051 2927 1105 ad
2957 1067 3242 1122 regnarunt
3278 1053 3576 1108 ccelcstium
3607 1054 3715 1108 cla—

2115 1140 2347 1208 ritatem,
2384 1141 2566 1211 lugere
2597 1158 2701 1197 non
2731 1142 2891 1198 debet
2922 1159 3019 1198 nec
3045 1145 3315 1216 plangere,
3369 1146 3462 1200 sed
3517 1147 3712 1215 potius,

2115 1234 2407 1287 secundum
2444 1235 2884 1304 pollicitationem
2919 1237 3151 1304 Domini,
3210 1237 3507 1292 secundum
3551 1238 3711 1293 fidem

2114 1327 2244 1389 veri,
2296 1328 2345 1379 in
2391 1326 2726 1397 profectione
2753 1328 2851 1385 hac
2876 1344 2971 1384 sua
2995 1337 3049 1384 et
3080 1329 3425 1385 translatione
3455 1330 3707 1399 gaudere.

2184 1417 2374 1479 XXIII.
2420 1418 2507 1475 Sic
2558 1419 2790 1490 denique
2843 1421 3147 1476 invenimus
3189 1430 3240 1475 et
3295 1420 3481 1475 Enoch
3534 1429 3713 1475 trans-

2112 1509 2275 1567 latum
2302 1527 2441 1579 esse,
2472 1514 2562 1583 qui
2611 1514 2719 1568 Deo
2750 1515 2966 1584 placuit,
2996 1515 3133 1569 sicut
3162 1516 3213 1569 in
3256 1513 3452 1569 Genesi
3486 1523 3714 1570 testatur

2112 1615 2166 1660 et
2187 1606 2421 1677 loquitur
2447 1605 2720 1676 Scriptura
2750 1605 2928 1661 divina
2959 1625 2971 1659 :
3007 1604 3073 1659 Et
3102 1606 3290 1676 placuit
3320 1617 3342 1651 κ
3376 1605 3553 1661 Enoch
3584 1607 3711 1674 Deo,

2111 1706 2157 1750 et
2186 1714 2285 1752 non
2315 1709 2385 1753 est
2416 1698 2648 1753 inventus
2688 1697 3030 1767 postmodum,
3064 1698 3183 1768 quia
3212 1696 3352 1753 Deus
3381 1698 3526 1752 illum
3549 1708 3718 1752 trans-

2112 1790 2224 1843 tulit
2279 1789 2429 1859 (Cen.
2461 1806 2523 1854 v,
2561 1788 2674 1859 24).
2714 1789 2825 1844 Hoc
2854 1788 2951 1843 fuit
3006 1790 3263 1859 placuisse
3312 1791 3363 1845 in
3421 1802 3716 1860 conspectu

402 1882 754 1942 exspectamus
778 1870 961 1927 Jesum
989 1870 1269 1939 Christum,
1300 1872 1386 1943 qui
1426 1873 1806 1943 transformabit
1837 1885 1859 1912 ο
1888 1893 2005 1931 cor-
2034 1895 2084 1957 B
2113 1883 2229 1950 Dei,
2266 1883 2331 1937 dc
2366 1882 2469 1937 hoc
2494 1883 2744 1951 contagio
2776 1882 2956 1937 saeculi
2990 1882 3254 1937 meruisse
3281 1883 3581 1938 transferri.
3604 1885 3713 1939 Sed

404 1982 503 2038 pus
531 1965 834 2020 humilitatis
855 1972 1043 2020 nostra:
1058 1963 1437 2034 conformatum
1481 1963 1500 2001 ί
1532 1967 1733 2036 corpori
1759 1968 2008 2025 claritatis

399 2075 508 2117 suae
530 2056 752 2136 (Philip.
783 2074 863 2128 nr,
883 2056 1091 2133 20,21).
1122 2057 1281 2116 Tales
1306 2072 1406 2117 nos
1433 2058 1643 2119 futuros
1664 2071 1719 2120 et
1760 2062 2004 2120 Christus

2111 1985 2164 2030 et
2203 1989 2298 2043 per
2333 1973 2678 2030 Salomonem
2726 1973 2883 2028 docet
2929 1972 3162 2043 Spiritus
3206 1982 3422 2029 sanctus
3473 1988 3568 2029 eos
3615 1975 3705 2044 qui

2112 2065 2223 2122 Deo
2255 2066 2497 2136 placeant
2524 2064 2786 2121 maturius
2815 2063 2975 2121 istinc
3001 2064 3163 2120 eximi
3188 2073 3243 2121 et
3272 2064 3431 2122 citius
3471 2064 3711 2135 liberari,

1644 2176 2031 2237 LECTIONES
2072 2179 2485 2238 VARIANTES.

403 2346 414 2357 .
464 2282 493 2317 ⁸
517 2283 789 2357 Credimus,
814 2284 971 2357 {ﬁdem
986 2285 1229 2357 περιήιε.-
1254 2285 1529 2357 habeamus
1562 2294 1616 2337 et
1647 2299 1745 2338 non
1783 2289 2007 2357 morituri

402 2346 452 2415 in
474 2356 711 2418 aeternum
737 2346 847 2418 lect.
873 2346 1102 2418 omnibus
1126 2346 1246 2418 gdd.
1272 2347 1537 2418 communis
1570 2361 1722 2415 usque
1761 2348 1827 2401 ad
1867 2347 1999 2413 Lips.

399 2408 566 2470 paucis
585 2408 817 2472 exceptis,
834 2408 919 2473 qui
934 2408 1104 2460 trabem
1126 2409 1234 2460 Non
1251 2412 1533 2462 moriemur.
1642 2408 1653 2415 ’

345 2498 353 2506 ο
462 2468 491 2509 ι)
525 2470 711 2529 Venire
732 2469 869 2526 solus
889 2471 1032 2524 addit
1056 2472 1227 2524 Batus.
1253 2472 1516 2525 nulladum
1537 2474 1742 2527 ratione.

464 2536 487 2565 ο
524 2514 1817 2597 Ϊίξῶιῖιῖιᾶιῖῖῶῖᾶιῖὶίᾶἷπηῦὖξ
1836 2537 2000 2605 ignota
2021 2514 2032 2525 ⁸

2110 2295 2316 2341 ratione.

2174 2351 2201 2424 εἰ
2224 2352 2463 2424 gulosus
2488 2365 2598 2424 esse
2634 2352 2793 2424 Saris.

2174 2418 2197 2446 θ
2223 2414 2524 2467 Reformabit
2551 2416 2830 2467 Lam.Ebor.
2858 2419 2998 2467 Voss.
3032 2417 3084 2465 5.

2171 2474 2193 2513 ι
2224 2478 2588 2530 οΟοιιΐοιωθωω
2616 2481 2747 2529 Larti.
2770 2478 2915 2529 Ebur.
2942 2477 3067 2529 Bod.
3091 2478 3138 2534 1,
3163 2480 3212 2540 5,
3231 2480 3279 2528 4.

2174 2542 2199 2580 Β
2227 2540 2435 2603 Placuit,
2480 2543 2639 2605 inquit
2664 2542 2799 2592 Laut.
2827 2541 2974 2593 Ebor.
3001 2542 3092 2591 ΝΟ
3123 2543 3163 2603 l,

1621 2643 1864 2701 STEPH.
1907 2645 2176 2704 BALUle
2214 2648 2443 2705 NOTAE.

398 2738 487 2810 qui
504 2752 655 2809 spem
674 2744 1081 2813 resurrectionis
1092 2739 1704 2813 habemus,licitum;nun
1722 2756 1841 2797 esse
1858 2742 1990 2807 ﬂere

397 2820 660 2885 mortuos.
690 2812 1278 2885 Quodintclligendum
1317 2813 1504 2885 estde
1534 2812 1821 2867 immodico
1842 2813 1989 2867 ﬂetu.

394 2880 616 2956 Alioqui
640 2884 785 2937 enirn
819 2880 1072 2940 Christus
1099 2884 1429 2956 lacrymandi
1454 2899 1619 2956 usum,
1648 2885 1702 2956 in
1732 2885 2011 2940 mortibus.

394 2952 696 3026 amicorum
712 2967 815 3026 suo
831 2956 1076 3025 exemplo
1097 2952 1463 3026 comprobavit
1483 2955 1624 3023 apud
1650 2955 1995 3018 Betlraniam;

394 3023 507 3090 ubi,
534 3037 657 3078 cum
674 3022 893 3079 vidisset
926 3022 1141 3081 Mariam
1155 3036 1207 3081 et
1224 3022 1445 3082 'Judaeos
1473 3022 1661 3083 ﬂentes
1683 3035 1750 3080 ob
1774 3036 1998 3081 mortem

395 3093 607 3167 Lazari,
628 3093 695 3125 ⁵⁸⁸
722 3092 881 3167 ﬂevit,
899 3105 954 3151 et
982 3096 997 3151 i
1002 3112 1114 3167 pse.
1154 3098 1305 3154 Unde
1326 3096 1835 3167 collegerunttudari
1858 3097 2002 3151 illum

396 3165 552 3236 valde
591 3172 824 3220 amatum
858 3165 1025 3223 fuisse
1060 3184 1094 3224 a
1128 3168 1368 3224 Christo.
1415 3165 1545 3223 Nam
1592 3184 1855 3236 suprema:
1882 3168 2001 3225 iillae

396 3234 683 3307 lacrymaz,
747 3246 804 3291 ut
848 3236 1087 3297 diximus
1123 3241 1190 3294 ad
1236 3240 1431 3296 librum
1478 3234 1690 3295 sextum
1744 3240 1998 3302 Salviani,

397 3308 689 3381 amantium
736 3308 909 3381 magis
957 3318 1083 3364 sunt
1131 3326 1290 3380 quam
1336 3312 1697 3381 maerentium,
1724 3380 1727 3381 ν
1755 3312 2000 3381 quamvis

398 3379 558 3434 etiam
589 3379 928 3435 maerentium
960 3381 1068 3435 sint
1100 3379 1380 3437 etamicos
1406 3379 1847 3436 desiderantium.
1880 3381 2000 3438 Ele-

397 3457 586 3521 ganter
611 3448 788 3520 itaque
809 3451 1011 3507 Seneca
1030 3450 1166 3507 dixit
1186 3452 1238 3507 in
1260 3451 1500 3521 Epistula
1524 3467 1682 3507 ant:
1714 3450 1878 3506 Nobis
1902 3470 2001 3506 au-

399 3531 499 3592 tem
537 3520 729 3590 ignosci
751 3530 913 3590 potest
934 3523 1199 3591 prolapsis
1230 3520 1602 3592 adtacrymas,
1632 3524 1676 3592 si
1706 3538 1807 3576 non
1829 3524 2001 3579 nimiae

397 3591 745 3659 decurrerunt,
792 3593 836 3646 si
875 3592 975 3659 ipsi
1014 3593 1134 3648 illus
1185 3591 1536 3661 repressimus.
1587 3591 1697 3647 Nec
1739 3594 1860 3647 sicci
1898 3595 1999 3650 sint

397 3662 535 3735 acuti
571 3663 959 3735 arnisso__amico
991 3681 1085 3719 nec
1114 3665 1298 3733 ﬂuant.
1333 3664 1745 3735 Lacryntandum
1771 3675 1865 3728 est,
1896 3682 1998 3720 non

436 3733 725 3787 (orandum.
755 3732 887 3790 Vide
930 3732 1358 3791 sancli'Juannis
1396 3732 1765 3806 Cb'rysostomi
1811 3736 1995 3791 [lumi-

397 3752 524 3858 iiam
553 3804 618 3858 de
644 3803 869 3858 Mortuis
895 3822 995 3858 non
1018 3807 1345 3858 immoderate
1366 3807 1616 3858 iuuenilis.
1644 3817 1696 3858 ct
1724 3806 1995 3858 Ruricium

423 3805 524 3877 iam
553 3803 869 3877 de_Alortuis
895 3822 995 3877 non
1018 3807 1345 3869 immoderate
1366 3803 1616 3877 ingenuis,
1644 3817 1696 3861 ct
1724 3806 1998 3862 Ruricium

398 3874 492 3948 lib.
517 3891 590 3948 ῃ,
623 3874 790 3945 Epist.
828 3877 878 3948 4.
903 3875 1034 3935 Vide
1054 3880 1214 3935 etiam
1241 3874 1437 3948 supra,
1454 3893 1508 3946 p.
1538 3877 1661 3942 168,
1705 3878 1995 3946 Epistulam

397 3946 467 4000 ad
514 3944 807 4018 Tyrasium.
840 3947 993 4074 ﬁdite
1039 3949 1261 4009 Dionem
1302 3944 1769 4019 Chrysostornum,
1811 3948 1904 4016 qui
1943 3948 1996 4002 in

398 4016 652 4073 Oratione
683 4035 808 4074 xstx
894 4029 1015 4074 ocet
1043 4020 1328 4074 defunctus
1369 4020 1626 4073 memoria
1655 4018 1996 4073 honorandos

398 4016 652 4073 Oratione
683 4035 808 4079 χχιχ
853 4016 1015 4074 docet
1043 4020 1328 4083 defunctus
1369 4016 1626 4073 memoria
1655 4018 1999 4073 honorandos

398 4102 541 4153 esse,
584 4091 1012 4162 non_iacrymis.
1038 4090 1263 4162 ,Luctus
1304 4100 1519 4162 tempus
1549 4088 1681 4162 _olnn
1719 4088 1996 4162 definitum

398 4169 516 4214 erat
539 4162 680 4229 apud
704 4159 994 4216 Romanos.
1028 4161 1237 4217 Seneca
1264 4161 1339 4216 ait
1363 4160 1560 4215 alicubi
1589 4174 1785 4212 annum
1814 4159 1996 4214 datrun

400 4244 520 4301 esse
546 4231 861 4289 mulieribus
896 4232 962 4286 ad
994 4232 1217 4301 luctum,
1254 4248 1360 4293 non
1402 4240 1459 4285 ut
1495 4229 1695 4301 tamdiu
1734 4230 1993 4301 lugerent,

399 4300 492 4354 sed
524 4316 591 4355 ne
620 4301 839 4363 diutius.
874 4303 1027 4371 Apud
1060 4303 1123 4359 Τ.
1162 4300 1392 4369 Livium,
1426 4302 1517 4357 lib.
1563 4316 1623 4366 ιι,
1649 4300 1808 4355 funus
1848 4300 1998 4355 Bruti

400 4371 857 4445 consulis‘magno
883 4384 1137 4443 apparatu
1171 4375 1398 4445 legimus
1436 4372 1613 4445 fuisse
1639 4371 1993 4445 celebratum.

401 4442 511 4517 δρα
548 4442 917 4517 multomagis
946 4447 1095 4499 morti
1123 4442 1297 4509 decus,
1322 4444 1513 4517 inquit
1556 4442 1758 4517 Livius,
1796 4443 1999 4511 publica

398 4513 497 4583 fuit
527 4514 785 4580 maestitia,
814 4513 871 4568 eo
894 4525 1010 4569 ante
1033 4517 1202 4569 omnia
1232 4513 1442 4586 insignis
1469 4514 1605 4585 quod
1629 4524 1874 4567 matronw
1898 4530 1996 4567 an-

399 4601 517 4637 num
543 4594 600 4638 ut
626 4595 886 4653 parentem
913 4603 1025 4639 eum
1050 4588 1304 4653 luxerunt,
1324 4585 1460 4653 quod
1482 4596 1584 4638 tam
1607 4600 1721 4638 acer
1737 4585 1873 4637 ultor
1894 4586 2000 4638 vio—

398 4656 518 4709 lata:
565 4656 824 4724 pudicitia:
870 4657 1066 4724 fuisset.
1115 4658 1203 4712 Sic
1225 4657 1285 4712 P.
1337 4654 1605 4712 Valerium
1666 4654 1997 4710 Publicolam

2094 2744 2278 2815 haberi
2324 2745 2374 2799 in
2407 2745 2645 2814 pluribus
2671 2746 2906 2815 antiquis
2951 2744 3227 2801 codicibus
3275 2752 3330 2800 et
3361 2745 3706 2803 editionibus.

2170 2812 2761 2885 XXll.—40igrtitaterrt.
2793 2812 2918 2871 Dum
2935 2817 3082 2872 fuere
3107 2817 3399 2885 antiquitus
3423 2819 3523 2872 loci
3554 2818 3705 2873 istius

2100 2885 2380 2941 lectiones.
2414 2887 2640 2953 Quidam
2672 2889 2817 2940 enirn
2849 2888 3065 2942 codices
3090 2887 3383 2957 prmferunt
3409 2889 3701 2955 ﬁrmitatem

2102 2967 2155 3011 et
2187 2971 2345 3025 supra
2379 2958 2571 3012 lineam
2604 2958 2676 3009 vel
2719 2958 3037 3022 dignitatem.
3104 2958 3206 3010 Alii
3236 2958 3531 3026 dignitatem
3582 2970 3701 3013 tan-

2108 3036 2238 3081 tum.
2286 3028 2352 3082 Et
2397 3029 2474 3083 sic
2515 3028 2723 3098 legebat
2768 3027 2978 3081 Florus.
3037 3027 3169 3081 llinc
3199 3037 3314 3098 orta
3346 3028 3702 3096 discrepantia

2107 3114 2227 3166 qua:
2282 3099 2550 3153 invenitur
2578 3097 2643 3153 in
2691 3098 2924 3167 antiquis
2975 3097 3390 3170 exemplaribus.
3440 3098 3552 3168 Ego
3599 3100 3704 3170 legi

2109 3170 2399 3238 ﬁrmitatem
2426 3171 2480 3223 in
2507 3170 2673 3223 tribus
2702 3170 2904 3235 absque
2932 3168 3044 3222 ullo
3066 3169 3451 3223 additatnento.

2182 3239 2374 3294 Nostra
2400 3241 2728 3294 conversatio.
2756 3239 2890 3294 Vide
2921 3238 3203 3293 Fruutonis
3242 3238 3418 3293 Ducmi
3450 3247 3603 3293 notas
3631 3242 3698 3296 ad

2106 3312 2485 3381 panegyricum
2534 3312 2703 3365 sancti
2734 3310 2954 3365 Joannis
2982 3309 3352 3380 Cbrysostomi
3375 3311 3429 3365 in
3457 3322 3697 3366 sanctum

2104 3393 2394 3451 martyrem
2426 3382 2743 3436 Lucianurrr.

2174 3450 2579 3519 Conforrnatum‘.
2624 3452 2752 3506 Dua:
2796 3467 3011 3522 quoque
3050 3451 3344 3522 antiquitus
3390 3450 3541 3508 fuere
3593 3453 3703 3509 lce-

2104 3524 2277 3579 tiones
2324 3524 2481 3592 hujus
2522 3522 2646 3578 luci.
2694 3522 2810 3577 Duo
2838 3526 3036 3593 quippe
3079 3522 3196 3577 libri
3226 3532 3438 3578 veteres
3492 3524 3694 3581 habent

2106 3596 2478 3665 con/iguratum
2503 3636 2518 3659 ,
2554 3604 2607 3649 et
2672 3608 2830 3664 supra
2910 3595 3107 3650 lineam
3162 3594 3237 3647 vel
3308 3598 3703 3665 conformatum.

2102 3665 2325 3720 Veteres
2356 3666 2558 3720 librarii
2596 3675 2888 3733 posuerunt
2915 3681 3033 3720 eam
3066 3665 3353 3719 lectionem
3378 3682 3497 3733 quae
3526 3668 3696 3735 magis

2102 3735 2205 3791 illis
2229 3735 2741 3801 placuit.,Parnelius
2763 3736 2948 3789 maluit
2968 3736 3362 3805 configuratum.
3386 3735 3498 3805 Ego
3520 3739 3697 3791 scribo

2101 3811 2503 3877 conformatum,
2542 3807 2667 3877 quia
2709 3806 2780 3859 ita
2824 3806 3001 3860 inveni
3045 3804 3300 3873 scriptum
3331 3804 3385 3859 in
3414 3804 3613 3877 viginti
3642 3818 3697 3861 et

2101 3875 2309 3931 duabus
2339 3875 2737 3945 exemplaribus
2766 3877 2963 3931 nostris
2990 3918 3005 3941 ,
3036 3889 3265 3942 quorum
3298 3891 3461 3930 unum
3487 3885 3571 3931 est
3594 3875 3665 3932 Se
3684 3907 3698 3917 -

2100 3948 2431 4017 guieriarrurn
2461 3989 2474 4010 ,
2505 3956 2559 4002 et
2593 3946 2647 4000 in
2662 3949 2894 4015 quinque
2932 3946 3239 4016 Anglicanis
3266 3988 3279 4012 ,
3323 3955 3432 4000 tum
3460 3948 3696 4002 etiamin

2101 4018 2367 4087 excerptis
2398 4017 2566 4083 Flori,
2595 4026 2647 4072 et
2670 4019 2790 4087 quia
2820 4018 2897 4072 sic
2921 4018 3084 4072 etiam
3113 4017 3370 4086 scriptum
3398 4026 3482 4072 est
3504 4018 3596 4074 lib.
3641 4035 3697 4073 ιιι

2105 4086 2547 4159 Testimoniorum,
2592 4086 2715 4159 cap.
2770 4089 2857 4144 ll.
2912 4088 3133 4153 Contra,
3170 4088 3310 4157 apud
3364 4088 3693 4159 Reginoneur

2102 4159 2195 4213 lib.
2219 4175 2278 4225 tt,
2303 4174 2421 4228 cap.
2452 4158 2575 4224 108,
2606 4160 2670 4212 de
2697 4158 2993 4229 Disciplinis
3022 4160 3375 4215 ecclesiasticis
3410 4158 3696 4230 legendum

2101 4241 2211 4286 est:
2241 4230 2348 4285 Sed
2372 4231 2478 4285 lttec
2490 4232 2737 4285 sententia
2763 4232 3021 4285 canonicis
3050 4242 3199 4300 atque
3228 4230 3518 4300 apostolicis
3544 4232 3695 4299 inﬁr-

2100 4311 2267 4354 matur
2297 4302 2609 4356 documentis
2640 4342 2653 4366 ,
2698 4317 2794 4370 pro
2822 4317 2887 4356 eo
2927 4303 3069 4371 quod
3101 4317 3198 4357 nos
3227 4301 3492 4371 edidimus
3527 4302 3695 4371 infor-

2100 4382 2287 4426 matur.
2338 4373 2492 4442 Apud
2546 4384 2788 4427 sanctum
2835 4370 3150 4443 Gregorium
3196 4370 3591 4443 lib._‘r,AEpist.’
3621 4373 3683 4427 'il

2100 4444 2185 4498 vel
2203 4444 2291 4508 75,
2309 4445 2376 4497 ad
2388 4440 2609 4497 Petrum
2628 4440 3013 4504 subdiacouum,
3031 4444 3221 4511 legitur
3243 4460 3256 4495 :
3277 4440 3344 4495 Ut
3370 4441 3433 4494 de
3457 4443 3695 4511 (equitate

2098 4524 2294 4568 servata
2322 4516 2522 4586 prtefati
2559 4514 3137 4586 episcopirelationibus
3163 4514 3271 4586 ipse
3308 4511 3565 4586 lauderis._
3592 4512 3696 4567 Pro
3781 4528 3791 4535 ‘

2101 4601 2207 4655 quo
2234 4582 2342 4640 tres
2365 4582 2553 4654 optimi
2586 4582 2646 4639 et
2694 4582 3050 4655 antiquissimi
3094 4582 3213 4655 libri
3255 4583 3453 4637 habent
3492 4582 3697 4638 relatio-

2102 4652 2250 4711 nibus
2301 4652 2657 4728 info'rntemur.
2702 4652 2853 4724 Quod
2892 4670 3001 4728 _cg_o
3049 4652 3239 4728 melius
3268 4667 3389 4709 esse
3420 4664 3567 4722 pulo.
3623 4654 3695 4710 Et

402 4742 598 4809 annum
623 4742 788 4781 untrrn
813 4738 1072 4783 matrona:
1100 4729 1376 4809 luserunt,
1409 4736 1543 4782 teste
1575 4726 1878 4781 Plutarcho.
1910 4727 1999 4783 Sic
2025 4747 2079 4806 D
2107 4728 2335 4809 fortasse
2358 4725 2659 4809 "legendum
2696 4734 2782 4780 cst
2825 4725 3152 4780 relationibus
3200 4725 3533 4795 informemur
3557 4735 3604 4780 et
3642 4737 3698 4780 tu

401 4795 768 4864 Coriolanum,
811 4808 867 4852 ut
910 4807 1134 4856 testatur
1163 4797 1539 4863 iderrrauctur,
1567 4809 1825 4851 matrona:
1863 4814 1999 4865 quo-

403 4883 507 4937 que
536 4868 803 4926 luxerunt.
838 4870 955 4936 Dio;
981 4871 1016 4924 Ι.
1046 4887 1132 4936 Lv,
1164 4870 1436 4924 meruerim
1468 4868 1698 4939 prodidit
1724 4869 2003 4924 decretum

402 4953 523 4993 esse
555 4948 613 4992 ut
642 4941 895 5011 mulieres
922 4956 1065 4996 anno
1105 4943 1310 5011 integro
1341 4940 1583 5007 lugerent
1614 4948 1732 5009 post
1770 4949 2000 4995 mortem

404 5011 654 5078 Augusti.
687 5011 839 5079 Apud
871 5010 1183 5081 Spartanus,
1217 5010 1272 5066 ut
1312 5014 1362 5065 in
1403 5013 1644 5081 Lycurgo
1683 5011 1842 5065 tradit
1883 5012 2002 5066 l’lu-

407 5081 643 5140 tarchus.
676 5081 852 5137 luctus
879 5084 1165 5139 ﬁniebatur
1188 5083 1507 5147 duodecimo
1534 5083 1640 5136 die.

476 5151 538 5206 Si
574 5154 628 5206 in
656 5152 912 5208 Christum
941 5155 1213 5210 credimus.
1260 5154 1333 5209 Ita
1365 5153 1705 5208 scribendum
1733 5162 1785 5208 et
1812 5153 2000 5209 distin-

394 5222 667 5290 guendum
719 5239 841 5280 csse
883 5227 1233 5293 censuimus,
1282 5226 1448 5280 secuti
1501 5225 1869 5279 auctoritatem
1899 5241 1993 5279 sex

395 5302 635 5349 veterum
665 5295 1073 5365 exemplarium.
1130 5297 1255 5352 Haec
1282 5297 1423 5355 enim
1455 5296 1611 5350 lectio
1635 5296 1763 5350 mihi
1786 5295 1993 5350 videtur

392 5380 512 5439 esse
542 5365 873 5439 pracferenda
904 5369 1129 5439 vulgatae
1162 5410 1176 5433 ,
1206 5383 1364 5439 quam
1393 5366 1512 5423 lreic
1535 5366 1759 5439 subjicio
1787 5367 1839 5421 in
1865 5381 1990 5436 gru-

395 5434 531 5509 tiam
551 5437 763 5509 illorum
791 5439 881 5507 qui
912 5434 1070 5494 illam
1107 5434 1336 5495 fortasse
1365 5434 1827 5509 prrtabunt‘fuisse
1850 5434 1990 5509 reti-

391 5507 647 5563 nendum.
696 5508 758 5563 Si
788 5511 841 5563 in
883 5509 1143 5565 Christum
1191 5507 1480 5578 credimus,
1530 5510 1682 5579 ﬁdem
1726 5508 1883 5563 verbis
1938 5518 1986 5563 et

392 5580 656 5648 promissis
681 5580 790 5648 ejus
819 5579 1092 5639 habeamus
1111 5620 1125 5646 ,
1155 5592 1199 5636 et
1230 5596 1330 5635 non
1343 5581 1575 5635 morituri
1622 5581 1675 5634 in
1716 5590 1979 5644 retentum,

392 5647 463 5702 ad
510 5647 815 5722 Christum,
863 5668 978 5707 cum
1021 5669 1119 5722 quo
1147 5651 1325 5707 victuri
1372 5661 1442 5722 et_
1484 5651 1744 5722 regnaturi
1786 5667 1982 5719 semper

392 5734 589 5784 sumus,
625 5720 744 5776 taeta
781 5720 1054 5779 securitate
1089 5724 1367 5777 cernamus.
1400 5720 1503 5778 Ubi
1542 5720 1758 5778 interim
1793 5722 1979 5776 adruu-

392 5788 630 5847 nendum
675 5801 758 5849 est
798 5808 986 5851 voeeru
1020 5794 1252 5855 morituri
1276 5808 1384 5848 non
1429 5802 1641 5849 exstare
1670 5791 1725 5849 in
1754 5791 1858 5847 illis
1887 5808 1982 5848 sex

2108 4799 2216 4868 ipse
2255 4798 2498 4853 lauderis.
2844 4830 2851 4837 -

2182 4869 2475 4925 Secundum
2508 4869 2658 4937 [idem
2687 4868 2813 4921 ueri.
2862 4865 2988 4922 ilmc
3015 4867 3173 4923 lectio
3198 4908 3212 4933 ,
3261 4882 3420 4937 quam
3445 4868 3702 4923 exhibent

2108 4942 2358 4997 undecim
2390 4940 2716 5009 exernplaria
2746 4981 2759 5003 ,
2787 4939 2839 4992 itr
2870 4939 3062 5008 quibus
3089 4952 3228 5007 pono
3269 4939 3694 5008 Seguierianuur,

2113 5022 2200 5067 est
2252 5012 2470 5081 optima.
2514 5012 2569 5063 lu
2625 5009 2832 5081 duobus
2902 5009 3040 5081 aliis,
3090 5009 3348 5077 scriptum
3405 5020 3486 5077 est
3540 5009 3695 5065 verbi.

2110 5079 2383 5138 Morellius
2408 5081 2628 5135 adnotat
2647 5080 2918 5136 scvidissc
2940 5079 3202 5148 scripturn
3232 5082 3282 5134 in
3315 5080 3544 5149 antiquis
3573 5081 3697 5142 veri,

2109 5155 2238 5206 alias
2286 5153 2438 5206 uerbi.
2470 5152 2622 5219 Quod
2668 5153 2951 5207 confirmat
3001 5160 3239 5205 nustram
3287 5151 3587 5205 lectionem.
3641 5150 3699 5205 In

2107 5223 2291 5277 codice
2313 5223 2563 5277 Bccccnsi
2586 5232 2640 5277 et
2671 5224 2719 5277 in
2745 5224 2976 5278 editione
3001 5221 3223 5276 Morcllii
3247 5221 3438 5291 legitur
3454 5222 3697 5276 veritatis.

2174 5292 2533 5348 XXlll.—-De
2555 5297 2650 5348 hoc
2672 5296 2925 5365 contagio.
2959 5292 3211 5365 Quamvis
3244 5291 3699 5365 hanclcctioncm

2098 5368 2345 5434 praeferat
2373 5365 2542 5436 major
2569 5382 2689 5435 pars
2712 5362 2949 5419 veterum
2967 5362 3373 5436 exemplarium,
3392 5363 3443 5416 in
3470 5363 3587 5436 aliis
3611 5374 3694 5436 ta-

2094 5432 2216 5491 inen
2251 5432 2492 5505 pluribus
2526 5432 2581 5491 et
2609 5437 2660 5490 in
2692 5436 2924 5505 antiquis
2954 5432 3280 5505 editionibus
3299 5434 3491 5504 legitur
3515 5434 3577 5487 de
3602 5434 3696 5488 Itac

2089 5504 2408 5577 contagione.
2450 5506 2677 5577 ,l’rimus
2729 5504 2993 5561 Manutius
3024 5504 3224 5560 invexit
3244 5520 3364 5560 eam
3403 5521 3561 5575 quam
3599 5520 3700 5561 nos

2088 5575 2423 5633 retinuirnus.
2447 5575 2683 5645 Utraque
2715 5577 2850 5630 bona
2879 5585 2981 5631 est.

2163 5648 2269 5703 Sed
2296 5658 2341 5702 et
2369 5665 2455 5717 per
2486 5647 2833 5702 Salomouent.
2860 5647 2995 5705 Vide
3023 5648 3421 5705 annotationem
3468 5646 3695 5704 Pamclii

2081 5718 2149 5775 ad
2177 5720 2319 5773 hunc
2348 5719 2542 5774 locum.

2163 5788 2309 5864 (Sed
2340 5800 2394 5864 e_t
2441 5806 2536 5864 per
2568 5789 2919 5864 Salomonem
2947 5791 3149 5864 docens
3192 5791 3693 5864 Spiritusgsanctus,

391 5860 628 5935 antiquis
666 5865 1100 5941 exemplaribus,
1154 5865 1400 5924 morimur
1440 5878 1569 5926 vero
1592 5863 1680 5925 vel
1717 5864 1987 5924 morientur
2090 5860 2301 5928 Librum
2339 5860 2622 5935 Sapientia;
2649 5860 2921 5927 Satontoni
2951 5860 3361 5941 adscribit,'non
3408 5861 3699 5936 Cyprianus
