4302 6296
594 348 701 406 599

1989 344 2126 402 DIVI
2181 343 2504 402 CYPRIANI

3789 348 3896 408 600

595 481 684 532 ne,
720 464 847 520 dum
874 466 925 519 in
955 466 1057 519 isto
1083 462 1283 517 mundo
1335 462 1536 518 diutius
1584 461 1958 529 immorantur,
2002 461 2187 517 mundi
2216 469 2267 526 Λ
2296 461 2523 531 integra,
2551 460 2654 516 ﬁde
2679 460 2849 527 ﬁrma,
2886 462 3081 516 virtute
3105 460 3347 527 robusta,
3378 461 3545 531 parati
3572 460 3639 516 ad
3673 476 3892 521 omnem

593 557 932 612 contactibus
975 556 1300 626 polluantur.
1334 556 1534 625 Raptus
1564 566 1656 620 est,
1689 556 1878 623 inquit,
1909 571 1971 609 ne
1995 556 2190 609 malitia

594 658 811 703 mutaret
861 647 1171 703 intellectum
1212 648 1350 703 illius
1388 646 1546 718 (Sap.
1579 664 1649 709 tv.
1702 648 1786 708 il,
1824 646 1932 720 11).
1984 646 2189 702 Placita

593 742 729 799 enim
779 751 885 795 erat
937 741 1044 794 Deo
1076 741 1248 795 anima
1296 743 1426 812 ejus.
1484 739 1706 811 Propter
1759 740 1854 794 hoc
1903 741 2190 808 properavit

589 835 836 890 abducere
875 850 988 887 eum
1017 833 1080 887 de
1105 833 1272 887 media
1294 832 1571 902 iniquitate
1589 841 1635 885 ιι.
1665 831 1756 886 Sic
1785 839 1840 886 et
1879 832 1933 885 in
1961 831 2189 886 Psalmis

592 926 662 981 ad
710 926 991 980 Dominmn
1044 933 1288 995 preperat
1319 923 1547 994 spiritali
1590 923 1692 979 ﬁde
1732 924 1840 978 Deo
1871 938 1969 977 suo
2009 923 2189 991 anima

590 1017 784 1073 devota
814 1016 1011 1071 ‘dicens
1046 1038 1058 1071 :
1096 1017 1260 1084 Quam
1310 1015 1652 1069 dilectissime:
1699 1015 2037 1069 habitationes
2066 1025 2185 1085 tute,

591 1108 735 1164 Deus
779 1110 1016 1163 virtutum
1042 1109 1061 1161 ,ν
1089 1107 1359 1162 Desiderat
1408 1117 1453 1160 et
1485 1116 1724 1177 properat
1768 1107 1940 1161 anima
1968 1123 2078 1162 mea
2121 1106 2190 1160 ad

592 1201 727 1254 atria
770 1198 867 1253 Dei
898 1199 924 1237 δ
959 1198 1128 1271 (Psal.
1160 1214 1381 1263 Lxxxnt,
1413 1197 1554 1269 2,5).

663 1292 854 1347 XXIV.
900 1293 1027 1361 Ejus
1053 1302 1138 1348 est
1160 1295 1209 1346 in
1234 1291 1434 1346 mundo
1450 1291 1537 1345 diu
1565 1293 1699 1346 velle
1723 1306 2004 1347 remanere
2028 1308 2187 1362 quem

588 1387 822 1440 mundus
848 1385 1101 1450 oblectat,
1134 1400 1291 1454 quem
1316 1386 1570 1438 saeculum
1601 1384 1883 1439 blandiens
1910 1395 2070 1456 atque
2095 1386 2191 1442 de-

588 1478 798 1546 cipiens
845 1478 1109 1531 illecebris
1153 1488 1383 1532 terrena:
1413 1476 1702 1547 voluptatis
1757 1476 1961 1531 invitat.
1996 1479 2187 1543 Porro,

589 1585 714 1623 cum
747 1568 976 1623 mundus
1003 1568 1178 1623 oderit
1198 1567 1588 1633 Christianum,
1619 1569 1690 1599 ’³⁸
1720 1569 1844 1638 quid
1869 1585 2018 1624 amas
2064 1585 2185 1625 eum

593 1661 682 1730 qui
730 1669 780 1714 te
822 1661 956 1726 odit,
997 1670 1049 1715 et
1076 1675 1180 1715 non
1227 1660 1394 1742 magis
1422 1661 1663 1730 sequeris
1692 1661 1984 1727 Christum,
2014 1663 2103 1732 qui
2138 1671 2188 1719 te

593 1761 650 1807 ct
679 1752 905 1807 redemit
926 1764 979 1829 et
1000 1753 1210 1823 diligit?
1239 1752 1476 1808 Joannes
1526 1754 1576 1806 in
1608 1754 1847 1822 Epistula
1872 1769 1973 1808 sua
1993 1756 2189 1811 clamat

2293 556 2616 609 voluntatem
2666 554 2753 608 Dei
2800 553 2987 620 simus,
3028 568 3228 625 pavore
3250 555 3439 609 mortis
3490 554 3735 621 excluso,
3787 557 3889 611 im-

2293 647 2669 702 mortalitatem
2719 662 2837 718 qnae
2886 648 3130 717 sequitur
3158 648 3474 718 cogitemus.
3512 646 3623 703 Hoc
3654 664 3753 704 nos
3804 664 3896 706 os-

2295 740 2573 795 tcntlamtts
2612 756 2734 796 esse
2784 741 2925 811 quod
2965 741 3257 809 credimus,
3306 751 3361 795 nt
3386 756 3559 813 neque
3606 741 3895 800 cbarorum

2295 832 2574 898 lugeamus
2619 847 2928 897 excessum,
2985 843 3038 889 et
3082 848 3203 888 cum
3246 833 3620 888 accersitionis
3662 836 3894 904 propriae

2291 924 2404 979 dies
2433 926 2668 992 venerit,
2718 927 3089 981 incunctanter
3124 934 3179 982 et
3224 926 3454 981 libenter
3493 925 3563 981 ad
3609 926 3891 984 Dominum

2292 1017 2408 1086 ipso
2458 1027 2685 1073 vocante
2717 1019 3017 1073 veniamus.

2365 1108 2530 1163 XXV.
2574 1110 2729 1177 Quod
2774 1126 2896 1165 cum
2951 1125 3164 1180 semper
3213 1109 3524 1166 faciendum
3588 1110 3745 1166 fuerit
3799 1112 3890 1170 Dei

2291 1202 2484 1267 servis,
2538 1218 2679 1256 nunc
2709 1201 2823 1257 ﬁeri
2852 1204 3018 1258 multo
3051 1203 3219 1273 magis
3236 1203 3430 1267 debet,
3463 1213 3754 1257 corruente
3781 1203 3891 1273 jam

2292 1294 2492 1346 mundo
2518 1304 2566 1347 et
2589 1293 2862 1348 malorum
2880 1294 3244 1349 infestantium
3269 1293 3633 1349 turbidinibus
3647 1297 3889 1362 obsesso;

2293 1392 2349 1437 ut
2380 1384 2471 1451 qui
2507 1385 2776 1439 cernimus
2803 1385 3036 1455 ccepisse
3066 1385 3173 1455 jam
3218 1385 3398 1455 gravia
3439 1394 3494 1439 et
3538 1388 3736 1441 scimus
3795 1388 3893 1443 im-

2292 1477 2501 1532 minere
2549 1478 2817 1548 graviora,
2852 1478 3062 1533 lucrum
3102 1479 3395 1533 maximum
3423 1489 3796 1548 computemus
3848 1481 3893 1536 si

2292 1569 2453 1623 istinc
2482 1569 2720 1622 velocius
2752 1569 3086 1625 recedamus.
3143 1571 3200 1626 Si
3248 1570 3298 1623 in
3349 1569 3652 1626 habitaeulo
3683 1582 3770 1626 tuo
3805 1587 3896 1641 pa-

2291 1662 2463 1717 rietes
2507 1668 2772 1716 vetustate
2815 1650 3088 1727 nutarcnt,
3136 1669 3276 1717 tecta
3301 1661 3893 1732 desupentreinerent,

2289 1752 2483 1807 domus
2531 1754 2637 1822 jam
2686 1752 2922 1824 fatigata,
2964 1754 3076 1824 jam
3118 1754 3282 1819 lassa,
3328 1754 3569 1809 aediﬁciis
3618 1763 3897 1811 senectute

586 1851 644 1900 et
666 1844 919 1915 loquitur,
950 1854 1004 1900 et
1034 1861 1119 1910 ne,
1159 1846 1391 1899 carnalia
1426 1845 1692 1902 desideria
1716 1858 2006 1912 sectantes,
2039 1865 2193 1904 mnn-
2222 1855 2269 1914 B
2298 1847 2633 1913 labentibus,
2691 1848 2901 1913 ruinam
2968 1849 3266 1918 proximam
3327 1849 3654 1912 minaretur,
3717 1863 3893 1904 nonne

584 1936 711 1990 dum
766 1935 1048 2005 diligamus
1112 1935 1352 1990 hortatur
1390 1935 1646 2004 :Nolite,
1713 1939 1904 2009 inquit,
1973 1939 2187 2011 diligere

588 2028 837 2083 mundum
868 2045 1027 2099 neque
1053 2045 1110 2083 ca
1133 2044 1245 2096 qua:
1273 2029 1325 2081 in
1353 2029 1541 2082 mundo
1558 2039 1696 2083 sunt.
1729 2030 1788 2085 Si
1814 2032 1924 2101 quis
1952 2033 2185 2091 dilexerit

587 2119 858 2186 mundum,
887 2136 987 2173 non
1038 2128 1109 2173 est
1153 2120 1376 2173 charitas
1410 2119 1581 2175 Patris
1624 2122 1678 2175 in
1704 2123 1830 2188 illo;
1880 2128 1997 2195 quia
2041 2144 2188 2183 omne

582 2214 719 2284 quod
773 2215 825 2266 in
875 2214 1065 2267 mundo
1119 2222 1193 2268 est
1233 2217 1640 2283 concupiscentia
1682 2220 1850 2273 carnis
1900 2230 1972 2274 est
1994 2231 2037 2275 et
2059 2239 2184 2276 con-

583 2307 895 2376 cupiscenlia
952 2305 1212 2359 oculorum
1266 2314 1312 2359 et
1339 2306 1545 2362 ambitio
1586 2308 1781 2377 steculi,
1843 2327 1957 2381 qua:
1982 2328 2083 2367 non
2113 2322 2187 2367 est

587 2416 620 2453 a
643 2398 817 2462 Patre,
845 2398 934 2452 sed
946 2414 1008 2452 ex
1020 2399 1427 2468 concupiscentia
1448 2400 1645 2455 mundi.
1684 2401 1745 2454 Et
1772 2403 1994 2456 mundus
2022 2413 2188 2458 trans-

588 2492 681 2546 ibit
706 2500 753 2544 et
776 2492 1182 2561 concupiscentia
1203 2493 1310 2562 ejus
1337 2507 1357 2547 :
1386 2494 1472 2562 qui
1492 2504 1661 2547 autem
1689 2498 1862 2565 fecerit
1883 2495 2188 2550 voluntatem

586 2582 686 2638 Dei
701 2596 867 2638 manet
888 2585 939 2637 in
954 2595 1216 2647 ceternum,
1233 2585 1482 2651 quomodo
1494 2596 1538 2639 et
1558 2585 1690 2641 Deus
1705 2597 1873 2642 manet
1883 2590 1933 2641 in
1948 2597 2189 2642 wternum

581 2674 625 2747 (I
647 2673 803 2730 Joan.
831 2690 889 2739 ιι,
926 2673 1139 2744 15-17).
1170 2675 1376 2742 Potius,
1413 2675 1604 2733 fratres
1626 2678 1981 2746 dilectissimi,
2010 2689 2190 2736 mente

2294 1939 2439 1993 omni
2490 1939 2767 1994 celeritate
2817 1939 3116 2010 migrares?
3169 1938 3223 1994 Si
3255 1938 3536 2008 navigante
3591 1948 3642 1993 te
3689 1939 3897 1993 turbida

2289 2041 2343 2087 et
2394 2033 2693 2102 procellosa
2734 2041 3023 2104 tempestas
3052 2031 3299 2087 ﬂuctibus
3325 2031 3612 2085 violentius
3642 2033 3896 2086 excitatis

2289 2125 2671 2195 przrnuntiaret
2715 2124 2887 2178 futura
2935 2123 3206 2192 naufragia
3233 2164 3248 2191 ,
3295 2137 3475 2178 nonne
3503 2132 3713 2192 portum
3747 2122 3896 2176 velo-

2289 2218 2420 2272 ciler
2477 2215 2729 2285 peteres?
2781 2214 3008 2269 Mundus
3062 2228 3190 2270 ecce
3252 2222 3403 2267 nutat
3451 2224 3504 2267 et
3557 2213 3788 2277 labitur,
3840 2220 3893 2267 et

2287 2313 2494 2367 ruinam
2544 2312 2623 2365 sui
2654 2324 2759 2364 non
2786 2309 2896 2378 jam
2943 2316 3219 2363 senectute
3262 2321 3462 2373 rerum,
3493 2305 3591 2361 sed
3642 2306 3749 2360 ﬁne
3780 2312 3890 2359 tas-

2291 2410 2469 2467 tatnr;
2525 2410 2579 2456 et
2625 2410 2678 2454 ιιι
2728 2415 2836 2455 non
2895 2399 3008 2454 Deo
3058 2397 3259 2469 gratias
3304 2397 3439 2468 agis,
3475 2412 3578 2452 non
3623 2397 3714 2453 tibi
3770 2412 3895 2466 gra-

2299 2495 2491 2550 tularis
2538 2493 2703 2564 quod,
2730 2492 2876 2548 exitu
2933 2491 3227 2545 maturiore
3272 2490 3598 2553 subtractus,
3647 2489 3814 2543 ruinis
3843 2496 3898 2544 et

2293 2588 2579 2658 naufragiis
2624 2596 2678 2642 et
2731 2586 2899 2656 plagis
2956 2584 3360 2639 imminentibus
3412 2581 3707 2637 exuaris?c

2367 2679 2560 2735 XXVI.
2602 2675 3068 2733 Considerandum
3097 2685 3200 2741 est,
3231 2675 3424 2729 fratres
3447 2672 3807 2739 dilectissimi,
3840 2681 3893 2729 et

1818 2796 2202 2855 LECTIONES
2242 2794 2663 2854 VARIANTES.

575 2910 578 2916 '
646 2910 674 2938 ³
697 2907 775 2959 De
798 2909 959 2957 medio
986 2908 1254 2960 iniquitatis
1278 2910 1433 2960 Oxon.

648 2970 677 3006 ι)
710 2972 785 3021 Ad
809 2974 929 3021 atria
960 2970 1219 3035 tua,Deus
1247 2975 1365 3023 Ver.

2262 2932 2265 2937 ·
2354 2916 2376 2945 °
2414 2911 2660 2963 Eximaris
2677 2908 2852 2962 Itouth.

1841 3084 2084 3142 STEPII.
2127 3084 2398 3143 BALUZII
2436 3084 2665 3141 NOTAE.

585 3198 737 3252 modo
767 3206 872 3280 tum
897 3197 976 3251 hic
1004 3207 1110 3251 tum
1130 3199 1268 3323 inﬂa
1286 3200 1384 3255 lib.
1413 3201 1482 3256 de
1505 3191 1731 3255 Exhort.
1764 3201 1942 3285 Mart.,
1975 3217 2071 3270 cap

588 3271 659 3322 ad
688 3270 910 3322 Testtm.
942 3284 1000 3323 ιι.
1030 3286 1146 3323 can.
1214 3289 1266 3323 ο.
1301 3283 1346 3323 et
1376 3288 1451 3323 ιιι-
1486 3288 1603 3323 can.
1654 3272 1740 3323 15.
1789 3273 1877 3323 55.
1909 3271 1976 3323 59
2006 3288 2066 3323 ac

588 3271 659 3322 ad
688 3270 910 3322 Testim.
942 3284 1000 3333 ιι,
1030 3286 1146 3339 cap.
1178 3270 1266 3333 15,
1301 3283 1346 3324 et
1376 3288 1451 3338 ιιι,
1486 3288 1603 3339 cap.
1654 3272 1740 3331 15.
1789 3273 1877 3335 55,
1909 3271 1976 3327 59
2006 3288 2066 3324 ac
2090 3271 2180 3335 66,

585 3340 676 3413 sed
701 3349 746 3393 et
778 3339 1058 3413 lfgcsipptts
1085 3351 1140 3413 et
1166 3340 1411 3405 lrcna‘us,
1453 3351 1497 3395 et
1528 3344 1690 3413 omnis
1723 3342 1903 3413 (inquit
1936 3341 2185 3397 Eusebius

587 3409 1051 3481 Hist.recclcsiast.
1087 3411 1172 3464 lib.
1206 3423 1406 3478 quarto,
1435 3430 1547 3477 cup.
1571 3412 1665 3479 22)
1706 3409 2029 3481 antiquorum
2060 3413 2183 3465 cho-

586 3497 702 3543 rus;
736 3480 954 3534 Tertull.
1005 3483 1154 3532 etiam
1214 3483 1301 3535 lib.
1333 3483 1399 3536 de
1425 3484 1796 3550 l’rzcscription
1827 3480 1954 3535 adv.
1992 3484 2180 3537 lueret.

589 3551 737 3621 Orig.
768 3553 854 3604 lib.
890 3566 1005 3621 νιιιἶ
1029 3553 1079 3603 in
1107 3550 1387 3621 Epistolam
1404 3554 1471 3605 ad
1496 3555 1673 3618 Κονιιά
1701 3552 1761 3604 D.
1795 3552 2103 3606 D.Hilarius
2132 3556 2185 3607 in

585 3620 736 3675 Psnl.
758 3638 947 3685 cxxm;
978 3620 1201 3675 Basilius
1230 3624 1318 3676 lib.
1352 3640 1383 3674 v
1410 3634 1595 3678 contra
1625 3626 1850 3678 Eunoni.
1875 3641 1893 3689 ;
1924 3622 2185 3677 Evaristus

588 3694 803 3764 epistola
831 3693 897 3745 ad
930 3692 1304 3764 Afiic.;Feliar,
1346 3696 1369 3749 1
1408 3695 1643 3764 epistola.
1676 3694 1743 3747 ad
1786 3693 1985 3759 Gallos;
2014 3693 2181 3755 Felix,

582 3763 621 3817 2
658 3764 891 3835 epistola,
923 3766 990 3815 ad
1020 3763 1092 3835 D.
1116 3763 1473 3831 Athanasium;
1507 3765 1830 3835 Epiphanius
1878 3766 2081 3819 Ilaat'es.
2119 3765 2185 3819 76

586 3845 637 3888 et
662 3837 750 3889 tib.
780 3837 846 3889 de
878 3834 1110 3888 Ponder.
1145 3846 1197 3890 et
1225 3836 1394 3892 Mens.
1422 3834 1699 3904 ;Damasc.
1731 3836 1818 3889 lib.
1849 3852 1922 3902 tv,
1952 3854 2069 3903 cap.
2093 3836 2183 3901 18;

587 3906 761 3966 Δηώ..
788 3908 840 3958 in
872 3904 1013 3958 Psal.
1040 3922 1074 3968 ι,
1110 3917 1153 3960 et
1181 3907 1270 3961 lib.
1299 3908 1364 3962 de
1389 3908 1664 3974 Paradiso,
1696 3924 1740 3962 c.
1777 3909 1880 3973 19.;
1908 3917 1953 3961 et
1978 3908 2054 3961 vel
2078 3908 2186 3974 ipse

586 3975 659 4028 Β.
716 3976 1076 4045 Hieronymus,
1103 3978 1319 4045 epistola
1353 3978 1421 4032 ad
1466 3977 1746 4032 Paulinam
1789 3980 1857 4032 de
1905 3978 2073 4032 lnstit.
2108 3977 2183 4031 ﬁl.

590 4045 809 4099 Causam
859 4044 1290 4117 redditAD.’Aug.
1319 4050 1372 4102 in
1401 4050 1511 4101 htvc
1554 4049 1700 4103 verba
1728 4048 1816 4101 lib.
1846 4064 1959 4102 xvn
2003 4048 2071 4102 de
2097 4048 2185 4102 Ci-

587 4117 690 4169 vit.
718 4117 831 4179 Dei,
876 4131 991 4186 cap.
1023 4114 1132 4171 20:
1170 4134 1188 4168 ι
1228 4114 1328 4170 Alii
1359 4120 1462 4172 duo
1491 4118 1627 4181 libri,
1674 4134 1887 4186 quorum
1926 4135 2057 4172 unus
2085 4118 2185 4173 Sa-

588 4187 801 4256 pientia,
848 4183 978 4258 alter
1018 4200 1130 4258 vero
1162 4186 1549 4243 Ecclesiasticus
1585 4183 1793 4251 dicitur,
1835 4199 2042 4258 propter
2076 4190 2183 4244 elo-

586 4255 695 4325 quii
736 4255 1030 4309 nonnullam
1075 4257 1477 4322 similitudinem,
1518 4270 1571 4311 ut
1619 4255 2186 4313 Salomonis—dicantur

590 4327 804 4382 obtinuit
845 4327 1173 4397 consuetudo.
1206 4346 1225 4380 ι
1273 4328 1423 4396 Quod
1448 4330 1613 4397 ipsum
1641 4340 1804 4383 tamen
1831 4330 2000 4383 adhuc
2024 4340 2184 4384 retra-

590 4408 730 4452 ctare
762 4398 959 4451 videtur
998 4396 1107 4450 lib.‘
1132 4414 1191 4465 ιι,
1228 4416 1276 4454 c.
1306 4401 1376 4454 4:
1412 4419 1429 4453 ι
1463 4396 1525 4454 Et
1554 4411 1684 4455 certe
1725 4400 1898 4455 mulae
1935 4403 2043 4470 ejus
2069 4402 2186 4454 libri

588 4471 848 4541 sententiw
876 4482 971 4531 vn,
1001 4483 1091 4521 vm
1117 4480 1162 4522 et
1190 4486 1241 4524 ιχ
1289 4486 1405 4541 cap.
1440 4472 1535 4525 soli
1563 4472 1861 4526 conveniunt
1894 4471 2180 4527 Salomoni.

588 4539 793 4594 Titulus
849 4541 995 4611 etiam
1036 4555 1230 4608 grtecus
1266 4539 1359 4595 est
1394 4550 1692 4611 Semper-cog.
1743 4543 1913 4610 Quare
1942 4542 2185 4611 probatur

589 4612 719 4682 mihi
764 4611 870 4682 Dn.
896 4608 1139 4682 Joannis
1170 4611 1439 4666 Driedonis
1480 4608 1651 4682 opinio
1680 4614 1746 4668 de
1766 4608 1777 4610 ⁷
1801 4608 1951 4679 Dogf
1980 4612 2181 4668 ecrles.

592 4681 681 4735 lib.
736 4696 784 4742 l,
834 4681 1105 4734 Philonem
1150 4682 1296 4736 illum
1344 4681 1618 4745 Judwum,
1675 4701 1832 4745 supra
1876 4682 1978 4737 160
2025 4699 2186 4737 annos

585 4762 708 4805 ante
728 4761 901 4823 natum
923 4751 1197 4823 Christum.
1222 4754 1527 4823 temporibus
1554 4753 1700 4809 Onia:
1720 4751 2009 4819 Pontiﬁcis,
2034 4770 2182 4822 spar-

586 4837 675 4876 sas
701 4822 885 4891 passim
917 4820 1211 4876 Salomonis
1252 4820 1526 4879 sententias
1564 4826 1615 4877 in
1654 4842 1810 4879 unum
1852 4825 1945 4877 hoc
1971 4820 2184 4892 conges-

586 4894 716 4967 sisse
739 4892 986 4967 uolumen.
1023 4892 1102 4967 Eo
1117 4896 1285 4967 magis
1313 4898 1448 4965 quod
1475 4912 1532 4949 ιιι
1558 4894 1687 4967 Reg.
1719 4895 1815 4947 ult.
1847 4910 1962 4962 cap.
1992 4896 2182 4967 scriba-

586 4964 890 5035 turilocutus
916 4964 1015 5035 tria
1035 4964 1606 5035 millia'parabolarum,
1638 4964 1931 5019 carminum
1970 4966 2188 5033 quinque

590 5034 778 5094 millia,
798 5042 860 5106 et
890 5033 1183 5106 disseruisse
1219 5033 1282 5088 de
1300 5038 1564 5106 jumentis,
1594 5038 1898 5098 volucribus,
1929 5037 2189 5104 reptilibus

591 5113 640 5157 et
680 5103 921 5176 piscibus,
953 5114 1048 5158 etc.
1079 5103 1379 5176 Conﬁrmat,
1419 5108 1554 5174 quod
1580 5110 1692 5176 ipsa
1716 5109 1855 5161 illius
1892 5103 2181 5166 Praverbia,

592 5174 697 5247 non
738 5174 934 5228 abillo
959 5175 1048 5247 scd
1087 5175 1177 5247 di_u_
1207 5186 1377 5244 postea
1426 5194 1456 5229 α
1476 5174 1745 5247 ministris
1775 5178 2007 5231 li'zechia:
2028 5202 2031 5207 ν
2054 5178 2189 5247 regis

594 5245 706 5316 (aut
755 5248 900 5310 iuxta
918 5246 1078 5319 _rabbi
1105 5245 1335 5319 Moysen
1364 5247 1425 5300 ab
1442 5246 1626 5319 Isaia)
1664 5250 1716 5302 in
1762 5266 1915 5301 unum
1957 5245 2185 5312 collecta,

591 5325 783 5389 constet
812 5331 873 5368 ea:
905 5315 1143 5389 Proverb.
1183 5332 1228 5368 c.
1262 5334 1384 5371 xxv.
1438 5317 1560 5372 Utut
1584 5315 1666 5382 sit,
1698 5336 1789 5387 pro
1816 5320 2044 5371 doctrina
2071 5320 2192 5389 Spi-

589 5387 720 5439 ritus
745 5388 904 5439 sancti
927 5389 1020 5439 hoc
1040 5386 1148 5440 loco
1176 5398 1222 5440 et
1240 5389 1452 5455 epistola
1470 5406 1646 5450 nam.
1672 5408 1732 5442 ac
1760 5390 1840 5445 Ad
1869 5386 2188 5443 detnetrian.

592 5474 687 5526 pro
712 5456 990 5531 Scriptura
1008 5458 1179 5531 divina
1198 5461 1441 5531 agnoscit
1463 5460 1770 5531 Cyprianus,
1800 5477 1888 5513 nec
1916 5462 2081 5531 minus
2102 5462 2192 5514 alii

590 5538 777 5601 veteres
832 5527 913 5580 ubi
970 5528 1102 5580 hunc
1138 5527 1331 5601 librum
1377 5527 1560 5593 citant,
1619 5532 1916 5585 nominatim
1975 5530 2185 5601 Dionys.

591 5598 847 5671 Areopag.
884 5616 1000 5669 cap.
1040 5606 1093 5660 4,
1118 5599 1182 5651 de
1212 5601 1329 5653 Div.
1368 5601 1546 5665 Nom,
1580 5614 1625 5656 et
1647 5601 1842 5657 Concil.
1880 5598 2191 5655 Sardinense

588 5669 807 5790 Epistula
833 5671 902 5722 ad
927 5686 1099 5751 omnes
1127 5672 1406 5739 episcopos.
1451 5673 1624 5737 Quare
1661 5675 1794 5726 hunc
1826 5672 1991 5725 locum
2027 5673 2189 5726 citans

644 5777 662 5790 .
704 5741 864 5790 Aua..
915 5740 1002 5790 lib.
1032 5741 1099 5790 de
1145 5742 1400 5790 l’rzrdest.
1453 5747 1635 5790 Sanct-
1681 5759 1797 5790 ειη).
1847 5744 1950 5790 ηε
2001 5761 2019 5790 ι
2063 5742 2189 5790 (tum

644 5777 662 5793 .
704 5741 864 5811 Aug.,
915 5740 1002 5793 lib.
1032 5741 1099 5794 de
1145 5742 1400 5795 l’rmdcst.
1453 5747 1635 5797 Sanct.
1681 5759 1797 5811 cap.
1847 5744 1950 5795 14:
2001 5761 2019 5793 ι
2063 5742 2190 5806 Qua:

587 5822 703 5864 cum
727 5811 800 5863 ita
827 5811 929 5865 sint
955 5811 1159 5879 ,inquit,
1190 5827 1292 5867 non
1322 5812 1490 5869 debuit
1509 5813 1771 5882 repudiari
1800 5814 2049 5868 sententia
2074 5814 2189 5870 libri

2080 3242 2092 3254 .
2130 3202 2178 3265 1,
2208 3200 2253 3262 C
2288 3200 2589 3267 Sapientiat,
2628 3200 2713 3268 qui
2756 3196 2938 3251 meruit
2978 3198 3031 3251 in
3100 3195 3328 3252 Ecclesia
3371 3195 3579 3263 Christi,
3629 3198 3692 3250 de
3732 3197 3893 3267 gradu

2290 3274 2535 3326 lectorum
2562 3270 2804 3324 Ecclesia:
2830 3268 3015 3322 Christi
3045 3279 3145 3322 tam
3175 3268 3327 3339 longa
3357 3268 3641 3321 annositate
3665 3270 3886 3339 recitari,

2287 3352 2335 3395 et
2361 3343 2423 3396 ab
2451 3342 2681 3395 Otitttll)"s
2704 3341 3004 3395 Christianis
3029 3384 3043 3405 ,
3074 3341 3137 3392 ab
3163 3338 3413 3407 episcopis
3455 3349 3612 3408 usque
3635 3338 3703 3391 ad
3728 3350 3889 3391 (πινο-

2291 3430 2400 3467 mas
2432 3414 2587 3467 laicus
2618 3412 2791 3480 ﬁdeles
2812 3410 3556 3480 paenitentes,catechumenos,
3598 3426 3712 3461 cum
3744 3427 3891 3462 rene-

2287 3485 2486 3536 ratione
2532 3479 2718 3536 divina:
2760 3482 3072 3534 auctoritatis
3115 3481 3301 3533 audiri.
3361 3499 3378 3531 ι
3433 3479 3501 3532 Et
3552 3481 3705 3544 paulo
3748 3492 3895 3548 post:

2293 3572 2312 3604 ι
2353 3553 2563 3623 Oportet
2586 3564 2639 3606 ut
2668 3554 2819 3605 istum
2846 3552 3031 3605 librum
3067 3551 3345 3623 Sapientiae
3385 3551 3616 3604 omnibus
3649 3560 3887 3604 tractato-

2288 3622 2425 3678 ribus
2477 3633 2818 3693 anteponunt,
2877 3623 3133 3693 quoniam,
3171 3622 3264 3675 sibi
3319 3638 3433 3675 eum
3500 3633 3893 3688 anteposuernnt

2289 3697 2439 3748 etiam
2479 3694 2784 3762 temporibus
2817 3693 3062 3759 proximis
3103 3692 3461 3763 Apostolorum
3489 3694 3677 3762 egregii
3705 3702 3895 3746 tracta-

2290 3776 2421 3820 tores
2445 3782 2464 3830 ;
2491 3766 2575 3835 qui
2605 3781 2717 3819 eum
2750 3772 2920 3835 testem
2956 3763 3269 3829 adhibentes,
3299 3764 3429 3835 nihil
3453 3780 3507 3817 se
3531 3764 3774 3817 adhibere
3797 3765 3895 3819 nisi

2289 3832 2515 3889 divinum
2543 3834 2884 3889 testimonium
2919 3835 3257 3888 crediderunt.
3293 3853 3311 3885 ι
3345 3832 3512 3887 Immo
3541 3835 3649 3902 ipse
3689 3845 3894 3903 aposto-

2289 3907 2368 3961 lus
2398 3905 2618 3969 Paulus,
2663 3905 2816 3959 Rom.
2863 3920 2917 3958 χι
2960 3915 3006 3958 et
3043 3904 3200 3959 Hebr.
3252 3922 3327 3967 XI.
3356 3906 3425 3958 ad
3453 3906 3506 3966 9,
3535 3905 3568 3959 6
3595 3915 3640 3958 et
3669 3906 3756 3960 15.
3792 3904 3896 3960 Sa-

2291 3979 2497 4046 pientia:
2523 3977 2637 4031 libri
2673 3992 2789 4045 cap.
2819 3976 3025 4029 alludit.
3060 3975 3185 4030 Haec
3207 3976 3363 4046 paulo
3385 3976 3655 4046 prolixius,
3675 3987 3897 4046 propter

2288 4045 2390 4114 eos,
2422 4048 2503 4120 qui
2535 4047 2719 4102 librum
2754 4047 2887 4120 hunc
2934 4047 3085 4101 etiam
3123 4045 3279 4120 h_odi_e_
3296 4048 3349 4120 in
3376 4062 3619 4120 canonem
3657 4045 3897 4120 Scriptu-

2286 4116 2462 4173 rarum
2490 4120 2713 4189 recipere
2738 4116 2934 4183 nolunt,
2968 4120 3087 4188 quia
3127 4117 3197 4170 D.
3233 4117 3448 4170 Hieron.
3480 4117 3762 4189 incanone
3788 4116 3889 4171 Ju-

2289 4191 2514 4244 dreorum
2561 4187 2730 4244 haberi
2779 4187 3154 4257 negat;’qunm
3214 4198 3380 4241 tamen
3429 4188 3477 4240 in
3524 4187 3763 4242 licclesia'
3809 4206 3895 4241 ca-

2288 4276 2420 4316 none
2450 4271 2783 4314 numeretura
2806 4258 2875 4330 D.
2902 4261 3058 4330 Aug.,
3096 4259 3312 4330 concilio
3343 4258 3611 4330 Carthag.,
3638 4258 3891 4312 Innocen-

2288 4334 2473 4395 ccntio,
2500 4331 2701 4386 Celasio
2744 4341 2788 4385 et
2818 4329 3040 4396 Isidoro,
3072 4329 3197 4383 locis
3212 4330 3350 4400 infra
3369 4329 3533 4383 citatis
3561 4329 3649 4383 lib.
3674 4330 3826 4385 Tcst.
3853 4347 3890 4395 ι,

2287 4418 2401 4472 cap.
2437 4402 2528 4460 20.
3433 4400 3638 4455 PAIIEL.
3662 4400 3681 4472 )

2363 4495 2558 4565 Raptus
2605 4504 2698 4548 est.
2740 4492 2874 4547 Vide
2925 4499 3167 4547 sanetum
3235 4493 3589 4562 Augustinum
3647 4507 3764 4564 cap.
3826 4493 3892 4547 1.1

2210 4580 2261 4641 ι)
2287 4567 2349 4620 de
2381 4565 2834 4635 Prtedestinatione
2864 4565 3190 4619 Sanctorum.

2310 4710 2317 4713 .
2362 4657 2471 4712 Deo
2525 4675 2616 4713 suo
2673 4659 2843 4711 anima
2888 4660 3086 4711 devota.
3154 4656 3513 4727 Hieronymus
3568 4656 3620 4711 in
3676 4656 3892 4727 Dialogo

2289 4729 2545 4784 adversus
2566 4727 2935 4783 Luciferianos
2956 4748 2969 4783 :
2987 4728 3303 4796 Simplicitas
3330 4726 3497 4781 cordis
3519 4737 3563 4781 et
3593 4729 3766 4781 devota
3787 4726 3893 4780 Deo

2287 4817 2381 4854 suo
2403 4802 2594 4854 anima.
2626 4802 2826 4854 Auctor
2864 4799 3117 4869 Epistulae
3145 4800 3212 4853 ad
3246 4798 3540 4864 Oceanum,
3572 4799 3635 4869 de
3671 4798 3893 4866 ferendis

2292 4871 2613 4945 Opprobijis,
2631 4870 2772 4945 edita
2796 4870 2895 4926 sub
2927 4868 3145 4945 nomine
3176 4870 3483 4945 Hieronymi
3513 4889 3531 4945 :_
3570 4868 3748 4945 Videat
3774 4886 3892 4945 ergo

2288 4943 2461 4994 anima
2499 4940 2606 4995 Deo
2661 4942 2841 4996 devota
2890 4958 2952 4995 ne
2984 4942 3328 5011 insipientium
3374 4941 3441 4971 5“
3488 4940 3621 4995 risus
3678 4956 3789 4993 eam
3816 4941 3895 4994 vel

2291 5013 2566 5066 stultorum
2620 5014 2884 5068 hominum
2924 5013 3224 5067 vanissimas
3250 5028 3413 5066 sermo
3443 5011 3745 5082 confundat.

2363 5102 2556 5159 XXVI.
2580 5134 2652 5144 —
2678 5104 2893 5160 Fratres
2958 5105 3289 5159 dilectissimi.
3326 5104 3379 5156 In
3421 5104 3609 5159 codice
3668 5101 3890 5174 Segnie-

2290 5175 2444 5229 riano
2496 5184 2549 5230 et
2598 5176 2718 5232 istic
2764 5186 2819 5231 et
2870 5175 2998 5229 alibi
3059 5177 3141 5228 ha:
3194 5176 3313 5229 duce
3368 5189 3527 5228 voces
3553 5174 3631 5229 sic
3674 5176 3889 5241 scripta:

2282 5256 2415 5300 ‘sunt
2441 5288 2459 5312 ,
2506 5246 2610 5301 FF.
2660 5249 2764 5300 DD.
2793 5247 2945 5313 Quod
2995 5245 3194 5300 idcirco
3228 5244 3494 5300 admoneo
3523 5256 3579 5299 ut
3607 5247 3887 5299 ostendam

2294 5329 2534 5371 exactam
2562 5318 2891 5386 diligentiam
2916 5316 3014 5370 viri
3030 5317 3321 5371 doctissimi
3341 5315 3563 5371 Joannis
3589 5316 3730 5380 'l‘ilii,
3765 5316 3879 5386 qui,

2295 5404 2415 5441 cum
2439 5389 2624 5449 etleret
2648 5403 2809 5456 Opera
2840 5388 3055 5457 Paciani
3087 5387 3326 5457 episcopi
3359 5387 3766 5441 Barcinonensis
3786 5428 3802 5451 ,
3834 5398 3889 5441 et

2299 5459 2350 5511 in
2383 5457 2649 5511 Partcnesi
2687 5458 2751 5511 ad
2784 5456 3149 5528 paenitentiam
3185 5458 3388 5528 legeret
3424 5458 3476 5511 in
3509 5458 3643 5512 libro
3672 5458 3836 5512 veteri
3867 5499 3883 5523 ,

2295 5529 2483 5596 scripta
2504 5540 2619 5581 sunt
2645 5527 3003 5584 hcecFF.DD.
3023 5538 3069 5582 et
3085 5527 3335 5600 perpetuis
3359 5544 3489 5582 caesa
3510 5529 3847 5581 monumentis
3866 5569 3880 5593 ,

2296 5600 2463 5653 noluit
2491 5599 2818 5667 extendere,
2853 5602 3096 5667 quamvis
3139 5599 3357 5669 posset,
3404 5601 3495 5653 sed
3542 5600 3593 5653 in
3644 5600 3885 5668 margine

2295 5670 2474 5740 posuit
2523 5670 2771 5724 arbitrari
2817 5686 2876 5726 se
2926 5671 3008 5724 bis
3055 5674 3193 5726 notis
3245 5670 3529 5741 signiﬁcari
3570 5670 3887 5741 dilectissimi

2294 5745 2509 5812 fratres,
2551 5741 2841 5812 quomodo
2870 5744 3123 5811 scriptum
3150 5751 3232 5797 est
3265 5740 3316 5795 in
3346 5741 3511 5797 veteri
3542 5740 3884 5812 codieeCar-

2294 5810 2487 5868 thasiae
2539 5811 2777 5882 majoris.
2826 5810 3169 5880 Galesinius,
3216 5814 3459 5883 quamvis
3510 5826 3616 5866 non
3658 5810 3882 5867 haberet
