4272 6278
396 309 498 369 θοι

1426 320 1632 377 LIBER
1672 321 1760 379 DE
1800 320 2030 383 OPERE
2070 324 2160 384 ET
2198 328 2696 394 ELEEMOSYNIS.

3593 352 3698 409 602

400 429 687 494 identidem
734 424 1072 503 cogitandum
1128 438 1462 493 renuntiasse
1515 456 1613 494 nos
1668 442 1889 508 mundo,
1937 451 1990 499 et
2017 446 2339 518 Avoiuptas
2383 452 2501 507 sine
2547 453 2739 511 timore
2783 457 3071 526 moriendi,
3116 467 3172 515 et
3217 475 3340 519 cum
3386 467 3570 521 aeterni
3603 476 3691 524 ate

400 532 667 595 tamquam
702 526 938 598 hospites
977 539 1031 585 et
1079 533 1388 603 peregrinos
1440 534 1559 589 istic
1588 544 1611 572 ιι
1643 537 1856 591 interim
1906 537 1999 592 de-

398 630 546 685 gere.
600 616 1009 688 Amplectamur
1037 622 1176 677 diem
1220 625 1309 694 qui
1358 626 1595 697 assignat
1639 628 1877 699 singulos
1902 629 1996 684 do-

401 708 606 764 micilio
652 723 772 778 suo,
816 713 905 782 qui
948 729 1048 770 nos
1076 715 1233 771 istinc
1261 711 1474 788 ereptos
1501 731 1553 774 et
1584 720 1786 791 laqueis
1822 737 1996 778 saecu-

399 800 677 856 cularibus
714 804 994 861 exsolutos
1036 808 1282 878 paradiso
1308 813 1541 867 restituit
1563 823 1617 869 et
1643 829 1832 886 regno.
1866 815 1996 883 Quis

298 922 305 923 ί
399 907 505 947 non
554 909 777 966 peregre
819 899 1138 956 constitutus
1187 915 1498 973 properaret
1557 906 1607 960 in
1639 910 1864 978 patriam
1912 924 1995 966 re—

398 985 588 1055 gredi?
617 988 737 1057 quis
768 1004 895 1053 non,
927 991 993 1046 ad
1022 1006 1148 1047 suos
1181 995 1433 1066 navigare
1461 998 1742 1067 festinans,
1773 1012 1990 1057 ventum

398 1089 715 1147 prosperum
764 1081 1008 1149 cupidius
1038 1092 1270 1153 aptaret,
1321 1096 1379 1141 ut
1407 1090 1661 1146 velociter
1688 1092 1882 1147 charos
1931 1095 1993 1149 li-

398 1177 546 1224 ceret
586 1171 873 1241 amplecti?
927 1174 1155 1229 Patriam
1207 1187 1447 1234 nostram
1494 1184 1798 1251 paradisum
1842 1200 1992 1241 com-

399 1270 649 1331 putamus
675 1262 702 1300 ι)
734 1281 747 1315 :
773 1275 1027 1333 parentes
1055 1268 1391 1326 Patriarchas
1445 1272 1643 1330 habere
1682 1277 1792 1342 jam
1820 1280 1989 1349 coepi-

394 1368 533 1408 mus.
580 1353 716 1422 Quid
752 1373 861 1411 non
893 1374 1245 1429 properamus
1272 1372 1326 1418 et
1371 1366 1641 1423 currimus
1682 1380 1736 1423 ut
1765 1373 1988 1439 patriam

393 1453 634 1500 nostram
693 1446 913 1512 videre,
972 1459 1029 1504 ut
1086 1463 1334 1520 parentes
1396 1456 1629 1513 Salutare
1681 1462 1990 1530 possimus?

392 1532 613 1606 Magnus
639 1535 747 1592 illic
773 1552 872 1593 nos
897 1538 1181 1597 charorum
1203 1560 1455 1601 numerus
1481 1559 1776 1618 exspectat,
1800 1567 1990 1622 parcn-

395 1635 530 1694 tum,
563 1626 807 1699 fratrum,
851 1631 1081 1688 ﬁliorum
1111 1635 1360 1706 frequens
1385 1654 1483 1695 nos
1502 1650 1557 1696 et
1586 1644 1805 1713 cepiosa
1832 1646 1986 1701 turba

394 1717 686 1786 desiderat,
721 1720 830 1792 jam
873 1723 939 1779 de
965 1740 1062 1781 sua
1091 1727 1459 1787 incolumitate
1485 1748 1697 1801 secura,
1731 1745 1787 1791 et
1812 1736 1987 1794 adhuc

391 1810 461 1865 de
489 1818 669 1867 nostra
699 1812 868 1869 salute
900 1816 1149 1875 sollicita.
1199 1820 1280 1875 Ad
1311 1822 1501 1878 horum
1542 1837 1892 1897 conspectum
1926 1841 1978 1887 et

390 1903 727 1973 complexum
768 1908 951 1964 venire
980 1924 1175 1980 quanta
1203 1922 1258 1969 et
1302 1915 1409 1972 illis
1451 1925 1506 1974 et
1544 1920 1699 1977 nobis
1730 1922 1783 1976 in
1830 1939 1979 1979 com-

386 2008 548 2051 mune
596 1995 777 2054 laetitia
809 2000 926 2055 θειῖ
972 2000 1154 2071 Qualis
1196 2005 1305 2062 illic
1334 2008 1637 2067 ctelestium
1684 2028 1976 2084 regnorum

2102 539 2311 594 vivendi
2364 557 2521 612 quam
2580 559 2785 600 summa
2844 557 2899 603 et
2957 562 3215 621 perpetua
3262 554 3523 619 felicitas!
3588 557 3737 615 Illic-

2100 630 2477 700 Apostolorum
2532 637 2797 706 gloriosus
2852 640 3071 707 chorus,
3132 644 3242 699 illic
3304 645 3693 716 Prophetarum

2099 726 2449 780 exultantium
2489 742 2764 797 numerus,
2816 732 2923 787 illic
2963 734 3256 807 Martyrum
3289 737 3698 795 innumerabilis

2099 818 2325 886 populus
2362 819 2433 874 ob
2479 824 2791 880 certaminis
2838 834 2892 880 et
2934 828 3198 896 passionis
3232 829 3507 885 victoriam
3536 847 3691 886 coro-

2099 920 2275 979 natus,
2294 913 2683 985 triumphantes
2713 916 2843 984 illic;
2871 918 3137 991 Virgines,
3166 938 3285 992 qua:
3306 927 3692 994 concupiscen-

2084 1003 2224 1058 tiam
2272 1007 2452 1061 carnis
2488 1017 2541 1061 et
2569 1011 2812 1077 corporis
2851 1013 3195 1069 continentiae
3220 1016 3416 1071 robore
3460 1015 3689 1088 subege-

2096 1104 2263 1163 runt;
2295 1101 2622 1154 remunerati
2655 1103 3049 1172 misericordes,
3082 1108 3169 1175 qui
3202 1107 3470 1165 alimentis
3499 1120 3553 1164 et
3581 1111 3688 1165 lar-

2094 1188 2382 1259 gitinnibus
2430 1206 2720 1261 pauperum
2772 1194 2996 1264 iustitia:
3047 1213 3209 1269 opera
3265 1200 3542 1269 fecerunt,
3598 1206 3687 1275 qni

2095 1283 2371 1339 Dominica
2402 1296 2666 1358 prmcepta
2698 1303 2977 1347 servantes
3020 1293 3085 1348 ad
3132 1296 3381 1351 cwlestes
3410 1296 3692 1354 thesauros

2094 1384 2304 1432 terrena
2336 1379 2652 1446 patrimonia
2683 1384 3087 1439 transtulerunt.
3122 1386 3200 1441 Ad
3225 1386 3345 1453 hos,
3383 1387 3580 1444 fratres
3608 1390 3690 1445 di-

2093 1467 2391 1535 lectissimi,
2425 1472 2575 1526 avida
2617 1474 2908 1542 cupiditate
2946 1493 3316 1547 properemus,
3362 1490 3418 1536 ut
3446 1497 3569 1537 cum
3606 1484 3688 1540 his

2090 1560 2197 1613 cito
2236 1560 2377 1627 esse,
2410 1572 2463 1616 ιιι
2489 1564 2598 1619 cito
2647 1566 2712 1619 ad
2753 1566 3024 1623 Christum
3057 1573 3241 1627 venire
3293 1574 3688 1648 contingatop-

2093 1660 2285 1706 temus.
2331 1652 2477 1709 Hanc
2503 1657 2881 1727 cogitationem
2913 1669 3151 1717 nostram
3190 1664 3327 1719 Deus
3355 1666 3553 1733 videat,
3587 1672 3687 1725 hoc

2092 1745 2421 1813 propositum
2472 1750 2669 1804 mentis
2700 1759 2755 1806 et
2801 1750 2927 1807 fidei
2955 1753 3213 1811 Dominus
3260 1756 3508 1815 Christus
3535 1764 3679 1832 ειερῖο

2009 1836 2055 1895 Β
2083 1840 2208 1905 ciat,
2229 1839 2452 1897 daturus
2473 1844 2552 1899 eis
2578 1846 2763 1914 gloriae
2787 1863 2900 1903 suae
2919 1851 3181 1920 ampliora
3207 1857 3423 1925 praemia
3450 1872 3681 1929 quorum

2087 1931 2231 1988 circa
2274 1949 2333 1990 se
2360 1933 2557 1992 fuerint
2602 1937 2866 1996 desideria
2915 1942 3138 2014 majora.

1615 2123 2000 2186 LECTIONES
2039 2129 2125 2187 VA
2136 2132 2456 2191 RIANTES.

450 2224 477 2253 τι
511 2221 603 2273 Hic
630 2225 767 2295 Lam,
787 2227 1094 2281 Saris.Bod.
1121 2230 1241 2294 1,2,
1261 2233 1311 2295 5,
1335 2233 1385 2284 4.

2143 2241 2172 2280 ιι
2207 2245 2306 2297 Nos
2328 2249 2601 2309 paradisum
2619 2260 2959 2316 computemus
2983 2253 3108 2305 Bod.
3131 2256 3180 2305 2.

1613 2335 1859 2406 STEPH.
1902 2350 2173 2410 BALUZII
2209 2353 2440 2413 NOTAE}.

390 2452 528 2537 hanc
568 2457 938 2537 auctoritatem
970 2501 985 2526 ,
1032 2461 1111 2517 sic
1150 2462 1226 2537 in__
1255 2463 1350 2537 sua
1400 2461 1637 2520 editione
1675 2467 1854 2537 posuit
1902 2467 1976 2522 uti

390 2523 557 2599 Tilius
591 2528 896 2599 conjecerat
936 2523 1056 2587 esse
1105 2534 1467 2589 scribendum.

458 2596 841 2667 Amplectamur
876 2602 1029 2657 diem.
1069 2602 1210 2658 Citat
1238 2605 1380 2660 hunc
1426 2605 1600 2659 locum
1636 2616 1851 2662 sanctus
1875 2609 1984 2662 Au-

389 2669 632 2794 gllSliléilS
672 2670 764 2725 lib.
800 2686 878 2735 tv,
928 2684 1106 2728 contra
1132 2674 1262 2730 duas
1297 2675 1538 2747 epistolas
1566 2674 1983 2748 Pelagianorum,

390 2752 507 2794 can.
587 2781 596 2792 .

390 2752 507 2807 cap.
542 2752 596 2794 δ.

462 2809 530 2863 Et
567 2826 746 2889 regno.
763 2812 932 2889 Antea
964 2813 1239 2885 legebatur
1263 2827 1309 2889 et
1347 2833 1504 2889 regno
1533 2817 1736 2873 caelesti.
1794 2818 1987 2874 Verum
2023 2846 2039 2861 -

388 2894 495 2958 vox
538 2882 733 2958 falcati
783 2882 1055 2958 glossema
1100 2897 1188 2958 est
1259 2882 1493 2944 homi'nis
1555 2890 1646 2958 qui
1713 2890 1987 2945 nesciebat

386 2950 716 3031 Cyprianum
765 2950 838 3007 u'ti
883 2956 1407 3031 simpliciterverbo
1469 2950 1616 3030 regni
1663 2961 1728 3015 ad
1778 2961 1984 3031 signifi-

387 3022 620 3076 candum
662 3037 881 3102 regnum
926 3022 1165 3102 Christi,
1210 3029 1259 3102 id
1299 3039 1381 3085 est
1408 3022 1646 3086 coeléste.
1699 3031 1809 3102 Ego
1827 3022 1987 3087 "sane

388 3094 794 3172 vocem_coele_s_ti
824 3098 996 3166 reperi
1017 3098 1078 3172 in
1100 3099 1307 3155 duobus
1334 3101 1606 3157 codicibus
1633 3094 1887 3172 antiquis.
1918 3103 1987 3159 At

2085 2471 2335 2547 tribuitur
2358 2473 2603 2547 Alcuino.
2643 2475 2921 2539 Ruricius,
2959 2478 3239 2547 episcOpus
3268 2477 3685 2542 [.emovieensie,

2086 2542 2123 2626 ξ.
2145 2558 2202 2607 ιι,
2222 2543 2386 2631 Ιξρῑει.
2412 2547 2445 2599 4
2475 2544 2709 2627 :Credita
2739 2549 2882 2631 mihi,
2919 2542 3103 2619 fratres
3129 2542 3433 2631 charissimi,
3457 2552 3574 2631 quia
3601 2552 3689 2631 illa

2078 2613 2192 2687 iam
2220 2613 2395 2687 desita
2426 2617 2587 2687 quiete
2611 2635 2804 2684 secura,
2839 2622 2901 2673 de
2919 2613 3100 2673 nostra
3143 2630 3215 2674 est
3250 2613 3429 2675 salute
3449 2613 3685 2675 sollicita.

2093 2682 2222 2763 Xide
2276 2682 2707 2763 dissertationem
2772 2682 2921 2763 sitv"
2990 2691 3199 2763 Maximi
3252 2691 3421 2763 Tyrii.
3479 2692 3691 2763 Primus

2090 2752 2347 2808 Erasmus
2375 2759 2548 2824 posuit
2572 2760 2968 2815 immortalitate.
3001 2762 3130 2816 Eam
3162 2752 3444 2817 lectit'mem
3467 2762 3686 2817 retinuit

2092 2824 2520 2901 editi0__Mattttt_ii.
2552 2829 2821 2901 Morellius
2844 2832 3031 2899 rcjecit
3054 2842 3107 2886 et
3130 2834 3683 2901 posuitittcolumitatt'.

2093 2894 2360 2968 Pamelius
2384 2938 2399 2962 ,
2449 2898 2709 2968 Rigaltius
2749 2910 2802 2954 et
2842 2894 2927 2955 alii
2959 2894 3684 2956 malueruntimmortalitate.

2093 2966 2205 3039 Duo
2234 2976 2325 3020 aut
2357 2968 2453 3022 tria
2484 2966 2662 3023 vetera
2691 2972 3015 3039 exemplaria
3049 2991 3060 3025 :
3097 2972 3219 3025 Jam
3261 2974 3323 3025 de
3352 2989 3444 3025 sua
3472 2975 3635 3025 securi
3665 3015 3680 3035 ,

2090 3037 2257 3089 adhuc
2273 3038 2335 3090 de
2359 3048 2533 3093 nostra
2560 3037 2905 3095 incolumitate
2928 3041 3428 3097 solliciti.Weselius
3453 3041 3656 3097 Gronin
3672 3073 3684 3082 -

2088 3108 2268 3176 gensis
2311 3110 2361 3182 in
2386 3110 2625 3182 epistola,
2641 3111 2704 3165 ad
2734 3112 3065 3166 Bernardum
3099 3112 3440 3182 Meppertsem
3478 3130 3490 3167 :
3525 3112 3688 3167 Orant

387 3162 542 3246 deest
584 3165 636 3218 in
673 3166 790 3220 aliis
818 3162 1222 3237 quatuordecim
1255 3175 1452 3228 nostris
1479 3183 1530 3229 et
1575 3175 1624 3227 in
1656 3162 1780 3228 octo
1802 3174 1985 3244 Angli-
2012 3198 2057 3261 ρ
2089 3162 2208 3261 ire
2238 3162 2767 3261 nobir'defttvaa‘ti—ut—
2783 3162 3106 3261 invni—[lorarii
3150 3162 3352 3253 felicem
3401 3184 3688 3238 societatem

389 3236 557 3290 canis.

462 3304 541 3360 De
580 3323 673 3360 sua
706 3309 1075 3367 incolumitate.
1124 3313 1247 3368 llazc
1297 3324 1379 3369 est
1431 3314 1591 3368 lectio
1620 3315 1862 3369 omnium
1890 3330 1985 3368 ve-
2013 3346 2025 3356 -

391 3384 559 3450 terum
599 3378 895 3450 editionum
929 3426 943 3447 ,
1009 3385 1247 3439 omnium
1292 3386 1546 3439 librorum
1595 3397 1898 3439 nostrorum
1929 3394 2002 3450 et,

389 3447 1082 3524 deccm_A:.glicanorum;
1139 3466 1299 3524 atque
1351 3457 1418 3510 ita
1477 3455 1712 3511 referunt
1761 3466 1978 3510 sanctus

387 3517 731 3587 Augustinus
768 3524 818 3576 in
848 3524 1000 3577 libro
1040 3528 1102 3579 de
1156 3517 1612 3581 Pi-tvdestinatione
1669 3527 1980 3582 Sanctorum

386 3592 493 3668 c._'l
507 3590 560 3654 9,
606 3603 658 3668 et
686 3604 867 3647 auctor
886 3593 1163 3652 Sermonis
1192 3598 1243 3650 in
1268 3599 1393 3668 festo
1419 3597 1728 3653 Sanctorum
1752 3600 1978 3652 omnium

386 3659 659 3751 editnswin
707 3668 997 3747 appendicc
1027 3668 1153 3748 torui
1202 3684 1233 3750 γ
1268 3659 1505 3751 'Operurn
1536 3669 1775 3751 ejusdem
1808 3670 1978 3751 sancti

387 3745 507 3801 pag.
541 3733 667 3802 550,
701 3737 787 3806 qui
826 3746 997 3792 exstat
1025 3738 1186 3792 etiam
1207 3733 1460 3795 incodice
1491 3733 1828 3795 boiniliarum
1887 3740 1976 3809 qui

394 3884 962 3913 —'—-———~

589 4177 859 4320 DE
953 4173 1624 4325 OPEBE

2091 3250 2442 3323 traducamar.
2473 3251 2607 3306 Vide
2638 3267 2793 3322 supra
2832 3269 2951 3323 pag.
2984 3254 3111 3311 467.

2162 3320 2428 3375 Passionis
2466 3320 2748 3377 victoriam.
2786 3320 3044 3378 liuo'libri
3071 3332 3281 3380 veteres
3308 3325 3545 3380 ctoriam.

2159 3390 2350 3446 Gloria:
2372 3409 2495 3446 sum.
2539 3393 2818 3448 Tredecim
2875 3394 2993 3449 libri
3045 3405 3252 3450 veteres
3300 3390 3500 3450 [tabent
3531 3396 3689 3450 clari-

2085 3464 2230 3537 tatis,
2258 3464 2516 3537 vocabulo
2542 3464 2977 3534 lrequentissimo
3008 3466 3146 3536 apud
3198 3466 3545 3537 Cyprianum.
3578 3466 3683 3521 Alii

2082 3534 2316 3601 quinque
2353 3534 2619 3589 altat-inuis
2643 3577 2657 3599 ,
2702 3551 2889 3591 errore
2940 3534 3184 3593 videlicet
3213 3534 3549 3592 librariorum
3593 3555 3688 3606 pro

2080 3604 2345 3677 claritatis.
2388 3606 2445 3659 ln
2474 3606 2641 3661 tribus
2671 3608 2789 3661 aliis
2814 3609 3069 3677 scriptum
3097 3619 3201 3673 est,
3232 3609 3442 3663 daturus
3480 3610 3551 3663 eis
3572 3604 3684 3664 am-
3742 3640 3745 3641 ν

2081 3676 2313 3745 plissima
2333 3693 2546 3731 munera
2572 3687 2616 3732 et
2636 3679 2886 3734 claritatis
2907 3676 3014 3733 sua:
3036 3681 3266 3750 prwmia.

1902 4008 2240 4082 LIBER

1704 4171 1948 4323 ET
2028 4175 3234 4327 ELEEMOSYN
3244 4180 3464 4326 IS.

1775 4432 2295 4488 ο>>>>>>νδί>ιε<ἔ<<ε³

450 4576 493 4631 1.
526 4574 718 4631 Maura
739 4584 791 4629 et
823 4589 1013 4645 magna
1040 4585 1183 4643 sunt,
1206 4576 1399 4633 fratres
1432 4588 1453 4615 ο
1488 4575 1784 4633 charissimi
1817 4575 1979 4630 bene-
2002 4578 2057 4639 1)
2084 4590 2298 4647 semper
2337 4584 2609 4647 operetur,
2650 4576 2789 4647 quod
2831 4576 3216 4631 conservandis
3254 4591 3318 4632 ac
3353 4577 3684 4635 vivificandis

380 4668 567 4724 ncficia
597 4670 772 4723 divina
805 4668 994 4737 quibus
1035 4670 1086 4724 in
1120 4671 1347 4726 salutem
1395 4681 1633 4726 nostram
1672 4670 1766 4725 Dei
1804 4668 1978 4724 Patris

378 4772 431 4818 et
456 4762 651 4818 Citriin
683 4763 826 4834 larga
852 4774 904 4822 et
930 4765 1146 4834 copiosa
1177 4766 1464 4823 clementia
1491 4775 1548 4822 et
1573 4774 1793 4836 operata
1832 4764 1903 4819 sit
1928 4770 1980 4819 et

2087 4668 2242 4723 nobis
2289 4668 2447 4723 Pater
2495 4669 2689 4723 Filium
2734 4668 2897 4729 misit,
2946 4676 3005 4722 ut
3047 4684 3299 4738 reparare
3342 4685 3440 4723 nos
3484 4682 3682 4740 posset,

2086 4759 2334 4830 quodque
2362 4759 2526 4814 Filius
2556 4760 2751 4815 missus
2771 4773 2893 4815 esse
2920 4768 2973 4815 et
3002 4759 3231 4816 hominis
3274 4761 3412 4817 titius
3444 4763 3558 4819 fieri
3587 4779 3683 4818 vo-

1615 4874 1996 4936 LECTIONES
2035 4871 2450 4929 VARIANTES.

442 4969 464 4997 ε
502 4965 820 5018 Dilectissimi
845 4968 938 5018 Ar.

1619 5052 1868 5112 STEPH.
1907 5016 2178 5112 BALUZII
2216 5050 2444 5109 Nam.

447 5167 535 5221 DE
563 5167 792 5223 OPEliE
824 5168 915 5224 ET
940 5168 1439 5227 ELEEMOSYNIS.
1480 5169 1557 5225 De
1590 5169 1695 5224 hoc
1730 5169 1866 5224 libro
1895 5168 1974 5223 sic

373 5237 846 5323 quuitur-sanctus
870 5240 1233 5323 llierouymus
1267 5243 1318 5296 iu
1351 5242 1584 5323 Epistola
1624 5241 1692 5323 ad
1724 5240 1971 5323 Ραιιιιῃαξ

370 5310 539 5363 chium
585 5312 652 5364 de
673 5382 684 5394 .
705 5312 1048 5395 liormitione
1074 5310 1318 5395 Pauli-nte.
1340 5331 1354 5367 :
1386 5312 1617 5395 Quantas
1634 5313 1769 5395 rit-es
1784 5312 1974 5395 ΔΙιιιιςςιιι

368 5382 717 5463 tttisericordia
746 5394 794 5465 et
812 5384 1253 5465 quibusdonanda
1275 5386 1338 5465 sit
1353 5384 1598 5465 praemiis,
1615 5382 1856 5465 debemus
1877 5382 1950 5464 (1y-

370 5453 583 5520 primm;
610 5454 794 5522 grandi
821 5456 1081 5534 volumine
1101 5453 1439 5534 pro-sequitur,
1468 5465 1511 5534 et
1541 5454 1768 5534 Danaidis
1786 5453 1973 5534 .consi-

370 5522 497 5575 lium
531 5525 730 5591 probat,
764 5526 849 5592 qui
872 5542 1036 5595 regem
1067 5522 1440 5594 impiissimum,
1460 5526 1503 5578 si
1524 5525 1701 5578 audire
1717 5523 1969 5588 voluisset,

367 5594 488 5675 dicit
512 5612 793 5675 parmarum
824 5594 1185 5675 sttstentatione
1224 5596 1541 5675 saluandam.
1730 5665 1759 5675 __

440 5663 480 5717 Ι.
501 5663 570 5702 4—
600 5663 651 5716 Μ
661 5668 766 5719 alta
796 5678 841 5719 et
879 5684 1085 5737 magna.
1111 5666 1367 5745 lliqlneus
1402 5671 1452 5745 in
1472 5681 1700 5745 gra'cam
1730 5665 1963 5745 linguam

365 5739 556 5788 verSus
578 5738 813 5809 prolatus
844 5748 927 5793 est
967 5735 1019 5790 in
1051 5736 1279 5789 concilio
1324 5735 1598 5816 Ephesiae
1641 5739 1781 5816 inter
1813 5736 1962 5816 tes.ti«

367 5798 828 5864 monia-Patrum
898 5819 952 5864 ct
1028 5819 1319 5876 martyrum
1373 5798 1650 5862 adversus
1715 5808 1960 5860 hurredtu

2075 5167 2327 5223 Nestorii.
2358 5164 2541 5234 Itaque
2572 5163 2623 5216 iu
2646 5160 2861 5231 antiqua
2878 5161 3136 5234 versione
3158 5163 3308 5218 istius
3332 5166 3542 5220 concilii
3568 5182 3673 5221 non

2075 5232 2467 5293 dcscrihtmtttr‘
2493 5234 2741 5306 Cypriani
2783 5232 2939 5287 verba
2975 5274 2990 5298 ,
3025 5233 3118 5287 sed
3172 5235 3274 5289 alia
3305 5241 3561 5290 ll‘tittslnlzt
3613 5256 3675 5293 ex

2068 5323 2253 5379 graeco
2303 5303 2583 5362 sermone.
2621 5303 2822 5379 Esstat
2845 5319 2906 5379 ea
2938 5306 3115 5379 versit)
3144 5306 3283 5360 inter
3314 5309 3485 5377 Ops-ra
3529 5309 3675 5362 Marii

2078 5374 2407 5441 Klet'catoris,
2444 5392 2560 5447 pag.
2613 5375 2715 5429 180
2743 5374 3251 5447 editionisnostrte.
3319 5374 3469 5432 liuue
3514 5394 3676 5447 porro

2079 5451 2254 5505 locum
2309 5446 2704 5503 lectum'fuisse
2747 5446 2799 5498 in
2843 5446 3074 5500 concilio
3115 5456 3338 5502 testatur
3366 5451 3524 5503 etiam
3555 5450 3675 5504 viu-

2078 5523 2286 5577 centius
2320 5521 2635 5574 Lirinensis.

2072 5585 2096 5595 “
2154 5590 2365 5644 Filiam
2398 5590 2553 5643 misit.
2618 5585 3047 5659 [proditionibus
3091 5591 3479 5659 posterioribus
3523 5600 3577 5645 et
3622 5592 3675 5646 iu

2071 5663 2239 5716 tribus
2292 5660 2525 5731 antiquis
2584 5656 2877 5731 codicibus
2914 5656 3109 5731 legitur
3139 5661 3303 5731 ﬁliam
3340 5678 3505 5714 suum,
3535 5664 3677 5717 sane

2066 5747 2167 5787 vox
2198 5749 2349 5786 suum
2390 5727 2570 5785 exstat
2598 5731 2648 5782 in
2678 5727 2910 5803 [cpistola
2941 5728 3085 5803 Pauli
3121 5731 3187 5782 ad
3219 5730 3452 5803 Galatas,
3478 5750 3539 5786 ex
3570 5749 3676 5803 qua

2064 5814 2310 5875 sumptus
2335 5812 2418 5859 est
2463 5803 2549 5858 hic
2579 5800 2749 5856 locus.
2801 5798 2987 5854 Exstat
3007 5800 3170 5855 etiam
3218 5802 3312 5859 lib.
3353 5818 3387 5858 ιι
3423 5798 3675 5859 Testimo-
