4302 6296
384 338 498 400 805

1401 286 1608 392 LIDER
1639 335 1728 392 DE
1768 331 1997 393 OPE-RE
2029 331 2127 392 ET
2164 332 2669 393 ELEEMOSYNIS.

3584 322 3745 395 (ὧδ’

458 456 547 514 ιγ.
590 455 889 527 Numquam
916 453 1168 527 denique,
1199 452 1391 510 fratres
1418 453 1771 519 dilectissimi,
1801 453 1988 507 adtno-
2016 452 2068 512 Α
2096 452 2209 523 i5).
2258 450 2439 523 Neque
2486 452 2627 507 enim
2670 452 2964 522 promereri
3012 452 3432 509 misericordiam
3482 453 3688 510 Domini

382 553 516 608 uitio
539 549 712 605 divina
740 549 971 605 cessavit
993 557 1048 605 et
1072 547 1234 603 tacuit
1253 557 1280 586 ιι
1304 546 1590 618 quominus
1614 547 1664 600 in
1697 545 1986 616 Scripturis

383 643 584 701 sanctis
612 652 724 715 tam
751 642 1025 698 veteribus
1056 655 1212 711 quun
1242 638 1394 695 novis
1414 638 1441 677 ι)
1470 652 1680 708 semper
1710 646 1762 692 et
1793 637 1987 708 ubique

383 737 452 793 ad
496 733 882 791 misericordiae
916 716 1076 804 opera
1116 732 1207 787 Dei
1252 731 1477 801 pepulus
1517 739 1896 799 provocaretur
1921 741 1982 795 ‘-‘;

385 838 441 886 et
468 836 697 883 canente
728 836 887 896 atque
918 822 1471 890 exhortanteSph-itu
1517 830 1722 887 sancto,
1746 820 1986 891 quisquis

342 920 347 933 '
387 919 454 975 atl
481 934 629 990 Spem
655 918 802 988 regni
831 915 1067 972 etelestis
1091 912 1392 979 instruitur,
1421 912 1595 967 facere
1615 912 1985 982 cleemosynas

381 1013 625 1084 jubetnr.
655 1009 869 1064 Mandat
906 1018 960 1064 et
1005 1006 1248 1078 praecipit
1292 1006 1465 1060 Esaia:
1496 1006 1635 1059 Deus
1665 1023 1676 1057 :
1711 1002 1982 1068 Exclamo,

384 1103 581 1173 inquit,
604 1102 655 1154 in
677 1100 993 1172 fortitudine,
1023 1109 1067 1152 et
1096 1098 1202 1152 noli
1233 1114 1455 1167 parcere.
1489 1096 1636 1151 Sicut
1668 1096 1787 1149 tuba
1815 1095 1985 1149 exulta

383 1210 553 1250 vocem
584 1204 743 1257 tuam,
775 1200 819 1246 et
851 1192 1098 1245 annuntio
1125 1190 1257 1259 plebi
1288 1206 1412 1244 mea:
1443 1200 1646 1259 peccata
1684 1190 1907 1258 ipsorum
1935 1198 1985 1243 et

384 1285 560 1341 domui
587 1284 748 1339 Jacob
774 1279 1242 1353 facinm‘adeorum
1284 1280 1416 1353 (Isa.
1451 1297 1612 1346 mu,
1648 1280 1726 1351 1).
1764 1281 1832 1336 Et
1858 1297 1977 1336 cum

382 1388 603 1450 peccata
624 1380 701 1433 eis
727 1393 821 1432 sua
845 1376 1158 1447 esprobrari
1184 1376 1781 1446 pr.rcepisset,cumque
1797 1391 1981 1432 eorum

382 1469 620 1528 facinora
646 1470 804 1541 pleno
825 1468 1210 1539 indignationis
1230 1469 1431 1539 impetu
1454 1468 1781 1539 protulisset,
1816 1468 1981 1524 dixis-

381 1573 573 1635 setque
601 1578 695 1620 eos
718 1576 842 1630 nec,
880 1562 926 1618 si
962 1562 1295 1617 orationibus
1319 1572 1372 1616 et
1405 1562 1649 1632 precibus
1675 1571 1730 1617 et
1762 1562 1981 1632 jejuniis

381 1668 683 1727 uterentur,
716 1657 1020 1713 satisfacere
1051 1671 1147 1726 pro
1175 1656 1383 1711 delictis
1401 1671 1574 1725 posse,
1597 1671 1715 1723 nec,
1747 1658 1790 1711 si
1822 1655 1873 1710 in
1898 1657 1979 1713 ei-

381 1751 508 1810 licio
538 1762 592 1809 et
627 1751 808 1807 cinere
841 1752 1206 1827 volverentur,
1257 1748 1393 1804 iram
1441 1749 1535 1805 Dei
1587 1764 1745 1821 posse
1786 1749 1976 1829 lenire,

2090 546 2289 616 peterit
2317 544 2403 615 qui
2438 544 2744 600 misericors
2780 548 2894 614 ipse
2927 562 3028 601 non
3061 546 3233 610 luerit,
3266 556 3355 599 aut
3386 546 3690 615 impetrabit

2091 636 2158 691 de
2187 636 2362 691 divina
2406 637 2602 705 pietate
2643 636 2843 707 aliquid
2875 637 2924 690 in
2959 638 3207 707 precibus
3243 638 3329 708 qni
3369 639 3431 691 ad
3477 655 3688 709 prerem

2090 730 2343 800 pauperis
2377 744 2480 782 non
2521 728 2680 782 fuerit
2720 730 3005 782 humanus.
3035 729 3188 796 Quod
3223 731 3345 784 item
3388 732 3437 784 in
3470 732 3690 787 Psalmis

2091 822 2324 893 Spiritus
2354 831 2572 877 sanctus
2593 821 2830 876 declarat
2857 830 2911 877 et
2937 822 3125 891 prohat
3151 822 3334 877 dicens
3361 842 3373 878 :
3396 822 3580 879 Beatus
3606 826 3691 894 qui

2089 916 2323 985 intelligit
2349 933 2499 984 super
2528 931 2736 985 egenum
2761 926 2785 955 ιε
2818 923 2862 968 et
2894 931 3190 987 pauperem,
3218 915 3269 968 in
3296 917 3377 969 die
3404 918 3538 971 mala
3569 917 3691 971 libe-

2087 1008 2217 1061 rabit
2246 1024 2359 1061 eum
2396 1007 2644 1062 Dominus
2676 1006 2846 1080 (Psal.
2895 1023 2983 1073 XL,
3018 1007 3091 1077 2).
3124 1008 3363 1075 Quorum
3394 1019 3689 1077 prmcepto-

2088 1112 2203 1151 rum
2251 1113 2460 1153 memor
2507 1098 2715 1164 Daniel,
2765 1113 2885 1152 cum
2932 1114 3027 1153 rex
3072 1097 3567 1154 Nabuchodonosor
3592 1100 3689 1153 atl-

2087 1204 2245 1243 verso
2275 1189 2487 1244 sonuiio
2520 1191 2735 1244 territus
2763 1199 3035 1257 restitaret,
3069 1206 3164 1261 pro
3202 1192 3512 1247 avertendis
3537 1192 3691 1249 malis

2087 1281 2154 1335 ad
2183 1282 2418 1337 divinam
2448 1298 2604 1353 opem
2646 1283 3036 1353 impetrandam
3083 1284 3379 1340 remedium
3417 1285 3564 1340 dedit
3607 1288 3690 1341 di-

2087 1387 2217 1429 cens
2250 1392 2261 1428 :
2293 1373 2596 1444 Propterea,
2632 1392 2739 1441 rex,
2780 1377 3048 1430 consilium
3074 1394 3239 1431 meum
3280 1378 3478 1448 placeat
3502 1378 3611 1446 tibi,
3644 1391 3689 1434 et

2087 1476 2291 1536 peccata
2319 1475 2404 1520 tua
2432 1468 2761 1538 eleemosynis
2798 1468 2985 1522 redime
3013 1478 3058 1523 et
3090 1470 3368 1535 iniustitias
3395 1478 3507 1525 tuas
3540 1471 3689 1526 mise-

2084 1558 2363 1613 rationibus
2385 1577 2685 1631 pauperum,
2714 1569 2759 1614 et
2783 1561 2877 1614 erit
2905 1560 3040 1615 Deus
3065 1578 3274 1631 parcens
3292 1563 3315 1596 ³⁸
3341 1563 3559 1631 peccatis
3587 1564 3687 1618 tuis

2088 1651 2250 1722 (Dan.
2293 1668 2366 1716 tv,
2397 1652 2514 1724 24).
2555 1651 2652 1708 Cui
2708 1668 2801 1708 rex
2858 1668 2962 1708 non
3012 1654 3412 1725 obtemperans,
3465 1654 3686 1711 adversa

2084 1758 2205 1814 qua:
2232 1744 2437 1799 viderat
2472 1753 2527 1800 et
2554 1744 2743 1800 infesta
2777 1760 3063 1816 perpessus
3089 1756 3171 1803 est
3200 1762 3213 1800 :
3242 1762 3359 1831 quae
3387 1747 3614 1803 evadere
3634 1758 3689 1805 et

380 1843 436 1899 in
487 1843 775 1898 novissima
823 1852 1002 1897 tamen
1050 1851 1220 1910 parte,
1245 1840 1619 1898 demonstrans
1658 1840 1787 1897 solis
1831 1841 1978 1896 elee-
2010 1848 2057 1909 Β
2085 1838 2253 1893 vitare
2277 1837 2555 1909 potuisset,
2581 1837 2622 1892 si
2642 1838 3687 1910 peccatasuaeleemosynisredemisset.

378 1936 619 2013 mosynis
648 1934 820 1990 Deum
856 1949 1017 2006 posse
1038 1932 1257 2004 placari,
1285 1931 1489 1988 addidit
1515 1932 1699 1989 dicens
1729 1952 1739 1987 :
1776 1932 1984 2005 Frange

378 2028 619 2084 esurienti
649 2045 834 2099 panem
860 2035 1020 2095 tuum,
1059 2038 1104 2082 et
1128 2043 1308 2098 egenos
1336 2027 1445 2081 sine
1474 2036 1599 2081 tecto
1627 2027 1780 2082 induc
1808 2029 1861 2083 in
1890 2028 1982 2084 do-

378 2139 517 2178 mum
546 2131 703 2177 tuam.
738 2122 798 2178 Si
836 2122 1019 2177 videris
1049 2121 1259 2186 nudum,
1301 2122 1425 2176 vesti
1452 2138 1585 2189 eum,
1610 2129 1656 2176 et
1684 2123 1996 2179 domesticos

381 2216 585 2271 seminis
624 2216 696 2269 tui
738 2232 840 2270 non
869 2214 1138 2285 despicias.
1182 2213 1326 2268 Tunc
1352 2222 1577 2283 erumpet
1607 2224 1982 2285 temporaneunt

384 2310 553 2366 lumen
581 2322 742 2375 tuum,
777 2319 823 2365 et
853 2310 1145 2390 vestimenta
1179 2316 1267 2363 tua
1299 2309 1397 2362 cito
1426 2308 1676 2374 orientur,
1709 2319 1755 2361 et
1785 2310 1984 2379 prwibit

382 2414 497 2458 ante
544 2412 594 2457 te
632 2402 857 2472 justitia,
901 2411 946 2455 et
990 2401 1196 2456 claritas
1242 2399 1337 2453 Dei
1377 2399 1705 2453 circumdabit
1742 2410 1806 2454 te.
1838 2399 1983 2455 Tunc

380 2497 718 2557 exclamabis.
767 2505 814 2550 et
856 2494 987 2551 Deus
1014 2494 1249 2550 exaudiet
1288 2505 1354 2549 te.
1388 2491 1523 2546 Dum
1563 2492 1730 2546 adhuc
1766 2493 1983 2563 loqueris

382 2592 512 2646 dicet
540 2605 559 2645 :
584 2590 717 2644 Ecce
748 2589 926 2644 adsunt
954 2587 1001 2657 (1
1011 2587 1141 2654 bid.,
1169 2586 1309 2658 7-9).

459 2683 522 2738 V.
576 2680 882 2746 Remediaf'
927 2678 1264 2752 propitiando
1312 2678 1420 2734 Deo
1462 2678 1627 2748 ipsius
1671 2677 1763 2732 Dei
1803 2676 2021 2748 verbis_

383 2776 508 2832 data
538 2782 683 2841 sunt,
715 2772 839 2843 quid
866 2772 1123 2847 deberent
1152 2772 1325 2826 facere
1365 2779 1653 2841 peccantes
1682 2769 1983 2840 magisteria

384 2868 565 2924 divina
597 2866 917 2929 docuerunt,
951 2862 1351 2939 Operationibus
1387 2862 1546 2933 justis
1574 2862 1683 2917 Deo
1712 2859 1981 2927 satisﬁeri,

383 2957 773 3016 misericordia:
804 2956 1007 3011 meritis
1038 2964 1255 3026 peccata
1287 2955 1518 3033 purgari.
1554 2954 1621 3009 Et
1650 2952 1789 3024 apud
1829 2953 1982 3007 Salo-

383 3067 599 3108 tnoncm
631 3051 857 3122 legimus
888 3066 899 3101 :
926 3046 1183 3103 Conclude
1213 3048 1579 3117 eleemosynam
1609 3048 1660 3100 in
1688 3046 1837 3101 corde
1858 3063 1985 3116 pau-

382 3146 515 3218 peris
545 3143 591 3211 τ,
626 3154 670 3198 et
719 3147 825 3198 Ita'c
856 3160 946 3213 pro
978 3151 1024 3195 te
1067 3139 1293 3195 exorabit
1331 3139 1391 3193 ab
1419 3140 1557 3194 omni
1595 3140 1749 3194 malo.
1785 3140 1848 3194 Et
1887 3140 1985 3196 ite-

2087 1930 2324 2001 Raphael
2343 1945 2555 2001 quoque
2570 1931 2791 2001 angelus
2805 1931 2950 2002 paria
2990 1930 3003 1968 ί
3040 1940 3285 1999 testatur,
3305 1941 3356 1987 et
3381 1942 3435 1987 ut
3454 1934 3692 1989 cleemo-

2085 2037 2217 2094 syna
2254 2022 2483 2079 libenter
2513 2038 2576 2078 ac
2618 2024 2834 2095 largiter
2876 2024 2970 2078 tiat
3006 2022 3252 2081 hortatur
3287 2027 3475 2082 dicens
3504 2044 3517 2081 :
3545 2025 3689 2083 Bona

2085 2126 2156 2173 est
2177 2118 2341 2171 oratio
2367 2118 2380 2167 i
2423 2134 2537 2171 cum
2556 2118 2758 2189 jejunio
2778 2126 2826 2173 et
2851 2120 3167 2190 elemosyna
3190 2120 3347 2190 :quia
3370 2121 3688 2193 eleemosyna

2086 2228 2117 2265 a
2157 2220 2317 2266 morte
2342 2211 2539 2277 liberat,
2582 2220 2629 2265 et
2655 2212 2768 2281 ipsa
2795 2221 2978 2283 purgat
3036 2223 3244 2282 peccata
3283 2212 3433 2272 (Τοῦ.
3479 2230 3575 2283 xu,
3602 2214 3683 2287 8).

2084 2301 2331 2360 Ostendit
2353 2306 2624 2361 orationes
2653 2315 2862 2361 nostras
2887 2320 2949 2362 ac
2972 2306 3174 2377 jejunio
3196 2306 3370 2362 minus
3400 2322 3557 2378 posse
3587 2311 3685 2364 nisi

2085 2397 2441 2469 eleemosynis
2482 2398 2798 2468 adiuventur
2827 2396 3300 2469 k,;deprecationes
3326 2390 3468 2477 solas
3500 2416 3683 2470 parum

2084 2489 2150 2545 ad
2207 2491 2599 2561 impetrandum
2654 2493 2851 2559 valere,
2910 2494 3011 2549 nisi
3058 2493 3317 2549 factorum
3364 2503 3419 2550 et
3462 2509 3685 2566 operum

2085 2586 2396 2641 accessione
2426 2586 2495 2620 ’⁸⁸
2522 2589 2783 2644 satientur
2812 2586 2853 2641 ι.
2884 2588 3106 2643 Revelat
3151 2588 3387 2660 Angelus
3424 2598 3478 2645 et
3517 2591 3689 2663 mani-

2086 2675 2247 2732 festat
2272 2688 2326 2732 et
2358 2678 2534 2733 firmat
2554 2681 2913 2751 eleemosynis
2939 2680 3227 2750 petitiones
3261 2690 3477 2736 nostras
3501 2680 3686 2736 efﬁca-

2088 2783 2179 2824 ces
2202 2770 2335 2835 lieri,
2364 2770 2721 2841 eleemosynis
2744 2772 2906 2826 vitam
2932 2771 3003 2827 de
3028 2771 3276 2843 periculis
3306 2771 3517 2839 redimi,
3548 2772 3687 2827 elec-

2087 2862 2328 2931 mosynis
2355 2863 2561 2917 animas
2587 2877 2616 2917 a
2644 2871 2816 2919 morte
2844 2863 3080 2919 liberari.

2160 2948 2247 3008 Vl.
2289 2954 2398 3011 Nec
2432 2955 2529 3023 sic,
2562 2954 2752 3010 fratres
2790 2954 3111 3018 charissimi,
3149 2956 3247 3010 ista
3280 2954 3599 3024 proferimus
3623 2963 3682 3010 ut

2087 3066 2194 3107 non
2230 3050 2370 3122 quod
2414 3048 2650 3119 Raphael
2682 3048 2902 3120 angelus
2929 3043 3071 3104 dixit'
3097 3047 3338 3104 veritatis
3378 3049 3687 3104 testimonio

2088 3143 2500 3215 comprobemus
2533 3160 2546 3197 :
2574 3143 2627 3196 in
2652 3141 2873 3197 Actibus
2900 3146 2937 3177 ιιι
2978 3139 3358 3212 Apostolorum
3388 3138 3512 3196 facti
3551 3141 3687 3198 ﬁdes

381 3253 504 3295 rum
536 3257 549 3293 :
585 3239 684 3313 Qui
722 3238 920 3291 obturat
950 3252 1097 3290 aures
1138 3250 1200 3289 ne
1233 3234 1408 3287 audiat
1438 3233 1758 3302 imbecillum,
1804 3244 1849 3288 et
1879 3236 1987 3305 ipse
2012 3245 2059 3309 ο
2092 3238 2262 3308 posita
2302 3246 2404 3304 est,
2447 3244 2501 3292 et
2538 3234 2680 3306 quod
2720 3233 3098 3306 elecmosynis,
3152 3250 3256 3288 non
3289 3242 3491 3288 tantum
3534 3248 3565 3287 ει
3594 3248 3685 3288 sc-

380 3331 627 3387 invocabit
650 3329 835 3399 Deum,
859 3338 904 3385 et
927 3345 1029 3383 nou
1050 3328 1145 3383 erit
1161 3327 1250 3399 qui
1269 3327 1507 3383 exaudiat
1535 3343 1647 3381 eum
1667 3327 1845 3399 (Prov.
1870 3345 1982 3398 xxt,

2094 3329 2287 3397 eunda,
2318 3328 2409 3385 sed
2436 3345 2465 3383 a
2496 3328 2665 3400 prima
2692 3336 2865 3384 morte
2890 3325 3086 3382 animm
3125 3325 3417 3382 liberentur
3445 3336 3608 3397 gestae
3634 3334 3688 3381 ct

1621 3442 2005 3505 LECTIONES
2042 3446 2456 3504 VARIANTES.

447 3541 727 3609 °_Cess_avi_t
748 3544 801 3609 e_t
824 3535 1081 3609 tacuitusic
1277 3534 1420 3586 Ebor.
1464 3536 1577 3609 NG;
1600 3536 1645 3584 l.
1683 3536 1843 3588 Saris.
1880 3534 1983 3589 Lin.

390 3606 511 3667 Bod.
540 3604 587 3667 _l,
610 3604 657 3664 ‘2,
682 3603 730 3664 5,
757 3602 805 3651 4.
841 3599 1516 3667 Tltu.‘Cessavit,_n_umquam
1542 3599 1698 3651 Oxon.

447 3665 475 3706 ι)
510 3659 704 3730 Sanctis
718 3659 923 3725 semper
947 3668 999 3713 et
1020 3662 1206 3730 ubique
1237 3659 1363 3730 (hu;

448 3734 471 3795 ς
510 3728 721 3795 Populos
744 3724 1032 3795 provocarat
1062 3724 1217 3795 West.
1245 3724 1404 3791 Saris.

447 3792 474 3831 (ὶ
508 3786 659 3841 Jaéob
681 3786 859 3838 delicta
883 3786 1044 3838 Saris.
1168 3786 1191 3795 ”

447 3859 470 3887 ο
506 3853 745 3904 Remedia
766 3851 831 3905 de
862 3852 987 3903 Bod.
1010 3851 1057 3900 3.

450 3915 469 3954 ῐ
512 3916 563 3966 lu
587 3918 696 3980 sinu
727 3914 961 3980 pauperis
983 3913 1116 3963 Lam.
1141 3910 1250 3964 ΝΟ.
1282 3913 1323 3961 l.
1352 3910 1500 3962 Ebor.
1526 3910 1654 3963 Bod.
1680 3912 1729 3962 2.
1753 3906 1987 3963 Exorabit

450 3929 465 3954 ι
512 3929 563 3966 In
587 3929 696 3964 smu
746 3929 835 3980 )aul

384 3981 432 4029 in
457 3980 536 4027 ilic
562 3972 688 4027 malo
718 3929 835 4025 i’er.

449 4045 474 4085 Β
507 4040 752 4105 ﬁgentem
777 4040 907 4091 Lam.
932 4037 1079 4091 Ebor.
1103 4036 1214 4089 ΝΕ.
1244 4035 1288 4089 t.
1322 4039 1437 4089 Ver.

2152 3537 2181 3577 ιι
2216 3539 2353 3589 Deus
2377 3551 2582 3603 parcens
2614 3539 2746 3589 Lam.
2782 3535 2885 3588 Liu.
2917 3539 3059 3589 Pent.
3093 3539 3233 3589 Voss.
3258 3535 3306 3598 1,
3328 3535 3375 3585 2.
3404 3536 3530 3587 Bod.
3565 3535 3613 3600 εὶ,
3639 3538 3689 3586 5.

2090 3601 2230 3665 Deus
2254 3601 2445 3665 patiens
2470 3604 2628 3652 Oxon.

2157 3663 2172 3703 1
2216 3662 2353 3713 Paria
2378 3664 2542 3714 'l'obitc
2566 3666 2656 3717 Ar.
2687 3665 2817 3715 Lam.
2848 3662 2970 3713 Bod.
2994 3663 3043 3712 2.
3636 3711 3644 3717 ,

2156 3725 2169 3776 i
2214 3727 2344 3789 Bona
2388 3732 2482 3784 est,
2516 3726 2678 3789 inquit
2716 3727 2848 3775 Ltnn.
2878 3724 2920 3773 Α
2955 3724 3164 3789 peccatis
3211 3726 3326 3773 Ver.
3366 3722 3689 3785 Eleemosyna

2156 3741 2169 3776 l
2214 3741 2344 3775 bona
2388 3741 2482 3784 ρςι,
2525 3741 2587 3774 111(
2608 3741 2678 3775 ιιιι
2716 3741 2848 3775 ιλιηι.
2878 3741 2920 3773 sl
2955 3741 3164 3789 peccatis
3215 3741 3257 3773 Ινι

2086 3788 2402 3855 cumjustitia
2430 3741 2668 3855 Bod.
2720 3792 2723 3795 '
2869 3852 2877 3855 _
3088 3853 3094 3855 Α
3149 3848 3177 3855 κ
3248 3847 3257 3855 .

2153 3851 2822 3917 If_Eleemosyuislsocietrtur
2844 3852 2935 3917 Ar.
2964 3848 3115 3903 West.
3140 3847 3299 3903 Saris.
3330 3846 3455 3900 Bod.
3484 3848 3529 3911 1,
3552 3848 3601 3910 2,
3638 3850 3686 3910 5,

2087 3911 2136 3961 4.
2168 3911 2456 3961 ιεἰιιείειιιιιιέ
2479 3911 2564 3961 alii
2589 3917 2692 3973 post
2716 3915 2903 3964 Pamet.

2152 3974 2170 4013 1
2210 3976 2537 4024 Subveniatur
2564 3972 2667 4026 Lin.

2149 4039 2188 4065 ω
2220 4036 2305 4087 Sic
2328 4040 2377 4088 iu
2399 4038 2507 4089 Act.
2539 4045 2683 4090 tl'est.

1635 4141 1878 4198 STEl‘lI.
1924 4140 2195 4199 BALUZII
2240 4141 2470 4198 NOTAE.

386 4280 389 4285 ‘
462 4263 551 4319 IV.
583 4293 655 4302 —-
695 4261 994 4318 Vestimenta
1035 4274 1139 4319 tua.
1175 4263 1365 4320 Nescio
1414 4262 1552 4318 unde
1600 4271 1715 4316 orta
1745 4262 1810 4315 sit
1856 4260 1989 4316 scri-

391 4345 550 4406 ptura
580 4334 700 4407 libri
730 4333 1009 4407 Fuxeusis,
1041 4337 1092 4389 in
1132 4353 1238 4406 quo
1268 4336 1459 4405 legitur
1486 4344 1532 4388 et
1562 4350 1731 4407 preces
1762 4333 1987 4407 tua:_cito

391 4404 750 4477 exaudientur.
795 4406 851 4477 lu
884 4405 1118 4463 editione
1144 4404 1380 4477 vulgata,
1408 4419 1453 4460 et
1493 4406 1686 4477 sanitas
1716 4414 1800 4477 tua
1841 4404 1989 4463 citius

392 4480 602 4549 orietur.
639 4476 772 4549 Vide
806 4476 1187 4549 llieronymmn
1219 4475 1270 4533 in
1299 4486 1458 4549 caput
1484 4492 1608 4530 Lvtn
1628 4475 1803 4549 ‘Isaitr.

460 4547 533 4605 .V.
561 4578 633 4587 ——-
675 4544 740 4601 In
784 4547 955 4601 corde.
987 4544 1041 4604 lii
1083 4548 1291 4604 duobus
1337 4546 1486 4601 libris
1529 4546 1760 4616 antiquis
1801 4546 1994 4616 legitur

360 4620 516 4679 ,sinu
537 4630 591 4673 et
620 4633 782 4688 supra
811 4619 1008 4673 lineam
1052 4621 1129 4674 vel
1156 4619 1323 4674 corde.
1357 4617 1491 4672 llinc
1531 4626 1646 4671 orta
1684 4625 1765 4670 est
1794 4617 1997 4672 disere—

393 4691 590 4760 pantia
622 4691 910 4745 lcetionutn
941 4691 992 4744 in
1019 4691 1254 4760 antiquis
1280 4689 1572 4753 codicibus,
1603 4704 1837 4760 quorum
1867 4704 1998 4741 non-

393 4759 472 4815 ιιι]
491 4762 544 4815 1ιί
575 4760 772 4817 habent
796 4762 966 4827 corde,
992 4762 1078 4817 alii
1108 4759 1241 4819 sinu.
1272 4761 1494 4816 Veteres
1520 4760 1780 4813 editiones
1805 4759 2004 4814 habent

392 4834 545 4886 sinu.
573 4831 839 4885 Manutius
867 4832 1042 4900 posuit
1068 4834 1241 4894 corde,
1271 4829 1541 4897 Morellius
1565 4830 1698 4884 sinu.

485 4901 890 4975 alisericortliam
943 4901 1170 4956 Domini.
1219 4902 1391 4975 Jonas
1432 4900 1861 4975 Aureliagcnsis,
1914 4902 2004 4970 qui

391 4988 450 5028 re
473 4972 575 5028 fert
606 4973 749 5028 hunc
782 4973 958 5027 locum
999 4988 1066 5041 ex
1103 4975 1238 5029 libro
1265 4973 1325 5027 tle
1354 4969 1597 5026 Oratione
1636 4969 1905 5027 Dominica
1935 4969 2000 5026 Vin

391 5045 544 5099 libro
573 5060 651 5110 ιιι,
685 5060 804 5114 cap.
840 5043 928 5108 lO,
964 5044 1026 5097 de
1053 5044 1383 5103 Institutione
1408 5042 1599 5105 laicali,
1631 5043 1756 5112 legit
1784 5042 1877 5098 Det
1906 5045 2001 5097 nti-

388 5132 471 5168 ser
487 5116 731 5169 icordimn
744 5113 761 5168 .⁷
777 5114 959 5171 Codex
975 5114 1238 5182 Lamonii,
1266 5113 1359 5169 Dei
1374 5115 1587 5169 rcuiam.
1617 5114 1829 5184 Seguiei
1847 5116 1998 5169 ianus

388 5185 558 5240 Deum
588 5195 817 5241 tantum.

466 5256 715 5311 Parcens.
750 5256 808 5312 In
841 5257 1027 5313 codice
1052 5258 1286 5313 Fuxensi
1317 5259 1394 5312 vel
1425 5271 1637 5325 parcens
1662 5256 1738 5309 vel
1768 5258 1990 5324 patiens.

384 5326 521 5383 Hinc
558 5339 673 5382 orta
699 5342 781 5383 est
806 5331 966 5383 lectio
994 5330 1204 5384 diversa
1244 5327 1596 5398 quorumdam
1625 5328 1907 5398 librorum,
1942 5329 1993 5384 in

382 5399 577 5468 quibus
607 5401 866 5467 scriptum
901 5410 983 5455 cst
1015 5402 1231 5470 patiens.
1259 5395 1523 5470 Cancrum
1555 5395 1835 5469 legendum
1869 5412 1988 5453 esse

383 5462 514 5539 puto
543 5462 774 5541 parcens,
807 5486 872 5541 eo
918 5471 967 5524 in
999 5462 1191 5541 primis
1222 5462 1743 5541 argumentorq'uod,
1787 5484 1983 5540 pratici“

383 5540 758 5596 auctoritatem
806 5549 1043 5596 veterum
1068 5544 1071 5549 ’
1094 5540 1351 5596 libroruin
1393 5549 1447 5595 et
1483 5540 1809 5598 editionum.
1843 5541 1978 5594 scri—

384 5618 531 5690 ptum
555 5620 636 5666 est
672 5612 724 5667 in
753 5613 888 5668 libro
915 5611 1185 5681 Danielis,
1241 5611 1482 5694 orsitau
1522 5612 1743 5683 ignoscet
1787 5611 1981 5666 delictis

383 5696 500 5735 illll.

429 5752 743 5827 ,Sxtientur.
795 5756 870 5810 Ita
914 5765 1129 5811 veteres
1159 5753 1423 5827 editiones
1453 5762 1578 5827 ante
1603 5768 1720 5827 eam
1748 5769 1874 5827 quae
1895 5754 1978 5808 di-

386 5824 527 5884 citur
548 5840 668 5886 esse
698 5825 900 5892 Gravii.
931 5827 1022 5887 Sic
1063 5829 1225 5887 etiam
1267 5824 1431 5889 habet
1476 5824 1806 5889 Moreltiana.
1834 5824 1980 5882 Con-

2092 4262 2329 4335 sentiunt
2357 4272 2534 4319 autem
2564 4265 2745 4335 viginti
2766 4264 2887 4320 libri
2912 4264 3100 4327 nostri,
3123 4264 3282 4318 etiam
3312 4262 3689 4335 Seguiorianus

2093 4345 2145 4388 et
2170 4334 2492 4390 Veronensis
2522 4333 2760 4390 omnium
2790 4336 3171 4405 antiquissimi.
3205 4335 3340 4389 Sunt
3371 4345 3546 4387 tamen
3570 4333 3679 4387 duo

2092 4405 2181 4475 qui
2208 4404 2403 4462 habent
2442 4407 2698 4463 sarientur
2728 4408 2806 4462 vel
2848 4404 3120 4471 sociemur,
3164 4406 3250 4459 alii
3292 4418 3385 4460 sex
3430 4405 3688 4459 sociemur

2096 4485 2321 4541 tantum.
2349 4477 2478 4533 Eam
2504 4487 2834 4545 postremum
2859 4478 3139 4531 lectionem
3172 4477 3458 4543 prtrlerunt
3483 4485 3688 4545 septem

2100 4545 2399 4618 Anglicani,
2425 4545 2517 4603 sed
2550 4564 2653 4603 non
2680 4550 2729 4602 in
2763 4548 2863 4602 hoc
2887 4549 3021 4602 loco.
3043 4548 3248 4618 Quippe
3275 4561 3461 4618 vocem
3494 4548 3691 4618 socien-

2108 4617 2416 4688 tur’ponunl
2442 4620 2492 4673 in
2526 4618 2706 4689 phrasi
2734 4619 3027 4688 superiore,
3058 4617 3386 4687 elcemosynis
3413 4617 3690 4689 sarcientur.

2107 4687 2395 4759 Pamelius,
2429 4687 2613 4745 contra
2643 4700 2716 4744 tot
2739 4691 3083 4743 auctoritates
3106 4730 3119 4753 ,
3149 4688 3349 4757 absque
3384 4688 3545 4741 ullius
3569 4687 3688 4742 libri

2109 4762 2305 4816 veteris
2360 4762 2630 4830 solli-agit»,
2663 4771 2863 4815 tantum
2912 4760 3032 4829 quia
3066 4761 3115 4813 in
3158 4759 3392 4813 editione
3433 4760 3521 4817 illa
3569 4774 3690 4830 qua:

2108 4832 2302 4888 dicitur
2328 4832 2507 4888 Gravii
2549 4834 2738 4903 legitur
2768 4832 3067 4901 farciuntur,
3099 4840 3151 4883 et
3194 4832 3321 4903 quia
3358 4830 3410 4903 in
3460 4830 3688 4903 q‘nodant

2108 4904 2247 4957 libro
2289 4899 2623 4969 Coloniensi,
2647 4903 2733 4974 qui
2758 4899 2903 4974 certe
2940 4902 3155 4956 mutilus
3189 4899 3272 4955 est
3310 4899 3495 4971 inhoc
3547 4900 3686 4966 loco,

2110 4975 2302 5043 legitur
2327 4976 2626 5045 fat-cientur,
2652 4973 2715 5028 eo
2745 4973 2904 5041 modo
2941 4988 3047 5044 quo
3075 4989 3167 5045 per
3199 4987 3460 5045 errorem
3481 4986 3690 5040 quoque

2106 5043 2360 5114 scriptum
2386 5057 2466 5099 est
2488 5062 2535 5097 III
2563 5045 2790 5100 Fuxensi
2810 5043 3105 5109 sacrentur;
3134 5043 3419 5114 Pantelius,
3448 5043 3687 5114 inquam,

2104 5134 2175 5171 ex
2206 5111 2433 5171 lectione
2458 5115 2599 5171 izlins
2624 5116 2873 5171 editionis
2901 5126 2955 5171 et
2983 5116 3181 5171 codicis
3205 5113 3540 5168 Coloniensis
3566 5111 3690 5166 fecit

2101 5189 2404 5258 farciantur,
2455 5188 2675 5253 minime
2730 5187 2983 5243 dubitans
3025 5184 3151 5258 quin
3192 5186 3309 5239 lucc
3355 5184 3513 5258 lectio
3546 5194 3691 5258 esset

2099 5255 2318 5328 optima.
2347 5259 2497 5326 Quod
2526 5269 2672 5313 certe
2702 5275 2804 5312 non
2834 5257 2976 5313 licet.
3010 5257 3163 5322 Nam,
3194 5258 3238 5312 si
3268 5255 3587 5328 eonjecturis
3617 5255 3687 5308 ita

2097 5327 2253 5385 facile
2299 5330 2576 5398 indulgere
2613 5330 2816 5383 licitum
2854 5340 3018 5397 esset,
3072 5343 3171 5397 ego
3226 5327 3439 5398 mallem
3487 5340 3688 5398 ponere

2096 5399 2215 5457 cum
2244 5396 2516 5456 GOttIartio
2545 5402 2841 5525 {ulciantun
2867 5416 3026 5470 quam
3056 5396 3338 5457 lectionem
3357 5397 3469 5453 scio
3491 5396 3687 5468 proba-

2096 5482 2198 5525 tam
2228 5472 2388 5525 luisse
2418 5468 2544 5524 Nico
2569 5487 2633 5525 uo
2665 5470 2856 5525 Fabro.
2905 5470 3105 5525 Eadem
3147 5469 3364 5524 audacia
3416 5468 3687 5523 Paulehus

2095 5482 2198 5527 tam
2228 5472 2388 5525 fuisse
2418 5468 2633 5525 Nicoluo
2665 5470 2856 5525 Fabro.
2886 5468 3105 5525 Eadem
3147 5469 3364 5527 audacia
3416 5468 3688 5523 Paulehus

2088 5544 2139 5598 in
2175 5539 2409 5613 Epistola
2440 5557 2635 5607 Lxxw,
2694 5556 2791 5612 ηις.
2828 5543 2965 5608 liii,
3000 5540 3172 5612 posuit
3201 5551 3346 5597 sanat
3376 5555 3472 5611 pro
3511 5539 3682 5604 satiat,

2088 5627 2141 5666 ιιι
2172 5614 2279 5666 illic
2306 5613 2628 5666 monuimus.
2664 5558 2918 5666 Apuleius
2945 5612 3037 5666 lib.
3070 5628 3105 5666 ιι
3145 5608 3681 5666 Metamornlioseon:

2086 5627 2141 5685 ut
2172 5608 2279 5667 illic
2306 5613 2628 5667 monuimus.
2664 5608 2918 5685 Apuleius
2945 5608 3037 5668 liii.
3070 5628 3105 5668 ιι
3145 5608 3681 5680 Metamorphoseon:

2087 5680 2216 5739 Htec
2254 5680 2748 5763 (atteritnouissima,
2779 5702 2935 5761 quam
2977 5684 3366 5763 fontesatittntc
3410 5692 3686 5757 postremus

2085 5767 2265 5831 partus
2290 5755 2491 5831 refudit.
2524 5755 2654 5816 Vide
2682 5754 2849 5834 supia
2883 5754 3001 5830 pag.
3034 5754 3158 5815 515.
