4302 6296
620 409 726 466 607

2016 411 2150 469 DIVI
2202 411 2526 470 CYPRIANI

3810 407 3917 468 608

622 523 857 595 implctsc
904 525 980 580 rei
1014 524 1325 595 probatione
1366 535 1697 597 compertum
1724 538 1805 584 est
1827 540 1872 581 ιι.
1902 529 2124 584 Tabitha
2160 528 2209 596 'I,
2239 528 2291 589 Α
2317 530 2477 584 vitam
2502 539 2755 585 :cternam
2785 528 2980 585 Christi
3009 541 3200 585 cruore
3244 527 3555 597 pretiosam,
3601 527 3669 583 de
3691 529 3910 599 quanti-

620 615 1020 686 Operationibus
1045 616 1203 685 justis
1230 626 1281 671 ct
1311 616 1668 690 eleemosynis
1697 620 2012 690 pr.cstandis
2053 622 2215 692 pluri-

620 723 767 762 mum
799 707 1000 775 dedita,
1032 724 1152 764 cum
1194 710 1456 765 inlirmata
1489 721 1633 767 esset
1678 723 1730 768 et
1771 725 2001 777 mortua,
2034 714 2101 769 ad
2130 731 2215 767 ea-

618 797 788 856 daver
808 803 1058 857 exanime
1096 801 1287 857 Petrus
1326 804 1525 860 accitus
1558 812 1640 858 est
1670 824 1680 858 :
1706 806 1795 875 qui
1840 821 1961 859 cum
1993 804 2214 875 impigre

620 905 719 962 pro
756 892 1049 963 apostolica
1094 892 1426 949 humanitate
1467 896 1719 959 venisset,
1752 897 2217 951 circumsteterunt

620 1001 745 1044 eum
774 986 948 1041 viduae
992 986 1181 1043 ﬂentes
1227 995 1282 1043 et
1318 995 1586 1059 rogantes,
1622 989 1775 1058 pallia
1822 1000 1874 1044 ct
1915 990 2120 1044 tmiieas
2164 997 2217 1043 ct

622 1079 805 1135 omnia
847 1078 931 1133 illa
971 1095 1091 1150 quae
1133 1080 1281 1150 prius
1324 1090 1662 1149 sumpserant
1706 1081 2013 1137 indumenta
2060 1098 2215 1136 mon-

626 1180 877 1238 strantes,
920 1186 1017 1226 nec
1062 1186 1159 1243 pro
1186 1171 1437 1227 dcl‘uncta
1472 1172 1584 1227 suis
1624 1173 1860 1239 vocibus,
1916 1172 2008 1228 sed
2055 1174 2218 1243 ipsius

625 1263 882 1335 operibus
908 1263 1276 1334 deprecantes.
1325 1264 1503 1319 Sensit
1529 1264 1719 1318 Petrus
1758 1263 2031 1333 impetrari
2063 1280 2219 1333 posse

619 1357 762 1427 quod
789 1357 867 1412 sic
899 1356 1199 1427 petebatur,
1242 1371 1342 1411 nec
1381 1356 1685 1411 defuturum
1718 1355 1917 1409 Christi
1962 1356 2216 1409 auxilium

620 1450 795 1505 viduis
822 1449 1256 1520 deprecantibus,
1289 1449 1502 1519 quando
1530 1460 1669 1503 esset
1700 1448 1750 1503 in
1780 1447 1954 1502 viduis
1981 1448 2095 1517 ipse
2128 1463 2216 1503 re-

621 1541 797 1597 stitus.
827 1541 960 1596 Cum
990 1542 1169 1611 itaque
1189 1540 1413 1612 genibus
1443 1540 1598 1595 nisus
1627 1551 1649 1577 ο
1677 1547 1903 1600 orasset.
1938 1539 2217 1594 viduarmn

624 1649 688 1690 ac
709 1649 1000 1705 pauperum
1032 1634 1256 1689 idoneus
1277 1634 1569 1689 advocatus
1598 1633 1797 1705 legatas
1826 1632 1925 1687 sibi
1952 1648 2133 1702 preces
2153 1631 2218 1686 ad

624 1724 906 1781 Dominum
938 1726 1263 1797 pertulisset,
1310 1740 1603 1781 conversus
1646 1724 1710 1779 ad
1741 1740 1957 1793 corpus,
1988 1725 2128 1795 quod
2169 1728 2217 1779 in

623 1816 801 1871 tabula
826 1818 935 1887 jam
978 1817 1143 1870 lotum
1169 1816 1401 1886 jacebat,
1434 1815 1671 1879 Tabitha,
1700 1817 1891 1886 inquit,
1925 1832 2138 1888 exsurge
2169 1817 2219 1870 in

2320 629 2426 675 tate
2452 623 2754 692 patrimonii
2795 621 2877 675 sui
2922 621 3053 675 dicit
3088 619 3285 675 debere
3314 620 3540 674 mercari
3571 637 3584 673 :
3616 619 3799 675 Simile
3818 630 3911 688 est,

2320 714 2513 783 inquit,
2546 730 2754 784 regnum
2798 712 3036 766 caelorum
3067 711 3260 766 homini
3297 712 3598 783 negotiatori
3618 710 3646 748 ιι
3668 714 3915 782 querenti
4006 730 4015 737 ’

2319 804 2474 860 bonas
2508 805 2830 875 margaritas.
2859 801 2956 859 Ubi
2982 812 3148 858 autem
3178 803 3365 857 invenit
3391 786 3665 875 pretiosam
3707 820 3915 875 marga-

2318 896 2503 963 ritam,
2542 897 2663 950 abiit
2709 906 2755 950 et
2798 895 3022 950 vendidit
3049 896 3219 951 omnia
3243 911 3357 967 qum
3394 896 3591 960 habuit,
3623 906 3671 951 et
3706 898 3824 952 emit
3849 898 3913 952 il-

2320 988 2424 1042 lam
2457 987 2668 1061 (Matth.
2704 1004 2817 1054 XIII,
2847 987 2961 1057 45).

2393 1079 2524 1135 Vlll.
2569 1079 2674 1134 Eos
2706 1079 2937 1150 denique
2977 1088 3033 1135 et
3062 1079 3293 1135 Abrahae
3331 1080 3471 1135 ﬁlios
3511 1079 3644 1135 dicit
3683 1095 3818 1152 quos
3858 1084 3911 1139 in

2315 1168 2568 1240 iuvandis
2629 1170 2943 1242 alendisque
3005 1169 3327 1241 pauperibus
3390 1170 3666 1241 operarios
3715 1173 3911 1229 cernit.

2320 1260 2475 1324 Nam,
2506 1276 2625 1316 cum
2659 1261 2916 1316 Zachtcns
2936 1260 3159 1316 dixisset
3191 1259 3361 1315 :Ecce
3387 1262 3656 1316 dimidium
3702 1279 3767 1318 ea;
3794 1263 3920 1317 sub-

2321 1357 2505 1410 stantia
2529 1372 2638 1411 nIea
2660 1356 2724 1409 do
2754 1357 2938 1425 egenis,
2961 1367 3009 1410 et
3048 1356 3091 1410 si
3115 1357 3197 1409 cui
3216 1356 3338 1426 quid
3360 1356 3594 1426 (mndavi
3620 1357 3664 1423 ί,
3693 1357 3918 1428 quadru-

2321 1448 2462 1519 plum
2490 1447 2667 1512 reddo,
2703 1448 2980 1518 respondit
3015 1446 3169 1503 Jesus
3212 1458 3265 1502 et
3294 1447 3429 1503 dixit
3456 1450 3576 1519 quia
3603 1448 3780 1503 salusi
3820 1451 3917 1505 ho-

2322 1540 2403 1594 die
2434 1542 2549 1594 huic
2578 1541 2751 1594 domui
2775 1545 2911 1611 facta
2936 1551 3029 1605 est,
3051 1541 3289 1613 quoniam
3314 1552 3359 1595 et
3386 1542 3467 1595 hic
3494 1542 3631 1611 [ilius
3658 1553 3731 1598 est
3752 1543 3919 1597 Abi-ao

2324 1633 2403 1687 [ια’
2425 1632 2574 1704 (Luc.
2608 1648 2722 1698 XIX,
2755 1632 2808 1699 8,
2839 1631 2916 1703 9).
2939 1631 3089 1698 Nam,
3124 1632 3450 1687 siAbralIam
3466 1634 3691 1689 credidit
3732 1635 3839 1691 Deo
3862 1647 3915 1692 et

2323 1726 2636 1796 deputatum
2674 1734 2759 1781 est
2782 1728 2832 1780 ei
2881 1725 2947 1780 ad
2971 1726 3253 1795 justitiam,
3290 1726 3474 1797 utique
3500 1726 3590 1797 qui
3630 1728 3921 1784 secundum

2324 1825 2651 1886 praeceptum
2679 1817 2768 1871 Dei
2809 1816 3183 1887 eleemosynas
3206 1814 3354 1883 facit,
3386 1816 3496 1872 Deo
3516 1816 3708 1884 credit,
3734 1828 3790 1874 et
3826 1821 3915 1890 qui

588 1979 592 1983 ψ
624 1910 828 1965 nomine
858 1911 983 1965 Jesu
1007 1909 1195 1966 Christi
1224 1908 1249 1947 ἀ
1280 1911 1415 1984 (Act.
1469 1928 1541 1974 Ix,
1574 1910 1687 1983 40).
1714 1910 1823 1966 Nec
1851 1909 2021 1966 deluit
2062 1912 2220 1966 Petro
2248 1923 2297 1983 ῃ
2330 1907 2490 1962 habet
2514 1907 2638 1963 fidei
2666 1909 2963 1974 veritatem,
2993 1915 3171 1963 servat
3198 1906 3289 1962 Dei
3314 1908 3591 1975 timorem;
3622 1910 3709 1980 qui
3737 1918 3917 1966 autem

624 2001 911 2072 quominus
954 2004 1132 2056 Statim
1178 2003 1339 2056 l‘erret
1376 2002 1628 2055 auxilium
1661 2002 1748 2072 qui
1793 2001 1842 2055 in
1871 2001 2165 2072 Evangelio
2193 2011 2215 2039 θ

623 2092 742 2149 dari
791 2093 997 2149 dixerat
1041 2095 1288 2165 quicquid
1340 2094 1527 2150 fuisset
1573 2094 1688 2164 ejus
1730 2094 1945 2149 nomine
1984 2095 2220 2165 postula-

624 2194 757 2241 tum.
793 2184 936 2241 Mors
986 2187 1163 2257 itaque
1204 2187 1551 2257 suspenditur
1591 2196 1645 2242 et
1684 2187 1905 2256 Spiritus
1956 2186 2216 2251 redditur,

624 2285 704 2345 et,
735 2277 1054 2334 mirantibus
1079 2293 1143 2334 ac
1172 2281 1511 2352 stupentibus
1541 2277 1768 2343 cunctis,
1789 2279 1853 2332 ad
1884 2278 2019 2333 hanc
2035 2279 2216 2333 mundi

623 2371 803 2428 denuo
850 2372 1024 2429 lucem
1074 2374 1366 2429 redivivum
1410 2390 1606 2445 corpus
1654 2373 1938 2428 animatur.
1991 2372 2217 2428 Tantum

626 2475 914 2537 potuerunt
956 2467 1336 2535 misericordiae
1364 2469 1573 2535 merita,
1603 2476 1807 2522 tantum
1836 2481 1996 2536 opera
2022 2469 2165 2539 justa
2197 2469 2215 2505 ί

624 2557 945 2614 valuerunt!
996 2559 1125 2625 Quae
1173 2559 1539 2614 laborantibus
1591 2560 1762 2616 viduis
1817 2561 2003 2629 largita
2049 2560 2222 2615 fuerat

629 2650 872 2706 subsidia
915 2652 1152 2720 vivendi,
1204 2655 1395 2708 meruit
1438 2653 1504 2709 ad
1554 2654 1714 2708 vitam
1764 2653 2040 2710 viduarum
2092 2656 2222 2726 peti-

631 2744 774 2801 tione
805 2747 1064 2801 revocari.

702 2836 813 2892 VII.
858 2839 1040 2909 Itaque
1099 2839 1149 2893 in
1202 2840 1496 2910 Evangelia
1548 2839 1825 2905 Dominus,
1873 2839 2062 2895 doctor
2104 2842 2225 2896 vitae

630 2940 831 2986 nosmn
878 2941 933 2986 ct
983 2933 1241 3003 magister
1298 2932 1487 2987 salutis
1516 2942 1753 2999 (eterna),
1789 2933 2061 2988 viviﬁcans
2102 2950 2224 2988 crc-

632 3023 871 3080 dentium
932 3027 1183 3097 populum
1232 3038 1285 3082 et
1324 3027 1601 3083 viviﬁcatis
1645 3029 1931 3084 consulens
1977 3032 2025 3084 in
2068 3041 2226 3085 arter-

633 3134 782 3187 num,
813 3121 950 3176 inter
978 3137 1072 3177 sua
1111 3123 1358 3179 man‘data
1386 3123 1566 3179 divina
1608 3132 1663 3180 et
1693 3134 1957 3195 praecepta
1988 3126 2225 3181 etelestia

633 3212 763 3268 nihil
786 3214 1025 3268 crebrius
1056 3216 1271 3269 mundat
1301 3225 1354 3270 et
1384 3215 1623 3284 prarcipit
1647 3230 1807 3286 quam
1833 3228 1888 3271 ut
1917 3218 2226 3272 insistamns

2325 2001 2422 2056 Dei
2476 2003 2718 2057 timorem
2767 2011 2967 2065 servat,
3021 2002 3075 2055 in
3139 2001 3571 2057 miserationibus
3628 2018 3921 2073 pauperqu

2324 2098 2491 2154 Deum
2516 2096 2771 2168 cogitatk.
2797 2096 3057 2166 Operatur
3077 2095 3218 2150 enim
3264 2094 3386 2149 ideo
3414 2093 3429 2131 ¹
3466 2095 3534 2125 ἰο
3555 2095 3676 2166 quia
3725 2097 3915 2163 credit,

2322 2192 2445 2263 quia
2475 2193 2577 2245 scit
2606 2204 2731 2245 vera
2757 2204 2879 2244 esse
2901 2204 3018 2259 quae
3047 2186 3296 2257 praedicta
3324 2198 3449 2244 sunt
3476 2188 3651 2243 verbis
3677 2188 3791 2254 Dei,
3817 2204 3919 2245 nec

2322 2280 2648 2351 Scripturam
2672 2290 2907 2335 sanctam
2935 2293 3092 2350 posse
3116 2279 3351 2345 mentiri;
3384 2278 3607 2335 arbores
3627 2278 3925 2336 infructuo-

2324 2390 2433 2438 sas,
2490 2375 2540 2429 id
2587 2383 2689 2445 est,
2743 2374 2954 2429 steriles
2994 2372 3259 2440 homines,
3310 2372 3482 2427 excidi
3531 2382 3586 2427 ct
3638 2374 3692 2428 in
3747 2374 3923 2445 ignem

2326 2470 2485 2535 mitti,
2524 2467 2896 2524 misericordes
2921 2477 3098 2521 autem
3126 2466 3193 2521 ad
3231 2466 3451 2537 regnum
3492 2467 3693 2520 vocari.
3733 2466 3833 2534 Qui
3873 2477 3929 2521 ct

2325 2563 2430 2617 alio
2461 2563 2513 2615 in
2553 2561 2669 2615 loco
2694 2560 2981 2630 operarios
3016 2568 3071 2613 et
3101 2557 3404 2619 fructuosos
3457 2557 3641 2613 fideles
3668 2560 3924 2629 appellat,

2328 2654 2673 2710 infructuosis
2700 2667 2828 2707 vero
2854 2662 2908 2706 et
2947 2651 3219 2706 sterilibus
3250 2651 3409 2706 ﬁdem
3450 2651 3672 2723 derogat
3693 2650 3881 2707 dicens
3909 2668 3922 2707 :

2330 2747 2391 2803 Si
2416 2748 2468 2800 in
2496 2748 2685 2817 injusto
2721 2761 3007 2799 mammona
3029 2744 3205 2812 ﬁdeles
3232 2759 3329 2798 non
3350 2745 3546 2813 fuistis,
3575 2744 3712 2816 quod
3743 2756 3813 2799 est
3841 2762 3921 2799 ve-

2282 2828 2289 2835 ’
2330 2848 2496 2893 rum"l
2520 2834 2631 2909 quis
2658 2837 2823 2891 credet
2855 2835 2991 2890 vobis
3014 2835 3039 2888 ?
3067 2832 3133 2888 Et
3158 2836 3202 2888 si
3222 2836 3274 2888 in
3296 2835 3463 2888 alieno
3486 2834 3660 2903 ﬁdeles
3686 2851 3786 2889 non
3817 2836 3923 2908 [uio

2330 2932 2440 2995 stis,
2464 2931 2598 2999 quod
2618 2918 2691 2984 est
2717 2940 2931 2983 vestrum
2964 2928 3077 2998 quis
3104 2927 3241 2980 dabit
3267 2926 3401 2980 vobis
3432 2925 3581 2998 (an.
3644 2943 3754 2993 xvr,
3802 2927 3927 2994 II)?

2405 3024 2495 3080 IX.
2540 3025 2594 3079 Si
2617 3033 2643 3059 τι
2675 3023 2876 3078 vereris
2906 3031 2960 3077 et
2984 3022 3179 3076 arctois
3217 3013 3301 3085 Iie,
3330 3022 3373 3075 si
3409 3020 3621 3091 operari
3648 3021 3928 3092 plurimum

2334 3118 2581 3187 cmp‘ris,
2629 3114 2948 3185 patrimonii
2993 3124 3084 3169 tuo
3116 3115 3260 3184 larga
3306 3114 3619 3182 operatione
3664 3113 3815 3168 ﬁnito
3861 3113 3924 3168 ad

2338 3214 2613 3282 penuriam
2646 3209 2782 3264 forte
2825 3208 3105 3279 redigaris,
3150 3216 3271 3262 esto
3317 3207 3367 3259 in
3400 3205 3500 3260 hac
3533 3216 3682 3276 parte
3713 3206 3933 3275 intrepi-

634 3305 993 3375 elecmOsynis
1035 3305 1245 3372 dandis,
1296 3321 1397 3360 nec
1432 3308 1657 3362 terrenis
1688 3310 2117 3377 posseSSionibus
2149 3310 2223 3364 in-
2256 3308 2300 3372 C
2333 3302 2454 3366 dus,
2502 3310 2618 3356 esto
2660 3315 2917 3364 securus;
2974 3299 3128 3353 ίίιιίνὶ
3159 3315 3263 3352 "0"
3311 3306 3488 3366 Ιιοιθδῐ
3533 3296 3673 3351 “ﬁde
3716 3298 3766 3350 ίιι
3810 3312 3934 3349 ιικιιε

637 3394 912 3463 cubemus,
944 3396 1038 3452 sed
1067 3396 1313 3453 cmicstes
1338 3399 1620 3454 thesauros
1643 3400 1819 3470 potius
1856 3401 2230 3455 rcCondamus.

571 3555 579 3561 ἢ
645 3488 892 3559 Vendile,
941 3492 1139 3561 inquit,
1192 3510 1269 3546 res
1316 3502 1538 3556 vestras,
1597 3503 1644 3547 et
1694 3493 1811 3548 date
1866 3493 2235 3565 eleemosynam

640 3582 790 3654 (Luc.
850 3598 946 3643 stt,
974 3581 1087 3652 33).
1120 3584 1184 3637 Et
1231 3584 1419 3638 iterum
1455 3602 1465 3637 :
1500 3582 1676 3639 Nolite
1702 3586 1837 3639 vobis
1877 3588 2090 3640 condere
2122 3588 2233 3640 the-

639 3690 821 3730 sauros
846 3690 997 3746 super
1026 3683 1230 3740 terram,
1266 3676 1349 3729 ubi
1376 3677 1510 3729 tinea
1536 3686 1580 3729 et
1606 3687 1886 3731 comestura
1908 3679 2231 3743 exterminat,

640 3779 687 3825 et
717 3770 801 3824 ubi
846 3770 984 3838 fures
1021 3767 1267 3835 effodiunt
1309 3779 1356 3823 et
1383 3769 1643 3837 furantur.
1672 3767 2039 3824 Thesaurizate
2068 3780 2234 3823 autem

640 3863 779 3919 vobis
805 3862 1063 3916 thesauros
1094 3864 1147 3914 in
1185 3862 1332 3925 coelo,
1377 3860 1461 3915 ubi
1510 3877 1666 3931 neque
1704 3863 1839 3916 tinea
1875 3878 2034 3931 neque
2074 3878 2239 3915 come-

642 3965 785 4009 stura
814 3954 1133 4019 exterminat,
1171 3962 1217 4007 et
1243 3953 1327 4006 ubi
1348 3952 1485 4022 fures
1516 3968 1617 4006 non
1656 3948 1906 4019 effodiunt
1933 3970 2021 4006 nec
2052 3957 2235 4023 furan-

645 4054 743 4099 tur.
770 4043 867 4099 Ubi
893 4043 1025 4096 enim
1054 4044 1205 4113 fuerit
1236 4034 1508 4097 lhesaurus
1540 4055 1674 4108 tuus,
1699 4043 1769 4095 ibi
1792 4045 1886 4096 erit
1912 4055 1956 4096 et
1987 4060 2075 4097 cor
2100 4056 2241 4097 tuum

648 4135 861 4208 (.Ilatth.
917 4152 988 4201 VI,
1024 4136 1232 4199 19⁸21).
1263 4137 1320 4189 Et
1351 4151 1470 4189 cum
1498 4156 1507 4181 ι
1533 4136 1773 4189 bservata
1805 4135 1917 4203 lege
1950 4136 2239 4204 perlectum

645 4241 701 4286 ct
729 4237 1153 4283 consummatum
1178 4228 1335 4282 vellet
1362 4228 1668 4290 ostendere,
1701 4226 1759 4279 Si
1789 4229 1881 4291 vis,
1915 4228 2101 4297 inquit,
2131 4244 2241 4293 pcr-

2340 3396 2535 3453 Christi
2583 3393 2927 3464 impenditur,
2981 3391 3123 3446 unde
3168 3405 3302 3460 opus
3347 3389 3570 3445 caeleste
3611 3388 3931 3444 celebratur.

2341 3491 2449 3545 Nec
2496 3489 2597 3543 hoc
2643 3486 2835 3541 tibide
2886 3500 3007 3539 meo
3052 3483 3311 3554 Spondeo,
3370 3482 3461 3537 sed
3511 3481 3581 3536 de
3629 3491 3934 3535 sanctarum

2339 3584 2735 3654 Scripturarnm
2764 3580 2866 3636 [ide
2894 3588 2949 3636 et
2970 3579 3165 3634 divinae
3195 3576 3593 3648 pollicitationis
3620 3575 3938 3629 auctorita'e

2344 3676 2618 3745 promitto.
2652 3672 2912 3743 Loquitur
2950 3685 3045 3742 per
3075 3669 3419 3725 Salomonem
3458 3667 3689 3736 Spiritus
3726 3675 3938 3719 sanctus

2340 3775 2394 3822 et
2418 3766 2548 3820 dicit
2576 3783 2588 3818 :
2622 3764 2723 3829 Qui
2738 3765 2825 3817 dat
2856 3762 3178 3833 pauperibus,
3208 3775 3480 3829 numquam
3510 3758 3694 3829 egebit;
3727 3758 3813 3827 qui
3843 3774 3937 3808 at;-

2344 3868 2439 3911 tenI
2484 3857 2661 3911 avertit
2720 3855 2926 3909 oculum
2990 3869 3169 3917 sttum,
3233 3853 3285 3904 in
3330 3866 3517 3921 magna
3572 3851 3785 3920 penuria
3848 3849 3939 3901 erit

2345 3947 2522 4021 (Prov.
2585 3962 2767 4022 xxvui,
2826 3946 2967 4016 27);
3015 3942 3305 3998 ostendens
3353 3941 3730 3996 misericordes
3779 3950 3938 4010 atque

2344 4053 2629 4112 cperantes
2664 4056 2825 4111 cgere
2853 4056 2958 4094 non
2990 4054 3165 4108 posse,
3199 4038 3365 4107 magis
3406 4050 3595 4106 parcos
3640 4047 3693 4090 et
3734 4036 3944 4089 steriles

2346 4137 2411 4190 ad
2442 4135 2672 4203 inopiam
2722 4133 3060 4201 postmodum
3102 4130 3381 4184 devenire.
3428 4128 3556 4182 Item
3596 4127 3782 4182 beatus
3813 4143 3939 4192 npn~

2347 4228 2516 4281 stolas
2539 4225 2756 4290 Paulus,
2792 4223 3079 4278 Dmninicm
3117 4220 3484 4291 inspirationis
3514 4219 3683 4289 gratia
3714 4219 3898 4286 pletttts
3931 4235 3942 4269 :

647 4326 803 4394 fectus
834 4337 959 4388 esse,
990 4320 1117 4374 vade
1146 4330 1191 4373 et
1219 4321 1374 4374 vende
1402 4320 1572 4371 omnia
1603 4328 1688 4370 tua
1713 4328 1764 4384 ε,
1800 4330 1844 4371 et
1872 4319 1937 4370 du
1969 4320 2154 4389 egenis,
2200 4331 2245 4372 et
2308 4340 2317 4347 ν
2353 4318 2455 4386 Qui
2476 4318 2816 4376 administrat.
2858 4315 3049 4382 inquit,
3080 4329 3244 4365 semen
3284 4311 3572 4376 semiuanti,
3600 4320 3644 4363 et
3667 4326 3848 4378 panem
3878 4310 3943 4362 ad

645 4415 847 4470 habebis
906 4414 1197 4467 thesaurum
1255 4413 1308 4465 in
1367 4412 1529 4473 cwlo;
1584 4421 1633 4462 et
1683 4411 1790 4462 reni
1818 4450 1832 4475 ,
1885 4426 2089 4479 sequere
2155 4427 2232 4463 me

647 4507 858 4580 (Matth.
915 4522 1027 4571 XIX,
1056 4507 1172 4576 Ἡ).
1200 4506 1325 4559 Item
1357 4505 1460 4557 alio
1490 4505 1605 4557 loctI
1647 4502 2029 4572 negotiatorem
2068 4505 2231 4560 cccle-

646 4599 744 4654 stis
765 4600 947 4668 gratia:
969 4605 1025 4652 et
1046 4605 1468 4664 comparatorem
1501 4593 1687 4647 salutis
1709 4604 1945 4655 ceterum.
1969 4594 2241 4651 distractis

2350 4409 2599 4463 edendum
2646 4406 2922 4476 prtestabit,
2960 4413 3004 4458 et
3034 4403 3391 4474 Inultiplicabit
3423 4402 3938 4457 seminatiouem‘vr-

2351 4513 2527 4567 stram,
2552 4516 2596 4555 et
2627 4501 2825 4570 augebit
2856 4501 3162 4552 incrementa
3185 4498 3388 4567 frugum
3416 4496 3630 4565 justitiw
3661 4503 3856 4557 vestrae,
3888 4503 3939 4545 ut

2351 4596 2404 4648 in
2451 4594 2681 4647 omnibus
2727 4589 3121 4659 locupletemini.
3177 4588 3241 4641 Et
3295 4588 3488 4642 iterum
3519 4585 3946 4639 :Administratio

646 4690 895 4746 omnibus
926 4689 1086 4745 rebus
1114 4688 1243 4754 suis,
1272 4687 1560 4759 pretiosam
1590 4685 1927 4756 margaritam
1959 4727 1974 4750 ,
2024 4686 2124 4741 hoc
2154 4697 2238 4742 cst
2267 4680 2321 4740 D
2348 4689 2503 4759 hujus
2533 4686 2680 4755 oﬂicii
2722 4702 2823 4738 non
2866 4692 3057 4736 tantum
3089 4682 3343 4752 supplebit
3390 4698 3448 4735 ea
3488 4696 3602 4750 qua:
3634 4681 3820 4751 sanctis
3854 4680 3948 4766 de:

1884 4802 2267 4862 LECTIONES
2306 4802 2724 4861 VARIANTES.

711 4903 738 4932 ⁰
772 4903 1024 4955 Testatum
1048 4911 1123 4953 est
1146 4899 1304 4953 Sm'is.

650 4961 973 5077 Bbd'fétbilha
1001 4964 1387 5027 ciet-mosynaria
1426 4964 1550 5015 Bod.
1572 4964 1621 5012 3.
1646 4959 1959 5011 Orationibus
1979 4963 2068 5011 Ar.
2091 4962 2232 5013 Saris

694 5040 723 5077 ο
767 5070 777 5077 .
841 5071 850 5077 .

680 5092 683 5095 ’
714 5093 736 5121 °
774 5093 915 5143 Nixis
945 5096 1059 5141 Ver.
1087 5090 1305 5147 Orasset,
1334 5094 1386 5137 et
1408 5086 1567 5137 Saris.

712 5154 740 5192 (ι
776 5154 983 5204 Nomine
1008 5152 1195 5201 Domini
1234 5151 1389 5200 West,
1702 5175 1733 5193 ι

716 5220 739 5248 ε
772 5217 1041 5277 Evangelia
1067 5226 1154 5263 suo
1186 5218 1323 5264 Voss.
1348 5213 1395 5262 2.
1424 5213 1565 5277 rem.

715 5278 739 5345 ξ
775 5273 937 5345 Qpera
953 5279 1238 5345 justiti_aa_A.
1266 5278 1387 5345 lien.
1412 5273 1610 5345 Bod.}.
1651 5335 1659 5345 ι

715 5344 744 5383 Β
776 5333 1084 5403 Oinnia'qua-
1107 5340 1259 5389 habes
1291 5343 1426 5389 Voss.
1458 5337 1498 5385 l.
1531 5333 1757 5385 Possides
1776 5334 1883 5385 ΝΟ.
1911 5334 1958 5385 2.

2412 4897 2441 4936 ¹ι
2475 4898 2755 4961 Negotianti
2779 4899 2869 4961 Ar.
2903 4894 3055 4961 West.
3082 4892 3237 4945 Saris.
3266 4894 3393 4946 Bod.
3420 4895 3465 4958 2,
3492 4896 3541 4953 3,
3568 4893 3614 4942 4,

2418 4962 2431 4998 ί
2477 4960 2632 5020 Quem
2651 4960 2927 5010 defraudavi
2959 4961 3076 5009 Bod.
3103 4961 3149 5007 3.

2423 5024 2437 5076 ἱ
2482 5025 2621 5082 Quia,
2650 5021 2982 5085 inquit,-salus
3000 5021 3155 5085 Satis.

2419 5086 2446 5125 ιι
2480 5079 2640 5134 Deum
2666 5079 2871 5135 biberat
2904 5086 3039 5135 Voss.
3070 5083 3115 5131 1.
3144 5083 3274 5131 Lam.
3302 5080 3409 5131 ΝΕ.
3436 5079 3484 5129 2.

2425 5145 2441 5185 ι
2485 5149 2732 5211 Operatur
2757 5149 2888 5196 enim
2912 5146 3021 5194 Deo
3048 5144 3171 5211 Bod.
3199 5147 3243 5211 l_.
3268 5145 3315 5211 2,
3341 5144 3389 5193 5.

2418 5211 2457 5237 ¹“
2493 5207 2628 5269 Quod
2655 5217 2872 5259 vestrum
2900 5211 3031 5258 Lam.
3058 5207 3183 5256 Bod.
3207 5207 3255 5260 3,
3281 5208 3329 5254 4.

2422 5274 2449 5300 ¹¹
2484 5273 2584 5321 Sed
2622 5271 2745 5322 Bod.
2776 5273 2816 5329 l,
2843 5272 2891 5332 2,
2916 5272 2963 5329 3,
2990 5271 3037 5318 ιι.
3076 5272 3128 5318 SI
3153 5270 3309 5331 Impr.
3339 5269 3497 5319 Oxon.

1902 5443 1985 5499 ST
1995 5443 2143 5498 EPH.
2183 5444 2269 5501 BA
2278 5444 2453 5504 LUZII
2491 5446 2720 5503 NOTE.

721 5545 831 5602 VII.
856 5576 926 5586 —-
951 5544 1124 5599 Tinea.
1161 5543 1290 5598 Vide
1336 5540 1623 5598 Frontonis
1656 5540 1830 5594 Ducmi
1862 5548 2017 5595 notas
2046 5540 2096 5594 in
2132 5538 2239 5593 IIo-

649 5617 825 5673 milias
845 5620 1010 5672 sancti
1043 5617 1218 5669 Iiasilii
1259 5616 1321 5669 de
1347 5614 1575 5686 Jejunio,
1609 5627 1722 5686 pag.
1752 5611 1841 5666 ἓξ).

735 5688 902 5743 Vende
928 5689 1099 5741 omnia
1130 5696 1233 5739 tua.
1267 5682 1445 5741 Codex
1473 5682 1737 5747 Lamonii,
1764 5683 1920 5737 vende
1944 5682 2114 5735 omnia
2132 5696 2244 5749 qua:

653 5762 913 5829 possides,
943 5770 990 5813 et
1029 5760 1096 5812 da
1136 5758 1322 5825 egenis.
1375 5757 1514 5811 Alibi
1562 5768 1775 5823 quoque
1825 5754 2080 5821 scriptum
2136 5752 2243 5806 vidi

653 5833 820 5900 egenis
848 5843 943 5898 pro
971 5831 1293 5900 pauperibus.

731 5899 826 5952 Ubi
850 5894 1022 5951 autem
1053 5894 1253 5953 invenit.
1285 5895 1463 5952 Codex
1507 5896 1749 5953 Lamonii
1784 5914 1796 5952 :
1828 5894 2043 5949 Inventa
2077 5902 2247 5949 autem

2344 5544 2563 5614 pretiosa
2590 5543 2885 5614 margarita.
2958 5546 2973 5614 ’_

2417 5613 2547 5668 vnt.
2582 5644 2650 5653 —
2680 5600 2840 5667 ῦρηηι
2866 5611 3073 5682 cogitat.
3114 5607 3294 5664 Codex
3322 5608 3491 5682 sancti
3530 5604 3745 5682 Albini,
3795 5600 3956 5655 Deum

2349 5689 2578 5757 [teneret
2616 5675 2979 5757 Burgundictis
3016 5693 3071 5757 et
3105 5680 3481 5757 _I.amoniapus
3505 5675 3678 5757 ,.Deo
3719 5680 3947 5757 [αςεςιινηι.

2424 5746 2748 5809 Hammona:
2809 5754 2941 5810 Vide
3006 5753 3230 5809 Coelium
3305 5748 3684 5820 Calcaguinum
3768 5746 3861 5799 lih.
3919 5758 3956 5807 I,

2351 5827 2521 5898 Epist.
2554 5828 2642 5884 59.
