4272 6278
331 268 445 330 609

1335 261 1543 321 LIBER
1590 262 1679 321 DE
1717 260 1947 320 OPERE
1988 259 2077 319 ET
2114 252 2610 319 ELEEMOSYNIS.

3520 222 3635 307 oni

328 396 471 454 sunt,
516 384 606 441 sed
648 388 698 440 et
730 382 1008 437 abundabit
1039 389 1064 417 η
1095 395 1185 453 per
1217 382 1429 437 multam
1452 383 1734 455 gratiarum
1774 379 1931 435 actio-
1958 377 2009 438 A
2035 391 2219 448 parva,
2252 377 2663 433 “‘contestetur
2685 379 2739 430 et
2766 370 2906 427 dicat
2935 385 2948 426 :
2978 368 3200 440 Aspicite
3241 364 3465 423 volatilia
3492 365 3629 432 εωιὶ,

331 495 445 532 nem
473 476 499 515 Ι)
528 478 579 530 in
633 474 799 530 Deum
834 474 898 545 (ll
927 474 1045 529 Cor.
1101 490 1176 541 ιχ,
1226 474 1409 547 lO-l‘i’.)
1440 494 1454 541 ;
1488 476 1761 546 quoniam,
1805 472 1930 527 dum

332 572 622 641 gratiarum
670 569 817 623 actio
867 567 933 621 ad
978 568 1144 623 Deum
1189 566 1690 638 pro‘elecmosyuis
1721 579 1741 605 ε
1775 575 1934 634 atque

332 663 734 733 operationibus
779 659 980 715 nostris
1022 674 1312 729 pauperum
1359 660 1603 714 oratione
1646 658 1928 728 dirigitur,

333 769 529 810 census
568 749 896 823 operantisd
946 750 1039 805 Dei
1084 750 1433 806 retributione
1481 750 1805 804 cumulatur.
1863 747 1935 802 Et

336 847 592 902 Dominus
638 845 692 899 in
720 842 1034 914 Evangelia,
1071 843 1183 913 jam
1215 853 1339 899 tunc
1365 842 1627 913 ejusmodi
1660 842 1932 897 hominum

343 940 505 996 corda
546 938 914 1002 considerans,
955 946 1009 993 et
1036 937 1252 1008 perﬁdis
1288 946 1448 1009 atque
1478 938 1768 993 incredulis
1799 952 1935 1006 prte-

335 1032 444 1087 scia
478 1045 611 1086 voce
631 1029 976 1095 denuntians,
1005 1038 1338 1084 contestatur
1358 1039 1412 1085 et
1438 1029 1569 1084 dicit
1596 1045 1609 1083 :
1647 1028 1820 1084 Nolite
1844 1045 1932 1083 co-

337 1125 499 1195 gitare
541 1124 763 1177 dicentes
793 1138 813 1176 :
848 1120 986 1189 Quid
1015 1122 1238 1189 edemus,
1277 1131 1365 1175 aut
1410 1121 1534 1192 quid
1563 1121 1803 1187 bibemus,
1847 1128 1935 1174 aut

336 1218 460 1288 quid
489 1221 755 1271 vestiemur
779 1216 802 1255 9
848 1215 956 1270 hwc
989 1218 1123 1270 enim
1159 1216 1386 1270 nationes
1414 1226 1665 1283 quaerunt.
1696 1214 1806 1271 Scit
1839 1232 1934 1269 au-

339 1317 438 1363 tem
465 1318 488 1344 θ
518 1306 676 1361 Pater
703 1317 862 1375 vester
882 1307 1002 1377 quia
1029 1307 1255 1361 omnium
1290 1308 1470 1362 horum
1499 1307 1754 1377 indigetis.
1783 1305 1936 1373 Quaa-

336 1402 429 1457 rite
453 1402 676 1472 primum
722 1418 937 1472 regnum
962 1402 1061 1456 Dei
1101 1412 1145 1457 et
1167 1403 1422 1474 justitiam
1458 1405 1573 1474 'ejus
1602 1401 1647 1469 τ’,
1675 1412 1723 1458 et
1766 1406 1936 1457 omnia

336 1496 433 1551 ista
461 1505 784 1567 opponentur
806 1496 945 1550 vobis
973 1494 1188 1567 (Matth.
1237 1513 1317 1564 ιιιι
1353 1498 1416 1552 51
1461 1498 1576 1567 55).
1612 1488 1701 1552 Eis
1753 1498 1932 1553 omnia

340 1590 539 1661 apponi
585 1590 716 1645 dicit
758 1600 812 1645 et
859 1589 993 1645 tradi
1025 1592 1114 1661 qui
1165 1606 1385 1661 regmun
1441 1601 1495 1646 et
1534 1592 1799 1661 justitiam
1844 1592 1937 1648 Dei

341 1692 611 1754 qmerunt.
652 1682 763 1739 Eos
789 1684 931 1739 enim
962 1683 1239 1749 Dominus,
1271 1698 1392 1751 cum
1419 1683 1605 1753 judicii
1634 1684 1749 1739 dies
1775 1699 1938 1741 vene—

2036 469 2275 536 quoniam
2301 484 2401 522 non
2439 468 2706 531 seminam,
2741 479 2899 534 neque
2942 470 3153 525 metunt,
3194 475 3354 531 neque
3380 457 3631 528 colligunt

2035 560 2086 614 in
2117 562 2316 623 horrea,
2345 569 2391 614 et
2424 560 2580 614 Pater
2603 567 2761 612 vester
2781 557 2990 611 caelestis
3017 555 3107 608 alit
3144 555 3156 603 l
3195 552 3307 606 illa.
3341 551 3526 605 Nonne
3545 563 3634 603 vos

2038 651 2202 721 pluris
2228 650 2332 705 illis
2353 651 2500 719 estis(
2511 648 2695 702 Matth.
2715 664 2790 713 vr,
2831 646 2964 717 26)?
2992 645 3249 700 Volucres
3279 642 3419 697 Deus
3442 640 3629 710 pascit,

2034 750 2089 796 et
2120 741 2423 809 passeribus
2459 739 2710 794 alimenta
2751 738 2938 792 diurna
2969 745 3320 806 prtestantur;
3362 741 3418 789 et
3441 731 3636 802 quibus

2037 833 2217 888 nullus
2247 832 2442 887 divina:
2467 833 2543 887 rei
2582 845 2772 886 sensus
2800 838 2902 897 est,
2940 829 3017 884 eis
3054 843 3152 884 nec
3175 836 3331 899 potus
3357 840 3457 882 nec
3483 824 3636 880 cibus

2037 924 2191 981 deest
2221 942 2234 979 :
2272 934 2327 980 tu
2355 923 2682 989 Christiano,
2715 930 2768 977 tu
2801 922 2895 977 Dei
2918 935 3095 985 servo,
3128 929 3183 974 tu
3206 919 3457 989 operibus
3483 919 3638 975 bonis

2037 1016 2237 1083 dedito,
2270 1027 2325 1073 tu
2356 1017 2571 1073 domino
2602 1002 2704 1071 "suo
2719 1013 2886 1070 charo
2912 1054 2927 1079 ,
2956 1012 3151 1084 aliquid
3183 1012 3458 1068 existimas
3487 1010 3640 1068 defu-

2037 1108 2255 1163 turum?

2108 1199 2223 1254 XII.
2267 1199 2378 1254 Nisi
2425 1200 2471 1255 si
2520 1208 2671 1270 putas
2704 1198 2728 1237 ιε
2768 1199 2890 1269 quia
2921 1197 3012 1268 qui
3051 1198 3322 1253 Christum
3372 1196 3572 1267 pascit,
3609 1212 3642 1253 a

2038 1291 2252 1363 Christo
2290 1293 2403 1363 ipse
2443 1307 2547 1346 non
2578 1291 2834 1361 pascitur,
2882 1300 2976 1344 aut
3020 1290 3098 1345 eis
3151 1297 3360 1345 terrena
3415 1288 3645 1345 deerunt

2040 1386 2230 1455 quibus
2253 1384 2494 1441 coelestia
2514 1394 2567 1439 et
2585 1384 2759 1439 divina
2790 1382 3113 1437 tribuuntur.
3141 1380 3294 1438 Unde
3317 1380 3435 1435 haec
3462 1381 3639 1436 incre-

2040 1478 2165 1534 dula
2195 1478 2474 1551 cogitatio?
2497 1478 2636 1533 unde
2668 1477 2825 1548 impia
2848 1486 2902 1531 et
2927 1476 3184 1546 sacrilega
3217 1477 3313 1529 ista
3340 1473 3644 1529 meditatio?

2039 1570 2177 1638 Quid
2209 1571 2335 1626 facit
2374 1572 2428 1625 in
2466 1569 2629 1625 domo
2657 1568 2781 1623 ﬁdei
2822 1568 3079 1638 perﬁdum
3115 1566 3335 1638 pectus?
3363 1566 3522 1633 Quid,
3553 1565 3645 1635 qui

2039 1663 2253 1719 Christo
2280 1663 2500 1718 omnino
2530 1677 2635 1717 non
2658 1660 2850 1727 credit,
2873 1660 3171 1730 appellatur
3198 1669 3251 1713 et
3275 1656 3644 1713 diciturChri-

343 1748 436 1844 rit,
468 1778 534 1832 ad
558 1777 959 1848 percipiendum
987 1792 1208 1849 regnum
1236 1748 1367 1832 dicit
1388 1748 1598 1833 admitti
1624 1776 1713 1849 qui
1736 1777 1937 1833 fuerint
1963 1767 2011 1828 B
2039 1757 2280 1812 δῑίίηιυδῗ
2318 1753 2709 1849 Ρ¹¹³Υίῗ²θί-ιίι)ί
2754 1750 3189 1849 ηἶίξὲίδἘυηβτυίι
3217 1765 3452 1849 "0"}9";
3479 1748 3640 1818 Nam:

340 1871 395 1926 in
420 1871 658 1928 Ecclesia
689 1872 805 1942 ejus
831 1872 1057 1941 operati.

414 1962 482 2018 X.
525 1962 716 2020 Metuis
754 1979 820 2020 ne
853 1964 1232 2034 patrimonium
1263 1973 1410 2019 tuum
1450 1965 1587 2021 forte
1642 1964 1854 2022 deﬁciat
1892 1965 1937 2020 si

342 2055 552 2123 cperari
576 2070 639 2110 ex
664 2070 729 2111 eo
755 2056 971 2127 largiter
990 2058 1240 2127 coeperis,
1273 2068 1326 2112 et
1358 2059 1553 2123 nescis,
1582 2058 1763 2125 miser,
1789 2057 1936 2128 quia,

342 2146 468 2200 dum
504 2144 658 2204 times
685 2163 754 2203 ne
791 2162 879 2203 res
908 2147 1182 2203 familiaris
1212 2147 1448 2214 deﬁciat,
1483 2150 1589 2202 vita
1629 2149 1743 2218 ipsa
1770 2156 1824 2203 et
1849 2162 1934 2203 sa-

344 2236 428 2291 lus
460 2237 659 2300 deﬁcit;
691 2249 780 2307 et,
809 2238 936 2294 dum
966 2255 1035 2295 ne
1061 2240 1193 2310 quid
1232 2240 1299 2295 de
1326 2240 1486 2294 rebus
1526 2223 1629 2295 tuis
1672 2238 1941 2294 minuatur

344 2330 597 2400 attendis,
638 2348 741 2386 non
802 2333 1028 2404 respicis
1072 2334 1213 2404 quod
1260 2334 1375 2403 ipse
1415 2334 1691 2397 minuaris,
1735 2339 1941 2386 amator

345 2423 513 2494 magis
539 2439 857 2480 mammonae
880 2440 1036 2495 quam
1055 2426 1248 2480 animze
1276 2437 1409 2491 una);
1438 2436 1517 2493 ut,
1539 2426 1673 2484 dum
1694 2425 1849 2478 times
1876 2437 1943 2479 ne

346 2522 444 2586 pro
475 2525 526 2570 te
553 2518 930 2593 patrimonium
965 2529 1113 2574 tuum
1152 2517 1371 2589 perdas,
1402 2520 1516 2587 ip~e
1562 2534 1655 2587 pro
1685 2518 1943 2587 patrimo-

348 2615 438 2665 nio
476 2621 565 2667 tuo
606 2628 793 2681 pereas
819 2624 864 2664 ὅ.
910 2613 979 2668 Et
1023 2614 1145 2669 ideo
1179 2612 1314 2668 bene
1355 2613 1642 2681 Apostolus
1669 2614 1865 2667 clamat
1892 2620 1945 2665 et

346 2704 476 2759 dicit
506 2721 518 2758 ε
549 2702 699 2758 Nihil
722 2704 987 2759 intulimus
1009 2706 1062 2758 in
1086 2705 1215 2757 hunc
1237 2702 1504 2767 mundum,
1535 2720 1705 2756 verum
1736 2720 1824 2757 nec
1845 2721 1941 2758 au-

343 2802 481 2869 ferre
516 2799 639 2867 quid
689 2814 975 2868 possumus.
1008 2779 1265 2851 Habeiztes
1311 2798 1477 2871 itaque
1520 2796 1875 2851 exitibitionem
1899 2808 1946 2853 et

345 2902 711 2962 tegumentum,
742 2890 820 2945 his
840 2893 1057 2944 contenti
1085 2892 1261 2944 simus.
1291 2891 1393 2957 Qui
1423 2902 1590 2943 autem
1616 2891 1788 2945 volunt
1817 2892 1946 2945 divi-

347 2991 419 3038 tes
434 2983 567 3047 Iieri,
593 2981 827 3035 incidunt
843 2983 897 3036 in
920 2982 1245 3045 tentationem
1276 2983 1392 3036 etin
1423 2983 1756 3052 muscipulam
1788 2995 1832 3038 et
1859 2985 1947 3039 de-

346 3073 538 3129 sideria
560 3073 721 3128 multa
749 3084 794 3128 et
816 3075 1067 3141 nocentia,
1100 3091 1214 3146 qua:
1229 3088 1458 3147 mergunt
1484 3076 1736 3131 hominem
1758 3079 1809 3132 in
1832 3095 1948 3147 per-

349 3166 589 3221 ditionem
618 3177 663 3221 el
708 3168 760 3220 in
801 3168 1080 3225 interitum.
1110 3168 1284 3224 Radix
1327 3171 1461 3225 enim
1509 3173 1731 3226 omnium
1778 3175 1939 3228 malo-

349 3275 464 3312 rum
490 3269 561 3313 est
589 3259 843 3329 cupiditas
862 3275 882 3313 :
907 3276 1059 3331 quam
1085 3261 1292 3331 quidam
1324 3272 1614 3333 appetentes
1655 3266 1941 3336 naufraga-

352 3364 529 3407 verunt
575 3369 605 3406 a
655 3353 796 3422 ﬁde,
865 3363 912 3407 et
965 3354 1285 3409 inseruerunt
1343 3372 1397 3409 se
1444 3355 1704 3410 doloribus
1771 3357 1945 3411 multis

356 3442 399 3516 (1
431 3443 560 3499 Tim.
588 3459 660 3509 γι,
697 3443 868 3516 7-10).

428 3537 517 3591 XI.
558 3537 750 3592 Metuis
774 3552 843 3594 ne
874 3535 1251 3607 patrimonium
1286 3549 1430 3594 tuum
1465 3538 1603 3594 forte
1633 3538 1867 3608 deﬁciat,
1899 3541 1944 3596 si

353 3629 564 3698 cperari
593 3645 657 3683 ex
685 3644 752 3684 eo
788 3630 1007 3700 largiter
1034 3632 1283 3701 coeperis.
1313 3633 1538 3699 Quando
1566 3632 1709 3687 enim
1746 3633 1946 3688 factum

352 3730 437 3776 est
467 3729 522 3775 ut
537 3721 683 3792 justo
714 3733 928 3791 possent
953 3724 1142 3779 deesse
1171 3724 1408 3779 subsidia
1442 3726 1566 3779 vitae
1590 3722 1637 3791 ιι,
1671 3740 1791 3780 cum
1816 3726 1948 3781 seri-

354 3825 503 3885 ptum
541 3819 647 3873 sit:
683 3816 805 3871 Non
835 3817 1027 3872 occidet
1064 3818 1201 3887 {ante
1232 3819 1479 3873 Dominus
1505 3823 1730 3873 animam
1748 3821 1949 3891 justam

358 3908 541 3981 (Prov.
574 3925 633 3975 χ,
677 3907 752 3981 5).
781 3909 961 3965 IIelias
994 3910 1044 3964 in
1074 3909 1364 3966 solitudine
1392 3911 1571 3966 corvis
1594 3910 1948 3965 ministranti-

355 4002 456 4056 bus
489 4002 742 4069 pascitur,
774 4011 828 4058 et
872 4003 1082 4058 Danieli
1120 4003 1171 4056 in
1211 4002 1329 4057 lacu
1374 4003 1440 4057 ad
1473 4003 1687 4058 leonum
1715 4003 1949 4073 prtedam

358 4095 511 4165 jussu
541 4096 679 4166 regis
721 4096 925 4151 incluso
951 4095 1232 4167 prandium
1264 4096 1516 4151 divinitus
1546 4107 1865 4167 apparatur;
1898 4106 1952 4152 et

361 4194 416 4242 tu
454 4188 648 4243 metuis
690 4203 756 4243 ne
782 4189 1025 4258 aperanti
1078 4186 1169 4242 tibi
1221 4197 1275 4243 et
1314 4189 1592 4242 Dominum
1624 4189 1952 4258 promerenti

358 4280 499 4336 desit
526 4281 863 4350 alimentum,
885 4282 1099 4353 quando
1124 4282 1235 4351 ipse
1261 4282 1313 4337 in
1335 4281 1646 4353 Evangelia,
1674 4281 1740 4336 ad
1763 4296 1958 4351 expro-

359 4372 659 4429 brationem
710 4387 894 4429 eorum
941 4374 1133 4445 quibus
1168 4372 1183 4411 ί
1222 4389 1376 4430 mens
1401 4374 1563 4430 dubia
1608 4383 1691 4429 est
1739 4383 1795 4429 et
1828 4372 1960 4428 ﬁdes

2042 1864 2163 1904 cum
2197 1848 2454 1902 Dominus
2483 1837 2537 1900 in
2572 1843 2867 1913 Evangelia
2902 1841 2971 1897 de
3012 1842 3370 1912 eleemosynis
3400 1840 3646 1909 disputa.

2047 1950 2153 2006 ret,
2188 1949 2242 1995 et
2270 1949 2327 1995 ut
2351 1938 2506 1993 nobis
2532 1937 2738 1991 amicos
2767 1934 2835 1990 de
2859 1933 3204 1989 terrestribus
3233 1933 3396 1988 lucris
3428 1931 3647 2003 provida

2042 2034 2353 2105 operatione
2379 2032 2679 2086 iaceremus
2703 2072 2717 2094 ,
2764 2028 2855 2098 qui
2888 2041 2986 2082 nos
3019 2026 3359 2097 postmodum
3386 2027 3437 2081 in
3471 2026 3649 2082 taber-

2042 2127 2230 2182 nacula
2284 2133 2487 2180 {eterna
2540 2121 2912 2191 susciperent,
2964 2118 3195 2175 ﬁdeliter
3240 2134 3302 2173 ac
3358 2117 3649 2173 salubriter

2044 2227 2437 2292 pra‘monerel,
2479 2215 2682 2271 addidit
2724 2222 2845 2283 post
2886 2212 3001 2268 licet:
3044 2212 3318 2282 Scriptura
3361 2212 3545 2267 dicens
3578 2208 3594 2247 ι
3629 2227 3645 2266 :

2044 2312 2331 2366 Audiebant
2369 2319 2533 2364 autem
2557 2309 2664 2363 luet:
2693 2307 2862 2361 omnia
2893 2305 3147 2359 Phariswi
3167 2348 3181 2373 ,
3214 2305 3300 2374 qui
3332 2314 3475 2358 erant
3502 2305 3649 2373 cupi-

2046 2406 2242 2460 dissimi
2261 2445 2275 2471 ,
2308 2413 2352 2460 et
2382 2403 2659 2457 irridebant
2685 2417 2798 2455 eum
2826 2398 2975 2472 (Luc.
2998 2416 3107 2466 xw,
3137 2399 3250 2468 14).
3281 2398 3478 2464 Quales
3503 2412 3644 2452 nunc

2047 2499 2308 2571 quosdam
2338 2507 2379 2534 ω
2420 2498 2472 2552 in
2506 2496 2747 2552 Ecclesia
2790 2495 3063 2561 videmus,
3094 2508 3320 2563 quorum
3369 2492 3644 2562 praeclusae

2046 2608 2204 2648 aures
2225 2602 2278 2648 et
2298 2590 2460 2647 corda
2490 2598 2686 2644 caecata
2713 2588 2913 2642 nullum
2939 2586 3006 2640 de
3032 2586 3363 2655 spiritalibus
3392 2598 3456 2638 ac
3483 2583 3632 2638 salu-

2049 2684 2251 2739 taribus
2285 2684 2503 2737 monitis
2540 2682 2719 2735 lumen
2763 2680 3089 2734 admittunt?
3127 2679 3193 2732 de
3224 2678 3415 2748 quibus
3462 2679 3649 2736 mirari

2050 2795 2155 2834 non
2186 2786 2399 2848 oportet
2427 2774 2568 2846 quod
2592 2767 2942 2829 contemnant
2973 2773 3024 2827 in
3055 2772 3371 2826 tractatibus
3400 2788 3643 2839 servum,

2049 2870 2264 2941 quando
2310 2885 2339 2923 a
2390 2867 2582 2922 talibus
2637 2866 2812 2936 ipsum
2864 2864 3147 2919 Dominum
3203 2862 3482 2918 videamus
3527 2879 3649 2921 esse

2051 2974 2444 3035 contemptum.

2126 3056 2259 3111 XIII.
2301 3054 2439 3123 Quid
2465 3053 2555 3109 tibi
2587 3052 2637 3106 in
2661 3051 2776 3106 istis
2803 3050 2998 3120 ineptis
3028 3058 3082 3104 et
3110 3048 3286 3104 stultis
3313 3050 3649 3119 cogitationi-

1971 3152 2016 3216 C
2051 3150 2148 3207 bus
2180 3148 2407 3219 plaudis,
2431 3145 2582 3218 quasi
2607 3153 2749 3199 metu
2777 3153 2832 3199 et
2857 3142 3217 3197 sollicitudine
3246 3140 3547 3197 futurorum
3579 3142 3648 3198 ab

2050 3243 2304 3313 Operibus
2324 3239 2656 3298 retarderis?
2682 3237 2819 3305 Quid
2850 3236 3069 3293 umbras
3094 3245 3149 3291 et
3172 3236 3464 3307 praestigias
3486 3252 3647 3306 quas-

2050 3337 2173 3393 dam
2222 3351 2374 3391 vante
2423 3330 2790 3389 excusationis
2832 3328 3121 3384 obtendis?
3162 3326 3434 3383 Conﬁtere
3482 3327 3650 3387 immo

2050 3447 2169 3503 qua:
2209 3405 2334 3485 vera
2374 3434 2534 3491 sunt;
2566 3434 2620 3481 et
2656 3423 2781 3494 quia
2824 3421 3056 3478 scientes
3094 3435 3201 3475 non
3232 3428 3385 3490 potes
3425 3418 3648 3489 fallere,

2050 3531 2256 3579 secreta
2286 3528 2342 3576 et
2383 3517 2561 3574 abdita
2590 3517 2786 3573 mentis
2827 3528 3104 3585 exprome.
3154 3512 3490 3570 Ubsederunt
3529 3515 3651 3569 ani-

2054 3632 2197 3671 mum
2233 3598 2380 3668 tuum
2424 3609 2722 3667 sterilitatis
2767 3605 3039 3675 tenebrae,
3088 3617 3163 3674 et,
3200 3605 3486 3661 recedente
3530 3604 3654 3663 inde

2053 3708 2255 3764 lumine
2277 3704 2547 3769 veritatis,
2582 3700 2801 3757 carnale
2824 3706 3010 3768 pectus
3034 3697 3141 3751 alta
3168 3705 3222 3750 et
3251 3696 3513 3766 profunda
3530 3712 3655 3753 ava-

2053 3799 2189 3855 ritia:
2214 3798 2387 3867 caligo
2413 3793 2653 3850 caecavit.
2688 3788 2934 3846 Pecuniae
2977 3797 3080 3842 tuae
3105 3787 3347 3855 captivus
3376 3795 3431 3840 et
3461 3801 3654 3843 servus

2056 3906 2146 3957 es,
2177 3888 2380 3944 catenis
2430 3881 2737 3953 cupiditatis
2780 3889 2835 3935 et
2884 3876 3114 3933 vinculis
3157 3877 3402 3947 alligatus
3451 3891 3543 3944 es,
3601 3886 3657 3934 ct

2056 3996 2213 4052 quem
2232 3980 2341 4049 jam
2377 3972 2616 4032 solverat
2640 3969 2922 4037 Christus,
2953 3969 3128 4035 denuo
3158 3969 3371 4024 vinctus
3410 3985 3489 4025 es.
3523 3968 3656 4026 Scr-

2056 4088 2152 4128 vas
2200 4068 2478 4140 pecuniam
2498 4107 2514 4131 ,
2561 4078 2681 4134 quae
2722 4070 2775 4117 te
2801 4068 3012 4116 servata
3035 4068 3064 4095 η
3091 4075 3197 4115 non
3229 4068 3429 4116 servat.
3481 4061 3655 4115 Patri-

2057 4167 2296 4223 monium
2323 4160 2600 4225 cumulas,
2648 4155 2791 4229 quod
2844 4163 2895 4209 te
2938 4154 3180 4225 pondere
3225 4168 3324 4209 suo
3372 4162 3561 4209 onerat
3592 4165 3655 4222 0;

2061 4280 2162 4322 nec
2207 4257 2498 4317 meministi
2529 4253 2656 4327 quid
2689 4255 2829 4308 Deus
2868 4249 3211 4322 responderit
3256 4248 3404 4303 diviti
3448 4248 3652 4303 exube-

2062 4359 2297 4417 rantiam
2329 4355 2597 4410 fructuum
2621 4348 2831 4421 copiam
2860 4346 3023 4403 stulta
3052 4354 3079 4394 Ρ
3100 4342 3428 4400 exultatione
3450 4340 3657 4410 jactan-

1596 4484 1980 4574 LECTIONES
2016 4470 2319 4539 VARIANT
2325 4468 2429 4524 ES.

427 4602 451 4631 ίι
487 4601 587 4666 Sed
602 4610 654 4652 et
669 4599 921 4653 abundare
945 4600 1059 4652 facit
1083 4601 1208 4654 Bod.
1233 4602 1262 4651 4
1306 4603 1473 4666 Supra
1494 4598 1695 4652 habetur
1718 4598 1955 4663 :supplc-
1980 4600 2034 4660 D

362 4666 451 4721 vit,
475 4671 519 4714 et
542 4665 821 4718 abundavit.

426 4725 455 4763 ι)
489 4727 588 4790 Per
612 4728 789 4778 multas
809 4727 1308 4790 gratiarumactioncs
1326 4725 1484 4778 Satis.

428 4792 452 4853 (ξ
492 4789 587 4853 ξει-
611 4789 951 4853 eleernoéynas
972 4789 1134 4842 Saris.

425 4850 454 4890 (ι
488 4850 809 4914 Qperantibus
834 4850 960 4903 Bod.
991 4855 1035 4901 1.

429 4918 454 4945 ε
491 4913 628 4962 Enim
653 4915 780 4966 Bod.
806 4918 853 4976 1,
878 4916 927 4964 2.
951 4914 1112 4967 Saris.

433 4976 453 5012 ί
489 4976 575 5041 Sic
603 4980 721 5041 Ver.
756 4975 879 5028 Thu.
908 4979 1044 5030 Foss.
1070 4977 1271 5029 deerant
1289 4976 1339 5029 in
1365 4978 1392 5026 Ι
1396 4992 1522 5041 mpr.

430 5041 455 5080 8
477 5037 563 5103 iNe
589 5040 711 5103 l'orte
756 5041 904 5092 West.
950 5040 1095 5091 Ebor.
1136 5042 1270 5092 Foss.
1309 5055 1373 5090 ne
1414 5037 1503 5103 pro
1540 5046 1589 5089 te
1625 5037 1960 5100 patrimonium

366 5102 560 5167 perdas,
589 5102 635 5150 id
662 5107 767 5167 agis
789 5111 843 5153 ut
869 5106 993 5167 ipse,
1019 5116 1106 5164 pro
1132 5105 1421 5167 patrimonio
1445 5115 1622 5166 pereas
1652 5104 1767 5151 Ver.

428 5162 458 5202 ιι
480 5163 673 5215 Deesse
694 5162 983 5217 substantia
1000 5162 1117 5217 Ver.

2128 4589 2145 4627 ί
2187 4587 2403 4646 Quorum
2436 4580 2588 4646 west.
2668 4635 2714 4646 Η

2131 4651 2145 4701 i
2186 4639 2345 4699 f’ascit
2366 4646 2456 4694 Ar.
2497 4642 2630 4690 Lam.
2660 4639 2764 4687 Lin.

2124 4696 2151 4754 ἐ
2184 4696 2285 4762 Nisi
2312 4714 2451 4772 putas
2473 4702 2602 4772 quod
2625 4705 2716 4772 Ar.
2744 4699 2868 4772 agit.
2891 4696 2940 4745 2.

2128 4775 2145 4812 1
2184 4755 2444 4834 gat-ignita
2467 4755 2756 4834 d'ivina_4r._
2781 4765 2913 4811 Voss.
2943 4755 3387 4834 i._La'tn.‘Bod.A2,
3422 4758 3471 4809 5.

2122 4838 2161 4866 m
2188 4819 2345 4886 iiiiés'
2365 4843 2494 4881 nunc
2514 4828 2608 4877 Ar.
2639 4823 2820 4885 Quales
2840 4835 2968 4872 nunc
2995 4823 3043 4871 in
3064 4819 3283 4871 Ecclesia
3307 4829 3462 4871 Oxon.
3544 4868 3557 4883 ,

2126 4902 2152 4930 υ
2189 4901 2229 4948 Α
2257 4906 2307 4948 te
2329 4886 2704 4955 servataSaris.
2754 4954 2761 4955 ί
2828 4949 2847 4955 _
2999 4947 3028 4955 _
3098 4945 3107 4955 ι

2128 4963 2153 4991 ο
2189 4944 2475 5011 sitionem
2504 4953 2594 5002 Ar.
2632 4952 2781 5001 West.
2820 4949 2952 4999 Lam.
2991 4945 3150 4999 Saris.
3195 4944 3317 4995 Bod.
3360 4945 3487 5007 1,-2,
3523 4947 3572 5007 δ,
3611 4945 3661 4995 4.

2062 5026 2165 5076 Suo
2224 5022 2386 5072 rarius
2412 5018 2569 5066 Oxon.

2126 5092 2155 5131 Ρ
2182 5038 2346 5147 ἕορίίι,
2372 5077 2521 5129 stulta
2543 5088 2602 5127 se
2639 5078 2757 5128 Ver.

1606 5225 1849 5282 STEPH.
1890 5215 2165 5277 BALUZII
2202 5206 2430 5268 NOTAE}.

372 5416 401 5472 ὁ
538 5376 608 5387 —-
638 5345 1006 5417 Muscipnlam.
1044 5348 1159 5404 Duo
1201 5348 1320 5404 libri
1369 5357 1579 5404 veteres
1614 5345 1817 5400 addunt
1851 5343 1967 5397 dia-

404 5435 432 5472 ο
457 5435 492 5470 ι.

404 5435 492 5472 οιι.

446 5510 537 5566 XI.
573 5541 639 5551 --
672 5511 853 5567 Deesse
900 5514 1146 5567 subsidia.
1179 5512 1360 5568 Codex
1391 5512 1559 5567 sancti
1590 5510 1791 5571 Albini,
1820 5506 1975 5575 possit

372 5584 543 5664 deesse
581 5583 884 5638 substantia.
912 5584 1000 5641 Sic
1049 5587 1209 5639 etiam
1244 5585 1498 5655 scriptum
1547 5594 1659 5637 erat
1710 5582 1761 5634 in
1810 5577 1979 5647 Vero-

372 5668 549 5709 nenSI.

449 5766 564 5822 XII.
599 5797 668 5808 -
698 5766 778 5825 De
804 5769 1120 5824 terrestribus
1173 5767 1348 5823 lucris.
1398 5765 1560 5822 Vetus
1587 5764 1754 5822 codex
1786 5774 1977 5818 mona-

2076 5331 2222 5390 sterii
2246 5323 2708 5398 Compendiensis,
2742 5330 2788 5375 et
2818 5316 3132 5398 nt_nobis_de
3175 5313 3487 5368 terrestribus
3508 5311 3668 5382 copiis

2078 5408 2219 5461 lucra
2250 5391 2674 5471 magnaﬂprovidu
2701 5391 2994 5462 operatione
3015 5392 3331 5471 facerenms.

2150 5473 2289 5527 XIII.
2322 5456 2394 5511 -ἶ-
2422 5456 2659 5536 Pondere
2708 5456 2799 5536 suo
2852 5456 3043 5536 onerat.
3073 5456 3167 5536 _I_ta
3215 5471 3406 5536 omnes
3461 5463 3671 5536 veteres

2081 5545 2365 5608 editiones;
2389 5552 2574 5594 omnes
2612 5535 2737 5608 libri
2762 5533 2958 5608 nostri,
2982 5540 3036 5608 et
3072 5528 3156 5608 ‘“_
3191 5537 3314 5608 octo
3370 5527 3667 5608 ᾼιιειίαιιιί.

2083 5599 2423 5671 I’ameliusex
2454 5608 2687 5680 editione
2700 5604 2900 5669 Gravii,
2915 5611 2972 5656 ut
2986 5605 2998 5680 i_
3005 5616 3096 5671 pse
3110 5600 3203 5680 ait,
3229 5599 3421 5667 adjecit
3445 5599 3670 5680 gravius,

2084 5666 2207 5742 cum
2225 5666 2405 5741 tamen
2433 5696 2535 5737 vox
2558 5679 2645 5735 illa
2671 5692 2775 5732 non
2790 5666 2964 5730 exstet
2988 5666 3038 5727 iii
3069 5666 3305 5729 editione
3331 5682 3450 5740 quae
3476 5666 3675 5724 dicitur

2086 5757 2285 5816 Gravii.
