4272 6278
350 300 458 366 (H3

1373 313 1566 370 LIBER
1600 312 1686 368 DE
1727 309 1952 369 OI’IiRE
1994 311 2078 368 ET
2122 312 2619 373 ELEEMUSYNIS.

3557 314 3588 376 6
3603 321 3662 378 1-4

352 425 689 480 Duminicum
757 425 874 480 sine
945 425 1208 482 sacriﬁcio
1262 430 1436 494 venis,
1469 444 1586 498 quae
1632 439 1834 496 partem
1896 428 1962 483 de
1989 430 2038 488 A
2070 448 2328 515 mimum,
2363 451 2576 520 quando
2623 453 2671 506 in
2707 453 2964 524 inmens;s
3013 455 3344 527 spirimlibus
3381 456 3658 514 Christum

352 519 619 575 sacriﬁcio
675 519 817 590 quod
873 535 1074 590 pauper
1132 521 1323 576 obtulit
1376 522 1561 576 sumis.
1625 520 1840 576 Intuere
1907 521 1958 575 in

353 612 642 682 Evangelio
688 611 902 666 viduam
939 623 1328 684 praeceptorum
1374 613 1672 671 coelesﬁum
1702 615 1719 633 "
1749 629 1958 670 memo-

351 721 488 775 rem,
535 707 674 761 inter
744 706 887 776 ipsas
945 722 1222 776 pressurus
1275 718 1327 762 et
1379 707 1652 777 angustias
1709 707 1960 776 egestatis

353 806 696 867 Operatitem,
735 798 787 851 in
829 799 1270 869 gazophylacium
1309 799 1414 854 duo
1454 815 1573 871 qua)
1620 800 1729 855 sola
1780 798 1807 835 b
1857 799 1958 854 sibi

363 890 790 946 fuerantminuta
811 890 1109 946 mittentem
1138 909 1149 944 :
1184 907 1484 961 quamcum
1509 892 1960 947 animadverteret

360 983 619 1040 Dominus
641 994 690 1040 et
723 983 957 1048 videret,
993 999 1100 1039 non
1131 984 1197 1039 dc
1223 987 1538 1054 patrimonio
1562 985 1654 1040 sed
1687 987 1754 1041 de
1781 986 1958 1039 animo

354 1091 490 1147 Opus
535 1076 651 1148 ejus
709 1077 1024 1132 examinans
1049 1118 1062 1144 ,
1099 1087 1153 1132 et
1193 1077 1540 1134 considerans
1566 1094 1670 1132 non
1703 1087 1957 1148 quantum

357 1169 455 1225 sed
486 1184 551 1225 ex
598 1177 794 1240 quanto
846 1168 1118 1232 dedisset,
1171 1170 1448 1239 reSpondit
1482 1178 1534 1224 et
1577 1169 1711 1224 dixit
1748 1187 1760 1222 :
1801 1171 1959 1222 Amen

355 1260 472 1314 dico
521 1259 656 1314 vobis
710 1260 950 1329 quoniam
1005 1259 1157 1312 vidua
1210 1260 1310 1313 ista
1352 1261 1466 1328 plus
1497 1261 1726 1312 omnibus
1753 1260 1884 1314 misit
1908 1261 1960 1313 in

357 1353 493 1407 dona
524 1351 636 1405 Dei.
681 1350 868 1405 Omnes
913 1353 1046 1405 enim
1075 1352 1158 1404 isti
1188 1368 1248 1405 ea:
1289 1369 1345 1406 co
1391 1353 1524 1421 quod
1545 1352 1815 1406 abundarit
1860 1354 1962 1406 illis

357 1427 602 1498 miserunt
641 1444 694 1496 in
734 1443 870 1497 dona
899 1441 1038 1509 Dei,
1074 1442 1178 1497 Ittec
1223 1454 1389 1496 autem
1436 1445 1497 1496 de
1526 1444 1697 1509 inopia
1734 1460 1824 1496 sua
1847 1460 1958 1496 om-

356 1553 472 1590 nem
526 1551 887 1606 quemcumque
933 1536 1106 1589 habuit
1150 1536 1333 1589 victum
1367 1536 1500 1588 misit
1532 1535 1683 1602 (an.
1714 1552 1844 1597 xxi.
1877 1536 1958 1606 5).

359 1630 582 1685 Multum
608 1631 759 1687 beata
788 1631 977 1685 mulier
995 1640 1045 1685 et.
1067 1630 1321 1700 gloriosa,
1351 1647 1469 1700 qute
1495 1631 1652 1684 etiam
1683 1631 1961 1684 antetliem

352 1720 542 1790 judicii
578 1721 772 1791 judicis
813 1721 1008 1775 meruit
1059 1736 1190 1775 voce
1257 1719 1480 1776 laudari.
1540 1721 1736 1774 Pudeat
1769 1721 1963 1775 divites

363 1816 663 1871 sterilitatis
692 1824 849 1884 atque
888 1812 1219 1869 inﬁdelitatis
1249 1831 1360 1869 suae
1391 1825 1434 1869 ε.
1463 1814 1627 1868 Vidua
1651 1856 1663 1874 ,
1710 1826 1760 1868 et
1794 1814 1952 1868 vidua
1985 1820 2032 1879 Β
2060 1834 2311 1900 papam,
2349 1837 2538 1905 inqu”,
2573 1812 2906 1894 δηιν-διάηηαη,
2935 1812 3134 1906 ,ηειίιτιὴ

362 1906 519 1976 inops
569 1907 759 1971 rebus,
816 1906 965 1960 dives
1014 1906 1063 1959 in
1107 1922 1268 1976 opere
1308 1904 1332 1942 ἀ
1387 1907 1670 1961 invenitur.
1717 1907 1956 1977 Cumque

359 1999 612 2054 universa
641 2015 758 2068 quae
787 1998 981 2054 dantur
1008 2000 1222 2070 pupillis
1266 2011 1321 2055 ct
1361 2001 1534 2057 viduis
1574 2001 1917 2057 conterantur
1937 2045 1950 2069 ,

355 2093 444 2148 dat
489 2094 578 2148 illa
629 2109 788 2164 quam
832 2093 1112 2164 oportebat
1152 2095 1424 2166 accipere;
1472 2105 1530 2150 ut
1568 2097 1798 2151 sciamus
1836 2112 1954 2167 qua:

357 2202 518 2257 poena
547 2188 784 2262 sterilem
809 2187 1030 2243 divitem
1063 2197 1306 2255 maneat,
1337 2189 1550 2256 quando
1589 2189 1692 2244 huc
1718 2191 1834 2258 ipso
1859 2189 1956 2244 do-

355 2290 609 2334 cumento
637 2280 844 2350 operari
891 2281 1048 2335 etiam
1095 2281 1636 2350 pauperesdcbeant.
1666 2283 1858 2352 Atque,
1896 2291 1956 2336 ut

361 2369 720 2442 intelligamus
766 2371 881 2427 haec
910 2387 1070 2442 Opera
1117 2382 1139 2407 ίτ
1173 2373 1280 2427 Deo
1310 2371 1424 2428 dari
1478 2383 1533 2428 et
1561 2389 1682 2428 eum
1714 2375 1955 2445 quisquis

358 2459 476 2516 haec
521 2461 988 2534 laciatDominum
1037 2463 1369 2533 promereri,
1417 2463 1664 2519 Christus
1701 2465 1828 2519 illttd
1862 2465 1956 2520 Dei

358 2552 497 2608 dona
521 2556 772 2626 appellat,
798 2565 851 2611 et
877 2557 931 2612 in
957 2557 1096 2612 dona
1121 2557 1212 2611 Dei
1239 2557 1453 2612 viduam
1483 2558 1615 2614 duos
1631 2559 1958 2629 quadrantes

361 2644 572 2700 misisse
603 2647 887 2716 signiﬁcat,
923 2657 980 2701 ut
1013 2649 1180 2716 magis
1195 2662 1258 2701 ac
1272 2649 1439 2718 magis
1462 2650 1628 2717 possit
1651 2665 1768 2704 esse
1789 2653 1958 2706 mani-

358 2736 554 2793 festum
597 2741 723 2809 quia
749 2743 836 2811 qui
868 2742 1148 2796 miseretur
1176 2742 1424 2810 pauperis
1452 2743 1616 2797 Deum
1655 2743 1882 2799 insuerat
1911 2743 1928 2780 ί
1943 2787 1955 2798 .

435 2829 572 2885 XVI.
617 2832 722 2888 Sed
755 2848 855 2887 nec
885 2832 974 2887 illa
1005 2847 1113 2896 res,
1148 2830 1343 2890 fratres
1373 2835 1678 2888 charissimi
1699 2878 1713 2902 ,
1743 2851 1769 2888 a
1804 2836 1959 2891 bonis

360 2923 616 2995 operibus
664 2933 719 2980 et
751 2925 914 2994 justis
951 2923 1201 2979 refraenet
1231 2933 1285 2980 et
1314 2937 1531 2981 revocet
1567 2925 1954 2995 Christianum,

358 3015 504 3087 quod
545 3016 794 3071 excusari
842 3029 900 3070 se
934 3029 1091 3087 posse
1136 3016 1330 3087 aliquis
1375 3019 1646 3074 existimet
1698 3020 1960 3076 beneﬁcio

2066 542 2299 612 cogitare
2317 553 2362 606 ιε,
2395 544 2480 612 qui
2511 547 2756 615 accipere
2788 561 2845 600 se
2875 545 3145 616 professus
3179 557 3282 609 est,
3330 548 3656 616 debeamus,

2066 650 2164 689 nec
2193 651 2485 691 euaservos
2515 638 2700 694 liberis
2733 642 2926 695 nostris
2959 642 3050 696 sed
3086 643 3368 695 Dominum
3404 642 3658 712 prtelcra-

2064 741 2202 791 mus,
2238 727 2353 798 ipso
2383 729 2682 784 instruente
2711 741 2764 786 et
2797 741 3047 788 monente
3080 752 3092 787 :
3125 731 3223 797 Qui
3251 732 3442 804 diligit,
3468 733 3656 802 inquit,

2064 827 2256 887 patrem
2300 829 2387 874 aut
2417 831 2630 875 matrem
2670 835 2824 892 super
2854 839 2952 891 me,
2977 841 3078 878 non
3129 835 3200 878 est
3243 841 3322 879 me
3345 825 3572 895 dignus;
3615 835 3661 879 et

2063 911 2146 979 qui
2177 912 2342 982 diligit
2371 914 2534 981 ﬁlium
2561 924 2647 969 aut
2675 916 2839 985 ﬁliam
2867 933 3020 987 super
3046 935 3252 987 mc,n0tt
3278 928 3351 975 est
3370 936 3449 973 me
3478 921 3663 991 dignus

2065 1001 2275 1073 (Matth.
2331 1021 2383 1070 Χ,
2429 1005 2556 1075 57).
2603 1007 2735 1062 Item
2769 1008 2818 1062 iu
2849 1009 3368 1076 Deuteronomio,ad
3409 1011 3666 1066 corrobo-

2062 1095 2322 1152 rationem
2367 1086 2508 1154 ﬁdei.
2539 1111 2591 1154 et
2638 1100 2984 1157 dilectionem
3018 1102 3137 1171 Dei,
3167 1105 3309 1174 paria
3359 1105 3662 1174 conscripta

2064 1196 2190 1240 sunt
2221 1205 2232 1241 :
2266 1187 2366 1252 Qui
2389 1188 2587 1258 dicunt,
2624 1191 2812 1261 inquit,
2844 1194 2978 1262 patri
3003 1205 3090 1247 aut
3113 1199 3283 1260 matri,
3306 1193 3425 1248 Non
3448 1195 3562 1248 novi
3593 1203 3658 1262 te,

2064 1290 2106 1333 et
2139 1278 2272 1347 ﬁlios
2292 1295 2408 1334 suos
2430 1297 2529 1334 non
2556 1292 2900 1352 agnoverunt,
2934 1285 2986 1337 lti
3023 1286 3372 1339 custodierunt
3408 1295 3662 1356 prtecepta

2002 1430 2004 1432 τ
2064 1380 2170 1433 tua,
2210 1382 2257 1425 et
2285 1382 2632 1428 testamentum
2656 1383 3133 1433 tnttmsrrvavcrunt
3163 1377 3338 1451 (Deut.
3369 1395 3560 1446 xxxm,
3581 1379 3660 1450 9).

2066 1463 2215 1529 Nam,
2242 1465 2284 1518 si
2315 1465 2483 1520 Deum
2515 1475 2628 1522 toto
2657 1468 2819 1524 corde
2847 1470 3136 1541 diligimus,
3157 1485 3256 1527 nec
3285 1481 3535 1542 parentes
3564 1487 3664 1528 nec

2067 1553 2204 1609 ﬁlios
2251 1555 2358 1610 Deo
2410 1558 2659 1625 praeferre
2706 1561 2982 1616 debemus.
3028 1563 3180 1631 Quod
3227 1572 3282 1618 et
3328 1563 3563 1619 Joannes
3599 1565 3652 1619 in

2066 1647 2300 1716 Epistola
2330 1665 2422 1704 sua
2454 1653 2601 1720 ponit
2630 1652 2693 1719 lt,
2746 1656 3064 1712 charitatem
3109 1659 3199 1713 Dei
3235 1658 3376 1728 apud
3421 1675 3515 1714 eos
3556 1674 3662 1714 non

2065 1755 2184 1796 esse
2213 1757 2346 1811 quos
2375 1746 2648 1802 videamus
2692 1751 2900 1818 operari
2934 1752 2984 1805 in
3028 1766 3290 1822 pauperes
3321 1753 3465 1808 nolle
3503 1771 3515 1808 :
3563 1753 3666 1818 Qui

3165 1852 3211 1896 et
3243 1844 3422 1898 viderit
3452 1849 3664 1914 fratrem

2059 1939 2210 1976 suum
2239 1925 2608 1981 desiderantem
2641 1927 2676 1993 ί,
2703 1940 2748 1983 et
2768 1931 3211 2000 clattseriteiscera
3230 1948 3346 1998 sua,
3363 1936 3613 2004 quomodo
3638 1937 3651 1986 i

2056 2015 2277 2070 clraritas
2300 2015 2324 2054 ¹ί
2354 2017 2445 2070 Dei
2461 2030 2627 2075 manet
2650 2022 2702 2075 in
2718 2023 2804 2076 illo
2825 2022 3000 2093 (Joan.
3022 2041 3099 2091 ιη,
3126 2027 3251 2093 l7)?
3281 2027 3335 2082 Si
3355 2029 3494 2082 enim
3520 2028 3662 2082 Deus

2059 2106 2421 2178 eleemosynis
2447 2124 2739 2180 pauperum
2771 2116 3085 2182 faeneratur,
3106 2126 3160 2172 et
3185 2131 3305 2172 cum
3330 2117 3488 2174 datur
3519 2117 3668 2172 mitti-

2058 2200 2159 2253 mis
2186 2199 2398 2254 Christo
2416 2203 2588 2270 datur,
2627 2216 2826 2260 nonest
2843 2208 3668 2278 quodquisterrcna-eoelestibus

2059 2290 2313 2358 praeferat
2345 2307 2442 2348 nec
2471 2285 2667 2351 divinis
2699 2296 2930 2353 humana
2957 2313 3258 2370 praeponat.

2134 2383 2295 2438 XVII.
2317 2386 2405 2441 Sic
2428 2389 2580 2442 vidua
2608 2391 2714 2456 illa,
2750 2392 2799 2445 in
2833 2395 2989 2449 tertio
3016 2394 3321 2466 Regnorum
3339 2396 3498 2464 libro,
3519 2410 3668 2464 cum,

2061 2474 2112 2528 in
2142 2477 2384 2534 siccitate
2425 2489 2479 2534 et
2516 2480 2658 2537 fame
2702 2487 3032 2555 consumptis
3068 2488 3338 2552 onmibus,
3371 2488 3436 2542 dc
3456 2489 3666 2544 modico

2062 2566 2204 2622 farre
2235 2579 2289 2622 et
2315 2570 2436 2625 oleo
2464 2573 2604 2641 quod
2633 2576 2972 2643 supert'uerat
3000 2576 3216 2634 fecisset
3245 2578 3664 2636 subcinericium

2064 2673 2257 2726 panem
2305 2660 2318 2696 ι
2355 2703 2369 2728 ,
2405 2679 2512 2731 quo
2539 2666 2819 2737 absumpto
2849 2671 3109 2726 moritura
3135 2683 3255 2727 cum
3285 2673 3468 2728 libet-is
3491 2680 3670 2740 esset,

2072 2756 2382 2824 supervenit
2431 2757 2628 2825 Helias,
2655 2770 2708 2814 et
2737 2764 2889 2830 petiit
2913 2763 3014 2818 sibi
3054 2766 3200 2834 prius
3230 2775 3268 2802 ’τι
3299 2766 3366 2820 ad
3395 2766 3664 2821 edendum

2066 2842 2214 2909 dari;
2247 2855 2370 2900 tunc
2400 2851 2540 2918 quod
2556 2852 2931 2920 superfuisset,
2953 2855 3074 2910 inde
3098 2856 3238 2910 illam
3259 2873 3379 2912 cum
3409 2859 3531 2913 ﬁliis
3557 2858 3670 2912 suis

1992 2987 1994 2989 ,
2063 2938 2229 2992 vesci.
2263 2939 2370 2995 “Nec
2399 2943 2772 3013 obtemperare
2800 2945 2887 2998 illa
2908 2946 3190 3012 dubitavit,
3214 2959 3301 3001 aut
3328 2948 3496 3003 Melite
3527 2948 3671 3002 ﬁlios

2063 3041 2235 3087 mater
2258 3034 2309 3086 in
2335 3035 2472 3090 tame
2494 3045 2546 3091 et
2571 3046 2809 3106 egestate
2829 3040 3138 3108 prmposuit.
3165 3038 3254 3094 Fit
3276 3041 3442 3097 immo
3465 3041 3518 3097 in
3547 3057 3654 3100 con

1606 3112 1988 3176 LECTIONES
2029 3120 2443 3183 VARIANTES.

426 3204 453 3267 f‘
487 3203 851 3267 Prteceptorum
876 3203 1148 3255 divinorum
1182 3203 1313 3254 Lam.
1351 3203 1494 3256 Ebor.

424 3260 454 3302 ἱ)
491 3260 709 3329 Ουῑυψὶρ
735 3267 834 3316 sola
873 3267 1031 3329 Saris.

427 3332 449 3358 θ
487 3330 772 3407 Sterilitatis
788 3337 934 3407 atque.
961 3328 1256 3407 infelicitatis
1384 3328 1546 3407 ἔμε-ἑξ
1577 3331 1722 3407 West.
1753 3337 1890 3388 Voss.
1917 3337 1960 3388 1.

368 3390 512 3454 Ebor.
536 3393 675 3454 Lam.
695 3393 742 3441 6.
780 3390 887 3441 ΝΟ.
917 3392 961 3448 1,
984 3393 1030 3438 2.
1065 3390 1186 3454 Tlttt.
1215 3391 1350 3454 Foss.
1377 3391 1497 3444 Bod.
1527 3395 1572 3452 1,
1599 3395 1647 3454 ’2,
1673 3397 1720 3444 5.

429 3453 456 3492 (1
491 3451 574 3522 Sic
623 3453 771 3522 West.
806 3456 896 3522 Ar.
922 3455 1051 3522 Lam.
1093 3453 1234 3504 Ebur.
1274 3451 1378 3504 Lin.
1421 3454 1546 3506 Bod.
1578 3451 1700 3520 ΚΞ,
1738 3461 1786 3522 5,
1823 3462 1868 3510 -I.
1907 3462 1961 3514 In

365 3529 521 3580 Opere
547 3516 677 3580 larga
702 3517 948 3566 invenitur
975 3518 1131 3566 Oxon.
1605 3516 1610 3518 ’
1681 3516 1697 3542 ⁵

433 3581 456 3610 ι’
492 3575 629 3626 Hanc
652 3591 858 3627 oneram'
877 3577 982 3627 NG.
1010 3577 1056 3626 Ξ.

542 3591 636 3639 3ης
652 3591 858 3639 operam
877 3591 982 3627 ato.
1010 3591 1056 3626 z.

434 3639 454 3678 ῐ
491 3639 598 3690 Deo
621 3638 829 3690 fleuerat
853 3639 975 3691 Bod.
1005 3642 1050 3703 1,
1073 3639 1120 3690 2.

2132 3218 2158 3282 β
2194 3219 2379 3271 Christo
2404 3233 2612 3282 erogare
2638 3221 2794 3274 Saris.

2129 3278 2157 3316 11
2195 3282 2339 3332 I’ottit
2363 3291 2414 3332 et
2432 3278 2549 3334 dicit
2577 3285 2732 3336 Suris.

2136 3344 2151 3413 ξ
2193 3343 2414 3416 [mtrem
2439 3355 2673 3416 egentem
2714 3348 2858 3416 ttjcst.
2885 3347 3266 3416 Desiderantem
3303 3349 3484 3416 aliquid
3519 3355 3636 3406 Ver.

2135 3406 2148 3454 i
2193 3406 2388 3457 Viscera
2415 3406 2519 3468 sua,
2545 3411 2606 3458 ab
2633 3422 2690 3458 eo
2735 3412 2880 3461 West.
2915 3415 3051 3463 Voss.
3076 3415 3123 3465 2.
3150 3415 3288 3464 Pent.
3325 3406 3460 3467 Fusa.

2129 3470 2158 3534 ξε
2195 3468 2442 3534 Quomodo
2464 3475 2643 3534 poterit
2677 3476 2791 3524 Ver.

2135 3531 2164 3596 EA
2193 3531 2477 3596 Qineritium
2505 3538 2616 3583 Ver.
2646 3536 2768 3585 Bod.
2798 3536 2841 3596 1,
2868 3534 2913 3584 ‘2.
2941 3536 2987 3586 «ι.

2128 3593 2167 3621 m
2202 3594 2306 3644 Sibi
2332 3597 2490 3645 cibum
2507 3597 2640 3660 prius
2666 3597 2789 3650 Bad.
2819 3593 2860 3647 ι.

1625 3731 1864 3788 STEPﬂ.
1908 3734 2176 3793 BALUZII
2203 3737 2432 3794 NOTAE.

373 3817 811 3892 Danesii,'pau_cis
834 3815 1022 3892 diebus
1045 3825 1163 3892 post
1194 3817 1332 3872 illius
1357 3819 1646 3892 abitionem
1668 3823 1717 3877 in
1745 3826 1964 3892 coelum,

372 3891 448 3942 ait
473 3886 642 3943 libros
659 3886 774 3957 ejtis
814 3888 1227 3964 apud__ba3retles
1255 3899 1364 3943 tum
1391 3890 1570 3964 fuisse,
1605 3901 1660 3946 et
1687 3911 1856 3964 neque
1881 3886 1965 3950 di;

373 3969 599 4014 stractos
628 3974 800 4028 neque
827 3959 1081 4014 venditos.
1101 3958 1287 4025 fuisse;
1329 3971 1440 4015 tum
1463 3963 1624 4018 etiam
1647 3958 1965 4022 auctoritate

374 4031 615 4092 Theveti,
645 4032 734 4100 qui
784 4030 1067 4085 Danesium
1114 4029 1525 4086 familiarissime
1569 4048 1786 4089 noverat
1821 4047 1875 4090 et
1916 4039 1963 4093 ei

374 4102 690 4172 supervixit.
720 4103 766 4155 ls
788 4112 963 4156 autem
989 4101 1040 4154 iu
1062 4100 1238 4170 elogio
1261 4102 1375 4170 ejus
1391 4105 1466 4158 sic
1493 4105 1559 4158 de
1582 4107 1964 4162 lucubrationi-

378 4171 609 4246 busejus
635 4171 888 4241 loquitur,
930 4183 986 4226 ut
1015 4173 1157 4226 dicat
1181 4188 1482 4246 se‘sperare
1509 4189 1600 4228 eas
1625 4178 1843 4246 reperiri
1879 4180 1961 4233 in-

380 4251 460 4296 ter
485 4241 650 4320 libros
676 4247 792 4320 ejus
819 4252 1094 4320 exstantes
1105 4244 1265 4320 _ap_ud
1299 4245 1633 4320 propinquos
1664 4241 1797 4316 ejus.
1851 4249 1962 4320 Ego

375 4321 526 4369 certe
550 4314 718 4368 habeo
750 4313 800 4366 in
834 4329 948 4369 mea
991 4314 1311 4370 bibliotheca
1347 4315 1483 4372 duos
1513 4313 1732 4373 codices
1779 4313 1962 4375 manu-

376 4385 605 4452 scriptos
635 4398 768 4451 quos
794 4395 997 4439 certum
1030 4395 1112 4439 est
1159 4387 1318 4440 fuisse
1365 4387 1491 4439 olim
1543 4388 1594 4441 in
1642 4389 1958 4447 bibliotheca

378 4455 612 4529 Danesii.
669 4455 904 4529 Denique
943 4455 990 4509 J.
1027 4457 1162 4529 Aug.
1197 4458 1392 4529 Papius
1417 4459 1548 4529 ,7qui
1578 4462 1779 4528 primus
1827 4476 1961 4529 opus

377 4527 440 4579 de
465 4526 669 4599 [litibus
694 4525 933 4599 Ecclesia:
961 4528 1222 4581 cat/colica:
1247 4528 1411 4582 edidit
1435 4525 1615 4583 nam
1638 4546 1778 4586 anno
1798 4525 1952 4599 1591,

377 4607 429 4650 et
451 4597 710 4669 Gregorio
743 4596 858 4650 XIV
903 4600 1109 4669 obtulit,
1139 4608 1362 4653 testatur
1390 4600 1680 4655 Durautum
1707 4603 1808 4658 hoc
1829 4596 1960 4669 opus

379 4668 678 4743 appellasse
715 4679 987 4743 nocturnas
1008 4668 1383 4743 lucubrationes
1412 4688 1556 4737 suas,
1592 4674 1830 4743 illudque
1859 4668 1962 4726 Itu-
1986 4675 2040 4734 D

380 4754 520 4791 mam
552 4740 763 4795 misisse
792 4738 856 4792 ad
893 4741 1216 4794 cardinalem
1252 4742 1553 4796 Pelleveum
1581 4754 1636 4797 ut
1666 4738 1771 4799 illic
1796 4761 1962 4800 excu-

380 4809 617 4881 t_l_cretur.
669 4809 1056 4881 circumfertur
1123 4821 1380 4880 praeterea
1438 4813 1679 4881 ejusdem
1741 4816 1962 4870 Duranti

382 4878 617 4952 Epistola
647 4880 715 4933 ad
739 4882 958 4935 amicum
987 4878 1134 4935 suum
1156 4881 1416 4937 Joannem
1445 4878 1766 4952 liarreriam,
1804 4888 1966 4942 abba-

385 4959 489 5028 tem
515 4951 838 5028 Futieusem,
872 4967 909 5028 c_
929 4968 1146 5028 carcere
1179 4954 1228 5008 in
1259 4969 1417 5028 quem
1449 4957 1526 5009 vir
1551 4951 1782 5028 optimus
1803 4974 1965 5028 aper-

383 5020 508 5097 ditis
535 5030 588 5075 et
616 5021 850 5097 factiosis
896 5023 1202 5097 horninibus
1241 5020 1516 5092 conjectus
1550 5020 1718 5082 luerat
1744 5020 1962 5097 scripta,

386 5093 707 5170 triduo_ante
726 5093 1078 5149 miserabilem
1101 5095 1215 5162 ejus
1238 5105 1483 5170 mortem,
1510 5097 1562 5152 in
1585 5113 1686 5169 qua
1710 5093 1968 5170 etnn,'qui

388 5173 496 5239 tum
542 5163 726 5239 Romae
751 5169 1080 5239 erat,»rogat
1107 5177 1160 5220 ut
1187 5163 1631 5238 quandocumque
1665 5172 1778 5239 ipse
1810 5163 1986 5226 rebus.

387 5233 643 5310 humanis
661 5237 970 5310 excesserit,
997 5233 1373 5292 librum—suum
1396 5233 1750 5295 curetliomte
1777 5257 1971 5310 appro-

385 5304 498 5358 bari
527 5320 590 5361 ac
613 5305 813 5381 deinde
839 5307 978 5378 typis
1030 5310 1292 5364 mandari.
1321 5313 1404 5381 _An
1437 5311 1514 5365 l'as
1542 5321 1625 5365 est
1648 5304 1862 5381 opinari
1896 5313 1973 5366 vi-

385 5391 504 5430 rum
536 5392 774 5446 gravem,
803 5378 1019 5446 bonum,
1046 5378 1362 5450 sapientem,
1399 5390 1506 5436 tum
1553 5378 1710 5437 morti
1738 5385 1971 5438 destina-

389 5456 498 5524 tum
527 5462 576 5502 et
613 5450 936 5517 proximum,
970 5453 1038 5505 ita
1077 5453 1438 5521 impudentem
1483 5469 1602 5507 esse
1640 5456 1873 5524 potuisse
1917 5466 1973 5509 ut

387 5519 487 5594 sibi
531 5534 624 5589 per
652 5537 924 5594 summam
946 5519 1219 5580 audaciam
1266 5534 1319 5578 et
1369 5519 1675 5594 iniustitiam
1717 5527 1975 5580 tribueret

387 5593 525 5666 opus
549 5592 690 5660 quod
717 5595 880 5648 sciret
906 5609 942 5647 a.
966 5610 1032 5652 se.
1068 5612 1178 5650 non
1213 5595 1376 5651 fuisse
1406 5592 1780 5666 compositum.
1823 5598 1976 5652 Absit

389 5670 448 5716 ut.
477 5661 590 5716 Inec
633 5665 892 5733 cogitatio.
916 5666 1114 5721 intrare
1143 5669 1306 5736 possit
1347 5668 1406 5720 in.
1430 5661 1588 5737 caput
1617 5669 1842 5723 hominis
1888 5669 1972 5722 cui

391 5746 543 5786 mens
587 5750 712 5788 sana
754 5748 852 5809 est.
908 5737 1185 5806 Opinionis
1233 5737 1388 5806 hujus
1423 5753 1516 5797 seu
1565 5741 1739 5809 potius
1783 5740 1974 5794 fabula:

393 5815 698 5864 continente
748 5807 949 5868 delebit
987 5809 1120 5879 dies,
1169 5825 1396 5881 eamque
1445 5807 1734 5869 libentibus
1782 5810 1974 5870 animis

2080 3830 2355 3884 remittent
2396 3828 2621 3884 studiosi
2664 3829 2901 3884 veritatis
2942 3839 2995 3885 et
3043 3831 3302 3888 bonarum
3349 3833 3664 3893 litterarum.

2076 3899 2253 3954 Gloria
2288 3901 2494 3954 Danesii
2523 3916 2625 3953 non
2651 3901 2846 3971 indiget
2871 3901 3171 3971 mendaciis
3196 3905 3489 3960 hominum.
3517 3908 3670 3964 Vivet

2073 3971 2126 4024 in
2156 3971 2455 4043 :eternitate
2487 3970 2787 4038 temporum
2811 3970 2995 4043 ,ifama
3027 3987 3224 4028 rerum.
3264 3976 3386 4030 Fuit
3423 3978 3588 4043 enim,
3615 3989 3672 4034 ut

2071 4044 2142 4096 ait
2170 4041 2558 4115 illustrissimus
2586 4058 2782 4115 praises
2805 4042 3058 4115 Trhuanus
3077 4086 3092 4108 ,
3125 4047 3274 4100 homo
3321 4041 3666 4115 doctissimus,

2069 4123 2114 4166 et
2139 4113 2242 4184 qui,
2275 4129 2579 4183 quamquam
2608 4113 2762 4166 nullis
2792 4114 2939 4168 editis
2979 4117 3181 4184 scriptis
3202 4159 3215 4179 ,
3250 4121 3428 4171 meruit
3460 4130 3512 4172 nt
3540 4113 3671 4175 inter

2069 4185 2300 4238 doctrina
2320 4195 2363 4237 et
2385 4185 2564 4237 litteris
2585 4185 2902 4254 politioribus
2921 4197 3214 4254 prtestantes
3237 4190 3389 4256 liuius
3412 4191 3505 4242 aevi
3534 4192 3668 4244 viros

2069 4266 2378 4309 numeretur.
2405 4256 2502 4309 Cui
2555 4256 2818 4309 accedens
2857 4255 3096 4312 Scaevola
3138 4255 3578 4313 Sammartltanns
3619 4264 3672 4317 in

2068 4325 2264 4398 Elogiis
2283 4323 2544 4380 Gallorum
2567 4326 2800 4379 doctrina
2823 4328 3092 4382 illustrium
3120 4330 3263 4384 dolet
3293 4331 3434 4383 nulla
3446 4331 3559 4396 jam
3585 4347 3646 4384 su

2069 4415 2262 4466 peresse
2285 4399 2826 4467 tantiingenii‘tamque
2858 4398 3084 4452 diuturni
3110 4401 3296 4453 laboris
3321 4416 3669 4454 monumenta.

2142 4469 2349 4524 Partem
2371 4471 2433 4523 de
2451 4469 2722 4537 sacriﬁcio.
2756 4469 2883 4522 Vide
2911 4469 3107 4522 Petavii
3133 4471 3411 4524 diatribam
3443 4473 3505 4523 dc
3544 4471 3668 4525 Pat-

2066 4542 2276 4595 nitentia
2304 4552 2349 4594 et
2387 4539 2814 4593 Rcconciliatione
2850 4541 3021 4593 veteris
3048 4539 3288 4594 Ecclesia:
3318 4543 3538 4595 moribus
3575 4559 3660 4596 re-

2065 4623 2229 4682 cepta,
2260 4628 2376 4681 cap.
2415 4614 2466 4665 ὖ.

2143 4704 2327 4757 Meruit
2343 4720 2457 4757 voce
2471 4703 2692 4756 laudari.
2710 4701 3126 4772 Hieronymusin
3147 4695 3376 4771 Epistola
3396 4703 3460 4758 ad
3480 4703 3671 4774 Deme-

2070 4775 2292 4830 triadem
2307 4777 2367 4830 de
2383 4774 3177 4844 VirginitateservandaJoquens
3191 4774 3257 4828 de
3271 4775 3700 4834 sanerJoatme'

2073 4847 2306 4916 Baptista
2339 4848 2412 4901 ait
2444 4864 2454 4898 :
2489 4848 2614 4898 Ante
2645 4847 2776 4897 diem
2801 4844 2986 4913 judicii
3009 4847 3200 4913 judicis
3234 4861 3348 4900 voce
3373 4847 3636 4902 laudatus.

2145 4940 2494 5008 ln/idelitatis.
2523 4939 2714 4992 Parum
2737 4936 2904 4992 abluit
2926 4937 3052 5005 quin
3078 4953 3336 5006 ponerem
3359 4941 3673 5009 infelicitatis

2069 5011 2217 5082 jttxta
2243 5013 2522 5065 lectionem
2549 5019 2785 5082 veterum
2817 5008 3132 5074 editionum,
3165 5026 3321 5079 quant
3349 5008 3672 5066 conﬁrmant

2077 5083 2261 5153 viginti
2281 5090 2332 5135 et
2346 5082 2449 5134 duo
2465 5081 2788 5153 exemplaria
2808 5090 2986 5153 nostra
3005 5091 3058 5133 et
3087 5083 3332 5153 undecim
3351 5082 3665 5150 Auglicana.

2075 5151 2340 5207 lllauutius
2375 5151 3078 5221 posuitinﬁdclitatis.Aliter
3109 5152 3342 5206 I’amelio
3368 5153 3538 5206 visum
3569 5164 3672 5207 est.

2150 5237 2216 5291 Et
2243 5238 2395 5290 vidua
2423 5237 2586 5304 inops.
2618 5236 2692 5290 Ita
2721 5238 2925 5292 restitui
2956 5239 3096 5291 hunc
3139 5238 3309 5290 locmn
3345 5254 3407 5292 ex
3449 5238 3549 5294 ﬁde
3576 5254 3671 5293 co-

2077 5309 2208 5364 dicis
2237 5306 2555 5378 Burgundici
2596 5319 2649 5361 et
2679 5311 2848 5364 sancti
2887 5308 3172 5377 Arnulphi.
3220 5310 3483 5363 (latterum
3533 5311 3672 5365 mala

2079 5396 2182 5436 non
2206 5389 2289 5435 cst
2309 5380 2465 5433 lectio
2490 5378 2970 5451 Gratianopolitan't.
2985 5389 3038 5434 et
3065 5379 3221 5432 unius
3249 5381 3374 5445 mei,
3400 5382 3450 5434 in
3481 5381 3673 5451 quibus

2077 5454 2331 5521 scriptum
2361 5460 2441 5504 est
2474 5467 2486 5502 :
2530 5449 2693 5502 Vidua
2721 5461 2767 5502 et
2797 5451 2944 5519 inops
2974 5467 3072 5503 non
3102 5450 3252 5502 vidua
3283 5452 3332 5504 in
3359 5449 3507 5520 Opere
3531 5454 3674 5505 inre-

2079 5525 2233 5577 nitur.
2272 5522 2435 5575 Porro
2465 5536 2565 5574 vox
2605 5521 2769 5591 larga,
2800 5521 3286 5590 qttaltt-IiIantttial’I-a
3328 5524 3488 5577 editio
3529 5525 3673 5579 iuse-

2082 5595 2206 5660 ruit,
2239 5593 2484 5660 nuSpiam
2511 5597 2776 5664 reperitur
2799 5592 2850 5645 iu
2872 5593 3101 5664 antiquis
3126 5593 3520 5662 exemplaribus
3551 5609 3676 5650 nos:

2083 5666 2175 5721 tris
2208 5680 2379 5734 neque
2410 5665 2459 5734 in
2490 5663 2816 5732 Anglicanis.

2152 5733 2366 5790 XVL—
2395 5733 2506 5789 Nec
2533 5750 2815 5789 conservos.
2836 5734 3024 5806 _Codex
3054 5735 3530 5806 Compendiensis:
3562 5735 3678 5799 Nec

2076 5822 2243 5865 servos
2278 5815 2363 5863 attt
2394 5805 2572 5863 liberos
2602 5815 2796 5864 nostros
2825 5804 3043 5864 Domino
3076 5804 3404 5886 priet—eramus
