4272 6278
552 285 661 346 διδ
748 244 755 249 ’

1944 274 2082 335 DIVI
2139 270 2461 333 CYPRIANI

3741 275 3847 332 616

551 407 739 470 spectu
760 398 856 456 Dei
873 397 1016 471 quod
1036 371 1388 466 Deo’placeat;
1411 399 1653 463 prompte
1674 406 1735 448 ac
1754 391 1981 447 libenter
2001 391 2142 462 quod
2170 394 2222 452 Α
2248 390 2412 444 culari
2443 389 2650 445 alendis
2671 388 3107 460 sustinendisque
3136 400 3158 428 ο
3183 390 3509 462 pignoribus,
3542 405 3649 462 quo
3677 391 3849 461 major

552 493 832 566 petebatur
860 490 1112 553 olferlur;
1142 502 1242 541 nec
1269 486 1336 541 de
1363 484 1685 540 abundantia
1720 484 1912 553 portio,
1946 483 2039 537 sed
2078 482 2148 538 de

553 583 961 638 modicototum
979 580 1158 644 datur,
1176 588 1230 634 et
1251 576 1609 633 esurientibus
1628 575 1811 630 liberis
1838 574 1975 629 alter
2003 574 2149 643 prius

553 673 812 745 pascitur,
848 686 1020 742 neque
1049 671 1103 726 in
1136 669 1361 740 penuria
1386 677 1441 723 et
1478 667 1618 721 fame
1643 666 1794 720 cibus
1834 673 1958 720 ante
1988 680 2147 735 quam

553 764 919 821 misericordia
942 763 1240 834 cogitatur;
1271 771 1352 829 ut,
1380 759 1505 815 dum
1555 760 1605 812 in
1657 773 1820 828 opere
1871 757 2089 812 salutari
2124 766 2150 794 ει

560 857 853 930 carnaliter
880 858 982 911 vita
1009 855 1394 919 contemnitur,
1427 851 1739 922 spiritaliter
1765 850 1943 903 anima
1974 863 2153 903 serve-

555 956 658 1004 tur.
690 948 867 1003 llelias
889 949 1068 1018 itaque
1098 956 1283 1018 typum
1305 943 1504 999 Christi
1527 957 1720 1012 gerens
1745 985 1759 1007 ,
1794 939 1863 971 “3
1909 949 1962 994 et
2011 939 2152 1010 quod

556 1043 647 1097 ille
675 1056 770 1111 pro
791 1040 1159 1096 misericordia
1189 1038 1364 1094 vicem
1385 1036 1608 1105 singulis
1631 1035 1815 1089 reddat
1837 1032 2150 1099 ostendens,

555 1133 832 1204 respondit
862 1143 915 1187 et
935 1131 1069 1186 dixit
1101 1149 1113 1185 :
1148 1128 1272 1184 Haec
1316 1129 1440 1183 dicit
1472 1127 1722 1181 Dominus
1751 1125 1994 1180 :Fidelia
2042 1125 2151 1193 [ar-

556 1229 629 1283 ris
652 1226 679 1266 ι)
723 1243 824 1282 non
853 1227 1050 1295 deﬁciet
1076 1267 1088 1289 ,
1123 1220 1180 1279 et.
1200 1239 1434 1295 capsaces
1458 1222 1556 1276 olei
1586 1237 1687 1274 non
1724 1221 1977 1273 minuetur
2003 1228 2157 1288 usque

558 1322 611 1376 in
667 1321 800 1394 diem
853 1335 952 1389 quo
1007 1318 1146 1371 dabit
1200 1316 1449 1370 Dominus
1502 1314 1711 1368 imbrem
1761 1330 1915 1377 super
1966 1323 2155 1366 terram

563 1412 605 1485 (1
635 1412 767 1485 Reg.
795 1427 938 1479 xvn,
987 1410 1116 1483 14).
1164 1409 1467 1467 Secundum
1513 1407 1709 1463 divinae
1759 1406 2158 1477 pollicitationis

562 1504 723 1559 ﬁdem
751 1502 1098 1573 multiplicata
1126 1508 1253 1557 sunt
1279 1500 1453 1556 viduae
1483 1508 1537 1554 et
1565 1497 1833 1553 cumulata
1874 1513 1989 1567 quae
2022 1514 2159 1567 pra:-

561 1597 716 1663 stitit,
751 1606 805 1653 et
843 1594 1096 1666 operibus
1140 1594 1300 1665 justis
1334 1605 1355 1632 ε
1377 1635 1393 1662 ,
1436 1607 1499 1649 ac
1540 1593 1923 1649 misericordiae
1956 1591 2160 1645 meritis

561 1705 846 1766 augmenta
876 1700 931 1747 et
969 1690 1303 1745 incrementa
1344 1686 1678 1743 sumentibus
1704 1729 1720 1752 ,
1774 1688 1929 1741 farris
1974 1694 2029 1741 et
2054 1686 2157 1740 olei

2252 490 2335 536 est
2360 496 2635 547 numerus,
2667 481 2768 535 hoc
2800 482 2971 549 major
2998 489 3055 536 et
3079 489 3324 553 sumptus
3349 492 3452 546 cst,
3484 483 3551 536 ita
3573 491 3627 537 et
3659 482 3709 535 in
3742 482 3846 537 vita

2251 575 2476 646 spiritali
2507 585 2669 645 atque
2699 576 2907 631 caelesti
2928 617 2942 641 ,
2974 588 3080 646 quo
3110 577 3342 647 amplior
3375 575 3534 631 luerit
3566 577 3847 646 pignorum

2253 670 2402 736 copia
2430 709 2446 733 ,
2495 683 2616 723 esse
2652 676 2704 721 et
2743 681 2966 734 operum
3006 667 3167 723 debet
3193 669 3363 739 major
3390 669 3650 738 impensa.
3686 668 3777 724 Sic
3796 678 3851 725 et

2253 758 2355 814 Job
2381 757 2641 813 sacriﬁcia
2677 774 2962 814 numerosa
3005 774 3102 830 pro
3127 759 3312 815 liberis
3338 759 3633 827 offerebat;
3676 778 3851 832 quan-

2257 860 2447 922 Iusque
2478 860 2592 906 erat
2623 851 2674 905 in
2706 851 2867 905 domo
2898 852 3181 922 pignorum
3214 866 3468 908 numerus
3492 894 3507 919 ,
3553 862 3732 908 tantus
3757 853 3853 909 da-

2255 946 2410 1000 batur
2443 946 2551 999 Deo
2579 954 2632 999 et
2660 961 2914 1000 numerus
2948 944 3263 1001 hostiarum.
3292 947 3360 1001 Et
3390 946 3640 1017 quoniam
3671 947 3852 1017 quoti—

2257 1038 2344 1093 die
2372 1040 2560 1095 deesse
2604 1056 2708 1094 uon
2760 1048 2936 1110 potest
2983 1041 3126 1110 quod
3171 1050 3423 1111 peccetur
3466 1041 3516 1094 in
3562 1050 3855 1112 conspectu

2260 1131 2375 1198 Dei,
2401 1133 2659 1187 sacriﬁcia
2685 1133 2995 1207 quotidiana
3021 1151 3124 1189 non
3147 1135 3395 1202 deerant,
3413 1136 3609 1205 quibus
3632 1144 3855 1205 possent

2258 1232 2474 1292 peccata
2508 1226 2722 1294 tergeri.
2795 1225 2992 1280 Probat
3027 1224 3045 1263 ί
3080 1226 3357 1297 Scriptura
3397 1226 3578 1282 divina
3624 1227 3853 1283 dicens:

2258 1315 2358 1370 Job
2407 1318 2555 1371 homo
2577 1334 2721 1372 verus
2747 1327 2794 1372 et
2826 1320 3002 1388 justus
3034 1321 3208 1374 [tabuit
3246 1321 3382 1390 ﬁlios
3411 1331 3601 1390 septem
3651 1331 3695 1376 et
3723 1322 3859 1389 ﬁlias

2262 1416 2379 1473 tres,
2414 1419 2456 1463 et
2486 1408 2919 1464 emundabatillos
2950 1409 3167 1477 olferens
3200 1429 3290 1479 pro
3319 1413 3389 1466 eis
3418 1412 3609 1465 hostias
3639 1411 3748 1466 Deo
3773 1428 3859 1468 se-

2261 1501 2482 1552 cundum
2515 1515 2781 1553 numerum
2809 1501 3048 1567 illorum,
3079 1511 3121 1556 et
3153 1519 3244 1572 pro
3275 1503 3493 1572 peccatis
3521 1519 3693 1558 eorum
3732 1505 3861 1557 vitu-

2263 1594 2367 1647 lum
2391 1610 2545 1647 unum
2576 1592 2697 1665 (Job
2718 1610 2757 1661 ι,
2792 1594 2850 1663 2,
2874 1595 2907 1650 5
2924 1596 2962 1663 ).
2986 1596 3040 1651 Si
3068 1611 3195 1667 ergo
3222 1613 3346 1653 vere
3364 1597 3500 1653 ﬁlios
3521 1607 3641 1654 tuos
3659 1598 3858 1672 diligis,

2264 1688 2307 1741 si
2334 1688 2413 1742 eis
2444 1689 2673 1744 exhibes
2701 1688 2912 1758 plenam
2958 1698 3012 1746 et
3052 1701 3329 1761 paternam
3361 1691 3701 1750 dulcedinem
3734 1695 3865 1752 clta-

562 1801 691 1841 vasa
729 1782 998 1852 completa
1039 1790 1181 1835 sunt.
1232 1778 1344 1835 Nec
1387 1777 1515 1832 ﬁliis
1556 1778 1778 1833 abstulit
1819 1786 1990 1832 mater
2015 1777 2158 1846 quod
2190 1774 2237 1843 B
2266 1781 2470 1846 ritatis,
2520 1783 2727 1851 operari
2775 1783 2944 1853 magis
2969 1784 3154 1852 debes,
3180 1792 3237 1839 ut
3267 1785 3405 1840 ﬁlios
3433 1794 3550 1841 tuos
3584 1787 3691 1844 l)eo
3721 1789 3863 1859 justa

564 1878 733 1934 IIelite
758 1876 942 1939 dedit,
976 1874 1069 1930 sed
1111 1873 1280 1943 magis
1308 1871 1540 1927 contulit
1568 1871 1691 1925 ﬁliis
1711 1870 1854 1941 quod
1883 1870 2111 1940 benigne
2133 1869 2160 1906 (ι

565 1980 621 2027 et
653 1969 739 2040 pie
781 1968 927 2023 fecit.
960 1967 1029 2021 Et
1059 1965 1143 2019 illa
1173 1964 1408 2020 nondum
1453 1961 1728 2018 Christum
1758 1963 1994 2026 sciebat,
2029 1977 2163 2015 non-

565 2063 690 2118 dutn
725 2068 993 2132 praecepta
1024 2057 1143 2128 ejus
1187 2055 1471 2122 audierat,
1508 2070 1613 2109 non
1646 2068 1803 2109 cruce
1832 2061 1900 2129 et.
1918 2054 2164 2123 passione

564 2155 683 2226 ejus
704 2153 1002 2223 redempta,
1029 2151 1205 2206 cibum
1220 2160 1273 2205 et
1289 2159 1471 2220 potum
1497 2164 1593 2217 pro
1618 2147 1877 2217 sanguine
1901 2145 2162 2215 repende-

566 2246 685 2313 bat;
717 2254 776 2301 ut
803 2260 875 2300 ex
907 2242 1010 2299 hoc
1036 2248 1293 2313 appareat
1318 2249 1574 2312 quantum
1608 2239 1660 2292 in
1705 2236 1944 2292 Ecclesia
1980 2246 2164 2305 peccet

568 2339 754 2411 qui,se
783 2345 840 2393 et
868 2336 1005 2391 ﬁlios
1018 2333 1235 2390 Christo
1264 2343 1618 2401 anteponens,
1643 2329 1856 2385 divitias
1886 2344 2011 2383 suas
2042 2342 2162 2383 ser-

569 2439 675 2496 vat,
708 2444 807 2485 nec
823 2424 1202 2498 patrimonium
1222 2423 1498 2494 copiosum
1517 2435 1638 2476 cum
1657 2419 2005 2490 indigentium
2031 2434 2164 2489 pau-

568 2532 777 2595 portate
802 2519 1182 2578 communicat.

642 2615 828 2671 XVIII.
873 2614 981 2671 Sed
1010 2613 1155 2668 enim
1185 2610 1336 2667 multi
1366 2609 1564 2665 suntin
1593 2607 1754 2664 domo
1783 2606 1963 2673 liberi,
1996 2616 2051 2663 et
2078 2622 2165 2663 re-

572 2709 748 2764 tardat
800 2717 856 2764 te
922 2704 1283 2762 numerositas
1327 2703 1557 2759 ﬁliorum
1621 2702 1906 2771 quominus
1952 2700 2172 2772 largiter

570 2799 728 2856 bonis
756 2797 1011 2869 operibus
1037 2796 1277 2852 insistas.
1309 2788 1469 2864 Atqui
1516 2793 1617 2848 hoc
1646 2792 1761 2861 ipso
1805 2792 2017 2861 cperari
2050 2806 2168 2845 am-

572 2892 714 2963 plius
739 2891 903 2946 debes
926 2904 1034 2961 quo
1073 2889 1362 2944 multorttm
1393 2886 1673 2956 pignorum
1705 2892 1854 2953 pater
1873 2899 1952 2939 es.
1988 2884 2173 2941 Plures

574 2993 698 3040 sunt
723 2999 821 3054 pro
850 2983 1044 3053 quibus
1074 2981 1361 3036 Dominum
1404 2975 1736 3048 depreceris;
1766 2977 2052 3031 multorum
2080 2979 2174 3033 de-

573 3077 702 3134 licta
741 3073 1053 3132 redimenda
1081 3081 1227 3137 sunt,
1258 3070 1549 3127 multorum
1572 3070 1856 3140 purgandae
1888 3071 2172 3125 conscien-

2265 1877 2583 1942 Operatinne
2612 1874 2984 1930 commendes.

2338 1963 2481 2018 XIX.
2523 1965 2633 2020 Nec
2656 1982 2776 2021 eum
2804 1968 2989 2023 liberis
3014 1978 3038 2012 κ
3070 1970 3175 2025 tuis
3204 1971 3410 2041 cogites
3438 1979 3644 2041 patrem
3697 1973 3786 2043 qui
3813 1983 3868 2030 et

2268 2058 2624 2125 temporarius
2654 2068 2709 2112 et
2757 2058 2997 2113 inﬁrmus
3025 2072 3106 2116 est
3132 2059 3178 2128 ὴ,
3213 2062 3306 2117 sed
3361 2062 3506 2138 illum
3540 2061 3555 2097 ί
3592 2078 3748 2132 pares
3776 2065 3868 2134 qui

2266 2157 2499 2233 aeternus
2528 2158 2580 2203 et
2614 2149 2797 2204 ﬁrmus
2839 2151 3068 2206 liliorum
3099 2153 3418 2221 spiritalium
3464 2162 3618 2224 pater
3659 2162 3762 2210 est.
3788 2154 3869 2210 Illi

2265 2242 2477 2310 assigna
2526 2239 2801 2295 facultates
2851 2251 2965 2296 tuas
3012 2258 3144 2312 quas
3178 2243 3483 2299 haeredibus
3513 2259 3721 2300 servas.
3772 2245 3868 2300 Ille

2268 2333 2336 2387 sit
2360 2332 2540 2388 liberis
2580 2334 2682 2387 tuis
2713 2343 2873 2400 tutor,
2909 2333 2998 2390 ille
3037 2346 3294 2401 curator,
3341 2335 3431 2391 ille
3457 2346 3646 2391 contra
3674 2351 3867 2393 omnes

2270 2426 2492 2497 injurias
2523 2428 2807 2483 szrculares
2837 2427 3015 2483 divina
3048 2428 3333 2499 majestate
3363 2438 3664 2499 .proteclor.
3701 2429 3872 2483 Patri-

2272 2519 2510 2575 monium
2546 2520 2654 2575 Deo
2681 2520 2943 2576 creditum
2995 2522 3021 2570 i'
3077 2538 3176 2577 nec
3220 2521 3521 2592 respublica
3552 2523 3741 2592 eripit,
3775 2536 3874 2577 nec

2273 2611 2434 2666 ﬁscus
2492 2612 2711 2677 invadit,
2744 2629 2842 2669 nec
2869 2613 3135 2669 calumnia
3173 2614 3349 2685 aliqua
3380 2612 3611 2669 forensis
3660 2613 3871 2670 evertit.

2274 2706 2331 2760 In
2357 2716 2470 2760 tuto
2498 2705 2783 2761 haereditas
2815 2708 3029 2777 ponitur
3071 2723 3193 2778 qua:
3219 2707 3332 2762 Deo
3357 2707 3580 2762 custode
3608 2717 3873 2762 servatur.

2277 2795 2391 2852 Hoc
2421 2806 2503 2851 est
2522 2796 2700 2852 charis
2723 2798 3035 2868 pignoribus
3056 2799 3110 2852 in
3134 2807 3406 2868 posterum
3440 2797 3746 2869 providere,
3776 2797 3877 2854 hoc

2276 2900 2358 2944 εει
2399 2887 2592 2944 futuris
2635 2889 2939 2947 haeredibus
2973 2899 3190 2961 paterna
3234 2890 3431 2960 pietate
3474 2890 3758 2946 censulere
3787 2905 3873 2946 se-

2277 2981 2508 3036 cundum
2538 2981 2693 3037 [idem
2712 2980 2999 3052 Scriptura:
3022 2991 3223 3037 sancta:
3247 2982 3501 3038 dicentis:
3520 2982 3796 3052 Juniorfni
3826 2979 3876 3050 li,

2280 3082 2324 3127 et
2362 3075 2527 3141 senui,
2577 3084 2623 3127 et
2656 3092 2757 3129 non
2798 3074 2901 3127 vidi
2939 3074 3138 3143 justum
3170 3074 3481 3140 derelictum,
3513 3090 3670 3141 neque
3713 3088 3880 3128 semen

576 3160 682 3238 tite,
718 3169 1010 3225 multorum
1035 3165 1229 3221 animm
1258 3162 1585 3219 liberandae.
1618 3159 1687 3217 Ut
1716 3160 1766 3215 in
1797 3159 1897 3216 hac
1926 3162 2029 3216 vita
2070 3178 2172 3217 sue-
2202 3137 2246 3199 C
2280 3166 2390 3233 eius
2416 3181 2564 3237 egens
2603 3182 2731 3236 pane
2766 3163 2807 3219 ι.
2837 3164 2966 3220 Tota
2995 3166 3077 3221 die
3112 3137 3373 3221 miseretur
3397 3175 3441 3220 et
3467 3137 3698 3237 fmierat,
3723 3173 3770 3219 et
3797 3180 3880 3220 se-
3939 3212 3944 3217 .

1808 3270 2189 3332 LECTIONES
2225 3274 2645 3333 VARIANTES.

643 3374 669 3441 ε’
705 3373 762 3441 te
786 3383 940 3441 arare
962 3366 1167 3441 spiritali
1191 3365 1349 3441 ξατέξς

642 3432 671 3473 b
705 3427 1078 3499 Ilydriafarinaz
1102 3427 1258 3499 saris.
1288 3427 1620 3499 ζιιὶιιιιεξξιῐνρνἔ

644 3500 668 3530 ο
704 3486 938 3546 Praestitit
962 3494 1013 3542 in
1035 3492 1268 3553 operibus
1283 3487 1573 3553 justisBod.
1598 3487 1645 3537 1.
1671 3486 1718 3535 4.
1770 3535 1777 3541 ,

645 3559 673 3599 d
707 3557 921 3625 Contulit
938 3548 1309 3625 quod'benigue
1335 3548 1456 3625 Bo'd.
1485 3550 1533 3625 Ir.

649 3626 672 3654 θ
708 3618 913 3670 Alendis
932 3614 1360 3677 sustentandisque
1383 3614 1538 3663 Saris.

650 3682 672 3721 ἲ
700 3683 884 3733 Probat
901 3680 998 3746 hoc
1029 3677 1209 3746 West.

648 3749 675 3791 8
700 3746 808 3799 Nec
828 3752 880 3796 te
898 3741 1071 3792 liberis
1093 3738 1251 3790 Saris.
1283 3741 1422 3789 Voss.
1450 3738 1494 3786 1.

2351 3364 2627 3437 ξιιρῦιωυδ
2650 3381 2706 3437 es
2727 3366 2886 3437 Saris.
2920 3373 3059 3422 Voss.
3087 3371 3131 3420 1.
3196 3378 3197 3381 ‘

2354 3430 2372 3467 i
2412 3430 2612 3479 Patrem
2633 3430 2753 3481 add.
2783 3434 2940 3484 Omen.

2294 3490 2526 3604 Υ
2549 3492 2856 3543 credentium
2879 3498 2971 3546 Ar.
2998 3494 3122 3546 Bod.
3150 3494 3196 3555 1,
3224 3491 3274 3541 2.
3304 3493 3351 3544 4.
3382 3493 3515 3544 Lam.
3540 3491 3646 3545 Nec
3659 3492 3737 3544 iur
3757 3492 3886 3556 rapit

2350 3615 2378 3653 ιι
2401 3615 2638 3667 Iuvenior
2659 3616 2727 3669 fui
2752 3619 2874 3670 Bod.
2900 3620 2943 3669 1.
2978 3618 3135 3670 Saris.
3207 3657 3211 3660 .

2354 3677 2371 3715 ¹
2403 3677 2642 3738 Quaereris
2677 3694 2854 3745 panem
2872 3681 3031 3734 Saris.
3064 3682 3213 3733 West.
3238 3683 3329 3732 Ar.
3366 3680 3494 3733 Bod.
3523 3682 3569 3743 I,
3594 3682 3644 3744 2,
3668 3682 3717 3743 5,
3744 3679 3791 3730 4.

1828 3818 2065 3874 STEPH.
2103 3820 2372 3882 BALUZII
2410 3827 2640 3887 NOTAE.

658 3919 1107 3979 XVll.——Fidelia
1136 3918 1310 3988 farris.
1333 3914 1513 3988 Codex
1536 3911 1779 3988 Lamonii
1800 3911 2187 3988 [ialmPithma-

588 4010 710 4060 nus,
751 3993 934 4064 hydria
973 3984 1155 4064 farina}
1184 4005 1284 4064 non
1314 3986 1583 4064 deﬁciet_et
1613 3984 1826 4064 vas__olei
1854 4000 1953 4037 non
1983 3984 2181 4064 minue-

590 4054 809 4120 tur.'Ita"
831 4054 990 4119 etiam
1022 4059 1188 4113 ferme
1210 4060 1261 4111 in
1296 4071 1345 4111 e.
1373 4054 1486 4111 xvu
1517 4055 1554 4109 l.
1589 4071 1646 4109 nt
1692 4055 2019 4124 Regnorum.
2051 4054 2184 4111 Vide

589 4144 833 4193 sanctum
854 4131 1193 4186 Ambrosium
1218 4129 1253 4181 l.
1275 4143 1311 4182 ιι
1335 4126 1661 4197 Ofﬁciorum,
1688 4140 1738 4197 c.
1753 4125 1878 4197 4,et
1900 4126 1933 4177 Ι.
1959 4141 2037 4197 ιιι,
2055 4141 2104 4197 c.
2128 4129 2177 4181 i.

661 4203 911 4274 Capsaces
940 4201 1057 4274 olei_.
1080 4195 1459 4274 Pt'osper,_sett
1480 4198 1607 4274 quis
1632 4195 1857 4274 alitis,_l.
1888 4211 1922 4249 ιι
1944 4196 2014 4274 de
2046 4195 2182 4250 Pro-

592 4264 914 4333 missionibus
943 4283 986 4327 et
1015 4264 1440 4326 Pt'wdictionibus
1469 4265 1587 4332 Dei,
1618 4282 1736 4333 cap.
1783 4265 1854 4321 29
1889 4280 1916 4320 τ’
1934 4264 2186 4334 Capsaces

595 4348 691 4403 olei
721 4363 821 4401 non
842 4346 1114 4397 minuetur.
1146 4340 1501 4407 Ilieronymus
1531 4339 1581 4391 iu
1609 4336 1849 4407 Epistola
1874 4338 1941 4390 ad
1974 4335 2183 4392 Furiam

595 4354 691 4403 olei
721 4363 821 4401 non
842 4354 1114 4397 minuetur.
1146 4354 1501 4462 tlterongmus
1531 4355 1581 4391 tu
1610 4354 1849 4407 nptsmra
1874 4354 1940 4390 aa
1974 4354 2183 4392 aurium

580 4419 663 4475 ‘de
691 4416 965 4474 Viduitate
993 4410 1253 4469 servanda
1289 4427 1302 4463 :
1364 4408 1530 4462 "urina
1556 4412 1756 4473 seritur,
1789 4418 1836 4460 et
1873 4408 1970 4462 olei
1999 4425 2184 4478 capsa-

595 4505 675 4544 ces
701 4488 968 4543 invenitur.
1005 4485 1134 4539 Item
1168 4484 1219 4536 in
1264 4479 1499 4550 Epistola
1526 4479 1592 4533 ad
1622 4477 1950 4533 Eustochium
1970 4480 2037 4533 de
2068 4479 2181 4534 ινιτ-
2211 4487 2264 4547 Ι)

595 4560 816 4630 ginitate
837 4554 1102 4630 servanda
1123 4553 1354 4630 :__b_lirum
1383 4552 1436 4604 in
1463 4550 1671 4630 modum
1685 4565 1897 4630 capsace
1914 4550 2184 4630 completo.

597 4620 857 4701 Sulpitius
876 4628 1106 4701 Severus
1132 4624 1223 4701 lib:
1255 4638 1451 4701 [sacrm
1472 4620 1715 4701 Historia:
1742 4622 1963 4701 loquens
1991 4620 2058 4675 de
2083 4621 2191 4701 his-

601 4691 733 4758 toria
748 4700 954 4757 Heliae:
984 4696 1010 4750 1
1017 4699 1134 4761 nde,
1149 4694 1438 4747 admonitus
1463 4709 1495 4746 a
1522 4691 1764 4758 Domino,
1785 4691 2017 4760 Sarepr
2043 4692 2190 4762 oppi-

601 4773 723 4828 dum
752 4771 912 4843 petiit,
941 4770 1009 4823 ad
1036 4763 1524 4843 mulierenteiduam
1552 4764 1766 4843 diuertit.
1802 4762 2031 4843 Cumque
2050 4763 2110 4843 ab
2133 4780 2192 4817 ea

602 4832 827 4900 esuriens
847 4840 1013 4896 cibum
1042 4847 1247 4909 peteret,
1270 4835 1582 4909 illacausari
1603 4850 1704 4909 non
1725 4850 1829 4888 esse
1854 4832 1949 4888 sibi
1979 4834 2076 4887 nisi
2100 4851 2193 4903 pu-

600 4915 774 4970 sillum
802 4912 956 4985 farris
984 4905 1303 4981 et'pusiltum
1328 4905 1447 4973 olei,
1486 4921 1585 4977 quo
1619 4905 1908 4974 absumpto,
1946 4921 2049 4958 una
2079 4920 2195 4959 cum

529 5050 533 5054 ,
602 4985 723 5057 [iliis
752 4992 963 5039 mortem
991 4986 1320 5049 exspectaret,
1349 4987 1454 5032 etc.

678 5072 1156 5132 XVlll.-—-Aninta:
1180 5068 1475 5124 liberanda.
1503 5067 1729 5135 Quidam
1763 5067 1882 5123 libri
1905 5076 2113 5123 veteres
2141 5076 2196 5123 et

604 5149 848 5219 quaedam
872 5145 1133 5219 editiones
1158 5138 1701 5219 habentredimendge.

678 5218 903 5289 Ter-geri.
934 5216 1023 5271 Sic
1049 5213 1246 5289 habent
1266 5211 1501 5289 antiquae
1521 5210 1804 5289 editio_t_tes,_
1826 5209 2198 5289 etiarnMann-

605 5280 858 5351 tianafet
884 5299 1074 5342 omnes
1117 5284 1227 5338 fere
1265 5281 1384 5336 libri
1410 5289 1639 5336 veteres.
1670 5280 1737 5334 Et
1764 5281 1842 5335 sic
1866 5281 2087 5351 omnino
2119 5280 2198 5336 le-

640 5350 834 5417 endum
886 5372 1007 5414 esse
1052 5354 1260 5410 monuit
1312 5353 1585 5408 Erasmus.
1630 5352 1812 5407 Recte.
1867 5350 1998 5406 Nam
2043 5366 2201 5420 supra

640 5375 834 5417 emittm
886 5375 1007 5414 esse
1052 5375 1260 5410 ιιιυιιυιι
1312 5375 1585 5408 uramuus.
1630 5375 1812 5407 neue.
1867 5375 1998 5406 natu
2043 5375 2199 5420 supra

602 5375 776 5498 glpist.
799 5443 1057 5498 vnt,7pag.
1093 5427 1157 5480 t7
1184 5442 1197 5478 :
1241 5421 1337 5479 Vos
1366 5434 1530 5498 uesttla
1555 5424 1730 5477 lwtttia
1750 5424 2004 5498 tergentis.
2032 5422 2199 5498 Varro

603 5492 700 5560 lib.
720 5519 776 5557 ιιι
805 5502 868 5556 de
894 5492 969 5554 Re
983 5492 1191 5561 rustica,
1233 5509 1352 5566 cap.
1379 5496 1445 5551 5:
1473 5492 1540 5547 Et
1560 5511 1672 5548 eum
1700 5492 1864 5564 potius
1883 5510 1975 5566 per
1996 5493 2201 5547 canales

602 5582 849 5645 angustos
861 5586 1060 5645 serpere
1078 5584 1176 5645 quo
1197 5564 1347 5636 facile
1370 5566 1615 5637 extergeri
1637 5564 2017 5645 possintﬁato,
2030 5578 2202 5645 cap.“

602 5633 776 5702 devlie
812 5633 1010 5698 rustica
1042 5657 1055 5693 :
1090 5633 1281 5692 Fessos
1310 5633 1721 5706 veteres'tergeri.
1759 5634 2075 5700 Columella,
2105 5633 2200 5689 lib.

601 5732 679 5783 vt,
705 5730 826 5786 cap.
855 5713 890 5769 9
920 5710 1089 5786 {Tum
1107 5709 1256 5765 etiam
1274 5709 1504 5764 convenit
1528 5706 1743 5780 spongia
1769 5706 1910 5761 labra
1932 5706 2198 5777 detergeri.

602 5784 902 5855 Lucretius,
936 5784 1029 5843 lib.
1060 5796 1114 5839 tv
1146 5799 1159 5837 :

2412 3922 2561 3976 Certe
2581 3926 2677 3988 jaci
2700 3932 2753 3978 et
2775 3929 2962 3991 tergeri
2980 3926 3133 3978 multa
3156 3927 3395 3978 videmus.

2287 4010 2417 4067 Item
2449 4010 2542 4065 lib.
2586 4026 2637 4065 Vl
2670 4029 2684 4066 :

2413 4103 2592 4155 Aridus
2612 4104 2746 4155 unde
2765 4117 2913 4155 aures
2934 4111 3103 4167 terget
3126 4115 3277 4155 sonus
3300 4101 3403 4153 ille.

2290 4188 2543 4244 Iloratius
2580 4182 2680 4245 ιιι).
2712 4205 2745 4243 ιι
2775 4186 2981 4254 Carne,
3012 4187 3125 4243 Sat.
3156 4187 3193 4241 2
3236 4205 3251 4240 :

2411 4282 2518 4332 Hec
2542 4284 2702 4342 potius
2723 4294 2868 4344 quam
2885 4280 3066 4344 gallina
3090 4286 3293 4343 tergere
3318 4277 3545 4342 palatum.

2287 4390 2433 4446 Idem
2464 4389 2556 4444 lib.
2593 4388 2838 4453 tCarm.,
2862 4366 2968 4441 bd.
3009 4387 3040 4439 7
3085 4403 3099 4439 :

2414 4484 2570 4534 Albus
2583 4487 2638 4533 ut
2653 4483 2847 4532 obscuri
2864 4481 3099 4544 deterget
3116 4476 3287 4529 nubila
3306 4476 3420 4528 cceli

2417 4547 2563 4611 Saepe
2594 4551 2757 4595 notus.

2292 4631 2564 4687 Iuvenalis
2590 4627 2703 4685 Sat.
2737 4642 2770 4681 v
2799 4645 2812 4681 :

2854 4718 2953 4767 Sed
2979 4726 3031 4768 et
3051 4728 3161 4767 mox
3185 4715 3359 4778 pocula
3376 4721 3579 4776 torques

2420 4786 2627 4836 Saucius
2659 4788 2712 4833 et
2744 4780 2893 4831 rubra
2917 4780 3156 4843 deterget
3180 4778 3383 4829 vulnera
3406 4788 3597 4839 mappa.

2297 4872 2363 4927 Et
2393 4869 2505 4926 Sat.
2552 4869 2622 4924 14
2654 4886 2669 4923 :

2887 4938 3015 4988 Vasa
3031 4947 3207 5000 aspera
3223 4938 3421 4998 tergeat
3440 4930 3586 4981 alter.

2296 5030 2458 5088 Silius
2479 5027 2696 5085 Italicus
2726 5026 2821 5082 lib.
2851 5041 2885 5079 n
2920 5042 2934 5079 :

2641 5169 2651 5179 ,
2862 5117 3099 5179 Quoniam
3121 5115 3234 5164 data
3255 5113 3396 5175 copia
3418 5109 3621 5173 longum

2422 5178 2711 5244 Detergere
2737 5182 2887 5232 situm
2905 5178 3061 5228 ferro.

2301 5274 2366 5342 Q.
2397 5270 2631 5334 Curtius,
2662 5268 2697 5321 l.
2731 5282 2811 5342 ξε
2838 5259 3611 5342 Abstergeriqueintticentrenti.
3631 5251 3898 5338 _Apuleius

2304 5328 2356 5400 iit
2386 5328 2641 5412 Apologia
2685 5357 2698 5393 :
2739 5328 3451 5412 continuatioetiant__iterati
3480 5328 3899 5412 laboris‘onmem

2305 5397 3020 5488 prati-antAgor-poredetergft,
3056 5403 3400 5488 ltgbititdinent
3429 5409 3626 5488 tenuat1
3652 5397 3901 5468 Symma-

2305 5469 2464 5551 chus,
2499 5485 2589 5539 lib.
2621 5469 2672 5536 vt
2693 5522 2706 5546 ,
2736 5469 3051 5551 Epist.
3080 5475 3473 5551 Ltetitiatergeat
3528 5469 3715 5551 nubem
3761 5481 3899 5551 pra;-

2305 5542 2463 5615 sentis
2486 5542 2802 5617 iracundiat;
2815 5559 2872 5607 et
2898 5549 3025 5605 alibi
3073 5562 3218 5619 saepe
3257 5542 3408 5619 apud
3431 5542 3572 5596 hunc
3600 5548 3897 5619 auctorem.

2378 5562 2459 5612 uis
2486 5562 2787 5617 iracundior,
2815 5562 2872 5607 et
2898 5562 3025 5605 attbt
3073 5562 3218 5619 saepe
3257 5562 3409 5670 apud
3431 5562 3572 5596 nunc
3600 5562 3897 5593 uucwrclu.

2378 5626 2521 5685 XIX.
2552 5658 2625 5669 —
2661 5623 2832 5696 Egen_s
2861 5637 3012 5696 parte.
3064 5619 3255 5696 Plures
3276 5616 3413 5696 "ibrt
3443 5621 3654 5696 veteres
3703 5606 3905 5663 habent

2307 5715 2536 5775 quierat:
2562 5685 2763 5775 panem.
2797 5685 2874 5749 Ita
2888 5685 3047 5773 etiam
3077 5689 3257 5775 editio.
3276 5685 3749 5775 Iliulga-taLML-M
3783 5747 3900 5775 nm

2380 5749 2750 5827 ῖίὼιιὲτῖιῖξιιει
2775 5764 3105 5839 posteriores
3134 5749 3404 5823 editiones
3420 5765 3478 5813 et
3508 5754 3752 5827 plerique
3780 5749 3912 5823 libri
