4272 6278
461 316 567 378 617

1490 318 1693 375 LIBER
1722 320 1810 377 DE
1847 312 2078 377 OPEllE
2119 318 2208 377 ΕΤ
2248 316 2752 378 ΕΙΛΞΕΜΟὸΥΝΙΞ.

3654 296 3757 390 eis

462 452 578 490 men
607 435 717 507 ejus
739 437 792 489 in
818 434 1160 490 benedictione
1178 440 1252 491 est
1273 443 1296 471 α
1321 434 1490 506 (Psal.
1515 412 1701 504 xsxvr,
1726 434 1849 506 Q5).
1872 435 2057 491 Etite«
2084 436 2135 497 Λ
2165 434 2283 490 istic
2313 443 2366 489 et
2395 443 2682 506 apparatus
2726 433 2945 490 uberior
2973 440 3028 490 et
3077 442 3322 506 sumptus
3359 435 3560 510 largior
3600 441 3759 499 exhi-

461 544 581 585 rum
616 546 630 583 :
665 528 766 597 Qui
785 538 1109 584 conversatur
1145 530 1255 582 sine
1297 527 1666 598 uituperatione
1702 529 1755 583 in
1772 529 1974 600 justitia
2004 528 2054 594 ι),

465 624 634 682 beatos
657 633 770 694 post
790 640 843 678 se
872 623 1008 691 ﬁlios
1036 622 1284 693 relinquet
1315 620 1504 695 (Prov.
1540 638 1625 689 xx,
1663 622 1752 693 7).
1800 622 2059 679 Prmvari-

463 727 615 773 cator
637 718 815 787 itaque
844 725 900 772 et
927 716 1168 787 proditor
1194 726 1344 786 pater
1370 732 1447 784 es,
1474 716 1580 772 nisi
1609 716 1729 773 ﬁliis
1756 716 1859 772 tuis
1882 716 2056 772 ﬁdeli-

465 817 546 867 ter
568 811 816 867 consulas
839 853 852 876 ,
912 810 1012 865 nisi
1043 810 1430 866 conservandis
1458 812 1537 866 eis
1567 812 1813 883 religiosa
1856 821 1910 868 et
1936 827 2059 869 vera

462 902 661 974 pietate
704 902 1018 974 prospicias.
1066 900 1168 970 Qui
1212 901 1397 958 studes
1442 910 1656 959 terreno
1703 905 1871 976 magis
1901 920 2058 976 quam

469 994 675 1051 caelesti
721 994 1043 1065 patrimonio
1066 1035 1082 1059 ,
1110 993 1249 1050 ﬁlios
1273 1003 1393 1050 tuos
1419 994 1634 1052 diabolo
1668 999 1835 1068 magis
1867 1011 1887 1036 (³
1916 1013 2062 1054 com-

396 1121 415 1133 -
468 1086 727 1145 mendare
756 1101 915 1157 quam
943 1084 1175 1153 Christo,
1215 1085 1299 1142 his
1327 1085 1593 1159 delinquis
1621 1099 1674 1145 et
1698 1088 1969 1160 geminum
1998 1105 2061 1145 ac

466 1179 662 1250 duplex
691 1177 902 1234 crimen
941 1176 1210 1245 admittis,
1242 1186 1295 1234 et
1320 1179 1461 1249 quod
1503 1196 1607 1236 non
1642 1197 1910 1253 prmparas
1937 1182 2060 1238 ﬁliis

469 1272 575 1328 tuis
606 1271 698 1327 Dei
736 1271 904 1343 patris
933 1270 1207 1337 auxilium,
1232 1282 1284 1327 et
1313 1274 1454 1344 quod
1484 1274 1644 1332 doces
1676 1276 1815 1333 ﬁlios
1840 1275 1865 1314 ί¹
1901 1278 2061 1349 patri—

467 1365 701 1420 monium
733 1363 850 1433 plus
880 1378 1064 1419 amare
1092 1379 1251 1436 quam
1284 1364 1578 1422 Christum.

534 1455 656 1511 XX.
700 1456 833 1511 Esto
863 1456 1041 1526 potius
1064 1456 1249 1515 liberis
1292 1459 1396 1515 tuis
1430 1469 1581 1531 pater
1608 1461 1726 1518 talis
1757 1463 1930 1534 qualis
1955 1464 2076 1527 To-,

463 1551 577 1608 bias
600 1550 831 1606 exstitit.
851 1551 926 1606 Da
948 1551 1096 1607 utilia
1117 1562 1172 1609 et
1190 1554 1440 1610 salutaria
1463 1565 1727 1628 prsecepta
1749 1557 2062 1629 pignoribus
2113 1559 2119 1565 “

463 1642 641 1714 qualia
670 1642 759 1698 ille
789 1641 898 1697 ﬁlio
925 1641 1111 1711 dedit;
1142 1645 1336 1701 manda
1376 1646 1502 1704 ﬁliis
1545 1649 1648 1704 tuis
1690 1649 1832 1719 quod
1877 1656 1933 1706 et
1971 1649 2062 1705 ille

468 1735 579 1791 ﬁlio
603 1735 875 1791 mandavit
903 1734 1088 1792 dicens
1117 1754 1130 1791 :
1162 1736 1232 1792 Et
1260 1755 1418 1807 nunc,
1452 1740 1550 1809 ﬁli,
1583 1741 1769 1796 mando
1795 1741 1904 1812 tibi,
1931 1743 2061 1796 servi

2163 526 2370 581 bendus
2400 533 2483 580 est
2512 526 2602 581 ubi
2634 525 2700 581 ad
2733 527 3099 597 spectaculum
3127 530 3465 586 conveniunt
3493 534 3754 593 caelorum

2164 616 2432 684 Virtutes,
2463 619 2793 673 conveniunt
2821 619 3011 690 Angeli
3053 635 3243 678 omnes
3269 663 3285 690 ,
3322 623 3413 679 ubi
3449 630 3757 683 munerario

2163 724 2268 764 non
2316 708 2569 781 quadriga
2602 711 2687 765 vel
2715 712 3021 767 consulatus
3045 714 3263 783 petitur,
3312 715 3409 771 sed
3448 717 3554 774 vita
3597 729 3757 777 teter—

2164 817 2233 857 na
2279 811 2598 873 prmstatur,
2647 819 2747 860 nec
2803 812 3046 875 captatur
3085 806 3260 862 inanis
3299 816 3358 863 et
3404 813 3758 881 temporarias

2163 895 2315 951 favor
2336 896 2495 967 vulgi,
2520 895 2612 952 sed
2638 906 2953 969 perpetuum
2978 899 3258 969 praemium
3284 902 3436 972 regni
3462 905 3702 961 cmlestis
3728 916 3754 953 ε

2164 987 2422 1057 accipitur
2444 989 2457 1041 ε
3738 1034 3745 1037 ,

2236 1079 2401 1138 XXII.
2444 1083 2648 1154 Atque,
2683 1092 2739 1138 ut
2770 1083 2951 1156 pigros
2989 1092 3043 1140 et
3098 1086 3312 1142 steriles
3360 1097 3415 1142 et
3464 1090 3760 1160 cupiditate

2171 1176 2469 1230 nummaria
2500 1176 2633 1231 nihil
2663 1177 2804 1232 circa
2852 1176 3085 1233 fructum
3112 1178 3301 1234 salutis
3329 1191 3612 1250 operantcs
3643 1199 3760 1238 ma-

2165 1268 2246 1339 gis
2276 1268 2491 1338 pudeat,
2523 1280 2580 1323 ut
2607 1270 2725 1337 plus
2751 1264 3136 1325 conscientiam
3179 1271 3448 1327 sordidam
3480 1274 3763 1331 dedecoris

2167 1374 2229 1414 ac
2261 1361 2602 1430 turpitudinis
2633 1377 2745 1416 sum
2793 1362 2957 1417 rubor
2983 1362 3154 1418 czcdat
3184 1360 3233 1429 ιι,
3268 1375 3430 1434 ponat
3470 1367 3763 1437 unusquis-

2165 1468 2271 1523 que
2288 1463 2410 1510 aute
2427 1456 2612 1510 oculos
2630 1471 2754 1511 suos
2778 1456 3046 1511 diabolum
3069 1472 3188 1511 cum
3212 1458 3383 1513 servis
3400 1459 3513 1514 suis
3533 1458 3576 1528 ί,
3606 1460 3655 1515 id
3680 1471 3765 1517 est

2166 1561 2287 1602 cum
2326 1548 2522 1618 populo
2550 1548 2864 1618 perditionis
2889 1564 2950 1604 ac
2979 1550 3168 1605 mortis
3192 1591 3208 1616 ,
3240 1550 3294 1605 in
3326 1551 3562 1607 medium
3592 1553 3763 1623 prosi-

2165 1638 2301 1705 lire,
2339 1640 2549 1713 plebem
2575 1639 2813 1696 Christii
2846 1682 2859 1707 ,
2907 1651 3172 1712 prmsente
3212 1652 3264 1697 et
3294 1641 3568 1713 judicante
3605 1644 3763 1714 ipso,

2166 1730 2583 1801 comparationis
2618 1732 2865 1787 examine
2911 1747 3204 1802 provocare
3244 1732 3514 1789 dicentem
3546 1752 3558 1789 :
3598 1754 3616 1787 ι
3653 1735 3765 1805 Ego

466 1828 576 1884 Deo
604 1830 656 1884 in
686 1830 891 1886 veritate
912 1871 928 1898 ,
961 1840 1007 1885 et
1037 1831 1120 1901 [ac
1146 1848 1318 1887 coram
1352 1834 1444 1888 illo
1486 1836 1624 1905 quod
1652 1834 1730 1889 illi
1760 1837 1967 1906 placet;
2011 1846 2058 1892 et

2169 1836 2263 1893 pro
2292 1824 2408 1878 istis
2446 1839 2581 1895 quos
2624 1840 2832 1880 mecum
2855 1825 3004 1883 vides
3044 1842 3144 1882 nec
3192 1828 3375 1899 alapas
3417 1829 3634 1900 accepi,
3663 1845 3767 1886 nec

466 1922 590 1991 [iliis
632 1923 730 1977 luis
770 1923 961 1977 manda
987 1923 1058 1954 ’“
1083 1933 1139 1978 ut
1173 1925 1363 1995 faciant
1396 1927 1655 1998 justitiam
1693 1937 1741 1982 et
1780 1928 2059 2000 eleemosy-

466 2031 579 2082 nas,
611 2025 656 2070 et
677 2016 777 2071 sint
802 2033 1046 2072 memores
1067 2016 1182 2084 Dei,
1211 2028 1258 2072 et
1273 2017 1570 2073 benedicant
1594 2036 1774 2074 nomen
1794 2020 1905 2091 ejus
1925 2020 2063 2075 omni

465 2116 689 2178 tempore
714 2106 879 2179 (Tob.
904 2124 1012 2174 xlv,
1038 2109 1343 2181 10,“).Et
1371 2111 1561 2166 iterum
1586 2129 1599 2166 :
1623 2111 1871 2167 Omnibus
1892 2111 2063 2168 diebus

466 2202 581 2256 vita:
609 2211 730 2271 tuw,
755 2202 832 2271 fili
856 2202 1201 2268 dilectissime,
1232 2202 1397 2258 Deum
1420 2205 1472 2258 in
1495 2214 1657 2260 mente
1690 2205 1848 2272 habe,
1881 2215 1930 2261 et
1957 2206 2062 2261 noli

467 2295 727 2366 prwterire
762 2305 1014 2366 prtecepta
1060 2296 1190 2366 ejus.
1217 2295 1482 2352 Justitiam
1512 2298 1596 2368 [ac
1625 2298 1860 2353 omnibus
1890 2299 2063 2355 diebus

398 2454 405 2461 .
465 2385 581 2440 vita:
608 2395 742 2453 tum,
788 2395 833 2439 et
878 2386 981 2441 noli
1007 2386 1272 2441 ambulare
1311 2387 1444 2441 uiam
1471 2388 1792 2459 iniquitatis;
1821 2392 2065 2459 quoniam

466 2485 646 2549 agente
672 2486 719 2531 te
742 2492 805 2531 ea:
830 2479 1035 2531 veritate
1055 2520 1069 2545 ,
1099 2478 1191 2531 erit
1211 2488 1469 2550 respectus
1496 2495 1705 2549 operum
1736 2490 1953 2536 tuorum.
1980 2481 2065 2537 Ea:

466 2568 750 2624 substantia
780 2577 867 2621 tua
890 2571 974 2639 fac
1002 2568 1372 2639 eleemosynam
1392 2611 1408 2639 ,
1434 2578 1482 2623 et
1504 2571 1610 2625 noli
1635 2581 1858 2626 avertere
1882 2574 2065 2643 faciem

470 2670 609 2715 tuam
648 2661 711 2714 ab
751 2661 858 2715 ullo
889 2678 1129 2732 paupere.
1182 2661 1266 2717 Ita
1305 2664 1391 2732 ﬁet
1433 2672 1488 2718 ut
1532 2681 1622 2719 nec
1661 2681 1694 2719 α
1731 2676 1778 2719 te
1816 2675 2068 2722 avertatur

470 2753 626 2824 facies
653 2751 769 2808 Dei.
812 2753 977 2827 Prout
1004 2754 1237 2810 habueris
1257 2796 1271 2821 ,
1323 2756 1428 2826 ﬁli,
1460 2757 1545 2831 sic
1563 2760 1665 2828 fac.
1699 2758 1759 2814 Si
1797 2758 1887 2813 tibi
1916 2760 2068 2829 fuerit

471 2845 676 2913 copiosa
700 2846 983 2901 substantia
1005 2892 1019 2915 ,
1056 2846 1171 2913 plus
1213 2863 1276 2902 ea:
1314 2848 1406 2903 illa
1448 2852 1532 2920 [ac
1571 2849 1945 2922 eleemosynam
1974 2868 1992 2905 :
2022 2852 2068 2907 si

472 2936 711 3008 exiguum
734 2938 969 2993 habueris
990 2980 1004 3007 ,
1053 2954 1117 2993 ea:
1144 2938 1241 2993 hoc
1266 2939 1378 3009 ipso
1401 2943 1583 3012 exiguo
1624 2944 1963 2998 communica.
1997 2942 2069 2998 Et

472 3044 535 3083 ne
560 3030 786 3085 timueris
836 3048 950 3085 cum
1001 3032 1128 3102 facis
1169 3032 1576 3103 eleentosynam;
1624 3035 1891 3105 prwmium
1935 3037 2068 3090 enim

473 3120 658 3175 bonum
677 3123 880 3193 reponis
905 3121 993 3176 tibi
1014 3123 1067 3176 in
1097 3123 1229 3178 diem
1256 3125 1584 3191 necessitatis,
1610 3127 1731 3196 quia
1751 3126 2070 3199 eleemosyna

2166 1915 2376 1988 ﬂagella
2404 1919 2661 1987 sustinui,
2694 1934 2793 1975 nec
2819 1936 3032 1979 crucem
3063 1925 3291 1993 pertuli,
3326 1940 3427 1982 nec
3451 1912 3771 1997 sanguinem

2165 2007 2276 2063 fudi
2297 2052 2311 2078 ,
2341 2025 2437 2065 nec
2465 2008 2724 2066 familiam
2765 2028 2937 2069 meam
2982 2017 3152 2084 pretio
3183 2017 3450 2086 passionis
3479 2028 3535 2074 et
3560 2019 3768 2074 cruoris

2166 2100 2400 2167 redemi;
2434 2102 2527 2157 sed
2557 2118 2655 2158 nec
2689 2119 2910 2175 regnum
2951 2105 3057 2159 illis
3088 2107 3309 2161 caeleste
3338 2109 3596 2179 promitto
3616 2149 3633 2175 ,
3664 2123 3768 2166 nec

2165 2192 2233 2248 ad
2283 2193 2584 2264 paradisum
2615 2196 2858 2251 restituta
2900 2197 3304 2254 immortalitate
3328 2199 3505 2256 denuo
3536 2214 3767 2270 revoco;

2166 2295 2222 2341 et
2248 2301 2471 2342 munera
2502 2286 2634 2341 mihi
2671 2303 2826 2358 quam
2856 2292 3114 2359 pretiosa,
3145 2306 3304 2361 quam
3332 2292 3577 2363 grandia,
3607 2309 3769 2364 quam

2167 2382 2334 2437 nimio
2360 2392 2411 2437 et
2439 2381 2599 2452 longo
2621 2381 2804 2439 labore
2824 2373 3575 2454 qumsita,'sumptuosissimis
3600 2401 3770 2456 appa-

2168 2475 2372 2531 ratibus
2391 2484 2725 2545 comparaut,
2750 2477 2912 2533 rebus
2929 2478 3041 2533 suis
3068 2478 3153 2533 vel
3179 2479 3426 2550 obligatis
3448 2480 3501 2535 in
3527 2482 3765 2537 muneris

2168 2569 2571 2638 comparatione
2598 2569 2955 2637 velvenditis;
2979 2586 3044 2626 ac
3070 2571 3171 2626 nisi
3199 2571 3363 2628 editio
3395 2572 3619 2628 honesta
3649 2587 3764 2628 suc-

2169 2659 2393 2715 cesserit
2408 2657 2463 2727 7k,
2492 2660 2835 2717 conviciis‘ac
2856 2663 3026 2718 sibilis
3048 2664 3354 2733 ejiciuntur,
3383 2674 3439 2721 et
3467 2665 3648 2722 furore
3670 2681 3769 2737 po-

2173 2748 2339 2817 pulari
2362 2764 2761 2822 nonnumquam
2794 2768 2933 2823 pene
2961 2754 3285 2825 lapidantnr.
3314 2755 3458 2811 Tuos
3486 2758 3619 2813 tales
3651 2773 3771 2812 mu-

2172 2841 2415 2896 nerarios
2437 2882 2453 2907 ,
2497 2842 2713 2899 Christe
2736 2886 2752 2912 ,
2799 2846 3105 2901 demonstra
3130 2887 3145 2911 ,
3179 2845 3298 2901 illos
3336 2846 3529 2902 divites
3558 2845 3574 2883 1
3599 2891 3614 2914 ,
3650 2849 3772 2904 illos

2172 2934 2405 3005 copiosis
2433 2934 2626 3005 opibus
2647 2935 2926 2991 al'lluentes
2948 2978 2962 3003 ,
2989 2952 3057 2991 an
3088 2937 3142 2991 in
3171 2937 3409 2992 Ecclesia
3441 2940 3769 3008 praesidente

2173 3036 2230 3085 et
2255 3038 2534 3101 spectante
2563 3039 2614 3083 te
2643 3027 2908 3099 ejusmodi
2941 3043 3136 3083 munus
3167 3028 3367 3097 edant,
3402 3031 3773 3102 oppigneratis

2172 3122 2258 3178 vel
2285 3122 2552 3178 distractis
2582 3122 2742 3190 rebus
2772 3121 2904 3188 suis,
2926 3122 3094 3178 immo
3121 3121 3188 3178 ad
3212 3123 3461 3180 caelestes
3490 3125 3776 3182 thesauros

472 3226 505 3265 a
532 3221 690 3266 morte
714 3213 912 3280 liberat,
945 3223 1123 3271 etnon
1152 3214 1343 3284 patitur
1371 3216 1445 3269 ire
1463 3216 1517 3269 in
1552 3217 1907 3288 gehennam".
1940 3217 2066 3273 Mu-
2095 3224 2140 3288 ρ
2175 3221 2379 3269 mutata
2406 3212 2460 3267 in
2488 3213 2681 3268 melius
2708 3212 3053 3282 possessione
3086 3214 3384 3269 translatis.
3417 3214 3474 3269 In
3507 3216 3624 3271 istis
3647 3233 3777 3286 ,mu-

472 3320 571 3360 nus
616 3305 801 3360 bonum
842 3315 916 3361 est
956 3307 1275 3379 eleemosyna
1315 3309 1547 3366 omnibus
1584 3312 1672 3382 qui
1719 3312 1917 3383 faciunt
1958 3330 2071 3369 eam

475 3414 644 3454 coram
671 3414 869 3454 summa
896 3398 1004 3454 Deo
1037 3398 1203 3472 (Tob.
1222 3416 1305 3484 μιν,
1337 3402 1472 3457 2-16
1491 3402 1532 3474 ).

549 3489 691 3545 XXI.
730 3490 900 3558 Quale
929 3506 1123 3547 munus
1152 3500 1269 3561 est,
1317 3491 1512 3550 fratres
1532 3495 1872 3563 charissimi,
1914 3499 2070 3570 cujus

475 3580 643 3636 editio
672 3579 692 3619 ί
725 3581 837 3637 Deo
883 3590 1160 3659 spectante
1208 3583 1540 3643 celebratur!
1589 3585 1645 3643 Si
1692 3587 1744 3643 in
1788 3590 2068 3660 gentilium

476 3688 701 3730 munere
728 3674 933 3746 grande
957 3683 1011 3731 et
1036 3675 1335 3746 gloriosum
1363 3677 1580 3735 videtur
1604 3682 1960 3750 proconsules
1983 3683 2070 3739 vel

477 3766 832 3837 imperatores
853 3766 1050 3826 habere
1076 3776 1391 3849 praesentes,
1415 3778 1470 3826 et
1494 3783 1781 3843 apparatus
1799 3789 1862 3830 ac
1889 3790 2073 3846 sump-

418 3868 431 3876 ’
478 3870 566 3917 tus
603 3861 745 3933 apud
783 3862 1120 3918 munerarius
1169 3862 1342 3934 major
1379 3873 1462 3919 est
1504 3874 1564 3920 ut
1611 3867 1817 3937 possint
1864 3868 2077 3938 placere

479 3955 809 4028 majoribus,
856 3966 1062 4027 quanto
1110 3955 1373 4013 illustrior
1416 3960 1659 4015 muneris
1695 3969 1751 4016 et
1790 3961 1963 4032 major
1991 3970 2077 4017 est

480 4051 648 4125 gloria
672 4051 838 4110 Deum
857 4060 917 4109 et
941 4049 1214 4110 Christum
1239 4060 1577 4133 spectatores.
1594 4053 1829 4112 habere!
1860 4055 2075 4124 Quanto

2175 3308 2397 3364 neribus
2437 3307 2572 3363 meis
2611 3305 2828 3362 caducis
2853 3314 3014 3376 atque
3049 3307 3276 3362 terrenis
3316 3323 3473 3363 nemo
3516 3311 3771 3381 pascitur,
3820 3333 3825 3339 ’

2176 3416 2339 3457 nemo
2380 3400 2632 3467 vestitur,
2681 3414 2838 3455 nemo
2870 3399 2976 3455 cibi
3019 3399 3244 3470 alicujus
3278 3410 3369 3455 aut
3398 3411 3557 3472 potus
3582 3404 3778 3461 solatio

2174 3492 2491 3549 sustinetur.
2523 3492 2723 3549 Cuncta
2755 3493 2895 3549 inter
2934 3492 3169 3551 furorem
3202 3494 3415 3551 edentis
3444 3506 3498 3552 et
3526 3507 3777 3567 spectan-

2178 3592 2246 3649 tis
2284 3606 2524 3648 errorem
2572 3590 2793 3663 prodiga
2840 3600 2894 3647 et
2931 3592 3091 3647 stulta
3137 3592 3469 3662 voluptatum
3512 3594 3778 3652 frustran-

2182 3684 2314 3739 tium
2344 3683 2580 3738 vanitate
2613 3682 2932 3751 depereunt.
2968 3682 3082 3737 Illic
3122 3682 3178 3737 in
3227 3684 3549 3754 pauperibus
3583 3688 3686 3742 tuis
3723 3697 3780 3745 tu

2182 3775 2393 3830 vestiris
2423 3783 2478 3830 et
2513 3775 2757 3844 pasceris
2780 3815 2796 3841 ,
2831 3782 2884 3827 tu
2915 3781 3173 3830 aeternam
3220 3775 3382 3830 vitam
3429 3780 3778 3847 operantibus

2181 3866 2482 3938 polliceris;
2505 3873 2560 3922 et
2580 3867 2666 3920 vix
2696 3865 2771 3920 tui
2802 3866 2936 3921 meis
2961 3866 3316 3936 pereuntibus
3337 3876 3377 3904 ω
3403 3868 3778 3941 adaequamur.

2181 3958 2329 4028 quia
2373 3965 2426 4014 te
2455 3956 2650 4013 divinis
2693 3956 3034 4015 mercedibus
3083 3968 3139 4017 et
3179 3961 3416 4032 praemiis
3462 3962 3777 4022 caelestibus

2181 4055 2533 4111 honorantur.

1711 4168 2095 4229 LECTIONES
2135 4169 2549 4227 VARIANTES.

546 4266 573 4296 ³
604 4265 959 4316 Benaiictione
983 4265 1081 4315 erit
1104 4263 1232 4315 Bod.
1257 4267 1304 4323 1.
1326 4266 1375 4316 5.

452 4336 457 4341 '
544 4325 574 4379 1)
606 4327 984 4389 Vituperatione
1007 4331 1061 4376 et
1082 4328 1257 4389 injuria
1282 4326 1441 4379 Saris.

546 4392 570 4421 ο
608 4388 816 4439 Diabolo
838 4390 991 4438 mavis
1011 4388 1146 4440 Pent.
1182 4393 1319 4442 Voss.
1344 4392 1395 4440 2.

548 4451 576 4491 d
611 4450 921 4521 Siggodlj,
942 4449 991 4521 ξ,
1021 4451 1070 4511 5,
1103 4451 1151 4500 4.
1185 4445 1322 4515 Spir.
1355 4457 1462 4504 Vet.
1488 4449 1667 4505 innom.
1702 4456 1837 4506 Voss.
1867 4455 1911 4504 1.
1940 4455 2073 4506 Lam.

483 4514 629 4567 Ebor.
665 4512 703 4562 F
706 4513 802 4564 iliis
822 4511 999 4567 Riaall.

554 4582 578 4610 θ
611 4574 716 4628 Sic.
758 4575 816 4625 In
848 4574 997 4636 West.
1020 4578 1111 4627 Ar.
1139 4576 1256 4628 Ben.
1299 4579 1437 4628 Pem.
1467 4578 1573 4630 ΝΟ.
1600 4577 1645 4627 2.
1670 4576 1834 4631 Saris.
1864 4581 2003 4632 Voss.
2027 4579 2077 4630 2.

488 4641 620 4692 Lam.
650 4638 776 4689 Bod.
804 4638 852 4698 1,
876 4638 923 4697 '2,
948 4637 996 4698 5,
1027 4638 1073 4687 4.
1108 4642 1226 4689 Ver.
1251 4640 1539 4692 Gehennam
1560 4642 1691 4704 Imp.

551 4701 573 4738 ί
610 4700 757 4763 Cujus
779 4700 999 4763 prrehitio
1022 4700 1146 4751 Bod.
1175 4702 1221 4763 1.

553 4766 580 4806 8
613 4762 687 4815 se
708 4762 913 4816 caeleste
936 4769 1145 4826 regnum
1169 4762 1278 4816 Lin.

2240 4259 2272 4301 h
2302 4247 2469 4313 Rubor
2493 4262 2855 4316 accedath.
2889 4267 3028 4317 Voss.
3056 4264 3097 4316 1.
3211 4317 3221 4322 _

2246 4326 2262 4390 ἱ
2302 4325 2559 4390 Diabolum
2580 4339 2691 4375 cum
2716 4326 2908 4390 angelis
2936 4331 3075 4379 Voss.
3099 4330 3143 4376 1.

2248 4389 2263 4454 i
2306 4389 2497 4454 Christo
2521 4397 2767 4454 praesente
2788 4389 2937 4441 Voss.
2972 4390 3019 4439 1.
3056 4390 3189 4440 Lam.
3222 4389 3346 4441 Bod.
3375 4392 3423 4454 1,
3447 4394 3496 4453 5,
3516 4394 3563 4443 4.

2244 4452 2273 4490 κ
2307 4450 2585 4501 Aecesserit
2607 4450 2765 4502 Saris.

2250 4512 2621 4593 LDweaionstra,
2647 4512 2829 4563 divites
2848 4515 2939 4563 Ar.
2969 4514 3120 4565 West.
3148 4515 3280 4566 Lam.
3302 4513 3443 4567 Ebor.
3470 4518 3626 4570 Saris.
3656 4522 3781 4593 Boii.

2184 4575 2792 4701 1’V'zv’perdentibus
2813 4639 2903 4688 Ar.
2938 4638 3090 4689 West.
3118 4637 3243 4690 Bod.
3262 4639 3308 4688 4.
3337 4642 3453 4694 Ver.
3483 4641 3623 4695 Corb.
3648 4649 3782 4701 Μαη.

2106 4687 2162 4748 1)
2188 4703 2315 4752 Mor.

1711 4826 1952 4885 STEPH.
1995 4825 2266 4885 BALUZII
2309 4826 2540 4885 NOTAE.

488 4951 721 5013 veteres.
750 4940 886 4996 Aliae
914 4935 1178 5013 editiones
1201 4949 1274 5013 _et
1308 4941 1444 4997 liber
1476 4939 1814 5013 Psalmorum
1841 4941 2086 5013 vulgatus

490 5012 798 5071 commodat.
830 5013 922 5083 Sic
949 5011 1109 5067 etiam
1151 5010 1317 5068 editio
1352 5012 1663 5083 Auglicana.

489 5101 499 5130 ι
564 5084 708 5141 XXI.
726 5082 1158 5155 —Impert_ttores
1184 5083 1371 5155 habere
1396 5082 1686 5155 prensantes.
1713 5083 1882 5153 Supra
1913 5084 2083 5154 Epist.

492 5172 603 5223 vm,
635 5171 757 5226 pag.
782 5155 871 5219 I7,
895 5152 1143 5226 Christus
1168 5152 1362 5210 dicitur
1388 5152 1621 5226 adfuisse
1639 5155 1919 5211 certamini
1949 5152 2089 5209 mar—

494 5224 702 5301 tyrum._
731 5225 1150 5301 Cassianuslib.
1181 5242 1255 5293 vt,
1293 5241 1414 5296 cap.
1457 5227 1491 5280 9
1520 5244 1539 5301 Δε
1571 5224 1827 5301 Dominus
1866 5241 2091 5301 pugnant

492 5295 782 5353 certaminis
822 5295 979 5351 nostri
1014 5298 1210 5368 jugiter
1252 5306 1461 5368 spectat.
1504 5298 1705 5352 Auctor
1732 5295 2005 5368 Epistulae
2022 5295 2091 5349 ad

494 5368 910 5440 Demetriadem,_
940 5366 1098 5440 inter
1124 5366 1287 5440 Opera
1328 5368 1496 5423 sancti
1532 5366 1841 5440 Hieronymi
1893 5384 1906 5421 :
1957 5366 2092 5440 [luis

495 5450 636 5495 tanto
656 5437 943 5510 spectaculo
969 5438 1083 5493 uide
1098 5437 1245 5509 quem
1261 5440 1506 5512 animum,
1530 5456 1686 5512 quam
1711 5437 1891 5493 debeas
1907 5437 2094 5512 afferre

494 5512 758 5574 uirtutem,
797 5518 844 5563 et
880 5512 1181 5581 certaminis
1216 5509 1615 5581 magnitudinem
1653 5510 1717 5566 de
1759 5509 2093 5580 spectantium

496 5583 742 5654 dignitate
771 5580 966 5654 metire.

569 5651 735 5708 XXII.
754 5648 1012 5721 —_Ponat
1030 5653 1388 5723 unusquisque.
1408 5651 1507 5707 Hic
1525 5652 1677 5709 locus
1695 5651 1931 5723 refertur
1953 5650 2094 5722 apud

434 5758 445 5766 -
496 5734 742 5781 sanctum
787 5720 1143 5794 Augustinum
1173 5720 1295 5779 'lib.’
1333 5738 1406 5792 IV,
1450 5732 1626 5779 contra
1669 5723 1796 5778 duas
1835 5720 2095 5794 Epistolas

499 5794 930 5870 Pelagianorum,
944 5809 1079 5870 _eap.
1112 5794 1166 5852 8.

941 5868 1217 5932 PATROL.
1264 5867 1371 5931 IV.
1419 5865 1481 5930 S.
1529 5865 1832 5930 Currum.

2262 4940 2606 5014 Munerarios.
2646 4939 3009 5014 Hieronymus
3051 4941 3103 4996 in
3144 4941 3384 5014 Epistola
3420 4944 3490 5000 ad
3533 4947 3785 5009 Pamma-

2190 5013 2360 5068 chium
2384 5012 2453 5093 de
2479 5011 2807 5093 Dormitione
2836 5011 3113 5093 Paulinus";
3150 5011 3477 5093 Munerat-ius
3503 5038 3785 5093 pauperum

2191 5094 2239 5139 et
2268 5083 2523 5155 egentium
2542 5082 2864 5155 candidatus.
2894 5082 3030 5155 Vide
3060 5083 3320 5141 Senecam
3351 5088 3441 5143 lib.
3478 5082 3514 5144 1i
3539 5082 3789 5152 de'Bene-

2193 5153 2342 5224 ﬁciis,
2365 5168 2487 5224 cap.
2508 5153 2601 5224 21,
2629 5164 2685 5210 et
2705 5154 2916 5209 Maximi
2940 5154 3288 5212 Taurinensis
3315 5157 3599 5216 IIomiliam
3628 5167 3680 5220 in
3709 5169 3787 5223 vi-

2194 5226 2354 5315 giliis‘
2378 5223 2592 5315 lVatglie
2627 5225 2856 5308 Domini.
2903 5224 3265 5315 Quiptiliauus
3301 5228 3412 5315 lib;
3434 5246 3543 5315 vui,
3579 5249 3697 5307 cap.
3730 5242 3791 5315 5ι

2194 5295 2358 5380 tradit
2394 5296 2688 5365 Augustum
2735 5297 2965 5366 primum
3014 5295 3180 5354 fuisse
3228 5299 3318 5369 qui
3362 5299 3495 5356 dixit
3533 5295 3787 5365 munera:

2196 5384 2344 5421 rrum.

2268 5436 2597 5521 Demonstre.
2626 5438 2817 5521 Postea
2847 5437 3092 5521 sequitur
3113 5438 3170 5521 in
3200 5439 3784 5521 editione‘Manutiana,

2199 5511 2464 5592 prteceptis
2508 5509 2605 5565 tuis
2647 5514 2869 5592 munitoe
2897 5518 2943 5564 et
2974 5526 3065 5592 pro
3103 5512 3314 5567 terrenis
3355 5509 3792 5592 caelestieurecep'.

2198 5579 2373 5656 turbae
2401 5580 2473 5656 ᾼι
2513 5595 2617 5656 ego
2656 5594 2776 5656 cum
2821 5579 3064 5656 Morellio
3106 5596 3370 5656 expungo,
3404 5587 3526 5656 quia
3563 5589 3652 5645 illa
3681 5579 3792 5651 non

2198 5650 2377 5707 inveni
2418 5652 2470 5706 in
2512 5649 2743 5724 antiquis
2762 5649 3096 5724 editionibus
3138 5649 3314 5724 neque
3355 5649 3564 5714 iu-ullo
3602 5649 3790 5721 eorum

2197 5732 2441 5798 veterum
2485 5721 2871 5798 exemplarium
2917 5722 3109 5798 quibus
3155 5721 3282 5783 usus
3322 5741 3473 5798 sum,
3504 5738 3561 5787 et
3596 5729 3794 5795 desunt

2959 5795 3021 5854 is.
3250 5868 3331 5935 20
3457 5795 3465 5798 ’
3720 5842 3765 5879 ..Γ

2201 5794 2363 5853 etiam
2392 5794 2446 5852 in
2476 5809 2667 5853 novem
2696 5793 3021 5867 Anglicanis.
