4272 6278
418 334 423 339 ,
505 264 604 329 621

1655 269 1859 329 LIBER
1889 271 1978 329 DE
2016 268 2195 333 ΒΟΝο
2232 269 2646 329 PATIENTl/E.

3701 274 3809 331 69.2

506 394 785 450 possessor
817 382 868 438 in
894 381 1053 440 terris
1084 383 1328 449 redditus
1372 399 1435 442 ac
1460 385 1671 443 fructus
1695 402 1824 445 suos
1842 403 1963 444 cum
1993 390 2096 445 fra-
2122 388 2175 448 Α
2200 385 2439 443 dentium
2457 429 2473 455 ,
2502 389 2807 446 securitatis
2834 398 3036 447 nostrae
3062 382 3275 446 salubre
3306 386 3649 458 praesidium,
3681 407 3800 446 mn-

510 473 760 529 ternitate
792 475 1050 542 partitur,
1101 475 1227 531 dum
1268 476 1641 548 largitionibus
1669 479 1916 550 gratuitis
1954 495 2101 537 eom-

508 565 684 618 munis
706 580 769 620 ac
788 566 964 635 justus
990 577 1090 633 est,
1127 568 1219 623 Dei
1253 568 1423 633 Patris
1453 570 1682 625 imitator
1711 580 1813 626 est.

580 657 772 714 XXVI.
816 660 943 729 Qua:
975 661 1060 716 illa
1084 664 1221 729 erit,
1271 661 1465 719 fratres
1496 664 1793 721 ebarissimi
1820 706 1835 731 ,
1869 683 2101 737 operan-

515 751 646 805 tium
675 753 863 823 gloria,
893 769 1049 823 quam
1072 754 1292 824 grandis
1316 764 1370 811 et
1394 771 1599 810 stunrna
1629 756 1829 826 Iaztitia,
1855 774 1975 817 cum
2008 776 2103 830 po.

510 848 690 918 pulum
720 863 873 902 suum
908 848 1161 903 Dominus
1195 850 1420 919 coeperit
1460 865 1780 916 recensere,
1819 864 1872 908 et
1898 857 2105 911 meritis

512 950 672 1012 atque
699 943 952 1012 operibus
976 943 1172 997 nostris
1199 943 1415 1014 prmmia
1447 944 1710 1014 promissa
1739 947 2102 1011 eorutrilmens,

511 1047 609 1102 pro
640 1034 867 1088 terrenis
894 1033 1131 1089 caelestia
1152 1075 1165 1099 ,
1195 1048 1291 1105 pro
1332 1035 1716 1104 temporalibus
1743 1037 2065 1105 sempiterna
2088 1079 2103 1101 ,

464 1160 469 1165 ρ
511 1138 611 1195 pro
640 1123 860 1178 modicis
903 1141 1091 1195 magna
1124 1133 1379 1196 ptmstare
1403 1169 1417 1191 ,
1449 1126 1642 1182 offerre
1675 1144 1774 1182 nos
1814 1128 1990 1195 Patri,
2022 1132 2107 1184 cui

516 1233 615 1273 nos
635 1232 728 1273 sua
752 1217 1180 1273 sanctificatione
1205 1227 1229 1254 τι
1262 1218 1488 1273 restituit
1512 1263 1526 1287 ,
1568 1223 1925 1276 :eteruitatern
1954 1221 2109 1276 nobis

517 1307 1084 1380 immortalitatemque
1127 1310 1343 1380 largiri,
1383 1310 1450 1365 ad
1492 1327 1650 1382 quam
1693 1327 1790 1368 nos
1834 1315 2111 1383 sanguinis

527 1400 607 1455 sui
636 1400 994 1455 vivificatione
1025 1401 1312 1472 reparavit,
1347 1401 1569 1458 reduces
1595 1402 1660 1459 ad
1692 1403 1994 1473 paradisum
2016 1403 2111 1460 de-

515 1506 625 1548 nuo
653 1491 850 1559 facere,
879 1508 1044 1564 regna
1070 1494 1329 1551 coriorum
1365 1494 1465 1550 fide
1495 1504 1551 1550 et
1577 1497 1799 1553 veritate
1816 1512 1928 1553 suae
1958 1497 2112 1567 polli-

514 1585 784 1641 eitationis
824 1587 1072 1655 aperire!
1129 1586 1253 1642 llaec
1299 1585 1537 1642 lia-ream
1592 1589 1818 1643 firmiter
1866 1589 2112 1657 sensibus

514 1676 715 1734 nostris
736 1721 749 1746 ,
781 1676 897 1733 lucc
922 1677 1289 1750 intelligantur
1312 1679 1465 1748 plena
1499 1678 1632 1744 fide,
1665 1680 1781 1736 bzec
1806 1681 1968 1736 corde
1999 1689 2112 1738 toto

2207 482 2502 536 nimentum
2533 482 2687 552 spei,
2742 484 2903 538 tutela
2950 482 3094 547 fidei,
3128 481 3334 538 medela
3371 484 3572 551 peccati
3610 495 3631 522 ο
3656 526 3669 546 ,
3719 501 3808 539 res

2206 573 2383 642 posita
2415 574 2466 627 in
2497 582 2761 643 potestate
2795 572 3059 641 facientis,
3094 582 3263 653 res,et
3286 574 3503 645 grandis
3526 584 3580 629 et
3610 571 3804 640 facilis,

2207 664 2324 719 sine
2354 665 2595 735 periculo
2626 666 3041 735 persecutionis,
3070 681 3269 721 corona
3303 666 3468 735 pacis,
3499 683 3685 721 verum
3714 667 3804 721 Dei

2208 774 2403 813 munus
2427 770 2481 813 et
2524 759 2820 813 maximum
2841 801 2853 822 ,
2888 759 3116 813 infirmis
3149 760 3543 820 necessarium.
3580 758 3811 814 fortibus

2208 851 2527 920 gloriosum,
2558 866 2665 922 quo
2694 851 3029 906 Christianus
3057 850 3269 918 adjutus
3300 849 3495 919 perfert
3529 847 3555 886 ἀ
3584 852 3809 922 gratiam

2211 943 2548 1013 spiritalem,
2596 954 2935 1013 promeretur
2976 942 3249 996 Cbris'nm
3297 940 3576 1019 judicem‘,
3637 941 3807 995 Deum

2212 1044 2490 1104 computat
2537 1035 2856 1089 debitorem.
2923 1033 3187 1088 Ad'hane
3233 1047 3455 1102 operum
3499 1032 3812 1087 salutarium

2213 1129 2445 1198 palmam
2490 1127 2721 1183 libenter
2764 1142 2828 1181 ac
2873 1135 3120 1195 prompte
3158 1134 3431 1180 certemus
3459 1168 3473 1192 ,
3516 1139 3706 1180 omnes
3757 1125 3810 1178 iu

2214 1234 2387 1290 agone
2407 1218 2628 1288 justitiae
2659 1219 2763 1273 Deo
2794 1227 2849 1273 et
2878 1218 3091 1272 Christo
3118 1224 3394 1287 spectante
3424 1231 3737 1282 curramus;
3763 1223 3818 1271 et

2215 1314 2305 1383 qui
2353 1312 2553 1367 s:eculo
2602 1322 2656 1367 et
2686 1310 2887 1365 nurndo
2934 1310 3167 1379 majores
3196 1324 3318 1364 esse
3359 1310 3470 1378 jam
3514 1309 3812 1378 cmpimus,

2220 1418 2438 1460 cursum
2485 1412 2728 1460 nostrum
2777 1404 2921 1457 nulla
2966 1402 3144 1457 surculi
3189 1412 3244 1458 et
3289 1402 3471 1456 mutuli
3520 1402 3816 1472 cupiditate

2222 1496 2519 1553 tardemus.
2543 1495 2599 1552 Si
2629 1495 2906 1566 expeditos
2931 1535 2946 1560 ,
2986 1495 3031 1548 si
3059 1494 3263 1550 celeres
3287 1535 3303 1561 ,
3350 1494 3395 1548 si
3427 1494 3477 1548 io
3504 1493 3606 1549 hoc
3634 1494 3815 1563 operis

2217 1603 2393 1658 agone
2423 1597 2707 1644 currentes
2728 1587 2845 1644 dies
2875 1602 2973 1641 nos
3006 1587 3093 1641 vel
3123 1586 3436 1641 redditionis
3468 1597 3490 1622 υ
3525 1586 3609 1639 vel
3643 1601 3818 1655 perse-

2218 1683 2450 1738 cutionis
2476 1680 2494 1720 ῖ
2521 1681 2803 1746 invenerit,
2833 1694 3092 1748 nusquam
3117 1679 3373 1734 Dominus
3392 1678 3596 1734 meritis
3620 1666 3821 1733 nostris

518 1768 829 1840 diligantur,
872 1769 986 1824 inec
1023 1769 1436 1833 indesinentinm
1481 1785 1701 1840 cperunt
1750 1772 2106 1842 magnanimi-
2142 1778 2191 1839 Β
2219 1774 2284 1829 ad
2334 1775 2614 1845 praemium
2663 1772 2856 1827 deerit.
2906 1771 2962 1824 In
3007 1786 3137 1837 pace
3183 1769 3523 1826 vincentibus
3565 1784 3821 1824 coronam

522 1861 676 1916 tateb
724 1861 1075 1917 redimantur.
1121 1862 1382 1929 Praeclara
1425 1872 1478 1925 et
1514 1862 1691 1919 divina
1741 1879 1866 1929 res,
1919 1863 2115 1921 fratres

520 1952 850 2035 cliarissimi,
885 1954 1135 2021 salutaris
1161 1956 1437 2027 operatio,
1474 1955 1722 2012 solatium
1749 1957 1954 2028 grande
1991 1972 2113 2014 cre-

2226 1867 2507 1923 eandidam
2540 1880 2640 1936 pro
2669 1863 2921 1935 operibus
2947 1863 3112 1930 dabit,
3137 1863 3189 1918 in
3217 1861 3592 1934 persecutione
3617 1876 3821 1933 purpu-

2220 1976 2368 2016 ream
2395 1976 2493 2031 pro
2521 1960 2769 2030 passione
2792 1957 3103 2030 geminabit.

1768 2066 2153 2129 LECTIONES
2190 2070 2610 2128 VARIANTES.

587 2183 613 2211 ⁸
647 2181 740 2242 Qui
764 2181 1001 2258 nos_Bod.
1027 2183 1074 2233 5.
1100 2180 1180 2232 De
1200 2181 1582 2251 sanctiﬁcatione
1607 2179 1732 2231 Bod.
1759 2180 1809 2229 2.

587 2241 616 2280 ι)
652 2245 1048 2308 Μειειιξιηιιηιωιθ
1071 2246 1337 2296 reddantur
1361 2244 1465 2294 Lm.

590 2309 613 2372 °_
651 2307 843 2372 Medela
868 2308 1053 2372 peccati
1079 2308 1290 2372 reposita
1318 2309 1408 2372 A_r.

588 2369 617 2411 ιι
650 2368 858 2434 Adjtitus
869 2367 1103 2436 perferre
1126 2367 1249 2420 Bod.
1274 2371 1319 2420 1.
1340 2367 1547 2418 Priefert
1567 2368 1681 2433 Rig.
1700 2369 1774 2418 Ae
1790 2368 1948 2430 justus
1976 2368 2127 2420 West.

2227 2184 2335 2316 1:"?
2356 2245 2629 2316 Reditionis
2649 2246 2781 2316 Lam.
2808 2244 2952 2316 Ebor.
2970 2245 3088 2315 .NC.
3110 2245 3163 2316 _l‘.
3199 2247 3377 2297 Veron.
3397 2242 3539 2297 Corb.
3574 2249 3681 2297 νει.
3709 2245 3831 2298 Iun.

2230 2306 2368 2374 Spir.
2407 2311 2542 2358 Man.
2570 2305 2741 2365 Routh,
2766 2320 2829 2358 ea:
2853 2308 2882 2358 4
2906 2305 3007 2363 suis
3030 2305 3177 2359 codd.

2298 2368 2319 2407 τ
2359 2370 2696 2420 Percussionis
2719 2368 2895 2421 Morel.

1734 2471 1979 2529 STEPH.
2023 2472 2297 2531 BALUZII
2332 2475 2564 2532 ΝΟΤιΕ.

600 2567 894 2623 Communis
943 2583 1004 2620 ac
1033 2569 1226 2637 justus.
1270 2563 1693 2637 Commodianns
1724 2562 1976 2637 Instruct.
2002 2564 2082 2637 A50
2111 2583 2125 2624 :

528 2640 709 2725 Fatale
747 2634 1045 2725 coiit-manes
1078 2636 1321 2700 minimis,
1352 2636 1472 2688 dum
1519 2646 1715 2704 tempus
1752 2634 1965 2688 habetis.
1998 2634 2126 2690 Item

534 2712 782 2769 llhll‘UCl.
809 2708 896 2765 65.
1384 2732 1391 2735 -
1763 2723 1772 2726 ·

608 2779 794 2835 XXVI.
826 2807 891 2819 --
918 2776 1169 2833 Coronam
1190 2777 1496 2849 candidam.
1529 2775 1697 2849 Supra
1733 2776 1900 2849 Epist.
1932 2792 2044 2849 vni,
2074 2792 2128 2849 p.

536 2852 603 2907 18
628 2869 641 2905 :
669 2851 795 2905 Erat
826 2860 956 2904 certe
980 2851 1033 2903 in
1059 2848 1291 2921 operibus
1314 2850 1530 2919 fratrum
1560 2847 1800 2911 candida,
1833 2863 1967 2900 nunc
1991 2847 2131 2915 facta

540 2994 2725 3031 —_—_——————————-——-————i———-,———————-——.—r———————-—c

2233 2579 2304 2621 est
2335 2570 2386 2646 in
2415 2579 2901 2646 nuu'tgrurncruore
2927 2589 3211 2646 purpurea.
3232 2573 3664 2646 llieranymusiu
3696 2573 3829 2646 Epi-

2234 2639 2415 2711 taphio
2446 2638 2625 2711 Paula:
2646 2642 2709 2693 ad
2742 2638 3084 2697 Eustochium
3117 2662 3128 2697 :
3165 2644 3284 2699 Non
3304 2638 3468 2705 solum
3497 2646 3627 2700 enim
3649 2638 3831 2711 c/fasio

2233 2710 2497 2786 sanguinis
2531 2712 2582 2786 in
2621 2711 2934 2786 confessione
2973 2725 3261 2784 reputatur,
3300 2717 3390 2769 sed
3425 2717 3614 2769 devota:
3639 2710 3836 2786 quoque

2237 2780 2415 2856 utentis
2442 2784 2652 2856 servitus
2676 2782 3009 2856 immaculata
3031 2780 3381 2853 quatidianum
3412 2780 3713 2856 martyrium
3739 2780 3832 2840 est.
3926 2834 3935 2839 -

2238 2848 2342 2903 Illa
2369 2866 2557 2904 corona
2584 2851 2645 2904 de
2672 2853 2800 2907 rosis
2822 2862 2868 2909 et
2896 2848 3318 2924 violis'pfectitur,
3352 2858 3450 2911 ista
3475 2848 3703 2911 de'lifiis.

2736 2998 3020 3018 _t

3036 2999 3186 3021 -ι-

2069 3115 2397 3193 LIBER

1191 3343 1431 3469 DE
1516 3335 2028 3469 ΒΟΝΟ
2120 3343 2123 3460 ί

2237 3325 3183 3473 ΑΤΙΕΝΊἾᾸΕ.Β

2095 3571 2240 3626 QEO

513 3713 930 3769 'AnoqusTun.
963 3740 1032 3752 -—
1078 3706 1271 3780 Scripti
1324 3709 1475 3782 hujus
1524 3709 1835 3764 occasionem
1863 3694 1948 3762 ἱιιί
1962 3711 2135 3778 paucis
2162 3708 2207 3771 (ἶ
2316 3708 2581 3763 Postremo
2624 3707 2862 3760 vindicta:
2901 3704 3230 3775 cupiditatem
3270 3702 3556 3772 vituperat,
3600 3702 3841 3773 docetque

606 3808 813 3876 ca'ponit
860 3806 968 3878 ipse
991 3802 1276 3877 Cyprianus
1301 3804 1392 3857 sub
1432 3803 1583 3874 ﬁnem
1628 3801 1792 3872 Epist.
1821 3803 1887 3855 ad
1912 3802 2132 3859 Jubaia-

609 3918 732 3961 nam
762 3917 779 3954 :
810 3920 831 3967 ς
864 3900 1108 3956 Servatur
1136 3916 1167 3954 a
1203 3900 1345 3954 nobis
1389 3900 1637 3969 patienter
1662 3907 1711 3963 et
1742 3898 1919 3953 leniter
1957 3897 2130 3952 chari-

610 4002 687 4045 las
732 3992 922 4058 animi,
968 3991 1169 4065 collegii
1227 3995 1423 4056 honor,
1490 3988 1773 4042 dilectionis
1835 3988 2127 4051 vinculum,

609 4082 880 4140 concordia
904 4083 1194 4139 sacerdotii.
1233 4080 1455 4152 PrOpter
1497 4083 1591 4133 hoc
1635 4080 1787 4133 etiam
1826 4096 1959 4133 nunc
1988 4078 2133 4132 libel-

603 4180 716 4234 lam
742 4181 805 4236 de
828 4178 975 4235 Bono
1002 4178 1304 4243 Patientiaz,
1333 4185 1576 4247 quantum
1622 4172 1782 4228 valuit
1811 4181 1984 4226 nostra
2024 4186 2125 4245 me;

611 4274 887 4343 diocritas,
929 4273 1249 4344 permittente
1293 4267 1517 4335 Domina
1572 4276 1622 4333 et
1662 4266 1970 4335 inspirante,
2017 4277 2138 4317 con-

618 4365 948 4435 scripsimus,
995 4380 1140 4434 quem
1194 4361 1262 4415 ad
1313 4371 1393 4426 te,
1446 4375 1537 4430 pro
1588 4367 1765 4411 mutua
1824 4354 2133 4420 dilectione,

615 4456 1004 4510 transmisimus.
1055 4475 1074 4507 ι
1119 4453 1401 4525 Postquam
1445 4452 1614 4522 itaque
1642 4450 1808 4515 initio,
1842 4447 2137 4518 patientiam

612 4568 780 4606 veram
831 4565 881 4615 α⁸
904 4549 1040 4621 falsa
1082 4548 1505 4619 philosophorum
1550 4544 1808 4609 distinxit,
1867 4557 1899 4593 a
1947 4539 2139 4608 patien-

614 4649 683 4699 tia
728 4644 858 4712 Dei,
907 4643 1095 4707 Christi
1161 4660 1221 4697 ac
1250 4643 1509 4715 justarum
1553 4637 1776 4705 omnium
1799 4677 1814 4701 ,
1848 4633 2141 4705 patientiam

615 4739 943 4793 christianum
988 4738 1325 4792 commendat.
1372 4734 1572 4789 Deinde
1614 4748 1714 4786 non
1763 4729 1935 4782 utilem
1967 4723 2137 4785 modo,

510 4836 517 4841 '
615 4831 705 4885 sed
731 4840 776 4884 et
805 4831 1139 4885 necessariam
1166 4830 1308 4883 illam
1325 4842 1448 4891 esse,
1475 4835 1579 4878 tum
1599 4821 1899 4891 Scripturis,
1919 4828 2022 4871 tum
2049 4831 2139 4867 ra-

614 4921 833 4978 tionibus
861 4923 1075 4992 probat,
1107 4917 1354 4990 exemplis
1399 4918 1517 4977 item
1555 4913 1655 4979 Job
1681 4924 1727 4968 et
1758 4911 1967 4973 Tobiae;
2003 4916 2049 4961 et
2087 4915 2141 4959 ut

616 5033 680 5071 ea:
704 5016 938 5087 opposito
961 5015 1056 5070 sibi
1082 5014 1199 5069 vitio
1239 5013 1401 5083 magis
1431 5008 1688 5081 patientia:
1723 5008 1908 5062 bonum
1945 5003 2138 5057 eluces-

2315 3800 2443 3861 Deo,
2472 3800 2625 3868 juxta
2669 3796 2985 3865 Scripturas,
3025 3793 3413 3865 permittendum
3443 3793 3642 3864 potius,
3687 3811 3841 3861 quam

2309 3888 2452 3942 nobis
2476 3885 2816 3955 arrogandam
2830 3886 3093 3939 ultionem.
3116 3884 3177 3938 Si
3200 3900 3298 3955 quo
3314 3885 3416 3938 alio
3446 3893 3614 3941 autem
3642 3884 3694 3937 in
3711 3885 3840 3939 libro

2310 3980 2403 4032 hoc
2429 3988 2578 4045 certe,
2607 3977 2980 4033 Tertullianum
3021 3976 3268 4041 imitatur,
3299 3975 3484 4031 librant
3514 3992 3692 4047 nempe
3727 3976 3839 4047 ejus

2310 4074 2371 4126 de
2400 4069 2681 4125 Patientia.
2698 4066 2912 4125 PMIEL.

2312 4249 2354 4303 Ι.
2398 4249 2475 4302 De
2504 4248 2755 4318 patientia
2795 4246 3105 4308 locuturus.
3150 4245 3343 4300 fratres
3370 4243 3740 4311 dilectissimi,
3784 4252 3842 4299 et

2240 4339 2499 4397 utilitates
2523 4336 2638 4408 ejus
2665 4346 2720 4393 et
2741 4336 3023 4391 commoda
3054 4334 3461 4404 przedieaturus,
3491 4333 3632 4388 unde
3660 4333 3839 4403 potius

2243 4431 2490 4501 incipiam
2537 4446 2696 4500 quam
2746 4428 2887 4499 quod
2939 4442 3080 4482 nunc
3140 4441 3351 4495 quoque
3394 4425 3462 4479 ad
3506 4424 3835 4481 audientiam

2240 4533 2473 4581 vestram
2516 4520 2822 4592 patientiam
2852 4518 3010 4575 video
3037 4531 3155 4570 C>St3
3200 4516 3595 4584 necessariam,
3636 4525 3693 4569 ut
3734 4532 3836 4572 nec

2243 4615 2346 4671 hoc
2384 4616 2558 4685 ipsmn
2585 4613 2725 4686 quod
2754 4611 2950 4667 auditis
2972 4621 3025 4666 et
3058 4611 3282 4679 discitis,
3305 4611 3422 4679 sine
3467 4612 3717 4683 patientia
3759 4611 3841 4669 fa-

2244 4724 2367 4765 cere
2394 4708 2627 4777 possitis.
2653 4706 2804 4761 Tunc
2831 4704 2973 4760 enim
3005 4704 3221 4777 demum
3252 4720 3431 4759 sermo
3462 4704 3485 4741 ιι
3510 4716 3563 4761 οι
3591 4707 3725 4760 ratio
3749 4721 3840 4761 sa-

2244 4800 2431 4855 lutaris
2456 4797 2746 4854 efficaciter
2783 4797 3035 4861 discitur,
3078 4799 3121 4851 si
3161 4798 3422 4867 patienter
3463 4798 3603 4869 quod
3641 4799 3839 4854 dicitur

2244 4892 2508 4947 audiatur.
2538 4888 2648 4944 Nec
2669 4888 2911 4951 invenio,
2945 4888 3135 4943 fratres
3161 4887 3493 4944 dilectissimi
3518 4930 3531 4954 ,
3570 4891 3706 4945 inter
3733 4905 3839 4945 cze-

2247 5001 2389 5047 teras
2415 4988 2649 5045 caelestis
2677 4985 2975 5056 disciplina:
3006 4986 3116 5040 vias
3148 4985 3340 5055 quibus
3366 4986 3429 5041 ad
3458 4985 3836 5056 consequentia

612 5117 695 5162 cat
717 5078 749 5174 ,v
774 5078 1111 5178 impatientia:
1153 5078 1395 5181 quantum
1432 5078 1638 5159 malum
1694 5098 1759 5153 sit
1798 5093 2131 5166 prosequitur.
2161 5081 2214 5141 1)
2239 5086 2495 5143 divinitus
2524 5080 2737 5151 prmrnia
2759 5081 2873 5151 spei
2917 5094 2981 5136 ac
3011 5078 3130 5137 fidei
3171 5078 3369 5136 nostra:
3398 5089 3544 5136 secta
3571 5079 3837 5151 dirigitur,

1767 5207 2153 5273 LECTIONES
2189 5199 2495 5262 VABIANT
2500 5198 2610 5255 ES.

603 5344 632 5389 ε
666 5342 743 5395 De
766 5339 1015 5393 Patientia
1041 5337 1166 5388 Bod.
1192 5335 1240 5386 4.
1268 5336 1371 5386 Lin.
1394 5335 1596 5397 August.

2306 5315 2336 5354 ιι
2369 5314 2545 5365 Sermo
2568 5278 2761 5363 Domini
2786 5309 2911 5362 Bod.
2934 5309 2981 5359 4.

1744 5429 1981 5489 STEPH.
2027 5422 2293 5483 BALUZII
2320 5415 2559 5489 NOTAE

540 5547 552 5565 '
618 5544 708 5599 DE
738 5541 915 5598 ΒΟΝΟ
943 5533 1354 5596 ΡΛἸἸΕΝΤΙΕ.
1379 5562 1449 5574 —-
1475 5530 1645 5603 Hujus
1673 5528 1755 5603 sui
1780 5524 1957 5603 operis
1988 5536 2139 5603 men-

546 5594 913 5672 tio-ttLTm—‘fneit
945 5594 1244 5682 Cyprianus
1281 5606 1333 5659 in
1369 5603 1515 5657 calce
1555 5594 1807 5682 Epi~tol;e
1836 5595 1903 5649 ad

546 5670 667 5743 nam
693 5727 707 5748 ,
742 5700 860 5755 pag.
892 5670 1312 5755 i5ZZIEinsdem
1341 5674 1639 5755 arguo-lenti
1692 5670 1881 5755 librulm

546 5735 1476 5822 lleubAugustinds.
1509 5743 1677 5797 litium
1705 5739 1919 5812 quidam
1950 5735 2143 5790 Paulus

2244 5515 2526 5583 cpiscopus
2542 5480 2678 5583 olim
2703 5508 2936 5578 scripsit,
2963 5480 3261 5561 attestatur
3283 5505 3608 5576 Gennadius,
3645 5510 3838 5567 librum
3864 5554 3867 5557 .
3964 5528 3971 5533 ’

2244 5581 2308 5640 de
2324 5581 2604 5639 Patientia.

2320 5655 2359 5710 Ι.
2396 5681 2461 5691 --
2488 5646 2634 5705 Fidei
2666 5658 2850 5705 nostris
2876 5658 3032 5705 secta.
3063 5648 3236 5719 Supra
3271 5649 3440 5719 Epist.
3472 5667 3604 5715 χχιι,
3642 5667 3692 5720 p.
3723 5652 3843 5710 ὄϊς

2252 5722 2557 5783 Humilitate
2589 5739 2648 5776 ac
2678 5722 2855 5775 timore
2884 5731 3032 5775 secta:
3066 5731 3252 5777 nostra:
3277 5721 3763 5797 verecuttdus._llcm
3790 5725 3849 5789 in
3864 5766 3893 5791 ,ε
