4272 6278
452 307 559 374 6:23

1849 305 1984 372 DIVI
2021 308 2343 371 CYPRIANI

3639 310 3747 371 621

449 430 580 500 quid
607 426 777 499 magis
821 428 893 483 sit
922 435 946 463 ιι
978 424 1063 481 vel
1111 424 1291 480 utilius
1331 423 1397 480 ad
1445 423 1605 479 vitam
1636 424 1718 480 Vel
1760 425 1933 495 majus
1977 425 2121 485 ad-A
2153 427 2262 482 Dco
2305 426 2473 483 virtus
2520 426 2619 480 ista
2668 424 2990 479 communis.
3042 421 3172 479 Inde
3217 422 3473 495 patientia
3522 424 3748 497 incipit,

450 522 702 594 gloriam,
730 536 888 592 quam
916 529 975 573 ut
1002 517 1091 589 qui
1137 519 1418 589 praeceptis
1457 518 1743 575 dominicis
1785 519 2045 591 obsequio

454 615 664 672 timoris
690 630 753 670 ac
777 612 1079 670 devotionis
1107 611 1440 688 innitimur,
1459 613 1770 684 patientiam
1812 612 2046 669 maxime

452 717 561 763 tota
591 703 973 787 observatione
1008 711 1254 759 tueamur
1278 699 1331 757 h.

525 801 589 857 ll.
630 799 780 854 Hanc
808 812 867 854 se
894 796 1088 853 sectari
1137 795 1441 869 philosophi
1482 811 1696 869 quoque
1728 807 1750 837 ο
1785 796 2045 869 proﬁten-

455 905 561 950 tur.
593 890 701 949 Sed
736 899 846 947 tam
886 890 995 947 illic
1036 889 1295 961 patientia
1340 889 1474 945 falsa
1502 900 1607 957 est,
1638 902 1795 962 quam
1818 899 1874 946 et
1912 888 2047 945 falsa

453 985 714 1058 sapientia
740 992 845 1040 est.
871 981 1027 1041 Unde
1052 980 1203 1040 enim"
1217 983 1300 1040 vel
1326 984 1544 1055 sapiens
1572 998 1693 1040 esse
1724 984 1807 1040 vel
1840 984 2049 1055 patiens

455 1076 736 1150 possitqui
759 1090 859 1133 nec
884 1076 1202 1147 sapientiam
1234 1091 1333 1131 nec
1354 1077 1661 1147 patientiam
1691 1077 1786 1132 Dei
1812 1078 1961 1135 novit
1985 1073 2050 1131 ‘1?

455 1170 669 1242 quando
696 1170 811 1239 ipse
834 1167 903 1224 de
931 1166 1017 1223 his
1040 1168 1127 1238 qui
1154 1167 1254 1224 sibi
1282 1183 1474 1240 sapere
1499 1168 1550 1222 in
1579 1168 1780 1222 mumlo
1802 1168 2052 1223 videntur

456 1270 675 1318 tuoucat
710 1270 765 1317 et
807 1259 991 1316 dicat:
1051 1259 1272 1315 Perdant
1308 1261 1612 1325 sapientiam
1641 1260 1974 1330 sapientium,
2007 1268 2053 1315 et

454 1356 781 1426 prudentiam
830 1353 1155 1425 prudentium
1210 1352 1487 1424 reprobabo
1538 1352 1693 1424 (lsa.
1737 1370 1900 1421 χχιχ,
1936 1355 2051 1423 11).

2148 519 2273 575 inde
2297 519 2512 579 claritas
2552 518 2669 588 ejus
2698 528 2754 575 ct
2792 517 3022 590 dignitas
3049 525 3211 588 eaput
3258 516 3444 573 sumit.
3493 516 3659 588 Origo
3695 527 3752 575 ct

2150 612 2460 685 magnitudo
2488 611 2760 682 patientia:
2788 611 2901 667 Deo
2925 621 3144 666 auctore
3175 609 3435 681 procedit.
3470 610 3752 682 Diligenda

2149 722 2238 764 res
2265 707 2466 769 homini
2492 721 2612 774 qua:
2644 706 2754 761 Deo
2777 704 2941 761 chara
2981 702 3007 742 ιι
3040 712 3126 761 est
3155 723 3169 760 :
3200 704 3401 760 bonum
3426 704 3568 776 quod
3611 712 3754 761 amat

2149 800 2406 868 majestap
2451 797 2635 853 divina
2686 796 3047 854 commendat.
3099 796 3159 851 Si
3208 795 3460 852 dominus
3504 796 3661 853 nobis
3700 805 3756 854 ct

2151 902 2304 964 pater
2327 892 2468 953 Deus
2494 900 2610 957 est,
2658 900 2929 948 sectemur
2959 890 3269 961 patientiam
3300 889 3508 948 domini
3552 892 3754 963 pariter

2152 995 2206 1044 et
2232 986 2397 1057 patris
2431 1003 2444 1041 :
2475 984 2599 1057 quia
2626 995 2682 1042 et
2708 1000 2896 1042 servos
2939 993 3155 1055 oportet
3189 999 3311 1041 esse
3354 985 3753 1057 obsequentes,

2154 1091 2211 1138 et
2237 1081 2376 1138 lilios
2402 1094 2509 1136 non
2540 1078 2693 1135 decet
2716 1094 2838 1136 esse
2866 1078 3182 1149 degeneres.

2226 1172 2314 1229 IV.
2357 1171 2539 1243 Qualis
2559 1186 2688 1227 vero
2710 1170 2761 1226 in
2782 1170 2891 1225 Deo
2908 1179 2961 1226 et
2977 1158 3176 1241 quanta
3198 1170 3476 1241 patientia,
3496 1169 3568 1202 m
3587 1169 3752 1241 quod,

2157 1265 2210 1320 in
2241 1262 2620 1321 contumeliam
2661 1278 2774 1318 suae
2817 1262 3113 1332 majestatis
3151 1270 3210 1318 et
3252 1261 3476 1319 honoris
3507 1263 3753 1320 instituta

2157 1359 2225 1415 ab
2269 1356 2576 1415 hominibus
2623 1354 2844 1426 profana
2908 1355 3104 1425 templa
3154 1364 3208 1411 et
3247 1364 3460 1412 terrena
3506 1355 3759 1427 ﬁgmenta

453 1445 585 1502 lteut
617 1445 803 1501 beatus
845 1442 1121 1515 apostolus
1153 1444 1368 1511 Paulus,
1404 1444 1598 1515 plenus
1638 1444 1841 1515 Spiritu
1867 1454 2056 1501 sancto
2157 1457 2210 1505 et
2240 1463 2389 1504 sacra
2425 1447 2684 1518 sacrilega
2715 1446 3105 1517 patientissime
3136 1447 3442 1518 sustinens,
3469 1461 3631 1518 super
3659 1447 3761 1503 bo-

452 1551 509 1596 ct
529 1537 783 1594 vocandis
811 1536 1213 1608 formandisque
1255 1547 1278 1573 ο
1309 1536 1571 1593 Gentibus
1595 1538 1813 1607 missus,
1835 1548 2056 1594 contcs-
2161 1556 2257 1596 nos
2284 1548 2340 1596 et
2369 1539 2539 1609 malos
2569 1538 2847 1609 :cqnaliter
2872 1537 3001 1593 facit
3028 1537 3178 1598 diem,
3202 1538 3347 1594 nasci
3377 1546 3434 1593 et
3462 1538 3642 1595 lumen
3668 1553 3761 1596 so-

455 1642 599 1689 letur
625 1638 680 1687 ct
715 1631 946 1685 instruat
987 1628 1173 1686 dicens
1205 1646 1219 1682 :
1258 1626 1431 1684 Videte
1456 1645 1518 1684 ne
1546 1631 1659 1702 quis
1684 1646 1770 1686 uos
1794 1631 2057 1701 deprmde-
2160 1633 2226 1689 lis
2255 1631 2453 1695 oboriri
2476 1672 2492 1697 ,
2537 1638 2593 1686 ct
2639 1645 2761 1686 cum
2810 1628 3073 1685 imbribus
3103 1639 3274 1685 terras
3301 1631 3477 1701 rigat,
3527 1645 3685 1687 nemo
3728 1645 3762 1688 ιι

456 1735 538 1778 tur
563 1740 650 1793 per
680 1720 1058 1792 philosOphiant
1095 1729 1141 1775 et
1188 1719 1391 1773 inanem
1437 1720 1733 1789 fallaciam,
1779 1721 2057 1775 secundum
2160 1721 2438 1789 beneﬁciis
2466 1721 2582 1793 ejus
2636 1720 2937 1777 excluditur
2990 1720 3276 1791 quominus
3312 1721 3475 1791 jusﬁs
3516 1722 3763 1779 similiter

457 1814 777 1869 traditionem
804 1812 1099 1877 hominum,
1129 1810 1411 1865 secundant
1452 1811 1700 1866 elementa
1743 1812 1957 1876 mundi,
2002 1821 2048 1866 et
2079 1818 2126 1879 B
2154 1824 2209 1871 ct
2233 1814 2441 1886 injustls
2469 1814 2789 1870 indiscretos
2825 1813 3034 1884 pluvias
3063 1813 3349 1885 largiatur!
3380 1814 3639 1872 Videmus
3676 1816 3761 1870 itt-

457 1926 557 1964 non
578 1908 853 1963 secundum
883 1905 1180 1968 Christum.
1228 1904 1348 1973 quia
1394 1904 1449 1958 in
1494 1905 1604 1976 ipso
1653 1905 1845 1960 habitat
1893 1904 2057 1960 omnis
2161 1909 2445 1981 separabili
2494 1908 2800 1980 mqualitatc
2828 1907 3103 1979 patientiae
3142 1907 3460 1964 nocentibus
3506 1916 3561 1963 ει
3604 1909 3761 1963 imm-

442 1986 735 2072 plenitudo.
770 1997 1049 2053 diuinitatis
1103 1996 1322 2070 (Coloss.
1369 2012 1437 2063 ιι,
1478 1994 1556 2069 8).
1619 1997 1685 2052 Et
1733 1998 1842 2052 alio
1891 1996 2054 2051 loco:

458 2074 626 2148 Nemo
651 2107 733 2155 se,
775 2090 977 2162 inquit,
1007 2088 1250 2160 decipiat.
1283 2089 1346 2144 Si
1370 2089 1482 2160 quis
1508 2106 1562 2145 se
1590 2097 1737 2160 putat
1770 2090 2053 2161 sapientem

456 2201 564 2241 esse
589 2184 640 2239 in
670 2182 839 2248 vobis,
871 2180 1061 2236 mundo
1090 2179 1209 2234 huic
1236 2181 1420 2235 stultus
1448 2181 1538 2247 ﬁat
1562 2189 1668 2248 ,χιιι
1709 2180 1801 2250 fiat
1828 2179 2054 2250 sapiens.

459 2274 728 2345 Sapientia
753 2273 886 2329 enim
912 2271 1089 2327 mundi
1113 2271 1267 2343 hujus
1308 2270 1525 2327 stultitia
1562 2280 1636 2327 est
1682 2271 1824 2341 apud
1866 2270 2053 2325 Deum.

459 2348 723 2440 Scriptum
745 2375 818 2422 est
838 2367 972 2420 enim
1006 2380 1024 2420 :
1051 2363 1444 2434 Reprehendam
1468 2362 1486 2401 τ
1514 2364 1767 2435 sapientes
1791 2363 1845 2418 in
1868 2365 2060 2437 astutia

458 2462 705 2532 ipsorum.
745 2458 812 2514 Et
838 2457 1035 2513 iterum
1065 2472 1079 2509 :
1123 2454 1368 2527 Cognovit
1396 2453 1646 2510 Dominus
1674 2464 1700 2503 Β
1729 2454 2059 2527 cogitationes

456 2556 795 2626 sapientium,
846 2551 967 2623 quia
1012 2558 1129 2606 sunt
1174 2550 1345 2604 stultw
1392 2546 1412 2621 (
1437 2548 1454 2604 Ι
1502 2547 1626 2608 Cor.
1674 2564 1767 2615 ιιι,
1822 2549 2054 2622 18-20).

457 2651 656 2717 Quare,
689 2646 734 2703 si
766 2645 1027 2717 sapientia
1056 2644 1165 2700 illic
1185 2659 1309 2700 vera
1339 2660 1443 2699 non
1470 2652 1553 2700 est
1571 2686 1586 2714 ,
1611 2659 1731 2702 esse
1754 2660 1862 2702 non
1885 2654 2063 2716 potest

459 2749 514 2797 et
539 2754 664 2794 vera
691 2737 966 2810 patientia.
980 2733 1112 2791 Nam
1127 2735 1400 2806 sisapiens
1419 2732 1448 2772 ¹ι
1469 2735 1560 2792 ille
1574 2745 1654 2792 est
1671 2737 1762 2807 qui
1785 2747 1873 2794 est
1887 2738 2062 2794 humi-

458 2833 527 2888 lis
554 2839 610 2888 et
636 2830 781 2887 mitis
802 2870 817 2898 ,
846 2827 1196 2901 philosophos
1223 2838 1403 2884 autem
1431 2842 1533 2885 nec
1558 2828 1787 2885 humiles
1817 2829 2060 2887 videmus

460 2939 583 2980 esse
620 2937 723 2979 nec
764 2921 958 2989 mites,
988 2918 1083 2975 sed
1110 2918 1214 2975 sibi
1247 2919 1472 2975 multum
1520 2920 1796 2991 placentes
1819 2961 1834 2987 ,
1863 2931 1917 2977 et
1957 2921 2061 2979 huc

456 3017 578 3087 ipso
616 3014 760 3088 quod
803 3014 905 3071 sibi
954 3013 1201 3085 placeant
1245 3013 1356 3070 Deo
1402 3014 1792 3086 displicentes,
1836 3024 2062 3087 apparet

459 3108 569 3165 illic
598 3107 613 3146 ί
639 3123 821 3165 veram
853 3122 962 3162 non
989 3120 1110 3163 esse
1135 3104 1446 3177 patientiam
1487 3105 1576 3161 ubi
1618 3106 1691 3161 sit
1717 3105 1954 3162 insolens
1980 3106 2061 3161 af-

2163 2003 2258 2058 xiis
2284 2045 2300 2070 ,
2328 2001 2593 2073 religiosis
2626 2010 2682 2057 et
2709 2000 2885 2071 impiis
2904 2042 2919 2069 ,
2961 2000 3162 2071 gratias
3186 2000 3468 2073 agentibus
3495 2008 3552 2056 et
3581 2000 3758 2071 ingra-

2163 2096 2265 2161 tis,
2302 2095 2398 2151 Dei
2431 2103 2561 2150 nutu
2592 2103 2830 2164 tempora
2861 2094 3084 2165 obsequi
3106 2135 3120 2160 ,
3163 2094 3421 2150 elementa
3467 2093 3753 2164 famulari,

2160 2189 2369 2257 spirare
2415 2194 2604 2249 ventos
2630 2228 2646 2254 ,
2694 2184 2872 2242 fontes
2925 2185 3129 2252 liuere,
3176 2186 3532 2258 grandescere
3576 2187 3762 2257 cupias

2162 2279 2417 2336 tncssium
2454 2277 2511 2346 ι,
2560 2279 2767 2336 fructus
2812 2289 3175 2337 maturescere
3202 2280 3477 2336 vinearum
3502 2320 3518 2347 ,
3563 2280 3765 2336 exube-

2161 2388 2284 2429 rare
2314 2374 2486 2444 pomls
2516 2374 2753 2452 arbusta,
2787 2388 3007 2430 nemora
3046 2372 3429 2442 frondescere,
3473 2383 3622 2444 prata
3669 2374 3767 2430 llo-

2163 2480 2302 2522 rerc.
2358 2467 2421 2521 Et
2470 2481 2591 2521 cum
2636 2466 2844 2522 crebris
2891 2467 3055 2521 immo
3102 2452 3370 2522 continuis
3411 2465 3767 2523 cxacerbetur

2162 2544 2380 2616 oll'cnsis
2412 2558 2573 2626 Deus,
2606 2559 3031 2632 indignationem
3050 2574 3201 2615 suam
3231 2568 3516 2632 temperat,
3542 2568 3597 2617 et
3625 2576 3762 2632 pra:-

2163 2650 2405 2707 Stitutum
2430 2650 2600 2708 semel
2623 2650 2993 2707 retributionis
3015 2651 3158 2708 diem
3179 2652 3446 2723 patienter
3465 2661 3759 2723 exSpectat.

2162 2740 2405 2813 Cumque
2436 2742 2631 2799 habeat
2674 2743 2728 2798 in
2759 2751 3025 2815 potestate
3073 2728 3365 2800 vindictam
3388 2786 3404 2811 ,
3436 2744 3641 2799 mavult
3676 2744 3767 2801 diu

2172 2842 2358 2889 tenere
2407 2833 2719 2904 patientiam
2750 2876 2766 2902 ,
2815 2836 3107 2899 sustinens.
3132 2836 3339 2892 scilicet
3384 2836 3677 2894 clementer
3712 2847 3768 2894 et
3832 2826 3848 2837 ’

2162 2922 2451 2993 dill'erens,
2485 2935 2568 2994 ut,
2598 2928 2645 2983 si
2685 2926 2801 2984 ﬁeri
2850 2938 3059 3000 potest,
3114 2930 3340 2985 multum
3389 2931 3589 2987 malitia
3637 2947 3767 3003 pro-

2166 3023 2333 3072 tracta
2372 3017 2670 3089 aliquando
2718 3027 2994 3087 mutetur,
3037 3029 3092 3078 et
3134 3020 3299 3079 homo
3340 3023 3392 3078 in
3422 3039 3670 3080 errorum
3714 3031 3770 3081 et

2164 3107 2427 3164 scelerum
2485 3111 2805 3183 contagione
2854 3112 3125 3168 volutatus
3172 3113 3255 3170 vel
3309 3129 3433 3170 sero
3480 3115 3549 3171 ad
3597 3115 3766 3172 Deum

459 3199 668 3256 fcctata:
689 3198 951 3254 libertatis
976 3195 1196 3252 audacia
1225 3205 1280 3252 et
1307 3196 1479 3252 exerti
1520 3212 1585 3254 ac
1622 3197 1888 3255 seminudi
1930 3213 2057 3270 pcc-
2086 3211 2132 3275 ί]
2164 3207 2533 3271 convertatur,
2565 3201 2681 3273 ipso
2722 3212 2976 3261 monente
3012 3214 3069 3261 et
3093 3204 3306 3262 dicente
3335 3222 3350 3260 :
3392 3205 3531 3262 Nolo
3557 3217 3768 3263 mortem

462 3293 594 3348 toris
632 3288 993 3348 inverecunda
1019 3288 1294 3357 jactantia.

534 3381 624 3437 lll.
664 3379 772 3435 Nos
792 3389 991 3445 autem,
1016 3377 1210 3434 fratres
1235 3376 1567 3434 dilectissimi
1591 3421 1608 3447 ,
1638 3380 1731 3450 qui
1755 3380 2059 3454 philosophi

462 3490 570 3532 non
597 3472 776 3529 verbis
813 3471 910 3529 sed
932 3470 1094 3526 factis
1121 3484 1306 3526 sumus
1323 3512 1338 3535 ,
1365 3484 1465 3526 nec
1496 3473 1692 3527 vestitu
1717 3475 2054 3545 sapientiam,

462 3569 558 3624 sed
584 3566 807 3622 veritate
849 3562 1220 3635 praeferimus,
1271 3561 1361 3634 qui
1390 3561 1644 3619 virtutum
1675 3564 2057 3621 conscientiam

462 3659 632 3731 magis
659 3662 816 3729 quam
838 3655 1150 3728 jactantiam
1180 3655 1457 3723 novimus,
1502 3658 1592 3728 qui
1638 3672 1744 3714 non
1787 3658 2059 3731 loquimur

463 3767 655 3823 magna
693 3750 786 3808 scd
828 3750 1089 3815 vivimus,
1133 3749 1285 3822 quasi
1314 3742 1459 3806 servi
1507 3750 1521 3801 i
1581 3758 1636 3807 et
1663 3750 1898 3809 cultores
1929 3753 2058 3822 Dei,

465 3846 775 3916 patientiam
803 3860 964 3917 quam
989 3843 1311 3916 magisteriis
1342 3843 1657 3902 cmlestibus
1680 3844 1939 3904 discimus
1967 3847 2062 3903 ob-

464 3937 664 4008 sequiis
688 3936 1017 4007 spiritalibus
1045 3935 1402 4007 praebeamus.
1433 3934 1532 3991 Est
1556 3937 1701 3993 enim
1741 3937 1900 3994 nobis
1936 3953 2059 3995 cum

2167 3292 2457 3359 morientis,
2508 3302 2755 3364 quantum
2809 3304 2864 3349 ut
2910 3305 3189 3351 revertatur
3238 3306 3285 3352 et
3333 3298 3465 3353 uiuat
3529 3296 3765 3369 (Ezech.

2167 3403 2372 3455 xxxut,
2406 3388 2516 3458 11).
2551 3388 2617 3446 Et
2646 3390 2839 3445 iterum
2873 3409 2888 3444 :
2917 3390 3246 3446 Revertimini
3268 3392 3338 3446 ad
3370 3408 3477 3458 me,
3508 3391 3631 3447 dicit
3654 3391 3768 3447 Do-

2165 3480 2334 3534 minus
2360 3478 2613 3551 (Malach.
2656 3497 2746 3549 ιιι,
2794 3479 2868 3551 7).
2920 3480 2991 3538 Et
3042 3482 3279 3539 iterum:
3324 3482 3654 3539 Reuertimim'
3699 3483 3770 3538 ad

2165 3570 2443 3628 Dominum
2479 3573 2646 3630 Deum
2688 3585 2939 3641 vestrum,
2972 3578 3213 3648 quoniam
3253 3578 3538 3633 misericors
3574 3587 3621 3632 et
3646 3578 3768 3651 pius

2165 3673 2211 3720 et
2250 3666 2449 3735 patiens
2492 3676 2539 3721 ct
2574 3668 2750 3723 multa:
2778 3668 3135 3735 miserationis,
3165 3678 3211 3725 et
3235 3671 3322 3740 qui
3343 3671 3643 3726 sententiam
3668 3672 3769 3741 με.

2164 3767 2267 3812 ctat
2316 3759 2558 3816 adversus
2609 3762 2833 3817 malitias
2903 3762 3155 3835 irrogatas
3200 3772 3241 3800 ιη
3293 3760 3451 3833 (Ioel
3507 3779 3575 3831 ιι,
3634 3764 3702 3819 15
3725 3765 3766 3834 ).

2164 3849 2320 3918 Quod
2358 3852 2484 3907 item
2513 3852 2702 3910 beatus
2732 3855 3007 3926 apostolus
3036 3857 3231 3914 Paulus
3256 3872 3690 3915 commemorans
3714 3865 3772 3913 ct

2168 3950 2507 4012 peecalorem
2539 3944 2605 4001 ad
2628 3945 2997 4018 ptenitentiam
3023 3962 3306 4018 revocans,
3335 3950 3588 4023 proponit
3610 3961 3666 4010 et
3688 3949 3771 4007 di-

1660 4160 1663 4163 Α
1693 4077 1989 4136 LECTION
1997 4080 2080 4139 ES
2116 4082 2536 4144 VARIANTES.

528 4201 554 4231 ει
589 4174 784 4258 Aliquid
822 4197 991 4263 magis
1016 4193 1095 4247 vel
1110 4194 1243 4263 little
1266 4194 1338 4263 -ad
1375 4194 1541 4258 vitam,
1576 4194 1657 4247 vel
1686 4197 1926 4261 magisad
1961 4198 2068 4263 glo-

464 4266 586 4314 riam
607 4256 721 4314 esse
747 4256 1081 4311 necessarium
1104 4256 1227 4308 Bod.
1253 4256 1301 4307 4.

524 4324 555 4363 ιι
587 4325 870 4375 'l‘cneamus
896 4322 1035 4373 Pent.
1069 4319 1208 4371 Voss.
1236 4320 1283 4370 1.

528 4391 553 4419 ο
590 4385 872 4449 ΡΙιιΙοεοιιιιὶ
894 4386 1078 4449 quique
1112 4385 1228 4449 V_er.

528 4450 559 4490 ἀ
589 4450 732 4501 Novit
756 4462 768 4498 :
793 4444 1037 4521 queritodo
1059 4446 1268 4519 et.Lmn.
1290 4444 1441 4518 .Ebor.
1468 4445 1558 4497 ΝΠ
1606 4446 1647 4496 1.
1692 4460 1697 4464 ·

533 4518 558 4545 ο
594 4511 954 4572 Servandtsque
988 4509 1222 4571 gentibus
1245 4509 1367 4572 Lm:
1508 4570 1517 4572 ᾼ
1621 4569 1633 4572 _

2233 4199 2262 4269 ξι
2296 4201 2418 4269 Nam
2447 4205 2621 4269 utique
2646 4207 2691 4269 si
2716 4208 2908 4269 patiens
2945 4209 3077 4261 Iam.
3117 4209 3261 4262 Ebur.
3289 4210 3336 4264 Ν
3341 4211 3396 4263 C.
3426 4212 3469 4262 1.
3495 4212 3635 4264 Pent.
3674 4214 3769 4267 Ar.

2470 4263 2608 4319 Fo'ss.
2636 4263 2841 4338 Sapiens
2861 4269 3040 4338 Rigalt.

2241 4324 2283 4409 il
2299 4325 2405 4380 Illic
2428 4342 2526 4380 non
2564 4344 2677 4381 esse
2703 4324 2999 4409 patientiam
3023 4337 3156 4387 Lam.
3182 4336 3332 4388 Ebor.
3358 4333 3465 4389 Lin.
3494 4336 3621 4389 Bod.
3650 4338 3694 4402 1,
3719 4337 3768 4403 2,

2089 4395 2100 4410 ⁸
2171 4388 2305 4449 5,4.

2242 4449 2256 4517 _i
2302 4451 2366 4517 Ut
2386 4456 2517 4505 servi
2540 4454 2698 4507 Saris.
2726 4456 2849 4517 Quia
2880 4461 3010 4510 servi
3036 4461 3162 4512 Bod.
3182 4461 3239 4512 4.

2239 4512 2266 4579 ξι
2301 4514 2453 4579 (hara
2477 4524 2580 4579 est,
2603 4530 2663 4567 ac
2684 4512 2865 4569 bonum
2890 4523 3015 4573 Bod.
3042 4525 3088 4574 1.

534 4573 553 4612 f
593 4568 1017 4645 Gmnprgtepdgm'
1061 4574 1223 4645 Voss.-
1250 4573 1294 4619 ι.
1316 4569 1729 4645 ηιὶειιηθιιθηάᾳιιξ
1771 4568 2063 4645 βαλέω.
2091 4571 2145 4634 1)
2238 4576 2256 4613 ι
2295 4568 2604 4645 Capdeseeie
2627 4583 2792 4645 copias
2826 4568 3276 4645 'messiwnai'Morel.
3310 4586 3520 4640 Fructus
3552 4597 3772 4642 mature-

474 4642 612 4691 Voss.
636 4635 686 4686 2.
711 4631 826 4686 ΝΟ.
849 4634 896 4698 2.
926 4631 1287 4697 Reprehendes
1310 4631 1431 4698 Sup'.
1459 4631 1494 4682 l.
1522 4646 1574 4682 ιιι
1597 4634 1663 4683 ad
1691 4633 1829 4695 Quir.
1852 4645 1896 4684 c.
1919 4634 1999 4685 69.

530 4702 558 4742 Β
590 4698 729 4749 Deus
751 4694 910 4748 Stm's.
946 4694 1061 4747 Ver.

2171 4648 2323 4705 scere
2333 4639 2476 4705 Foss.
2502 4639 2766 4694 Nitescérc
2798 4644 2924 4696 Vict.
2953 4646 3161 4699 Fructus
3180 4639 3455 4702 maturatus
3471 4639 3582 4705 *Lai;

2231 4701 2272 4730 ιιι
2304 4701 2531 4755 stantiam
2556 4706 2821 4769 irrogatam
2845 4709 2966 4760 Ben.
2996 4708 3122 4762 Bod.
3149 4711 3197 4773 ι,
3223 4713 3272 4777 2,
3294 4715 3346 4777 δ,
3371 4714 3420 4764 ι.

1725 4820 2278 4903 δΤΕΡιιηιιΑιιιΖιι
2303 4826 2535 4889 NOTAE.

472 4940 708 5012 Epistula
750 4938 821 5012 ad
864 4936 1138 5012 Quirinum
1165 4934 1405 5012 praefixa
1456 4935 1608 5012 libris
1648 4938 2070 4996 Testimoniorum

2246 4944 2332 5000 IV.
2351 4946 2796 5020 —-t!aturescere.
2830 4952 2907 5009 ita
2935 4964 3145 5013 veteres
3171 4957 3433 5017 editiones
3455 4969 3505 5017 et
3530 4977 3625 5019 sex
3648 4960 3770 5020 libri

469 5008 595 5103 pag;
1308 5009 1377 5061 ad
1400 5009 1688 5080 religiosam
1709 5021 1863 5066 secttc
1883 5012 2072 5069 nostra:
2174 5025 2400 5103 veteres.
2431 5018 2562 5093 Quae
2588 5020 2749 5103 lectio
2775 5008 2908 5081 55...,
2929 5008 3140 5103 (ᾧίῖἠῆ

468 5074 794 5154 ὶιὶέὶίριὶιὶαιιι
808 5074 1143 5154 pertinentia.

545 5149 610 5211 ll.
626 5182 699 5196 —-
712 5149 980 5222 Sapientia
995 5152 1148 5220 hujus
1163 5149 1358 5222 mundi.
1377 5149 1523 5205 Hane
1537 5150 1687 5206 Pauli
1703 5154 1927 5222 apostoli
1942 5170 2037 5211 seu
2052 5186 2067 5196 -

450 5225 692 5282 .tentiam
713 5221 901 5281 Celsus
922 5221 1190 5277 malevolo
1215 5221 1498 5276 adversum
1523 5221 1860 5280 Christianos
1884 5228 2065 5282 animo

467 5294 711 5354 vertebat
748 5297 807 5368 in
846 5294 1172 5351 contrarimn
1201 5306 1443 5368 sensum,
1473 5291 1700 5368 dicendo
1746 5293 1876 5368 illos
1906 5297 2064 5368 vulgo

460 5369 669 5437 jactare
706 5365 900 5422 malam
931 5379 1043 5437 rem
1084 5377 1216 5437 esse
1244 5363 1295 5437 in
1335 5363 1439 5417 vita
1479 5362 1812 5437 sapientiam,
1868 5362 2062 5424 bonam

467 5432 597 5495 vero
642 5437 942 5492 stultitiam.
989 5434 1139 5502 Quod
1180 5432 1440 5504 Origenes
1475 5434 1731 5492 adversus
1774 5451 1897 5492 eum
1928 5441 2068 5494 seri-

466 5510 620 5577 hens,
650 5508 724 5563 ait
751 5522 871 5563 csse
897 5520 1098 5561 meram
1138 5505 1683 5579 sycopltatttiamLttti
1718 5504 1905 5564 revera
1952 5519 2066 5579 est,

462 5597 585 5637 cum
612 5580 684 5634 sit
708 5593 964 5648 expresse
988 5585 1169 5648 contra
1197 5577 1358 5631 verba
1386 5577 1646 5645 Apostoli.

536 5652 604 5683 ⁸⁸⁷
634 5646 810 5704 [IL—1
836 5648 956 5703 Non
984 5646 1236 5715 loquimur
1255 5663 1457 5717 magna.
1479 5647 1731 5704 Mittutius
1747 5647 1893 5706 Felix
1915 5668 1929 5706 :
1957 5651 2069 5709 Nos

460 5737 561 5773 non
580 5720 755 5773 habitu
776 5718 1099 5797 sapientiam,
1119 5717 1209 5771 sed
1231 5727 1395 5773 mente
1407 5719 1747 5792 proferimus.
1765 5719 1886 5778 Non
1905 5723 2070 5797 loqui-

461 5805 575 5847 mur
601 5804 786 5861 magna
802 5826 821 5856 ,
840 5787 941 5843 sed
955 5787 1198 5844 uiuimus.

2171 5088 2424 5173 mitescere
2441 5131 2455 5156 ,
2468 5090 2469 5093 “
2483 5106 2640 5173 quam
2667 5093 2927 5152 Erasmus
2954 5088 3182 5166 invexit,
3217 5102 3356 5157 bona
3380 5088 3551 5159 ct'ia'm
3564 5088 3657 5160 cSt
3673 5088 3701 5173 ,ἡ
3715 5088 3773 5163 et

2172 5157 2329 5215 habet
2362 5157 2541 5230 plures
2571 5163 2738 5223 libros
2768 5175 2979 5224 veteres
3010 5157 3429 5230 consentaneas.

2239 5270 2438 5359 yauult
2467 5276 2557 5332 diu
2586 5288 2775 5336 tenere.
2808 5282 3001 5359 Supra
3023 5284 3197 5359 Epist.
3239 5302 3292 5341 ιιι
3312 5329 3327 5354 ,
3367 5301 3488 5359 pag.
3523 5289 3590 5345 18
3622 5307 3636 5344 :
3667 5289 3772 5346 Diu

2172 5344 2657 5430 patientiammeam
2684 5354 2842 5430 tenui.
2871 5344 3119 5430 Ruricius
3145 5356 3241 5414 lib.
3267 5344 3339 5427 ιι’,
3368 5344 3544 5430 Epist.
3564 5344 3604 5417 λ
3628 5380 3641 5416 :
3672 5344 3772 5418 Te;

2171 5416 2340 5471 nenda
2368 5428 2441 5472 est
2468 5420 2521 5473 in
2547 5423 2817 5478 tentatione
2840 5426 3105 5496 patientia.
3174 5496 3177 5499 ἢ

2174 5610 2186 5622 _
2244 5539 2571 5626 Reuertimitti
2603 5546 2671 5599 ad
2696 5562 2806 5626 t_ne._
2837 5546 2950 5626 Hoc
2974 5561 3344 5626 segmentum,
3374 5555 3515 5626 quod
3542 5555 3773 5613 habetur

2172 5610 2224 5664 in
2252 5610 2579 5692 editioni_bus
2604 5617 2858 5688 antiquis,
2887 5610 3192 5678 Mamiliam
3221 5610 3468 5692 sustulit:
3494 5610 3772 5684 lllnrellius

2172 5684 2430 5809 ξῗιςὲἒυίι.
2460 5684 2625 5746 Recte
2646 5684 2807 5758 sane;
2837 5684 3014 5749 exstat
3035 5695 3180 5754 enim
3206 5696 3261 5754 in
3288 5707 3412 5756 octo
3442 5684 3596 5758 libris
3621 5710 3771 5758 vctu-
