4272 6278
517 345 628 404 6‘25

1679 346 1883 404 LIBER
1926 348 2015 405 DE
2054 347 2235 406 ΒΟΝο
2272 348 2681 408 ΡΑΤΙΕΝΤΙᾹΞ.

3718 354 3823 413 626

520 466 632 522 cit:
664 465 743 521 An
770 465 1013 538 numquid
1050 462 1359 538 opulentiam
1385 465 1622 523 bonitatis
1649 467 1758 539 ejus
1783 464 1829 521 et
1866 466 2122 521 sustinen-
2147 465 2200 526 A
2227 473 2311 521 rat
2337 474 2395 520 ut
2422 465 2750 521 voluntatem
2781 464 2955 522 Patris
2995 465 3196 523 faceret
3231 462 3286 536 ι,
3317 465 3458 524 inter
3488 475 3684 525 cmtera
3724 471 3826 525 mi-

521 560 647 616 tiam
666 569 713 615 et
726 560 1025 626 patientiam
1040 561 1317 615 contemnis
1339 569 1386 627 ει,
1408 560 1650 632 ignorans
1669 557 1908 625 quoniam
1924 560 2123 627 patien-

522 655 594 709 tia
632 662 679 707 et
711 652 910 707 bonitas
950 651 1046 706 Dei
1074 651 1141 705 ad
1169 651 1513 724 ptenitentiam
1543 661 1591 705 te
1615 648 1866 705 adducit?
1906 648 1983 703 Tu
2030 665 2126 704 au-

522 752 645 812 tem,
670 742 949 799 secundum
987 742 1229 798 duritiam
1262 751 1402 798 tuam
1432 752 1478 798 et
1504 759 1592 797 eor
1639 742 1978 815 impcenilens,
2012 741 2124 796 the-

521 837 751 892 saurizas
794 836 883 890 tibi
926 836 1157 890 iramin
1203 835 1288 891 die
1330 837 1422 891 ira:
1464 835 1492 874 ι)
1534 845 1581 891 et
1633 836 1953 892 reuelationis
1993 836 2126 906 justi

515 931 704 1005 judicii
727 929 860 996 Dei,
890 931 978 1003 qui
1013 930 1191 986 reddet
1218 931 1489 1000 unicuique
1528 932 1803 986 secundum
1848 947 2001 1002 opera
2031 947 2126 986 sua

526 1020 706 1095 (Rom.
736 1036 802 1088 ιι,
829 1020 969 1092 4-6).
1000 1019 1209 1100 iustum
1245 1020 1502 1091 judicium
1533 1021 1625 1076 Dei
1654 1021 1789 1100 diuit
1822 1034 1973 1089 esse,
2002 1020 2124 1092 quia

524 1094 708 1174 serum
738 1123 857 1183 est,
897 1114 1020 1185 quia
1050 1094 1141 1170 diu
1168 1114 1501 1187 multumque
1529 1094 1803 1183 differtur,
1838 1124 1895 1170 ut
1920 1115 2124 1171 homini

525 1209 593 1266 ad
623 1211 783 1263 vitam
829 1208 985 1278 longa
1032 1204 1129 1262 Dei
1176 1208 1430 1278 patientia
1476 1208 1810 1264 consulatur.
1844 1207 1995 1263 Tunc
2038 1223 2124 1263 re-

523 1308 881 1372 prmsentatur
910 1311 1067 1369 prona
1108 1298 1272 1368 impio
1320 1308 1374 1354 et
1413 1298 1682 1371 peccatori
1707 1339 1720 1363 ,
1750 1298 1971 1369 quando
2008 1298 2122 1370 jam

522 1404 632 1446 non
656 1398 835 1461 potest
862 1376 1176 1460 pmnitehtia
1206 1389 1461 1461 prodesse
1487 1391 1689 1460 peccati
1723 1402 1769 1445 ο.

597 1481 664 1538 V.
706 1481 881 1553 Atque
923 1488 981 1537 ut
1010 1474 1222 1552 plenius
1249 1482 1553 1553 intelligere
1582 1484 1882 1554 possimus,
1931 1483 2125 1542 fratres

527 1573 892 1639 dilectissimi,
923 1573 1048 1644 quia
1090 1574 1343 1644 patientia
1377 1575 1468 1630 Dei
1504 1590 1592 1630 res
1633 1584 1748 1643 est,
1797 1586 1853 1632 et
1886 1577 2125 1649 quisquis

527 1664 666 1722 lenis
689 1674 744 1721 et
771 1665 977 1736 patiens
1006 1664 1062 1722 et
1103 1667 1248 1723 mitis
1278 1676 1394 1735 est,
1426 1668 1522 1724 Dei
1552 1668 1728 1724 Patris
1758 1668 1995 1729 imitator
2019 1680 2122 1739 est,

534 1772 656 1813 cum
694 1759 746 1812 in
771 1758 1062 1830 Evangelia
1082 1773 1181 1814 suo
1214 1760 1472 1815 Dominus
1503 1771 1766 1833 prmcepta
1800 1754 1853 1821 in
1893 1762 2121 1819 salutem

2227 557 2415 614 rabilia
2455 567 2496 595 ηι
2549 559 2805 615 virtutum
2860 576 3077 617 suarum
3130 562 3323 634 quibus
3388 562 3582 618 indicia
3626 563 3824 621 divina:

2228 650 2522 720 majestatis
2537 651 2825 722 expressit,
2846 661 3121 722 paternam
3138 669 3351 725 quoque
3369 654 3675 726 patientiam
3692 658 3826 713 tolev

2229 743 2414 799 rantiae
2441 753 2628 803 tenore
2652 747 2901 802 servavit.
2917 746 3117 803 Omnes
3137 747 3410 819 deniquen
3437 759 3590 806 actus
3610 750 3677 785 ³⁸³
3706 754 3825 822 ejus

2227 836 2295 892 ab
2324 837 2439 907 ipso
2466 838 2647 893 statim
2681 837 2909 893 adventu
2944 839 3193 907 patientia
3223 841 3419 896 comite
3464 840 3742 913 signantur
3775 853 3825 907 ο.

2228 928 2368 999 quod
2403 929 2630 1000 primum
2659 941 2688 980 ρ
2714 930 2783 1001 de
2806 930 2896 985 illa
2925 931 3252 988 sublimitate
3273 932 3478 989 caelesti
3513 933 3580 990 ad
3614 944 3828 992 terrena

2228 1020 2558 1076 descendens
2580 1035 2688 1077 non
2708 1032 3026 1093 aspernatur
3051 1022 3146 1079 Dei
3165 1022 3334 1080 Filius
3359 1039 3575 1081 carnem
3599 1026 3831 1083 hominis

2229 1110 2451 1167 induere
2480 1122 2571 1180 et,
2605 1127 2727 1168 eum
2756 1123 3005 1182 peccator
3034 1114 3147 1185 ipse
3170 1129 3278 1170 non
3303 1128 3476 1180 esset,
3500 1116 3672 1173 aliena
3702 1134 3833 1189 pee-

2227 1210 2343 1258 cata
2376 1212 2607 1273 portare.
2648 1205 3054 1261 [inmortalitate
3099 1206 3313 1263 interim
3356 1207 3557 1278 posita,
3607 1209 3722 1269 ﬁeri
3771 1227 3832 1268 se

2227 1304 2283 1349 et
2322 1296 2600 1369 mortalem
2644 1297 2861 1367 patitur,
2894 1309 2952 1352 ut
2979 1298 3237 1354 innocens
3282 1314 3378 1371 pro
3406 1301 3715 1357 nocentium
3741 1318 3829 1359 sa-

2229 1386 2339 1443 lute
2368 1388 2659 1457 perimatur
2689 1398 2737 1441 (ι.
2767 1389 3022 1445 Dominus
3046 1391 3394 1462 baptizatura
3416 1406 3609 1459 servo;
3637 1404 3711 1461 et,
3738 1386 3830 1451 rc-

2228 1479 2446 1534 missam
2492 1490 2834 1550 peccatorum
2883 1481 3139 1550 daturus,
3192 1481 3307 1553 ipse
3352 1498 3457 1538 non
3511 1481 3833 1557 dedignatur

2227 1571 2440 1628 lavacro
2482 1573 2901 1646 regenerationis
2942 1588 3138 1644 corpus
3181 1575 3418 1630 abluere.
3470 1576 3667 1633 Diebus
3693 1593 3829 1648 qua-

2226 1666 2470 1737 draginta
2497 1667 2723 1738 jejunat,
2759 1682 2858 1738 per
2885 1683 3046 1738 quem
3071 1670 3251 1725 cazteri
3282 1669 3631 1740 saginantur:
3665 1674 3834 1729 esurit

2228 1772 2278 1816 et
2307 1760 2501 1818 famem
2544 1762 2734 1829 sentit,
2777 1770 2834 1816 ut
2875 1761 2968 1832 qui
2995 1762 3046 1816 in
3088 1761 3228 1817 fame
3257 1764 3524 1819 sermonis
3569 1774 3624 1820 et
3647 1767 3835 1835 gratim

530 1849 717 1917 daret,
754 1861 810 1906 et
849 1851 1029 1909 divina
1062 1851 1268 1908 monita
1308 1851 1635 1923 depromens
1661 1855 1729 1910 ad
1770 1855 2063 1926 perfectum
2103 1854 2131 1895 ιι
2162 1856 2211 1917 Β
2239 1852 2450 1909 fuerant
2489 1854 2696 1910 coalesﬁ
2745 1868 2881 1923 pane
2919 1862 3250 1910 saturentur.
3297 1852 3430 1910 Cum
3473 1854 3689 1911 diabolo
3715 1865 3836 1912 ten-

530 1942 823 2015 diseipulos
853 1953 876 1981 °
913 1936 1181 2011 crudiret,
1234 1945 1409 2015 posuit
1460 1956 1516 2003 et
1544 1946 1679 2004 dixit
1718 1948 1985 2004 :Audistis
2010 1952 2131 2021 quia

528 2038 719 2093 dictum
745 2046 819 2095 est
846 2054 866 2093 .'
897 2026 1092 2110 Diliges
1135 2039 1426 2109 proximum
1455 2050 1598 2096 tuum
1641 2041 1685 2107 ί,
1740 2052 1788 2097 et
1831 2043 1949 2098 odio
1978 2044 2131 2099 habe-

531 2130 608 2187 bis
636 2131 900 2186 inimicum
951 2140 1113 2185 tuum.
1159 2128 1272 2203 Ego
1318 2144 1488 2190 autem
1533 2134 1649 2189 dico
1691 2136 1829 2192 vobis
1855 2154 1874 2192 :
1922 2137 2134 2209 Diligite

529 2224 767 2281 inimicos
791 2235 1014 2291 vestros,
1039 2234 1084 2278 ct
1128 2235 1268 2282 orate
1293 2242 1386 2297 pro
1415 2226 1487 2280 eis
1511 2227 1598 2297 qui
1624 2243 1709 2282 vos
1739 2239 2125 2299 persequuntur,

531 2329 586 2375 ut
615 2320 726 2374 sitis
750 2318 849 2388 ﬁlii
891 2316 1066 2375 Patris
1092 2322 1241 2375 vestri
1285 2320 1374 2389 qui
1419 2320 1473 2373 in
1509 2320 1646 2374 cwlis
1689 2328 1793 2387 est,
1846 2321 1935 2392 qui
1975 2322 2133 2377 solent

531 2429 682 2469 suum
706 2413 833 2468 oriri
860 2412 984 2484 facit
1023 2429 1181 2482 super
1211 2413 1368 2467 bonos
1397 2421 1446 2467 et
1474 2413 1636 2467 malos
1657 2454 1671 2478 ,
1720 2421 1768 2466 et
1811 2415 1942 2485 pluit
1979 2431 2133 2486 super

525 2506 695 2576 justus
721 2514 767 2559 et
793 2505 1034 2569 iniustos.
1072 2504 1135 2560 Si
1164 2505 1298 2560 enim
1335 2504 1614 2559 dilexeritis
1639 2520 1724 2560 eos
1752 2507 1839 2575 qui
1863 2496 1962 2563 'oos
2008 2508 2131 2563 dili-

536 2609 690 2671 gunt,
727 2616 881 2672 quant
929 2593 1208 2654 mercedem
1240 2598 1526 2654 habebitis?
1557 2596 1744 2653 Nonne
1770 2600 1844 2654 sic
1880 2610 1928 2655 et
1965 2600 2134 2670 publi-

533 2693 649 2747 cani
662 2692 857 2758 faciunt
872 2691 939 2745 8?
965 2689 1036 2745 Et
1050 2691 1096 2745 si
1111 2688 1450 2745 salutaveritis
1478 2690 1663 2759 fratres
1683 2700 1873 2745 uestros
1897 2701 2095 2747 tantum
2109 2694 2135 2748 ξ)

533 2784 658 2854 quid
672 2783 893 2854 amplius
911 2778 1080 2852 facitis
1105 2777 1175 2834 1'?
1202 2778 1388 2834 Nonne
1413 2789 1458 2832 et
1472 2778 1659 2833 ethnici
1673 2780 1892 2850 idipsum
1913 2783 2130 2853 faciunt.

535 2873 713 2930 Estote
735 2875 904 2942 itaque
936 2869 951 2908 ί
985 2888 1071 2927 ros
1096 2870 1341 2942 perfecti?
1361 2872 1490 2925 sicut
1513 2870 1675 2925 Pater
1696 2880 1856 2927 vester
1884 2873 1898 2924 ἱ
1923 2874 2135 2930 εωιεειὶε

536 2971 791 3037 perfectus
829 2970 901 3019 est
946 2962 1155 3035 (Matth.
1191 2978 1258 3027 v,
1303 2961 1516 3034 ἄδι-48).
1558 2962 1648 3018 Sic
1701 2964 1964 3033 perfectos
2001 2966 2137 3023 dixit

537 3056 651 3112 fieri
681 3055 773 3111 Dei
803 3054 939 3110 [ilics
958 3096 974 3121 ,
1002 3055 1080 3109 sic
1097 3053 1456 3108 consummari
1482 3053 1717 3109 ostendit
1740 3062 1793 3110 et
1820 3054 2001 3112 docuit
2027 3072 2138 3115 etn-

534 3150 658 3208 lesti
684 3148 959 3206 nativitate
985 3157 1294 3219 reparatus,
1331 3150 1376 3203 si
1404 3149 1657 3218 patientia
1687 3150 1780 3206 Dei
1807 3150 1979 3206 Patris
2017 3168 2135 3208 ma-

2236 1956 2380 2002 tante
2404 1946 2767 2017 congreditur,
2790 1954 2847 2001 et
2875 1944 3149 2001 inimicum
3169 1954 3372 2001 tantum
3401 1946 3594 2002 vicisse
3611 1957 3838 2003 conten-

2235 2048 2350 2104 tus,
2383 2038 2512 2093 nihil
2542 2039 2679 2093 ultra
2706 2037 2869 2093 verba
2891 2046 3138 2115 conatur.
3172 2037 3454 2108 Diseipulis
3484 2054 3589 2094 non
3625 2048 3682 2094 ut
3720 2055 3836 2095 ser-

2233 2133 2316 2188 vis
2345 2132 2613 2187 dominica
2643 2140 2905 2201 potestate
2932 2131 3173 2202 praefuit,
3205 2132 3297 2187 sed
3322 2132 3586 2204 benignus
3614 2142 3668 2189 et
3694 2134 3838 2190 mitis

2226 2212 2473 2280 fraterna
2504 2238 2599 2279 eos
2625 2222 2889 2279 charitate
2918 2223 3121 2279 dilexit.
3144 2224 3417 2301 Dignatus
3442 2233 3525 2280 est
3551 2226 3710 2280 etiam
3740 2241 3836 2294 pe-
3900 2276 3905 2283 .

2236 2315 2332 2372 des
2378 2316 2757 2387 Apostolorum
2790 2316 3002 2381 lavare,
3049 2324 3135 2382 ut,
3170 2314 3298 2371 dum
3327 2315 3469 2371 circa
3501 2330 3689 2371 servos
3719 2315 3839 2372 talis

2235 2417 2320 2465 est
2346 2407 2627 2475 dominus,
2661 2406 2908 2477 exemplo
2936 2422 3035 2462 suo
3071 2406 3290 2464 doceret
3320 2407 3493 2479 qualis
3522 2408 3662 2463 circa
3685 2423 3837 2463 com-

2222 2515 2393 2579 pares
2416 2509 2474 2556 et
2498 2498 2733 2571 :equales
2762 2499 2957 2555 debeat
2993 2514 3114 2555 esse
3136 2514 3453 2555 conservus.
3492 2499 3601 2555 Nec
3641 2501 3841 2556 miran-

2234 2592 2362 2649 dum
2386 2603 2409 2629 ι’
2436 2592 2580 2663 quod
2615 2592 2755 2647 circa
2787 2606 3069 2663 compares
3095 2592 3448 2649 obaudtentes
3489 2604 3511 2631 ⁸
3551 2594 3672 2649 talis
3701 2596 3839 2650 esti-

2239 2687 2361 2742 terit
2389 2687 2478 2755 qui
2509 2685 2700 2741 Judam
2732 2684 3094 2760 potuitttsquc
3115 2686 3185 2742 ad
3213 2696 3515 2743 extremum
3536 2688 3713 2758 ‘lnnga
3746 2704 3840 2757 pa-

2238 2778 2421 2834 tientia
2452 2779 2752 2843 sustinere,
2779 2778 2957 2832 cibum
2981 2792 3103 2833 eum
3140 2778 3357 2834 inimico
3396 2793 3591 2850 capere
3626 2782 3643 2817 ι
3670 2778 3686 2845 ζ
3720 2778 3844 2835 hos-

2238 2880 2345 2927 tem
2375 2871 2727 2927 domesticum
2755 2871 2896 2926 scire
2919 2885 3019 2926 nec
3043 2870 3218 2940 palam
3239 2870 3544 2936 ostendere,
3571 2869 3843 2925 traditoris

2228 2964 2481 3031 osculum
2540 2976 2645 3018 non
2700 2975 2972 3017 recusare.
3031 2960 3085 3015 In
3140 2959 3341 3014 .ludazis
3371 2974 3499 3015 vero
3549 2960 3843 3015 tolerandis

2237 3058 2608 3129 mquanimitas
2647 3064 2843 3127 quanta
2883 3064 2938 3109 et
2963 3062 3157 3125 quanta
3205 3052 3488 3124 patientia!
3536 3052 3843 3109 incredulos

2236 3154 2303 3208 ad
2326 3152 2484 3208 ﬁdem
2511 3150 2787 3208 suadendo
2809 3148 3025 3205 ﬂectere
3043 3191 3059 3215 ,
3083 3147 3340 3219 obsequio
3365 3148 3601 3218 ingratos
3626 3146 3805 3225 fovere
3825 3189 3842 3215 ,

536 3252 664 3300 neat
702 3242 757 3298 in
788 3241 978 3305 nobis,
1010 3240 1056 3297 si
1085 3239 1380 3295 similitudo
1404 3238 1582 3296 divina
1601 3282 1616 3307 ,
1645 3257 1806 3312 quam
1848 3254 2066 3313 peccato
2110 3245 2133 3284 ιι
2165 3241 2211 3307 C
2242 3244 2731 3302 contradicentibus
2759 3240 3088 3311 respondere
3115 3239 3341 3305 leniter,
3381 3240 3645 3309 superbos
3670 3239 3836 3294 susti-

537 3336 710 3403 Adam
750 3331 1084 3405 perdiderat,
1119 3328 1490 3387 manifestetur
1532 3340 1588 3387 et
1615 3331 1790 3389 luceat
1836 3333 1890 3389 in
1934 3335 2143 3394 actibus

538 3429 752 3486 nostris.
782 3416 915 3497 Quae
942 3425 1110 3496 gloria
1140 3433 1225 3481 est
1256 3424 1487 3481 similem
1533 3425 1642 3482 Deo
1685 3426 1832 3482 fieri!
1876 3429 2050 3500 qualis
2090 3440 2143 3487 et

539 3529 737 3593 quanta
774 3518 1000 3576 felicitas
1025 3516 1226 3574 habere
1245 3516 1303 3573 in
1326 3516 1615 3575 virtutibus
1638 3520 1781 3591 quod
1799 3520 2000 3578 divinis
2028 3522 2141 3579 lau-

543 3612 705 3671 dibus
722 3610 893 3683 possit
910 3609 1109 3682 aequari
1129 3610 1142 3663 !

615 3704 703 3760 Vl.
745 3703 858 3760 Nec
897 3703 1029 3769 hoc,
1075 3702 1268 3760 fratres
1297 3702 1665 3775 dilectissimi,
1709 3706 1868 3765 Jesus
1900 3709 2144 3770 Christus

545 3799 686 3855 Deus
724 3805 781 3853 et
816 3796 1076 3853 Dominus
1108 3804 1291 3851 noster
1330 3806 1533 3853 tantum
1570 3800 1750 3856 verbis
1788 3800 2000 3870 docuit,
2049 3804 2144 3860 sed

544 3892 785 3969 implevit
810 3901 866 3950 et
886 3890 1059 3949 factis.
1090 3890 1157 3947 Et
1175 3890 1298 3962 quia
1323 3893 1390 3947 ad
1419 3890 1523 3948 hoc
1548 3892 1893 3955 descendisse
1919 3915 1978 3955 se
1999 3899 2148 3957 dixe-

2248 3352 2379 3395 nere
2421 3337 2749 3402 clementer,
2802 3333 3076 3388 humiliter
3122 3330 3569 3404 persequentibus
3612 3329 3843 3395 cedere,

2246 3430 2635 3502 Prophetarum
2664 3428 3037 3484 interfectores
3056 3437 3111 3483 et
3133 3426 3418 3482 adversum
3441 3426 3607 3482 Deum
3634 3440 3849 3496 semper

2246 3522 2477 3580 rebelles
2500 3535 2669 3594 usque
2694 3520 2762 3576 ad
2786 3518 2962 3576 crucis
2982 3528 3037 3576 et
3066 3519 3329 3590 passionis
3355 3519 3545 3574 horam
3573 3516 3708 3574 velle
3734 3516 3842 3572 θυι·
3946 3570 3949 3577 ,

2246 3614 2433 3673 littere.

2285 3629 2434 3764 8:11:
2466 3706 2577 3765 Sub
2604 3706 2718 3776 ipsa
2745 3713 2922 3760 autem
2956 3702 3205 3774 passione
3236 3710 3293 3757 et
3318 3716 3496 3771 cruce,
3533 3701 3843 3772 priusquam

2248 3802 2316 3858 ad
2344 3794 2716 3858 crudelitatem
2745 3797 2893 3852 necis
2919 3804 2975 3851 et
3010 3794 3324 3851 effusionem
3375 3792 3653 3865 sanguinis
3694 3795 3846 3847 veni-

2249 3907 2415 3962 retur,
2434 3907 2555 3966 qntc
2587 3889 2947 3948 conviciorum
2982 3887 3176 3960 probra
3208 3887 3472 3960 patienter
3494 3885 3694 3955 audita,
3726 3903 3844 3958 qua:

1774 4036 2160 4098 LECTIONES
2198 4032 2614 4095 VARIANTES.

611 4154 639 4186 τι
672 4150 1027 4205 Sustinentiam
1050 4158 1104 4201 et
1122 4146 1569 4215 patientiamfer.
1597 4148 1715 4215 Ben.
1749 4148 1910 4215 saris.
1938 4150 2062 4215 Bod.
2092 4152 2137 4201 1.

545 4218 595 4273 3.
612 4218 661 4267 4.
687 4221 778 4268 Ar.
802 4217 925 4279 Sup.
950 4215 1016 4266 ad
1039 4208 1176 4279 Quir.
1198 4212 1237 4279 _t.
1264 4223 1331 4269 tu,
1355 4222 1400 4259 ο.
1426 4210 1505 4260 '55.
1529 4208 1845 4261 Sustiuentite
1870 4220 1922 4263 et
1954 4214 2142 4277 patien-

549 4282 632 4330 tiae
656 4280 813 4330 Oxon.
850 4274 895 4328 e't
920 4274 1086 4328 auter.
1108 4274 1226 4325 edd.

613 4338 642 4376 δ
676 4341 732 4391 In
752 4341 886 4390 diem
908 4340 996 4388 ine
1019 4338 1146 4390 Bod.
1172 4338 1218 4398 1,
1245 4337 1293 4385 4.
1327 4338 1444 4398 Ver.

614 4405 638 4433 ο
676 4402 761 4453 Sic
785 4403 916 4452 Lam.
950 4405 1067 4450 Ver.
1100 4396 1225 4449 Tha.
1253 4398 1390 4449 Foss.
1420 4396 1650 4448 Peccanti
1675 4397 1832 4449 Oxon.

615 4463 643 4504 ἀ
667 4465 742 4528 Ad
765 4464 1035 4528 prefectum
1055 4462 1201 4513 Ebor.
1228 4459 1354 4528 Bod.
1379 4459 1426 4509 5.

616 4530 641 4558 θ
680 4522 948 4585 Discipulos
968 4539 1083 4575 suos
1104 4527 1241 4575 Pan.
1275 4527 1412 4574 Voss.
1446 4522 1492 4572 1.

2313 4148 2327 4199 i
2370 4146 2621 4210 Quomodo
2644 4148 2783 4210 pater
2807 4141 2932 4210 Bod.
2960 4139 3076 4210 t,_2,
3095 4141 3226 4210 _5,_4.
3261 4145 3380 4194 Ver.

2310 4211 2336 4251 ις
2373 4205 2524 4271 Quam
2549 4205 2794 4272 peccando
2819 4206 2972 4257 Adam
2996 4206 3122 4255 Bod.
3144 4205 3193 4254 5.

2314 4272 2331 4311 Ι
2372 4273 2682 4323 Voluntatem
2703 4270 2853 4332 patris
2874 4266 3164 4331 adinqieret
3186 4266 3314 4318 Bod.
3338 4268 3388 4317 3.

2228 4354 2235 4359 ·
2307 4335 2346 4364 ⁸³³
2381 4334 2617 4398 Magnalia
2642 4336 2758 4398 Ver.

2205 4419 2214 4429 ·
2308 4399 2335 4427 ³⁸
2371 4387 2543 4448 Omnis
2558 4392 3144 4458 deniquciBodL1,_2,_3,
3170 4390 3379 4458 b._l.am.
3412 4387 3535 4440 Tltu.

2312 4462 2339 4491 ο
2374 4459 2603 4520 Signatur
2627 4449 2754 4508 Βόα.
2775 4457 2824 4517 1,
2842 4456 2891 4513 2,
2914 4454 3034 4520 ζει.
3056 4449 3193 4502 Lam.
3224 4449 3347 4501 Tha.

2308 4525 2338 4565 P
2372 4513 2588 4584 Primum
2609 4520 2738 4584 quod
2920 4513 3066 4584 βρῦν.

618 4587 640 4626 τ
968 4560 1131 4663 cibi;
1141 4560 1564 4637 a'bdiowliabebis
1591 4560 1841 4636 inimicum
1864 4585 1984 4649 tibi,
2012 4587 2143 4639 Lean.
2171 4603 2224 4663 D
2310 4560 2341 4663 ξι

554 4651 659 4702 Litt.
691 4651 813 4704 Bod.
844 4652 888 4709 1,
910 4650 960 4701 2.
983 4651 1032 4700 L
1065 4653 1183 4700 Ver.

617 4716 642 4776 β
676 4713 851 4764 Nonne
875 4708 1193 4776 etpublicani
1217 4710 1309 4776 hoc
1329 4709 1511 4776 faciunt
1532 4708 1658 4776 Bod.
1685 4710 1730 4760 1.
1764 4708 1886 4762 Tha.

615 4774 645 4814 ιι
679 4776 902 4837 Amplius
920 4771 1112 4825 facietis
1135 4771 1733 4837 Bod._t,_2.il._am.foss.

622 4838 639 4878 i
677 4832 827 4891 Eritis
847 4840 1013 4902 itaque
1040 4835 1165 4887 Bod.
1192 4836 1239 4898 1,
1262 4833 1310 4898 2,
1333 4835 1382 4885 5.
1416 4832 1541 4885 Tha.
1568 4835 1706 4887 Foss.
1741 4840 1860 4889 Ver.

2313 4650 2336 4679 ι’
2374 4640 2982 4710 Miranddmsiliadt.“
3037 4700 3065 4710 _
3113 4699 3165 4710 Α.
3237 4700 3264 4710 __
3340 4705 3348 4710 Δ

2315 4712 2338 4741 ⁸
2377 4707 2714 4766 Oliaudientes
2746 4702 2850 4754 Lin.
2891 4704 2939 4753 Ν
2944 4700 2998 4752 ε.
3036 4700 3083 4766 2_.
3109 4698 3852 4766 Qhedientesaliitcompares

2257 4771 2512 4823 Uudenam
2531 4768 2556 4819 ἒ)
2572 4765 2759 4819 nullum
2777 4760 3272 4830 fontetn_rocis_lngjtts
3286 4760 3513 4830 indigitat
3539 4760 3708 4830 Batus:

2322 4779 2512 4822 utetiam
2531 4779 2556 4819 .7
2572 4779 2759 4819 mutum
2777 4779 2954 4830 fontem
2974 4779 3099 4814 ructs
3120 4779 3185 4813 un
3211 4779 3266 4814 us
3286 4779 3512 4827 tuatgttat
3539 4779 3708 4815 uatuz.

2322 4837 2340 4872 ι
2380 4833 2579 4884 Inimico
2603 4842 2783 4893 capere
2821 4830 2910 4879 Ar.
2939 4824 3067 4877 Bod.
3092 4827 3137 4887 1,
3246 4827 3378 4876 Lant.
3398 4824 3543 4878 Ebor.
3575 4829 3697 4878 Ben.
3730 4829 3849 4878 Ver.

1789 4942 2030 5000 STEPH.
2069 4942 2340 5002 BALUZII
2376 4938 2602 4997 NOTIE.

630 5058 995 5131 Sustinentiam
1017 5066 1066 5113 et
1088 5055 1405 5131 patientiam.
1430 5055 1672 5131 Dubitari
1696 5073 1801 5113 non
1825 5066 2000 5130 potest
2017 5059 2160 5131 quin'

559 5127 675 5185 htec
700 5129 1007 5185 emendatio
1030 5127 1174 5184 certa
1202 5128 1305 5200 sit,
1335 5142 1456 5181 cum
1483 5129 1554 5200 ita
1581 5128 1785 5198 legatur
1810 5127 1860 5184 in
1885 5127 2057 5200 capite
2079 5131 2150 5186 55

557 5200 679 5256 libri
708 5217 764 5256 ut
794 5199 1257 5266 Testimoniorum,
1290 5198 1344 5253 in
1376 5198 1677 5253 octodecim
1709 5198 1985 5256 codicibus
2027 5216 2151 5255 nos—

559 5271 689 5335 tris,
724 5274 775 5327 in
803 5280 1008 5337 septem
1040 5269 1349 5341 Anglicanis
1386 5277 1441 5324 et
1493 5270 1543 5322 in
1569 5272 1837 5341 excerptis
1867 5270 2031 5327 Flori.
2062 5270 2154 5327 Sic

561 5344 723 5399 etiam
755 5343 808 5398 in
838 5339 1205 5413 Afﬂigemensi
1227 5341 1492 5413 scriptum
1522 5340 1684 5395 fuisse
1710 5339 1935 5413 testatur
1968 5343 2155 5413 Pame-

562 5413 664 5467 lins
687 5455 702 5480 ,
731 5424 785 5467 et
818 5413 871 5468 in
897 5411 1192 5468 Veronensi
1224 5421 1285 5482 et
1308 5411 1683 5482 Beneventano
1706 5412 1987 5482 Rigaltins.
2012 5412 2153 5468 Infra

561 5484 617 5539 in
647 5483 749 5539 hoc
781 5485 899 5553 ipso
927 5484 1064 5539 libro
1102 5498 1220 5555 pag.
1263 5481 1405 5555 252.:
1442 5481 1584 5555 Tolle
1621 5481 2162 5555 sustinendidtoleran-

558 5555 716 5624 ‘diqne
753 5552 1120 5623 substantiam,
1155 5563 1203 5610 et
1239 5553 1393 5608 nauis
1425 5552 1680 5610 radicibus
1717 5571 1778 5609 ac
1818 5553 2004 5609 uiribus
2042 5570 2163 5626 per-

562 5634 755 5681 seuerat
762 5665 774 5680 .

638 5696 706 5768 ν.
734 5728 805 5737 ——
828 5695 1121 5768 Publicani.
1150 5695 1216 5752 Id
1241 5704 1312 5751 est
1337 5697 1423 5766 qui
1447 5695 1713 5768 uectigalia
1736 5696 2058 5768 redimentes,
2086 5696 2167 5751 in-

569 5767 685 5837 quit
714 5767 971 5824 Erasmus
998 5768 1051 5823 in
1077 5767 1221 5837 hunc
1247 5765 1421 5822 locum
1449 5765 1681 5822 Matthxi
1700 5808 1715 5830 ,
1741 5768 1876 5828 unde
1899 5776 1944 5821 et
1970 5766 2169 5837 redentf

571 5835 740 5908 ptem
784 5839 1042 5895 dicuntur.
1104 5836 1275 5895 Genus
1322 5837 1583 5894 hominum
1626 5837 1749 5893 olim
1794 5839 1989 5910 infante
2028 5835 2168 5907 apud

2251 5056 2496 5123 Iudaeos,
2537 5070 2673 5110 nunc
2701 5051 2845 5124 apud
2871 5050 3189 5124 Christianos
3214 5067 3329 5105 cum
3358 5049 3537 5121 primis
3561 5048 3850 5124 honestum.

2256 5128 2367 5182 Nec
2393 5128 2449 5181 id
2475 5121 2597 5180 sane
2624 5121 2809 5180 mirum
2831 5169 2844 5182 .
2878 5140 2994 5179 cum
3005 5123 3280 5177 'institores
3308 5138 3369 5175 ac
3409 5121 3648 5175 mensarii
3682 5121 3851 5174 enmi-

2255 5199 2348 5254 bus
2376 5214 2500 5268 pene
2528 5205 2904 5268 anteponantur
2933 5193 3074 5268 apud
3100 5194 3358 5268 utriusque
3375 5191 3674 5268 reipublicae
3710 5208 3853 5245 sunt-

2256 5261 2441 5333 matés,
2476 5284 2602 5340 quos
2630 5261 2722 5340 nec
2749 5263 3041 5321 Aristoteles
3077 5280 3165 5318 nec
3193 5261 3397 5318 Tullius
3434 5263 3564 5317 inter
3611 5262 3850 5317 honestos

2257 5342 2390 5396 cives
2420 5338 2596 5394 haberi
2621 5338 2747 5392 vult.

2331 5409 2625 5475 Publicaui,
2646 5438 2719 5449 --
2738 5407 2943 5463 ethnici.
2967 5405 3105 5462 Vide
3124 5402 3373 5461 Cotelerii
3396 5411 3551 5460 notas
3575 5403 3644 5460 ad
3674 5402 3769 5460 lib.
3803 5419 3855 5459 tv

2268 5474 2694 5538 Constitutionum
2722 5477 3117 5548 apostoliearum
3146 5491 3265 5547 cap.
3295 5474 3350 5531 6.

2336 5550 2426 5607 Vl.
2451 5579 2524 5594 —-
2549 5544 2766 5621 Capere.
2791 5548 2962 5603 Antea
2992 5544 3262 5621 legebatur
3279 5561 3513 5621 sumere.
3668 5545 3860 5621 malui-

2268 5638 2390 5678 mus
2428 5616 2708 5678 lectionem
2731 5634 2890 5689 quam
2919 5617 3210 5689 prazferunt
3249 5616 3435 5689 viginti
3460 5616 3579 5673 libri
3605 5616 3775 5673 nostri
3803 5625 3860 5672 ct

2210 5756 2213 5759 Α
2268 5695 2504 5767 quinque
2529 5691 2833 5767 Anglicani.

2346 5757 2644 5820 omnem:
2666 5761 3030 5818 Tertullianus
3054 5760 3107 5816 in
3129 5758 3267 5815 libro
3286 5758 3356 5815 de
3377 5758 3667 5820 Patientia:
3694 5757 3861 5816 Deum

2234 5842 2239 5849 '
2272 5837 2438 5908 ipsum
2468 5833 2736 5893 ostendens
2768 5832 3026 5904 patientia:
3052 5829 3356 5902 exetttplum.
