4272 6278
438 359 543 419 627

1829 362 1969 422 DIVI
2006 364 2328 425 CYPRIANI

3626 366 3734 435 628

433 477 888 535 contumeliarum
920 474 1141 533 tolerata
1170 473 1416 544 ludibria,
1437 486 1495 532 ut
1513 476 1880 532 insultantium
1905 494 2031 551 spu-
2057 480 2111 545 Α
2136 482 2340 538 facinus
2366 474 2680 553 agnoscant,
2713 496 2821 538 non
2851 482 3024 539 solum
3055 481 3120 538 ad
3141 483 3524 556 indulgentiam
3549 488 3735 544 crimi-

437 572 637 626 taniina
658 579 683 608 ⁸
727 572 1018 639 exciperet,
1062 570 1152 640 qui
1182 578 1343 640 sputo
1372 583 1475 624 suo
1504 569 1632 625 casei
1662 569 1848 624 oculos
1871 571 2031 640 paulo

436 673 563 718 alite
594 663 904 725 formasset;
929 671 982 715 et
1009 663 1060 715 in
1085 663 1236 731 cujus
1269 661 1485 717 nomine
1509 677 1537 714 a
1557 661 1728 717 servis
1752 676 1894 717 nunc
1915 663 2032 732 ejus

439 760 687 815 diabolus
729 773 849 814 cum
894 758 1099 827 angelis
1146 761 1259 813 suis
1306 758 1621 830 flagellatur,
1666 759 1874 829 ﬂagella
1916 759 2032 828 ipse

443 863 762 924 pateretur;
808 861 1158 907 coronaretur
1183 853 1465 923 spinisqui
1506 860 1769 925 martyres
1811 851 2033 906 ﬂoribus

439 942 666 1007 coronat
705 949 939 1011 a-ternis,
974 949 1164 1020 palmis
1192 951 1242 1003 in
1298 949 1487 1004 faciem
1525 950 1898 1003 verlieraretur
1942 946 2033 1017 qui

438 1046 646 1116 palmas
695 1058 850 1099 veras
895 1045 1229 1115 vincentibus
1276 1044 1480 1110 tribuit,
1515 1043 1836 1115 Spoliaretur
1886 1055 2035 1100 veste

437 1149 655 1193 terrena
687 1136 779 1208 qui
810 1138 1122 1192 indumento
1152 1138 1574 1192 immortalitatis
1603 1136 1830 1192 etcteros
1854 1138 2031 1205 vestit,

439 1232 712 1286 cibaretur
739 1230 861 1285 felle
900 1232 990 1301 qui
1024 1232 1199 1286 cibum
1232 1233 1511 1287 caelestem
1544 1231 1710 1297 dedit,
1754 1243 1909 1286 aceto
1936 1218 2033 1300 po-

440 1332 648 1378 tat‘etnr
674 1325 761 1393 qui
794 1324 1025 1377 Salutare
1058 1320 1346 1393 poculumli
1379 1325 1679 1394 prepinavit
1706 1325 1718 1378 !
1755 1323 1845 1378 llic
1877 1326 2035 1378 inno-

442 1429 591 1477 cens,
624 1413 711 1467 ille
749 1413 944 1482 justus,
978 1415 1141 1468 immo
1174 1415 1474 1469 innocentia
1504 1417 1617 1485 ipsa
1647 1425 1701 1470 ct
1733 1416 1845 1485 ipsa
1869 1426 1889 1454 ε
1917 1412 2036 1485 jus-

445 1507 580 1572 titia,
652 1507 791 1560 inter
846 1505 1185 1563 facinorosos
1234 1507 1546 1576 deputatur,
1603 1519 1656 1564 ct
1709 1510 2036 1568 tesnimoniis

444 1598 593 1652 falsis
635 1599 831 1653 veritas
874 1600 1156 1669 premitur,
1181 1599 1450 1671 judicatur
1473 1599 1827 1670 jmlicaturus,
1863 1608 1915 1657 et
1945 1602 2035 1659 Dei

445 1692 638 1747 Sermo
659 1692 723 1748 ad
740 1693 1006 1747 victimam
1038 1702 1217 1748 tacens
1239 1693 1469 1749 ducitur.
1498 1695 1561 1748 Et
1590 1710 1708 1767 cum
1735 1696 1800 1750 ad
1824 1711 2039 1752 crucem

444 1784 655 1838 Domini
708 1783 1101 1838 confundantur
1154 1785 1356 1851 sidera,
1415 1785 1684 1842 elementa
1735 1787 2035 1855 turbentur,

2135 574 2242 641 nis,
2269 573 2365 629 sed
2390 582 2443 629 et
2462 573 2527 629 ad
2557 574 2840 644 praemium
2872 576 3019 646 regni
3043 575 3284 632 caelestis
3313 574 3563 633 admittit.
3596 579 3735 646 Quid

2136 675 2312 735 potest
2355 667 2662 738 patientius,
2719 667 2847 738 quid
2900 667 3182 740 benignius
3218 669 3360 726 dici?
3417 670 3735 729 Vivificatur

2135 762 2331 817 Christi
2359 762 2616 833 sanguine
2663 762 2824 839 etiam
2864 762 2954 832 qui
2983 761 3119 818 fudit
3148 765 3463 835 sanguinem
3511 763 3732 822 Christi.

2137 856 2282 911 Talis
2305 865 2385 912 cst
2416 857 2609 912 Christi
2635 870 2701 912 ac
2728 864 2870 912 tanta
2902 857 3195 928 patientia;
3227 870 3346 928 qua:
3374 860 3476 915 nisi
3520 861 3639 921 talis
3670 864 3733 916 ac

2138 954 2281 1001 tanta
2313 950 2589 1013 existeret,
2616 946 2842 1004 Paulum
2885 964 3100 1021 quoque
3144 951 3447 1021 apostolum
3493 946 3736 1009 Ecclesia

2135 1056 2245 1094 non
2280 1040 2521 1095 haberet.

2209 1131 2298 1187 IX.
2338 1131 2491 1201 Quod
2520 1132 2565 1188 si
2596 1142 2649 1188 et
2674 1148 2790 1197 nos,
2824 1132 3019 1191 fratres
3047 1130 3406 1205 dilectissimi,
3436 1138 3488 1192 in
3523 1136 3741 1194 Christo

2139 1241 2345 1293 smnus,
2364 1229 2407 1283 si
2426 1229 2594 1298 ipsum
2612 1230 2897 1296 induimus,
2918 1231 2987 1262 ’⁵ο
3006 1232 3049 1285 si
3082 1232 3198 1302 ipse
3222 1239 3304 1286 est
3331 1231 3516 1286 Salutis
3540 1235 3741 1288 nostra}

2145 1318 2252 1378 via.
2284 1320 2371 1388 qui
2398 1312 2666 1376 Christum
2699 1322 2939 1392 vestigiis
2965 1322 3291 1379 salutaribus
3319 1324 3613 1394 sequimur,
3648 1339 3744 1394 per

2140 1414 2340 1469 Christi
2373 1415 2619 1486 exempla
2663 1415 2988 1485 gradiantur,
3021 1417 3161 1470 sicut
3202 1413 3432 1471 Ioannes
3469 1414 3743 1487 apostolus

2142 1507 2357 1562 instruit
2384 1507 2570 1562 dicens
2602 1525 2614 1559 :
2643 1506 2743 1574 Qui
2784 1506 2904 1560 dicit
2930 1522 2983 1562 se
3023 1508 3075 1561 in
3098 1506 3297 1563 Christo
3338 1522 3562 1574 manere,
3602 1498 3744 1563 debet

2140 1597 2391 1669 quomodo
2413 1598 2499 1653 ille
2524 1598 2799 1653 ambulavit
2820 1608 2866 1653 et
2890 1599 2999 1667 ipse
3041 1595 3301 1653 ambulare
3333 1599 3383 1669 (I
3411 1596 3531 1653 Joa.
3573 1612 3630 1663 tt,
3662 1597 3741 1670 6).

2142 1690 2273 1747 Item
2303 1691 2515 1759 Petrus,
2548 1700 2711 1762 super
2735 1706 2892 1763 quem
2926 1691 3169 1747 Ecclesia
3195 1690 3406 1747 Domini
3434 1692 3744 1763 dignatione

2145 1783 2365 1839 fundata
2390 1794 2497 1852 est,
2528 1786 2580 1840 in
2611 1784 2852 1855 Epistola
2890 1798 2991 1840 sua
3025 1786 3175 1856 ponit
3205 1794 3261 1840 et
3305 1786 3433 1841 dicit
3466 1804 3478 1839 :
3512 1785 3746 1843 Christus

444 1876 824 1930 contremiseat
850 1883 1013 1943 terra,
1048 1882 1150 1930 nox
1177 1875 1319 1932 diem
1351 1878 1582 1946 claudat,
1607 1880 1711 1946 sol,
1740 1876 2030 1934 neJudzeo-
2058 1872 2107 1937 B
2135 1892 2318 1948 passus
2343 1887 2417 1933 est
2437 1895 2530 1947 pro
2556 1880 2715 1946 nobis,
2740 1878 3025 1948 relinquens
3051 1878 3186 1934 vobis
3209 1876 3227 1916 ί
3250 1879 3558 1950 exemplum,
3587 1889 3642 1935 ut
3658 1897 3742 1935 se-

445 1985 563 2024 rum
595 1968 799 2023 facinus
819 1970 1058 2039 aspicere
1080 1976 1323 2041 cogatur,
1349 1980 1402 2028 et
1432 1973 1612 2029 ratlios
1625 1982 1679 2030 et
1702 1967 1893 2029 oculos
1914 1988 2040 2029 suos

449 2062 751 2129 subtrahat,
786 2063 874 2117 ille
907 2072 1010 2117 non
1045 2063 1302 2133 loquitur,
1337 2081 1435 2122 nec
1473 2076 1734 2133 movetur,
1792 2083 1890 2122 nec
1929 2078 2042 2121 ma-

444 2153 695 2224 jestatem
728 2168 877 2211 suam
930 2156 1031 2211 sub
1076 2158 1188 2227 ipsa
1234 2160 1423 2214 saltem
1454 2162 1702 2230 passione
1737 2160 2040 2230 profitetur.

450 2246 633 2319 Usque
667 2247 734 2303 ad
767 2247 926 2303 finem
974 2259 1385 2319 perseveranter
1425 2268 1488 2308 ac
1522 2253 1721 2324 jugiter
1752 2253 2044 2308 tolerantur

451 2342 652 2407 omnia,
688 2349 745 2395 ut
773 2342 1184 2399 consummetur
1213 2343 1264 2398 in
1293 2342 1510 2400 Christo
1542 2344 1697 2416 plena
1727 2353 1779 2401 et
1807 2344 2042 2415 perfecta

449 2435 723 2505 patientia.
1655 2440 1658 2444 ’
1702 2452 1708 2458 ‘

527 2523 658 2581 VIII.
731 2524 799 2579 Et
842 2528 963 2595 post
1005 2526 1101 2581 ista
1152 2526 1330 2581 omnia
1349 2524 1398 2591 δ,
1446 2527 1621 2584 adhuc
1670 2527 2047 2586 interfectores

451 2633 598 2684 suos,
630 2619 672 2673 si
705 2618 951 2673 conversi
990 2617 1056 2673 ad
1087 2633 1211 2673 eum
1255 2619 1523 2687 venerint,
1569 2621 1829 2691 suscipit;
1872 2630 1925 2677 et
1955 2637 2049 2692 pa-

455 2710 639 2764 tientia
691 2709 907 2763 salutari
960 2709 1022 2763 ad
1067 2710 1496 2766 conservandum
1546 2711 1810 2783 benignus
1857 2721 1911 2768 et
1957 2729 2051 2783 pa-

456 2801 595 2855 tiens
619 2810 663 2867 θ,
701 2800 991 2855 Ecclesium
1020 2814 1170 2856 suam
1204 2802 1402 2857 nemini
1444 2802 1663 2859 claudit.
1696 2796 1822 2859 Illos
1853 2804 2048 2860 adver-

456 2893 649 2960 sarios,
686 2892 803 2948 illos
851 2892 1212 2964 blaslihemos,
1257 2894 1380 2950 illos
1431 2894 1663 2950 nominis
1712 2894 1794 2951 sui
1839 2908 2053 2967 semper

458 2986 727 3052 inimicos,
774 2985 817 3039 si
866 2986 1233 3057 paenitentiam
1259 2986 1437 3043 delicti
1467 2994 1646 3058 agant,
1682 2986 1725 3042 si
1757 2987 2049 3043 admissum

2142 1970 2370 2039 quamini
2390 1970 2597 2041 vestigia
2626 1972 2759 2040 ejus;
2785 1970 2872 2041 qui
2901 1972 3162 2041 peccatum
3187 1975 3287 2025 no'n
3310 1971 3450 2043 fecit,
3478 1987 3568 2024 nec
3589 1969 3741 2024 dolus

2143 2062 2372 2118 inventus
2394 2071 2466 2117 est
2494 2063 2547 2116 in
2576 2079 2665 2116 ore
2689 2063 2833 2132 ejus;
2858 2064 2946 2132 qui
2966 2072 3080 2116 cum
3109 2061 3514 2124 malediceretar,
3542 2066 3641 2116 non
3668 2077 3751 2115 re-

2145 2152 2471 2207 maledicebat
2491 2162 2535 2219 ε,
2565 2150 2680 2206 cuni
2717 2148 3012 2223 pateretu'rh
3042 2166 3142 2206 non
3169 2152 3608 2219 comminabatur;
3637 2158 3745 2206 tra-

2146 2242 2296 2299 debat
2327 2255 2493 2299 autem
2511 2260 2565 2298 se
2569 2244 2826 2312 judicanti
2843 2260 2895 2299 se
2918 2242 3136 2314 iniustei
3164 2243 3210 2313 (1
3238 2243 3353 2300 Pet.
3379 2260 3437 2300 II.
3455 2244 3577 2317 21).

2221 2336 2288 2391 X.
2320 2336 2629 2392 Invenimus
2653 2327 2885 2408 denique
2929 2343 2983 2393 et
3006 2334 3344 2393 Patriarchas
3369 2348 3425 2394 et
3453 2338 3748 2409 Prophetas

2151 2439 2204 2486 et
2225 2429 2396 2500 justos
2417 2443 2626 2493 omnes,
2651 2428 2742 2498 qui
2765 2426 2987 2499 ﬁguram
3012 2427 3205 2483 Christi
3225 2429 3456 2499 imagine
3477 2436 3748 2498 prteeunte

2152 2521 2457 2594 portabant,
2504 2519 2636 2575 nihil
2669 2519 2838 2590 magis
2865 2517 3169 2576 custodisse
3198 2521 3251 2574 in
3285 2518 3444 2577 laude
3490 2521 3748 2577 virtutum

2154 2630 2370 2671 suarum
2401 2598 2559 2684 quam
2607 2611 2749 2682 quod
2777 2612 3084 2683 patientiam
3135 2609 3257 2666 forti
3288 2619 3342 2667 et
3367 2611 3544 2667 stabili
3573 2625 3752 2682 (equa-

2153 2696 2394 2762 tti'mitate
2443 2710 2749 2760 tenuerunt.
2779 2702 2870 2760 Sic
2907 2701 3040 2757 Abel
3071 2701 3083 2751 i
3125 2702 3390 2772 originem
3419 2702 3660 2773 martyrii
3699 2710 3754 2759 et

2155 2800 2460 2872 passionem
2483 2798 2614 2867 justi
2637 2794 2663 2835 ¹ί
2695 2797 2927 2853 hominis
2953 2796 3168 2850 initiatis
3195 2797 3398 2866 primus
3419 2803 3475 2851 et
3500 2792 3754 2852 dedicans

2155 2892 2415 2948 adversus
2444 2892 2669 2947 fratrem
2694 2888 3022 2945 fratricidam
3052 2884 3071 2925 1
3100 2900 3207 2943 non
3230 2887 3431 2943 resistit
3454 2902 3554 2943 nec
3576 2887 3755 2942 reluc-

2153 2990 2314 3048 tatur,
2344 2981 2454 3054 gsed
2486 2980 2702 3039 humilis
2748 2989 2803 3038 et
2851 2980 2994 3036 mitis
3035 2979 3299 3050 patienter
3345 2978 3625 3036 occiditur.
3666 2976 3754 3035 Sic

1696 3100 2081 3161 LECTIONES
2118 3096 2534 3159 VARIANTES.

523 3216 549 3246 ⁸
582 3215 863 3324 Βιρυωωίητι
887 3215 1150 3277 exciperet
1170 3228 1193 3264 Α

463 3277 582 3325 Ver.
650 3278 864 3324 atienter
886 3274 1005 3324 add.
1035 3277 1193 3325 Oxon.

524 3336 551 3372 ι)
585 3336 793 3399 Salutari
819 3335 990 3399 poculo
1016 3336 1140 3399 Bod.
1178 3336 1225 3386 4.
1256 3336 1503 3399 δειιιιπὶε
1529 3338 1700 3399 poeula
1737 3341 1870 3391 Lam.
1897 3341 2044 3393 Ebor.

459 3399 568 3448 ΝΟ.
598 3399 640 3447 1.
672 3396 868 3460 Βοάηῖ.
896 3396 1102 3460 Salutari
1128 3397 1322 3460 poculoi
1340 3396 1464 3460 Tim.

525 3464 546 3522 (ξ
586 3460 696 3522 Ipse
723 3458 774 3522 et
797 3457 1053 3522 ipseiiod.
1080 3457 1259 3522 1,2,3.
1285 3458 1413 3522 _Tlm.
1439 3460 1576 3510 Fusa.
1906 3468 1913 3474 '

460 3586 488 3604 η
525 3521 556 3604 εξ
590 3519 704 3571 I‘ost
744 3519 836 3571 ista
869 3519 1025 3570 adhuc
1067 3521 1200 3571 Lam.
1233 3519 1380 3570 Ebor.
1420 3522 1525 3571 ΝΟ.
1557 3523 1599 3571 I.
1642 3523 1747 3574 Litt.
1778 3522 1902 3574 Bod.
1931 3525 2046 3584 1,2,

458 3602 508 3645 ὦ
525 3586 853 3711 e4'Benignns,
880 3644 1147 3711 Ecclesium
1167 3646 1318 3698 Oxon.
1345 3645 1424 3694 ed.
1450 3643 1718 3711 Ar._Sar_is.
1747 3648 1881 3711 Lam.
1906 3647 2053 3711 Ebor.

468 3711 576 3773 NG.
607 3712 650 3758 t.
676 3705 813 3759 Pem.
841 3705 986 3760 Voss.
1014 3707 1061 3773 1ἒ
1092 3705 1196 3758 Lia.
1246 3711 1361 3759 Ver.
1395 3712 1504 3759 Vel.
1541 3705 1721 3760 inuam.
1756 3710 1889 3773 Spir.
1916 3708 2053 3761 utut.

462 3772 718 3835 Beniguus
740 3779 793 3822 et
816 3773 1009 3836 patiens
1032 3771 1162 3835 Imp.

687 3215 863 3280 lamina
887 3214 1150 3280 exciperet
1170 3216 1258 3266 Ar.
1288 3210 1444 3267 Saris.
1476 3216 1605 3266 Lam.
1627 3216 1751 3267 Bod.
1782 3217 1831 3278 1,
1853 3216 1901 3279 2,
1926 3218 1975 3279 5,
1999 3218 2046 3269 4.
2074 3215 2119 3280 C

2218 3214 2239 3252 ί
2278 3215 2583 3279 NobisVer.
2657 3272 2731 3279 __,
2790 3266 2888 3279 _,_
2962 3272 2977 3279 _
3036 3273 3063 3279 _
3130 3267 3143 3279 ,

2220 3281 2245 3320 8
2278 3256 2611 3327 ile-maledixit
2649 3272 2751 3325 Litt.
2783 3266 2906 3323 Bod.
2951 3272 2998 3323 ι.
3026 3267 3184 3323 Saris.
3226 3271 3336 3322 ΝΟ.
3372 3271 3420 3321 2.
3458 3256 3575 3322 Ver.
3627 3271 3747 3321 Tim.

2153 3340 2480 3391 hlaledicebot
2503 3339 2662 3389 Oxon.

2185 3402 2243 3438 ἰι
2277 3403 2368 3463 Qui
2390 3405 2778 3463 cumpateretur
2807 3398 2943 3447 Voss.
2974 3397 3016 3445 1.

2219 3463 2237 3502 ί
2274 3461 2721 3522 ὖυίιίοθιιιὶἶιῄυειυ
2744 3463 2834 3509 Ar.

2223 3524 2238 3575 i
2281 3521 2405 3572 Abel
2430 3525 2479 3571 in
2499 3517 2692 3584 origine
2716 3519 2882 3584 mundi
2900 3519 3181 3584 martyrium
3213 3522 3350 3570 Voss.
3365 3517 3409 3568 I.

2221 3590 2247 3626 κ
2279 3585 2404 3635 Justi
2428 3581 2624 3634 initiatis
2646 3587 2735 3634 Ar.
2768 3581 2886 3632 Bod.
2912 3581 2958 3629 Ξ.
2992 3585 3107 3631 Ver.
3136 3636 3139 3641 η
3268 3638 3271 3641 _
3322 3624 3327 3631 .
3392 3630 3415 3639 ,,
3721 3632 3725 3639 ,

2226 3648 2245 3688 ι
2286 3648 2507 3697 Fratrem
2546 3645 2834 3696 homicidam
2874 3644 3005 3693 Laut.
3035 3638 3352 3694 Fratricidam
3380 3638 3515 3695 F053.
3542 3638 3752 3693 Parrici-

2159 3711 2272 3760 dsm
2297 3711 2455 3761 Oxon.

1714 3828 1958 3892 STEPH.
1990 3820 2258 3893 BALlJZlI
2286 3822 2510 3891 NOTAE.

539 3948 651 4003 VII.
670 3980 741 3989 —
758 3944 1064 4018 sputamiaa
1094 3948 1364 4019 exciperet.
1391 3948 1647 4004 Erasmus
1662 3950 2065 4020 scripsitsputa-

470 4021 609 4072 mina
639 4021 886 4091 patienter
914 4022 1184 4091 exciperet.
1206 4020 1401 4091 Mirum
1429 4029 1513 4074 est
1539 4031 1738 4091 quanto
1770 4023 1951 4075 favore
1975 4036 2066 4075 ac-

469 4102 682 4162 ceptum
733 4096 803 4142 sit
852 4088 953 4162 hoc
999 4089 1332 4162 adverbium.
1364 4088 1586 4162 IOmne's
1633 4091 1895 4145 editiones
1945 4108 2065 4162 qua:

470 4145 716 4229 ιηεῖηιίριθ
749 4171 866 4225 post
898 4159 1220 4212 Erasmicam
1246 4145 1376 4213 illud
1407 4162 1760 4215 retinuerunt.
1791 4162 1855 4216 Et
1887 4145 2063 4218 tamen

468 4247 569 4298 ego
617 4231 741 4283 illud
786 4230 1026 4298 nuspiatn
1067 4230 1240 4298 reperi
1286 4231 1337 4283 itt
1381 4238 1529 4289 tanto
1573 4247 1795 4287 numero
1824 4234 2061 4288 veterum

474 4294 863 4369 esetnplarium
892 4294 1083 4367 quibus
1115 4294 1243 4354 usus
1273 4316 1390 4355 sum
1422 4318 1594 4372 quam,
1617 4302 1666 4356 in
1710 4302 2056 4359 Lamoniano.

484 4368 647 4425 liccst
681 4372 841 4426 etiam
890 4372 941 4425 in
985 4382 1187 4439 septem
1218 4368 1546 4443 Anglicauis.
1582 4368 1761 4442 Itaque
1791 4388 1895 4428 non
1927 4376 2070 4430 arbi-

476 4452 587 4496 tror
613 4458 931 4512 quemquam
961 4458 1046 4496 me
1077 4444 1391 4499 temeritatis
1418 4443 1724 4503 insimulare
1754 4460 1907 4511 posse
1929 4445 2073 4516 quod

488 4516 792 4567 sustulerint
811 4554 824 4572 .
857 4517 1150 4581 pra-sertitn
1180 4529 1299 4568 cum
1329 4525 1534 4570 certum
1564 4515 1635 4568 sit
1665 4515 1787 4570 illud
1819 4515 2070 4571 isticnii-

483 4586 627 4639 llllllc
653 4585 1023 4657 necessarium
1041 4600 1180 4640 esse.
1209 4584 1349 4640 Infra
1379 4602 1489 4657 pag.
1524 4585 1662 4641 255:
1688 4585 1903 4657 Fat-lem
1930 4603 2077 4642 suam

2174 3950 2427 4005 tnllianus
2454 3951 2506 4004 in
2551 3950 2687 4004 libro
2715 3949 2780 4003 de
2819 3948 3104 4003 Patientia:
3137 3946 3265 4004 Cain
3302 3948 3390 4003 ille
3427 3949 3623 4018 primus
3665 3950 3759 4005 Ito-

2172 4021 2360 4075 micidtt
2390 4030 2435 4074 rt
2466 4022 2657 4090 primus
2683 4019 2966 4090 fratricida,
2998 4031 3053 4073 et
3079 4020 3131 4090 in
3158 4020 3291 4073 libro
3313 4019 3380 4075 de
3406 4019 3751 4090 Spectaculis,

2171 4110 2202 4145 a
2229 4088 2829 4167 fratricidainstitutore.
2863 4089 3075 4145 Lucifer
3103 4088 3438 4167 C:ila_ritantts
3468 4090 3558 4144 lih.
3594 4107 3627 4144 ll
3663 4088 3756 4159 pro

2172 4156 2355 4217 sancto
2384 4160 2701 4216 Athanasio:
2734 4159 2860 4214 Cain
2892 4174 3085 4234 quoque
3114 4156 3393 4283 pan-qtae
3416 4156 3753 4230 cotnparetm',

2172 4233 2222 4283 in
2251 4241 2407 4283 morte
2434 4249 2635 4283 manere
2675 4233 2978 4283 desiattetnr.
3020 4230 3123 4283 Cur
3153 4247 3231 4283 me
3279 4240 3356 4283 ioc
3384 4249 3511 4283 onus
3550 4232 3753 4283 intulere

2170 4233 2222 4287 in
2251 4241 2407 4287 morte
2434 4249 2635 4305 manere
2668 4230 2979 4305 designetur.
3020 4230 3240 4305 Curate
3262 4230 3356 4285 hoc
3384 4249 3511 4305 Opus
3550 4232 3761 4302 implere

2174 4304 2511 4374 compellebas
2539 4304 2673 4374 quod
2702 4298 2860 4357 me'ut
2892 4302 3017 4356 Cain
3049 4298 3592 4374 fecisselfratricidam
3618 4298 3666 4357 et
3695 4306 3759 4373 [i-

2177 4371 2299 4429 lium
2345 4374 2570 4429 diaboli?
2610 4373 2923 4444 Philastrius
2951 4371 3069 4443 cap.
3097 4371 3236 4444 7128:
3275 4371 3377 4426 Est
3403 4374 3607 4427 haresis
3647 4371 3762 4444 qua:

2176 4463 2275 4500 non
2307 4457 2440 4500 recte
2469 4445 2701 4515 intelligit
2727 4446 2789 4497 de
2818 4442 2944 4498 Cain
2968 4442 3103 4513 quod
3123 4453 3232 4513 post
3259 4444 3598 4514 fratricidium
3622 4442 3760 4515 quod

2177 4518 2495 4588 commiserat
2532 4525 2679 4588 rogat
2711 4514 2981 4588 Dominum
3012 4516 3141 4588 mori
3178 4516 3346 4588 potius
3374 4531 3523 4588 quam
3552 4514 3753 4588 dimitti.

2177 4584 2458 4643 Salvianus
2488 4580 2630 4643 libft
2670 4591 2733 4640 de
2775 4580 3147 4640 Gubernatioue
3179 4580 3301 4656 Dei,
3324 4580 3443 4656 ca'p.
3477 4585 3532 4653 6,
3563 4583 3630 4641 de
3660 4586 3759 4642 hac

484 4672 586 4730 non
631 4658 807 4730 auertit
851 4656 1149 4730 a_fazditate
1185 4654 1490 4730 siculorum;
1513 4656 1874 4730 Tertulliaitus
1915 4660 1965 4713 in
2009 4659 2073 4712 li-
2100 4668 2155 4729 D
2183 4660 2295 4728 ipsa
2326 4675 2382 4730 te
2403 4674 2564 4730 agens
2588 4657 2825 4726 scripsit:
2852 4656 3216 4730 [fratricidiunt
3237 4654 3488 4730 Deouteste
3511 4661 3754 4730 facturus.

484 4726 581 4779 bro
613 4726 680 4780 de
712 4725 854 4797 Fuga
896 4725 948 4780 in
991 4724 1397 4796 perseculionc:
1440 4724 1650 4782 Facient
1685 4743 1785 4782 non
1828 4731 2005 4784 avertit
2047 4746 2078 4785 a

477 4797 869 4867 sputantinibus.

558 4866 683 4939 Ipsa
722 4880 766 4920 et
804 4870 935 4939 ipsa.
979 4867 1051 4923 Ila
1093 4868 1332 4939 plerique
1370 4868 1488 4924 lihri
1530 4878 1757 4924 veteres.
1801 4864 1899 4925 Alii
1928 4871 2079 4927 multi

488 4939 686 4992 habent
713 4938 831 5009 ipse
850 4952 894 4992 et
926 4940 1050 5009 ipse.
1085 4938 1319 5009 Utraque
1350 4940 1505 4995 lectio
1536 4942 1669 4993 bona
1701 4950 1801 4995 est.

563 5009 629 5062 Χ.
645 5040 705 5048 ——
721 5009 1081 5063 Fratricidam.
1102 5010 1213 5079 Ego
1231 5009 1369 5066 hanc
1391 5011 1672 5066 lectionem
1698 5011 1942 5080 praefero,
1966 5020 2076 5067 tum

489 5082 613 5148 quia
655 5095 758 5133 vox
788 5080 883 5152 est
912 5076 1197 5135 admodum
1241 5080 1434 5152 latina,
1470 5088 1523 5135 et
1559 5076 1833 5152 qttizt'eam
1881 5076 2079 5138 habent

493 5159 706 5204 vett-res
733 5150 1031 5222 editiones,
1064 5152 1223 5222 etiam
1254 5149 1594 5218 Moreliiana,
1625 5163 1676 5206 et
1712 5153 1913 5222 aliquot
1954 5154 2077 5209 lihri

487 5229 721 5281 veteres.
745 5231 852 5275 tum
876 5221 1034 5276 etiam
1052 5221 1196 5289 quia,
1212 5237 1330 5277 cum
1347 5234 1546 5276 remota
1569 5224 1639 5277 sit
1655 5225 1721 5276 ah
1740 5221 1833 5276 usu
1850 5226 2019 5290 vulgat
2038 5226 2074 5290 i,

489 5301 617 5365 pqu
645 5298 739 5345 eos
765 5291 855 5361 qui
888 5300 1181 5365 posuerunt
1210 5293 1517 5365 parricidam
1551 5293 1885 5349 exisﬁmasse
1916 5291 2074 5365 aliam

490 5362 1057 5436 lectionenrnoncsse
1084 5364 1309 5436 bopam.
1330 5364 1629 5436 Cyprianus
1656 5366 1723 5436 tle
1752 5364 1849 5436 hac
1878 5366 1986 5435 ipsa
2016 5362 2076 5422 re

483 5446 647 5504 agens
668 5432 717 5504 ili
746 5430 958 5504 librode
978 5430 1124 5504 Bono
1152 5430 1425 5488 Patientia?
1451 5449 1568 5504 pag.
1599 5434 1724 5498 ρδο,
1755 5434 1881 5489 Cain
1899 5430 2075 5504 "vocat

480 5501 827 5573 fratricidam.
851 5501 1039 5558 Cicero
1066 5503 1117 5558 in
1142 5506 1393 5559 Oratione
1421 5501 1707 5573 pro—Domo
1730 5522 1822 5558 sua
1848 5506 1912 5559 ad
1941 5502 2073 5563 Pon-

480 5572 652 5647 tifices
672 5616 684 5626 .
720 5570 882 5647 Εφινα
900 5575 1153 5647 ordinem
1170 5577 1294 5647 ferri
1322 5570 1451 5629 nihil
1472 5577 1671 5647 placuit
1703 5575 1901 5630 Clodio.
1936 5579 2071 5643 Quid

478 5642 646 5718 (lente
673 5644 807 5714 quod
834 5644 1006 5718 tulisse
1031 5655 1078 5699 te
1103 5642 1230 5699 dicis
1250 5688 1262 5706 ,
1293 5642 1587 5718 parricida,
1603 5648 1868 5718 fratricida
1885 5688 1900 5713 ,
1928 5642 2070 5700 soro-

472 5713 670 5779 ricida,
698 5731 880 5775 nonne
919 5717 1018 5769 ista
1059 5726 1203 5769 extra
1242 5713 1471 5769 ordinem
1514 5713 1715 5771 taliati?
1768 5716 2072 5773 Priscianus

444 5781 565 5857 "lib.
604 5800 650 5836 I'
678 5783 789 5857 _Pro
816 5785 1134 5857 parenticida
1163 5802 1253 5857 per
1279 5802 1533 5857 syncopen
1564 5790 1754 5857 factum
1785 5788 2067 5856 patricida,

468 5848 633 5920 frater
663 5848 839 5920 fratris
880 5848 1180 5924 fratricida,
1211 5848 1354 5910 soror
1382 5848 1574 5911 sororis
1612 5848 1910 5912 sororicida.
1942 5848 2072 5914 Ter;

2185 4724 2492 4807 Cassianus,
2510 4730 2603 4784 lib.
2633 4724 2708 4794 tit,
2727 4734 2843 4807 cap.
2872 4728 2905 4783 9
2923 4745 2945 4807 εΔ
2967 4724 3095 4807 Post
3120 4726 3469 4807 fratricidt'unt
3487 4724 3756 4807 pwnitere,

2186 4811 2241 4855 et
2267 4799 2452 4854 Collat.
2482 4816 2593 4866 VIII,
2629 4814 2745 4868 cap.
2777 4798 2839 4853 21
2867 4817 2879 4851 :
2909 4797 2955 4852 A
2982 4796 3246 4869 fratricida
3273 4808 3320 4851 et
3344 4796 3520 4869 impio.
3557 4798 3761 4869 Prima-

2186 4873 2295 4925 sius
2323 4872 2374 4924 in
2408 4858 2708 4940 Epistulam
2729 4869 2875 4925 Pauli
2903 4858 3300 4940 a_d'Romanos:
3329 4858 3543 4938 Signum
3572 4859 3762 4925 Christi

2184 4942 2402 5012 portavit
2432 4938 2715 5002 homicida,
2746 4942 2875 5012 sicut
2905 4938 3031 5012 Cain
3063 4940 3327 5012 fratricida
3365 4941 3596 5012 portavit.
3628 4941 3761 4996 Ger-

2184 5009 2393 5083 inanns,
2435 5011 2715 5083 cpiscopus
2736 5011 3081 5083 Parisieusis,
3113 5009 3531 5083 ituepistolagadg
3560 5012 3762 5066 Brutte-

2182 5078 2409 5138 childem
2436 5078 2703 5153 reginam:
2734 5080 2875 5153 quas
2901 5097 2963 5135 ex
2984 5081 3121 5153 ipsis
3132 5078 3260 5153 cura
3280 5078 3620 5153 fratriddium
3647 5099 3762 5153 per-

2181 5153 2408 5225 petravit.
2439 5146 2727 5225 Gregorius
2746 5146 3081 5225 Turonensis
3111 5148 3201 5206 lib.
3234 5166 3251 5206 ι
3277 5146 3413 5225 Hist.
3442 5167 3559 5220 cap.
3584 5146 3658 5206 2!
3690 5146 3758 5208 In

2179 5222 2391 5296 fratrem
2411 5222 2674 5296 sanguinis
2701 5222 2946 5296 effusione
2971 5228 3134 5296 notius
3147 5222 3411 5296 fratricida
3432 5239 3756 5296 consurgens.

2178 5291 2476 5367 Concilium
2499 5291 2900 5367 wormacicnse
2924 5291 3175 5367 copulati:
3205 5291 3489 5367 statuimus
3516 5305 3567 5347 ut
3595 5291 3764 5367 ῥανὶὲὶ-

2176 5365 2306 5420 cida:
2350 5376 2393 5419 et
2439 5364 2735 5435 fratricidte.
2778 5363 3074 5435 Concilium
3118 5362 3489 5435 Trosleianum
3541 5362 3659 5432 cap.
3693 5366 3762 5421 15

2177 5435 2399 5507 loquens
2434 5432 2501 5490 de
2540 5436 2765 5507 crimine
2801 5432 2966 5507 Cain;
3000 5433 3201 5507 Etipse
3222 5442 3379 5503 usque
3406 5433 3472 5489 ad
3497 5438 3763 5507 septimam

2173 5504 2549 5576 generationem
2579 5504 2850 5577 [ναιήςὶάῆ
2874 5514 2920 5577 et
2944 5505 3150 5577 invidia:
3170 5519 3277 5577 sua:
3302 5520 3457 5577 uagus
3483 5504 3759 5577 profugus-

2175 5566 2269 5646 aue
2296 5592 2469 5646 poenas
2500 5566 2675 5630 lueret.
2711 5574 2967 5646 Alcunitts
2995 5575 3108 5631 sive
3135 5574 3255 5646 quis
3283 5566 3420 5631 alius
3449 5566 3500 5630 in
3531 5566 3669 5631 libra
3701 5566 3764 5632 de

2172 5644 2365 5700 divinis
2399 5645 2609 5717 Ofﬁciis,
2635 5661 2751 5711 cap.
2775 5648 2870 5701 13:
2899 5644 3192 5700 [fratricida
3213 5648 3531 5773 quiifratrem
3556 5648 3760 5703 occidit.

2177 5710 2440 5773 Honorius
2483 5731 2615 5773 naua
2647 5714 2803 5771 111⁸⁸⁸
2829 5717 2967 5773 anud
2989 5717 3273 5772 Odoricum
3342 5717 3652 5773 avnaldum.
3671 5736 3759 5773 an.

2177 5710 2470 5789 llonoriusf
2483 5710 2615 5789 papa
2647 5710 2803 5771 111⁸⁸⁸
2820 5710 3273 5789 apudOdoricuin
3296 5710 3652 5789 llaynaldum,
3671 5736 3759 5773 an.

2174 5784 2504 5860 1225,§29‘:
2523 5784 2787 5860 Crudelior
2805 5784 2939 5860 Cain
2960 5787 3245 5860 fratricida.
3278 5784 3549 5860 Georgius
3570 5784 3764 5859 Pogie-

2175 5856 2387 5916 bracius
2410 5874 2504 5917 rex
2528 5858 2793 5917 Baltemia:
2815 5858 2866 5915 in
2892 5856 3127 5930 Epistola
3147 5856 3466 5931 apologatica
3487 5858 3553 5915 ad
3575 5856 3758 5931 regem
