4230 6282
481 288 588 364 629

1629 308 1833 366 LIBER
1891 309 1977 366 DE
2017 307 2199 365 ΒΟΝο
2236 304 2652 365 ΡΛΤΙΕΝΤΙΑΞ.

3685 309 3791 370 6⁸50

482 419 756 479 Abraham
790 418 900 477 Deo
941 430 1169 477 credens
1208 430 1263 478 el.
1308 422 1541 479 radicem
1580 439 1643 480 ac
1674 424 2075 482 fundamentum
2104 422 2158 487 Α
2184 431 2403 489 nostra),
2432 423 2653 505 edamus
2696 435 2890 494 panem
2941 435 3166 479 necesse
3210 430 3294 479 est
3323 436 3448 480 cum
3480 423 3677 481 sudore
3726 436 3783 483 et

481 512 610 569 ﬁdei
646 515 851 585 primus
879 513 1187 580 instituens,
1239 518 1473 572 tentatus
1501 518 1552 571 itt
1581 516 1711 585 lilio,
1763 535 1867 572 non
1918 518 2077 573 dubi-

485 614 561 663 tat
597 614 773 678 neque
801 610 1104 674 cunctatur,
1135 606 1231 665 sed
1264 613 1546 681 praeceptis
1571 611 1663 667 Dei
1689 621 1796 666 tota
1828 613 2080 682 patientia

479 698 782 756 devotionis
820 700 1155 771 obsequitur.
1189 701 1253 755 Et
1280 699 1449 770 Isaac,
1482 702 1550 757 ad
1580 690 1771 760 hostiae
1793 704 2080 760 Dominicae

480 791 890 848 similitudinem
944 792 1338 864 prteliguratus,
1370 794 1584 865 quando
1626 811 1654 850 a
1685 803 1836 867 patre
1882 798 2078 852 immo-

482 885 675 942 landus
715 883 962 953 offertur,
993 885 1201 956 patiens
1245 886 1531 942 invenitur.
1567 886 1635 942 Et
1657 888 1846 955 Jacob,
1871 890 2081 961 fugatus

478 994 508 1034 a
537 978 702 1035 fratre
731 977 800 1034 de
822 988 962 1034 terra
984 992 1080 1033 sua
1108 979 1372 1048 patienter
1395 980 1626 1049 excedit,
1660 990 1716 1037 et
1740 983 1945 1053 majore
1986 998 2077 1053 pa-

483 1071 668 1128 tientia
715 1068 1057 1143 postmodnm
1105 1071 1332 1141 supplex
1359 1072 1539 1129 adhuc
1559 1075 1728 1144 magis
1766 1075 1987 1145 impium
2027 1083 2082 1130 et

479 1172 881 1237 persecutorem
912 1165 1224 1221 muneribus
1255 1166 1491 1237 paciﬁcis
1528 1167 1595 1223 ad
1626 1168 2079 1225 concordiam're-

478 1261 630 1333 digit.
670 1259 891 1333 Ioseph,
914 1258 1256 1318 venundatus
1286 1274 1317 1318 a
1348 1261 1605 1320 fratribus
1620 1274 1675 1321 et
1714 1266 1984 1336 relegatus
2014 1274 2037 1302 ιι
2061 1307 2074 1333 ,

482 1369 589 1410 non
620 1363 821 1410 tantum
860 1355 1127 1425 patienter
1166 1357 1415 1427 ignoscit,
1462 1355 1556 1412 sed
1602 1364 1657 1412 et
1694 1358 1922 1428 gratuita
1973 1359 2079 1413 fru-

480 1442 699 1501 mentab
729 1444 1064 1502 venientibus
1111 1446 1329 1517 largiter
1349 1458 1371 1486 ο
1403 1455 1457 1503 et
1496 1448 1790 1504 clementer
1816 1448 2075 1519 impertit.

480 1534 694 1608 Moyses
717 1537 786 1592 ab
814 1537 1024 1609 ingrato
1052 1547 1105 1592 et
1126 1538 1334 1609 pertldo
1362 1540 1559 1611 pupula
1584 1542 1946 1596 contemnitur
1970 1541 2077 1597 fre-

477 1638 706 1700 quenter
733 1640 789 1687 et
838 1644 974 1701 pene
1005 1630 1293 1702 lapidatur,
1324 1640 1381 1689 et
1407 1640 1583 1688 tamen
1610 1632 1745 1688 lenis
1776 1641 1831 1689 et
1871 1635 2079 1705 patiens

479 1735 576 1791 pro
603 1720 811 1778 eisdem
840 1721 1126 1779 Dominum
1155 1722 1496 1793 deprecatur.
1535 1724 1592 1778 In
1641 1723 1811 1779 David
1840 1732 1985 1789 vero,
2011 1739 2075 1779 ex

2184 515 2391 569 labore.

2257 607 2372 662 XII.
2401 607 2554 663 Unde
2583 608 2952 678 unusquisque
2981 617 3227 664 nostrum
3258 623 3380 665 cum
3419 609 3696 666 nascituri
3732 620 3788 668 et

2184 698 2416 770 hospitio
2436 698 2623 755 mundi
2650 699 2806 769 hujus
2832 701 3116 769 excipitur,
3146 701 3355 755 initium
3382 703 3586 757 sumita
3613 703 3785 775 lacry-

2186 794 2309 861 mis,
2336 803 2389 847 et
2433 793 2681 862 quamvis
2710 791 2889 847 adhuc
2924 793 3165 848 omnium
3196 795 3410 850 nescius
3451 804 3507 849 et
3543 796 3783 867 ignarus,

2185 885 2318 941 nihil
2341 885 2488 939 aliud
2516 885 2663 939 novit
2681 884 2734 938 in
2754 885 2840 939 illa
2857 899 2948 954 psa
2969 886 3138 954 prima
3154 887 3429 941 nativitate
3449 902 3609 957 quam
3629 885 3778 944 flere.

2185 979 2523 1034 Providentia
2554 979 2778 1034 naturali
2804 979 3151 1044 lamentatur,
3199 980 3269 1011 ²⁵ί
3313 984 3434 1035 vita:
3477 982 3770 1037 mortalisi

2183 1073 2482 1127 anxietates
2512 1081 2566 1126 et
2609 1071 2823 1126 labores
2848 1081 2905 1127 et
2937 1072 3411 1141 procellasmundi
3442 1089 3573 1145 quas
3602 1075 3782 1144 ingre-

2183 1167 2346 1234 ditur,
2396 1167 2448 1221 in
2477 1166 2698 1221 exordio
2724 1167 2902 1221 statim
2927 1181 3024 1221 suo
3053 1167 3263 1236 ploratu
3294 1177 3349 1222 et
3388 1168 3591 1238 gemitu
3633 1170 3781 1225 rudis

2182 1260 2357 1313 anima
2388 1268 2628 1312 testatur.
2655 1256 2887 1312 Sudatur
2908 1258 3054 1313 enim
3078 1259 3472 1328 quamdiuistic
3504 1259 3698 1314 vivitur
3723 1272 3780 1316 et

2184 1348 2475 1403 laboratur.
2536 1347 2646 1403 Nec
2696 1348 3013 1404 sudantibus
3058 1359 3111 1404 et
3157 1350 3525 1405 laborantibus
3554 1361 3781 1421 possunt

2183 1444 2284 1499 alia
2319 1444 2488 1513 magis
2541 1457 2699 1511 quam
2744 1443 3013 1511 patientiae
3063 1442 3350 1497 subvenire
3393 1443 3583 1498 solatia
3615 1461 3628 1496 :
3658 1460 3778 1514 qua:

2182 1552 2304 1592 cum
2327 1544 2446 1605 apta
2480 1536 2588 1590 sint
2629 1546 2681 1590 et
2711 1534 3015 1590 necessaria
3050 1535 3102 1590 in
3133 1536 3234 1590 isto
3266 1535 3466 1590 mundo
3493 1536 3777 1602 universis,

2185 1638 2292 1683 tum
2324 1621 2491 1699 magis
2515 1628 2691 1695 nobis,
2724 1629 2813 1698 qui
2842 1627 3056 1683 diabolo
3085 1630 3429 1700 impugnante
3458 1630 3576 1700 plus
3605 1632 3783 1701 quati-

2181 1734 2322 1785 mur;
2357 1721 2468 1789 qui,
2504 1720 2554 1772 in
2586 1722 2702 1774 acie
2728 1719 2966 1789 quotidie
2981 1727 3205 1784 stantes,
3243 1721 3521 1776 inveterati
3551 1729 3783 1777 etexer-

476 1828 584 1885 quo
609 1810 905 1871 secundum
936 1826 1157 1871 carnem
1188 1815 1389 1873 Christi
1419 1817 1667 1873 nativitas
1689 1819 1879 1885 oritur,
1912 1833 2071 1888 quam
2104 1822 2151 1882 Β
2179 1812 2325 1867 citati
2359 1813 2526 1867 hostis
2551 1811 3014 1868 colluctationibus
3035 1812 3319 1884 fatigamur
3346 1831 3360 1881 ;
3383 1814 3596 1885 quibus,
3633 1831 3771 1883 pra:-

472 1921 663 1978 magna
693 1916 747 1963 et
774 1907 910 1963 mira
948 1918 1006 1964 et
1044 1908 1333 1964 christiana
1370 1910 1648 1980 patientia,
1680 1909 1934 1966 habuisse
1956 1907 1983 1947 ἀ
2018 1913 2069 1966 in

468 2012 632 2053 manu
664 2012 812 2070 saepe
838 2009 896 2054 ut
922 1999 1048 2056 Saul
1083 2016 1263 2072 regem
1298 2010 1703 2072 persequentem
1737 2016 1796 2059 se
1818 2012 1871 2059 et
1901 2003 2070 2059 inter-

468 2090 632 2148 licere
660 2092 1133 2164 concupiscentem
1161 2098 1343 2165 passa
1371 2094 1638 2162 occidere,
1666 2105 1720 2151 et
1747 2104 1925 2159 tamen
1944 2097 2072 2152 sub-

470 2185 643 2241 ditum
672 2185 777 2242 sibi
802 2196 856 2243 et
883 2187 1138 2242 traditum
1165 2187 1426 2243 maluisse
1467 2203 1706 2255 servare,
1740 2205 1840 2244 nec
1873 2205 2069 2259 repen-

469 2277 616 2334 disse
655 2276 876 2334 inimico
919 2279 1114 2347 vicem,
1157 2279 1252 2335 scd
1284 2280 1523 2335 occisum
1551 2281 1725 2336 adhuc
1766 2282 1983 2351 insuper
2017 2291 2072 2338 et

467 2365 794 2424 vindicasse!
823 2362 927 2425 Tot
953 2368 1183 2440 denique
1204 2364 1487 2440 Propheta:
1512 2368 1798 2437 interfecti,
1832 2378 1908 2425 tot
1929 2387 2068 2425 mar-

467 2467 614 2532 tyres
636 2458 885 2531 gloriosis
911 2460 1173 2517 mortibus
1211 2461 1476 2529 honorati,
1504 2462 1593 2533 qui
1620 2476 1811 2518 omnes
1847 2463 1913 2518 ad
1953 2478 2067 2519 tte-

468 2550 632 2607 lcstes
654 2564 882 2607 coronas
909 2552 1183 2620 patientiae
1212 2552 1371 2608 laude
1400 2556 1679 2609 venerunt.
1705 2552 1889 2625 Neque
1923 2555 2067 2609 enim

470 2652 647 2713 potest
671 2644 838 2715 accipi
863 2642 1111 2699 dolorum
1136 2652 1189 2701 et
1220 2649 1529 2716 passionum
1554 2661 1774 2711 corona,
1800 2647 1900 2702 nisi
1934 2662 2067 2715 prae-

470 2731 633 2790 cedat
665 2734 716 2788 in
740 2734 927 2791 dolore
952 2740 1005 2791 et
1033 2736 1285 2807 passinue
1306 2736 1580 2807 patientia.

540 2820 630 2881 XI.
658 2824 829 2897 Quam
859 2826 929 2883 sit
968 2830 1145 2883 autem
1178 2829 1430 2899 patientia
1462 2830 1609 2885 utilis
1635 2837 1690 2885 et
1736 2832 2063 2900 necessaria,

471 2914 662 2977 fratres
691 2920 1046 2987 dilectissimi,
1079 2930 1137 2977 ut
1160 2921 1495 2979 manifestius
1542 2923 1713 2993 possit
1755 2932 1811 2980 et
1854 2924 2065 2994 plenius

471 3012 643 3077 nosci,
698 3012 791 3070 Dei
812 3013 1074 3072 sententia
1104 3012 1369 3087 cogitetur
1397 3030 1557 3089 quam
1580 3018 1632 3073 in
1650 3017 1855 3090 origine
1885 3020 2065 3074 statim

478 3106 662 3162 mundi
687 3114 740 3163 et
767 3108 976 3180 generis
1001 3099 1218 3165 humani
1256 3110 1451 3178 Adam,
1480 3112 1733 3181 praecepti
1779 3113 2064 3169 immemor

2180 1913 2260 1958 ter
2286 1905 2460 1958 varias
2504 1914 2558 1958 et
2586 1904 2829 1958 assiduas
2855 1905 3208 1959 tentationum
3242 1920 3474 1976 pugnas,
3507 1904 3559 1959 in
3591 1920 3778 1975 perse-

2177 2000 2451 2054 cutionum
2481 2012 2693 2069 quoque
2754 1997 3051 2053 certamine
3075 1998 3393 2066 patrimonia
3416 1998 3767 2069 relinquenda

2174 2102 2316 2155 sunt,
2363 2089 2673 2144 subeundus
2712 2087 2972 2155 carcer“,
3002 2089 3279 2158 portanda:
3324 2100 3551 2158 calente,
3580 2092 3777 2145 anima:

2175 2184 2569 2256 impendendte,
2614 2183 2842 2255 gladius,
2880 2182 3087 2249 bestim,
3136 2183 3304 2254 ignes,
3355 2198 3564 2251 cruces,
3596 2184 3776 2240 omnia

2173 2280 2404 2349 denique
2432 2286 2820 2332 tormentorum
2851 2289 2914 2329 ac
2932 2290 3210 2346 poenarum
3242 2290 3440 2346 genera
3463 2276 3567 2331 fide
3593 2286 3647 2332 et
3667 2277 3775 2330 vir-

2176 2380 2287 2426 tute
2334 2369 2604 2436 paticntia:
2659 2366 2997 2438 perferenda,
3049 2368 3277 2423 Domino
3310 2367 3427 2438 ipso
3473 2368 3773 2424 instruente

2172 2471 2227 2515 ct
2252 2461 2462 2516 dicente
2491 2477 2504 2514 :
2546 2458 2667 2514 Ηωο
2695 2459 2890 2514 locutus
2918 2476 3029 2514 sum
3051 2460 3187 2515 vobis
3216 2468 3271 2513 ut
3296 2460 3351 2514 iu
3373 2475 3453 2513 me
3478 2476 3652 2530 pacem
3675 2460 3773 2513 Ita-

2173 2556 2331 2610 beatis
2350 2571 2369 2609 :
2390 2556 2444 2609 in
2458 2556 2648 2609 munda
2668 2564 2841 2610 autem
2860 2571 3149 2627 pressuruut
3180 2553 3443 2619 habebitis,
3473 2553 3562 2607 sed
3576 2552 3737 2622 fiditel
3752 2595 3769 2621 ,

2170 2647 2411 2717 quoniam
2439 2662 2531 2718 ego
2551 2647 2646 2700 uici
2673 2644 3111 2718 mundumanu.
3134 2661 3239 2712 xvt,
3266 2645 3384 2716 55).
3406 2644 3461 2700 Si
3477 2654 3654 2699 autem
3678 2646 3773 2713 qui

2171 2740 2385 2796 diabolo
2408 2750 2463 2796 et
2491 2740 2693 2795 mundo
2720 2740 3169 2805 renttntiavimus,
3204 2752 3482 2808 pressuras
3507 2746 3583 2791 ct'
3606 2734 3772 2792 infes-

2174 2835 2401 2889 tationcs
2434 2833 2633 2888 diaboli
2660 2842 2713 2888 et
2745 2832 2933 2887 mundi
2974 2831 3217 2887 crebrius
3257 2845 3320 2885 ac
3351 2830 3637 2885 violentius
3672 2842 3768 2898 pa—

2173 2925 2353 2992 timur,
2408 2932 2610 2994 quanto
2658 2924 2828 2994 magis
2883 2922 3194 2992 patientiam
3253 2930 3438 2976 tenere
3485 2920 3768 2983 debemus,

2170 3032 2274 3087 qua
2296 3016 2558 3086 adiutrice
2583 3024 2640 3071 et
2666 3015 2863 3071 comite
2890 3014 3071 3068 omnia
3099 3012 3293 3067 intesta
3320 3012 3648 3067 toleremus?

2242 3108 2378 3164 XIII.
2412 3108 2617 3163 Domini
2644 3117 2697 3162 et
2725 3106 2967 3176 magistri
2997 3104 3167 3160 nostri
3190 3114 3230 3140 ιη
3259 3103 3498 3159 salutare
3528 3118 3768 3174 praecep-

474 3208 529 3255 et
569 3201 707 3257 data:
734 3202 866 3274 legis
915 3210 1312 3274 transgressur,
1337 3205 1604 3275 acccpite.
1637 3205 1786 3261 Tunc
1832 3207 2063 3263 sciemus
2090 3214 2134 3278 ρ
2170 3212 2280 3258 tum
2311 3212 2392 3257 est
2423 3220 2435 3255 :
2464 3202 2561 3269 Qui
2598 3199 2955 3264 toleraverit",
2982 3197 3174 3279 inquit,
3206 3196 3450 3266 usquead
3489 3197 3660 3265 ﬁnem,
3687 3196 3769 3248 hic

465 3306 623 3362 quam
658 3295 922 3364 patientes
950 3310 1072 3351 esse
1095 3294 1148 3350 in
1179 3297 1287 3351 isto.
1308 3297 1508 3352 saeculo
1529 3296 1843 3366 debeamus,
1878 3301 1965 3370 qui
1986 3301 2065 3356 sic

465 3390 735 3445 nascimur
762 3399 818 3445 ut
851 3390 1118 3461 pressaris
1167 3390 1289 3446 istic
1314 3399 1368 3447 et
1392 3388 1886 3450 conflictationibus
1913 3395 2066 3450 labo-

464 3495 647 3536 remus
679 3499 690 3535 :
730 3481 865 3549 Quia
894 3480 1104 3546 audisti,
1156 3482 1348 3557 inquit,
1400 3500 1570 3538 vocem
1597 3478 1823 3540 mulieris
1865 3496 1984 3552 tute,
2023 3497 2068 3542 et

466 3573 795 3629 manducaui.
816 3590 880 3628 ex
905 3575 998 3629 illa
1023 3575 1203 3630 arbore
1245 3576 1309 3630 de
1334 3591 1432 3644 qua
1476 3578 1586 3632 sola
1614 3594 1955 3647 pra'ceperam
1982 3580 2071 3635 tibi

465 3682 529 3721 ne
554 3669 888 3722 manducares
918 3666 961 3735 τ,
994 3667 1265 3727 maledicta
1288 3678 1422 3723 terra
1440 3670 1533 3722 erit
1558 3670 1613 3724 in
1643 3671 1872 3726 omnibus
1898 3675 2068 3741 operi-

466 3756 558 3813 bus
586 3759 686 3813 tuis
706 3774 725 3812 :
746 3759 799 3813 in
820 3759 1024 3813 tristitia
1048 3768 1095 3813 et
1114 3760 1302 3830 gemitu
1326 3759 1444 3814 edes
1473 3778 1535 3816 ea:
1561 3777 1619 3817 ea
1640 3762 1871 3817 omnibus
1893 3762 2068 3818 diebus

464 3848 583 3903 vitta
618 3858 737 3914 tuae,
764 3849 940 3921 spinas
964 3859 1009 3906 et
1059 3848 1272 3906 tribulos
1298 3850 1461 3923 ejiciet
1499 3853 1583 3906 tibi
1602 3862 1650 3920 κ,
1687 3863 1735 3908 et
1763 3856 1878 3909 edes
1906 3856 2068 3925 pabu-

472 3936 576 3993 lum
600 3940 746 4012 agri;
766 3942 819 3995 in
848 3941 1033 3996 sudore
1060 3948 1227 3997 vultus
1259 3943 1333 3997 tui
1373 3942 1488 3998 edes
1520 3962 1699 4015 panem
1729 3957 1867 4001 tuum
1906 3947 2066 4002 donec

466 4032 731 4087 revertaris
757 4032 811 4086 in
839 4042 1027 4087 terram
1052 4033 1115 4087 de
1142 4047 1242 4103 qua
1268 4043 1499 4104 sumptus
1536 4053 1620 4103 es;
1660 4037 1779 4106 quia
1807 4046 1946 4091 terra
1990 4054 2061 4106 es,

467 4131 512 4175 et
541 4121 597 4174 in
626 4132 814 4177 terram
856 4124 953 4178 ibis
1005 4122 1157 4195 (Gen.
1190 4140 1268 4192 tu,
1302 4124 1368 4180 I7
1399 4124 1552 4196 sqq.).
1589 4124 1756 4198 llnjus
1784 4130 2064 4186 sententiae

472 4212 689 4267 vinculo
717 4213 952 4283 colligati
990 4229 1180 4270 omnes
1219 4224 1272 4271 et
1312 4215 1586 4272 constricti
1616 4232 1820 4284 sumus,
1868 4216 2062 4288 donec,

469 4312 733 4374 espuncta
752 4302 779 4341 ιι
796 4316 985 4375 morte,
1010 4306 1078 4364 de
1095 4308 1197 4363 isto
1214 4300 1412 4363 'saeculo
1425 4309 1759 4365 recedamus.
1778 4309 1833 4365 In
1854 4313 2064 4367 tristitia

469 4403 524 4448 et
572 4397 771 4466 gemitu
823 4397 990 4453 simus
1040 4414 1264 4456 necesse
1314 4404 1397 4456 eSt
1436 4402 1684 4457 omnibus
1724 4402 1913 4458 diebus
1939 4405 2061 4459 vita:

2168 3294 2339 3348 saluus
2381 3294 2473 3347 erit
2505 3291 2714 3364 (.ilattlt.
2766 3305 2822 3356 Χ,
2853 3288 2975 3360 22).
3003 3289 3066 3343 Et
3094 3289 3317 3343 iterum:
3352 3287 3411 3343 Si
3435 3287 3773 3357 permanseri-

2170 3388 2255 3451 tis,
2286 3385 2478 3455 inquit,
2510 3364 2563 3437 in
2597 3382 2744 3455 verba
2786 3398 2918 3445 meo,
2950 3397 3063 3436 uere
3093 3380 3333 3451 discipuli
3367 3381 3464 3434 mei
3491 3380 3627 3435 eritis
3647 3388 3694 3444 ο,
3722 3386 3771 3432 et

2173 3480 2481 3550 cognoscetis
2511 3478 2790 3544 ueritatem,
2821 3485 2867 3531 et
2892 3477 3075 3530 veritas
3091 3474 3317 3529 liberabit
3337 3490 3423 3529 vos
3452 3472 3628 3544 (Joan.
3656 3488 3768 3539 vttt,

2179 3576 2289 3648 '51).
2319 3575 2684 3631 Tolerandum
2705 3582 2761 3628 et
2782 3570 3234 3640 perseverandum
3257 3580 3360 3633 est,
3390 3569 3581 3623 fratres
3600 3567 3771 3621 dilec-

2179 3667 2391 3735 tissimi,
2415 3675 2492 3733 ut,
2518 3666 2583 3719 ad
2612 3680 2763 3734 spem
2790 3663 3029 3718 veritatis
3066 3671 3122 3715 et
3146 3659 3408 3715 libertatis
3429 3658 3669 3725 admissi,
3702 3657 3773 3712 ad

2173 3760 2451 3815 veritatem
2484 3766 2538 3812 et
2566 3754 2869 3810 libertatem
2916 3754 3084 3821 ipsam
3126 3748 3408 3821 pervenire
3452 3748 3767 3818 possimus;

2171 3850 2295 3921 quia
2327 3848 2430 3902 hoc
2474 3848 2648 3916 ipsum
2679 3843 2826 3915 quod
2851 3840 3144 3899 Christiani
3166 3855 3375 3929 sumus,
3409 3839 3529 3895 ﬁdei
3558 3848 3612 3894 et
3652 3838 3770 3908 spei

2170 3951 2397 4000 reS'est;
2432 3944 2489 3993 ut
2512 3946 2691 3992 autem
2722 3950 2845 4006 spes
2870 3943 2923 3989 et
2945 3932 3078 3989 fides
3104 3931 3173 3989 ad
3197 3931 3428 3986 fructum
3450 3932 3529 3986 sui
3562 3930 3773 4001 possint

2170 4032 2472 4105 pervenire,
2508 4027 2765 4100 patientia
2814 4042 2949 4098 opus
2978 4034 3082 4109 est.
3112 4024 3227 4080 Non
3259 4024 3403 4080 enim
3445 4031 3768 4093 prmseutem

2167 4126 2394 4199 gloriam
2443 4122 2734 4194 sequimur,
2788 4118 2883 4176 sed
2912 4118 3165 4184 futuram,
3215 4114 3511 4173 secundum
3550 4112 3689 4184 quod
3716 4123 3773 4169 et

2170 4220 2364 4274 Paulus
2383 4229 2411 4268 P
2440 4216 2717 4288 apostolus
2740 4222 2925 4270 monet
2948 4212 3136 4268 dicens
3164 4231 3178 4267 :
3208 4210 3317 4280 Spe
3336 4210 3517 4263 saluati
3533 4217 3770 4262 suntus‘l.

2167 4313 2299 4385 Spes
2328 4322 2496 4368 autem
2523 4327 2636 4382 qua:
2665 4309 2861 4363 videtur
2890 4322 2993 4361 non
3033 4313 3103 4360 est
3128 4320 3239 4375 spes
3270 4318 3288 4357 :
3314 4301 3449 4372 quod
3473 4301 3605 4355 enim
3636 4300 3772 4354 videt

2166 4405 2276 4475 quis
2294 4402 2415 4476 quid
2433 4401 2643 4475 sperat?
2668 4400 2731 4457 Si
2752 4408 2917 4454 autem
2930 4396 3066 4468 quod
3078 4411 3178 4450 non
3201 4392 3426 4448 uidemus
3439 4407 3702 4463 speramus
3721 4401 3767 4460 τ,

1710 4538 2101 4598 LECTIONES
2140 4538 2551 4596 VARIANTES.

531 4646 557 4709 1³
591 4646 793 4709 Ligatus
814 4651 946 4701 Lam.
972 4652 1110 4702 Pent.
1143 4656 1283 4706 Voss.
1310 4652 1359 4704 2.

531 4702 561 4744 δ
595 4702 756 4762 Gratis
778 4715 919 4763 Pent.
954 4716 1090 4766 Voss.
1118 4702 1163 4764 2.
1191 4702 1353 4767 Gratia
1376 4721 1425 4768 et
1450 4716 1696 4769 frumenta
1719 4718 1843 4770 Bod.
1870 4720 1917 4769 3.

536 4773 558 4837 (ξ
595 4771 824 4837 Largitur
850 4774 972 4826 Bod.
999 4777 1045 4826 5.
1204 4836 1207 4837 ν
1738 4777 1746 4787 “

533 4830 559 4871 εἰ
594 4830 836 4899 Ηυὺῖιίεςθ
861 4838 1162 4899 dignoscitur
1188 4836 1312 4891 Bod.
1338 4844 1385 4891 5.

537 4901 559 4964 ξ’
592 4897 810 4964 Accepta
832 4897 987 4963 gratia
1021 4915 1116 4951 non
1142 4905 1318 4964 tenuit,
1348 4904 1435 4953 scd
1459 4905 1618 4954 amisit
1644 4906 1783 4956 Voss.
1813 4906 1852 4956 I.

533 4955 554 4994 τ
592 4955 912 5012 Μυηόύςειῖρε
935 4972 997 5011 ex
1025 4976 1081 5012 ea
1108 4964 1230 5016 Bod.
1268 4955 1317 5015 ιζ
1664 4968 1673 4973 ’

533 5022 559 5061 8
594 5020 899 5074 Germluabit
922 5027 1008 5075 tibi
1033 5027 1139 5078 NG.
1167 5028 1214 5078 I.

531 5080 561 5152 ξι
593 5082 820 5153 ξζχυηοιε
844 5094 1004 5139 morte
1032 5090 1158 5153 Bad.
1184 5090 1232 5139 ι.
1253 5089 1467 5153 Extincti
1489 5096 1648 5141 morte
1674 5092 1819 5153 Bod.
1837 5095 1884 5141 5.

594 5145 835 5220 ypusque
859 5152 1211 5220 cum__na§citur
1236 5152 1341 5203 Bod
1386 5153 1436 5214 1,
1460 5153 1508 5214 2,
1534 5154 1582 5215 5,
1607 5154 1654 5203 4.
1681 5151 1839 5205 Saris.

533 5207 549 5258 t'
594 5207 719 5259 Vite
742 5207 1028 5275 temporalis
1056 5217 1173 5265 Ver.

2098 4659 2151 4719 D
2244 4657 2271 4696 Ιί
2304 4656 2600 4707 Subeundus
2619 4661 2696 4705 est
2717 4653 2842 4719 Bod.
2859 4652 2914 4719 ζ).

2246 4719 2277 4783 ξ
2306 4720 2406 4783 Sed
2428 4719 2615 4783 credite
2640 4715 2822 4783 NC._i.
2852 4714 2981 4783 Lam.
3011 4710 3138 4783 Bod.
3165 4710 3215 4783 I_2
3234 4709 3294 4783 2..

2244 4778 2539 4855 "’liagislri‘
2559 4780 2711 4855 nostri
2738 4778 2869 4855 fiant.
2889 4771 3152 4825 Ebor.Lt'n.
3179 4772 3336 4825 Saris.
3364 4771 3490 4824 Bod.
3512 4772 3557 4834 1,
3574 4771 3623 4836 2,
3647 4774 3696 4837 5,
3722 4772 3771 4824 4.

2180 4842 2396 4906 Magistri
2420 4842 2635 4893 salutare
2660 4842 2816 4910 Oxon.
2873 4896 2884 4909 .

2242 4907 2267 4933 "
2304 4904 2395 4963 Qui
2421 4904 2815 4963 perseveraverit
2830 4900 2931 4949 Lm.

2245 4921 2270 4996 δ
2304 4921 2815 5029 ‘6?£.l’§liflféié§ii§
2830 4921 2931 5029 ἔντ’]
2948 4957 3109 5029 Saris.
3144 4958 3492 5029 _Bad._l,_2,_3,
3518 4959 3564 5010 4.

2242 5032 2271 5070 P
2304 5021 2591 5079 Secundum
2613 5026 2740 5089 quod
2766 5034 2819 5076 et
2842 5024 3022 5089 Paulus
3046 5024 3173 5074 Bod.
3206 5023 3247 5082 ι,
3270 5021 3319 5089 ἓ,
3342 5024 3391 5089 3,
3417 5024 3465 5089 ti.

2241 5094 2269 5134 (ι
2304 5091 2433 5139 Salvi
2459 5089 2568 5141 facti
2588 5085 2753 5139 sumus
2778 5089 2910 5140 Lam.
2936 5085 3081 5138 Ebor.
3102 5089 3239 5137 Pent.
3265 5085 3392 5137 Bad.
3416 5085 3466 5133 2.

2243 5156 2264 5183 τ
2300 5152 2736 5216 Exspectationem
2756 5163 3012 5214 speramus
3035 5146 3194 5201 Saris.
3217 5150 3307 5199 Ar.
3337 5146 3461 5200 Bod.
3487 5147 3518 5197 2
3537 5184 3552 5210 ,
3573 5146 3620 5197 4.
3655 5147 3779 5198 Ver.

1727 5320 1968 5380 STEPH.
2005 5323 2279 5382 BALUZII
2304 5324 2534 5382 NOTE.

473 5429 761 5509 Ilungitrite
787 5432 1063 5509 Matthiant
1085 5448 1343 5509 generum
1371 5450 1525 5509 suttnt
1555 5435 1606 5490 in
1642 5450 1786 5492 temo
1811 5452 1865 5492 tv
1893 5436 2072 5509 Spiri-

468 5503 597 5577 legii
620 5503 962 5570 Daclteriatti,
991 5521 1043 5574 p.
1072 5503 1199 5577 III,
1222 5514 1399 5577 secat
1417 5504 1546 5561 Cain
1571 5509 1909 5577 fratricidam.
1941 5503 2076 5563 Ῥειτο

468 5573 690 5627 ricidatn
728 5584 905 5629 tamen
941 5573 1098 5644 posse
1126 5575 1231 5630 dici
1275 5579 1459 5632 matris
1500 5573 1592 5632 aut
1634 5578 1813 5634 fratris
1856 5580 2073 5635 interfe-

470 5653 673 5720 ctorem
705 5646 870 5720 tradit
897 5647 1276 5720 Quintilianus,
1310 5646 1403 5703 lib.
1423 5664 1545 5720 jttt,
1577 5665 1698 5720 cap.
1733 5652 1785 5706 6.

546 5713 634 5768 XI.
652 5715 823 5771 -—Dei
844 5713 1094 5771 sententia
1115 5718 1381 5787 cogitetur.
1410 5713 1549 5774 Citat
1579 5713 1720 5776 hunc
1748 5722 1920 5778 locum
1949 5736 2075 5775 san-

472 5792 589 5841 ctus
624 5787 954 5860 Augustinus
983 5788 1077 5843 lib.
1109 5803 1161 5843 tv
1186 5796 1361 5844 contra
1393 5789 1521 5846 duas
1549 5790 1809 5862 Epistolas
1836 5792 2077 5864 Pelagia-

2180 5455 2384 5510 norum,
2415 5454 2535 5510 cap.
2564 5438 2618 5495 8.

2252 5508 2514 5565 Xll.—-ltt
2536 5511 2745 5565 mundo.
2764 5510 2878 5565 Duo
2900 5509 3019 5567 libri
3041 5519 3253 5568 veteres
3276 5508 3475 5566 habent
3493 5510 3544 5564 in
3567 5512 3777 5575 mundo,

2181 5592 2234 5636 et
2262 5598 2420 5651 supra
2451 5584 2641 5638 lineam
2673 5581 2748 5636 vel
2773 5582 2981 5637 steculo.
3017 5581 3154 5638 Hinc
3180 5582 3376 5636 factum
3401 5591 3479 5647 ut,
3501 5596 3623 5636 cum
3654 5598 3788 5634 nun-

2180 5652 2315 5707 nttlli
2349 5654 2569 5707 mallent
2598 5654 2808 5720 mundo,
2840 5653 2930 5706 alii
2960 5654 3165 5720 siccato,
3200 5653 3458 5707 alterutra
3488 5667 3674 5707 earum
3708 5654 3785 5706 Ic-

2182 5724 2417 5796 ctionum
2443 5725 2621 5796 posita
2648 5725 2719 5780 sit
2746 5728 2800 5782 in
2826 5725 3229 5794 exemplaribus
3253 5724 3487 5794 antiquis
3513 5737 3611 5793 pro
3639 5722 3790 5778 arbi-

2180 5795 2285 5851 trio
2314 5795 2671 5852 librariorum.
