4230 6282
423 325 523 382 651

1820 321 1957 377 DIVI
1996 320 2319 378 CVPRIANI

3618 317 3728 374 652

426 465 518 520 per
540 445 834 519 patientiam
865 452 1211 515 exspectamus
1239 440 1417 511 (Rom.
1443 454 1553 507 rm,
1581 438 1698 508 24).
1727 438 2017 509 Propterea
2044 436 2095 498 Α
2123 445 2179 493 ει
2205 436 2308 492 ﬁde
2339 437 2508 506 major
2529 444 2631 500 est,
2662 448 2780 505 qua:
2812 439 2866 489 et
2892 446 3057 502 opera
3085 438 3135 488 et
3158 432 3412 504 martyria
3443 433 3720 504 pnecedit,

427 544 760 613 exSpcctatio
772 541 1091 611 etpatientia
1112 538 1415 595 necessaria
1434 544 1515 591 est
1538 547 1593 591 ιιι
1617 534 1666 590 id
1686 533 1827 605 quod
1851 532 2019 602 cmpl-

422 650 549 690 mus
575 634 912 702 impleamus,
955 642 1008 687 et
1034 630 1177 702 quod
1216 629 1486 686 credimus
1514 637 1568 684 ει
1606 640 1885 698 speramus
1910 625 2019 679 Deo

426 737 891 801 repraesentanteu
920 727 1213 798 capiamus.
1250 724 1489 795 Denique
1510 722 1614 777 alio
1642 722 1694 775 in
1727 718 2019 784 locoidem

427 820 704 892 apostolus
730 820 905 889 justos
935 827 989 875 ει
1012 827 1300 890 operantes
1328 815 1567 872 ctdivini
1595 811 1820 869 faenoris
1841 811 2018 867 incre-

426 922 615 968 mento
644 912 894 967 caelestes
930 912 1211 967 thesauros
1234 910 1332 965 sibi
1355 907 1711 965 recondentes
1738 917 1794 962 ut
1815 906 2022 977 patien—

430 1015 514 1062 tes
537 1020 750 1077 quoque
790 1007 896 1060 sint
924 1006 1139 1060 instruit
1173 1012 1229 1059 et
1263 1002 1423 1059 docet
1452 1001 1674 1057 dicens:
1708 1000 1869 1071 Ergo,
1899 999 2022 1053 dum

429 1109 627 1167 tempus
654 1100 896 1155 [tabamus
943 1117 1207 1170 operemur
1237 1099 1374 1169 quod
1419 1098 1603 1152 bonum
1635 1106 1707 1151 est
1733 1097 1800 1150 ad
1826 1111 2020 1160 omnes,

429 1195 651 1248 maxime
680 1209 794 1248 vero
823 1194 891 1247 ad
908 1193 1208 1247 domesticos
1238 1191 1379 1260 fidei.
1402 1188 1605 1244 Bonum
1632 1197 1799 1241 autem
1826 1187 2022 1258 facien-

432 1296 506 1343 tes
532 1304 633 1342 non
667 1288 998 1356 deﬁciamus;
1029 1297 1253 1354 tempore
1278 1286 1411 1340 enim
1437 1301 1529 1339 suo
1551 1293 1790 1338 metemus
1818 1280 1845 1319 ι)
1879 1278 2025 1352 (Gal.

431 1398 505 1446 vt,
530 1379 620 1453 9).
644 1378 915 1434 Admonet
947 1392 1021 1434 ne’
1051 1380 1171 1449 quis
1197 1378 1481 1447 impatiens
1502 1377 1554 1429 in
1594 1373 1907 1443 operatione
1933 1371 2027 1424 de-

431 1472 599 1538 ﬁciat,
629 1486 698 1526 ne
720 1470 839 1540 qttis
860 1469 1243 1524 tcntationibus
1262 1477 1356 1523 aut
1374 1474 1629 1520 avocatus
1659 1476 1750 1518 aut
1777 1464 1948 1518 victus
1974 1461 2026 1515 in

429 1562 613 1619 medio
660 1562 834 1617 laudis
881 1570 935 1616 et
963 1560 1146 1631 gloriae
1195 1561 1389 1619 itinere
1418 1558 1663 1622 desistat,
1705 1566 1760 1611 et
1807 1564 2030 1626 pereant

431 1656 726 1725 praeterita,
757 1654 880 1709 dum
901 1670 1019 1724 qua:
1045 1661 1322 1722 coeperant
1347 1651 1599 1707 desinant
1623 1663 1741 1703 esse
1771 1647 2026 1718 perfecta,

434 1748 571 1801 sicut
593 1747 853 1816 scriptum
881 1755 965 1800 est
994 1764 1007 1800 :
1040 1745 1249 1800 Justitia
1274 1745 1407 1817 justi
1446 1761 1544 1798 non
1573 1741 1803 1796 liberabit
1828 1756 1941 1793 eum
1977 1739 2030 1791 in

2123 545 2243 601 qum
2273 529 2548 585 nobiscum
2576 541 2788 597 semper
2816 533 3017 580 :eterna
3046 524 3188 594 apud
3216 525 3386 580 Deum
3416 525 3471 580 in
3493 525 3675 596 regnis
3698 536 3722 574 ε

2123 620 2432 677 caelestibus
2460 616 2815 690 permanebit.
2846 614 3001 671 Tolle
3030 614 3110 669 illi
3144 615 3480 686 patientiam,
3526 626 3584 671 et
3620 616 3720 671 de-

2124 716 2288 771 solata
2333 730 2438 769 non
2483 713 2659 769 durat.
2704 711 2854 767 Tolle
2894 710 2969 764 illi
3005 708 3306 765 sustinendi
3353 710 3723 781 tolerandique

2125 807 2502 872 substantiam,
2544 815 2599 860 ει
2638 803 2799 859 nullis
2826 802 3096 858 radicibus
3138 817 3204 857 ac
3237 802 3441 858 viribus
3471 818 3726 875 persevc-

2127 909 2229 956 ral.
2262 898 2551 969 Apostolus
2583 897 2838 967 denique,
2868 910 2988 950 cum
3015 894 3083 950 de
3099 895 3365 951 charitatc
3393 896 3725 967 loqueretur,

2128 994 2460 1051 tolerantiam
2493 993 2569 1047 illi
2599 1001 2651 1047 et
2684 991 2992 1061 patientiam
3016 988 3215 1059 junxit.
3244 989 3498 1055 Charitas,
3532 990 3722 1061 inquit,

2125 1088 2453 1161 magnanima
2479 1096 2572 1153 est,
2599 1085 2823 1140 cltaritas
2843 1084 3057 1155 benigna
3080 1094 3175 1150 est,
3202 1084 3423 1139 charitas
3444 1101 3545 1139 non
3566 1099 3725 1138 annu-

2128 1182 2281 1244 latur,
2312 1195 2412 1233 non
2436 1178 2667 1248 inflatur,
2701 1192 2804 1230 non
2828 1174 3082 1241 irritatur,
3113 1191 3215 1229 non
3240 1176 3429 1246 cogitat
3465 1173 3655 1228 malum
3677 1171 3727 1241 ιι,

2129 1273 2297 1327 omnia
2320 1269 2508 1341 diligit,
2540 1268 2712 1324 omnia
2739 1266 2921 1332 credit,
2962 1266 3134 1320 omnia
3161 1276 3351 1337 sperat,
3381 1267 3552 1320 omnia
3579 1267 3732 1320 susti-

2129 1372 2210 1417 net
2253 1363 2294 1433 (I
2325 1361 2442 1416 Cor.
2471 1376 2597 1427 xui,
2639 1356 2780 1429 1-7).
2833 1356 3079 1412 Ostendit
3110 1358 3232 1413 inde
3277 1358 3418 1412 illam
3473 1374 3726 1427 perseve-

2131 1469 2251 1510 rare
2295 1454 2556 1510 tenaciter
2596 1465 2756 1522 posse
2790 1450 2934 1521 quod
2969 1450 3178 1505 noverit
3216 1450 3397 1504 omnia
3437 1450 3728 1505 sustinere.

2134 1547 2196 1601 Et
2209 1546 2314 1600 alio
2335 1546 2389 1599 in
2409 1545 2527 1601 loco
2545 1560 2560 1598 :
2577 1542 2913 1609 Sustinentes,
2934 1543 3127 1615 inquit,
3142 1544 3353 1598 invicem
3367 1546 3418 1597 in
3444 1543 3730 1609 dilectione,

2131 1640 2252 1694 satis
2284 1646 2497 1710 agentes
2535 1653 2734 1692 servare
2761 1638 3007 1692 unitatem
3042 1637 3252 1708 spiritus
3281 1639 3334 1692 in
3380 1639 3733 1708 conjunctione

2134 1731 2275 1801 pacis
2307 1729 2522 1802 (Ep/tes.
2557 1744 2632 1795 tv,
2661 1728 2739 1800 2).
2790 1722 3053 1784 Probavit‘
3077 1743 3177 1784 nec
3230 1729 3492 1785 unitatem
3533 1730 3733 1785 servari

434 1856 750 1910 quacumque
776 1840 859 1893 die
878 1840 1179 1893 exerraverit
1207 1836 1422 1907 (Ezeclt.
1447 1851 1612 1890 xxxm
1636 1876 1651 1902 ,
1687 1833 1801 1905 12).
1833 1833 1901 1887 Et
1932 1832 2028 1886 itc-
2060 1833 2108 1893 Β
2137 1834 2295 1891 posse
2324 1836 2423 1876 nec
2465 1835 2650 1897 pacem
2688 1819 2789 1874 nisi
2818 1834 2879 1874 se
2911 1819 3139 1875 invicem
3169 1818 3359 1873 fratres
3387 1829 3567 1873 ntutua
3600 1821 3733 1875 tole-

437 1948 557 1987 rum
585 1951 599 1986 :
633 1932 767 1985 Tene
787 1932 924 2001 quod
953 1931 1125 1997 habes,
1156 1946 1218 1984 ne
1243 1930 1375 1984 alius
1397 1930 1613 1998 acripiat
1633 1920 1869 1982 coronam
1892 1935 2033 1979 tuam

446 2023 631 2096 (Apoc.
660 2038 753 2089 ιιι,
785 2020 899 2092 11).
932 2023 1062 2091 ριιτε
1089 2038 1192 2077 vox
1220 2022 1533 2077 adhortatur
1557 2020 1821 2091 patienter
1844 2027 1898 2071 ει
1929 2016 2038 2070 for—

440 2117 567 2170 titer
614 2130 993 2183 perseverare,
1051 2125 1112 2171 ut
1162 2115 1251 2186 qui
1301 2114 1369 2170 ad
1424 2128 1679 2169 coronam
1733 2110 1890 2167 laude
1925 2110 2037 2180 jam

437 2208 682 2277 proxima
710 2208 895 2263 nititur
911 2220 953 2275 ε,
985 2207 1215 2263 durante
1240 2206 1495 2278 patientia
1523 2212 1827 2261 coronetur.

512 2301 653 2358 XIV.
708 2303 968 2359 Patientia
1021 2313 1221 2369 autem,
1283 2302 1478 2357 fratres
1524 2300 1880 2362 dilectissimi.
1929 2313 2039 2353 non

443 2406 652 2453 tantum
682 2398 822 2454 bona
852 2397 1106 2466 custodit,
1137 2397 1231 2453 sed
1259 2407 1314 2453 et
1335 2396 1544 2467 repellit
1574 2396 1819 2451 adversa.
1861 2393 2038 2465 Spiri-

440 2492 727 2547 tuisancto
775 2490 959 2547 favens
999 2500 1053 2547 et
1090 2490 1399 2547 cmlestibus
1427 2504 1492 2544 ac
1536 2489 1733 2544 divinis
1760 2486 2041 2543 cohaerens

441 2592 628 2637 contra
658 2583 792 2639 facta
836 2584 1016 2639 carnis
1044 2592 1098 2639 et
1138 2574 1402 2654 corporis,
1435 2582 1629 2652 quibus
1671 2581 1849 2636 anima
1876 2595 2043 2650 expu-

448 2687 645 2744 gnatur
688 2688 743 2732 et
780 2678 989 2747 capitur
1005 2674 1054 2741 ά,
1089 2678 1342 2731 virtutum
1377 2691 1595 2731 suarum
1640 2673 2043 2746 propugnaculo

450 2768 770 2824 reluctatur.
801 2766 1148 2838 Inspiciamus
1164 2767 1404 2837 denique
1448 2781 1614 2837 pauca
1644 2766 1713 2821 de
1741 2765 1946 2832 multis,
1985 2773 2045 2821 ut

449 2859 519 2915 de
552 2860 737 2930 paucis
762 2859 1129 2930 intelligantur
1148 2870 1202 2915 et
1230 2869 1445 2916 etetera.
1469 2859 1827 2925 Adulterium,
1858 2858 2004 2914 fraus
2026 2898 2043 2926 ,

448 2952 817 3015 homicidium,
843 2952 1069 3007 mortale
1098 2955 1302 3007 crimen
1337 2961 1441 3008 εει.
1465 2950 1548 3007 Sit
1571 2952 1724 3008 fortis
1754 2959 1810 3008 et
1837 2950 2045 3007 stabilis

448 3045 501 3099 in
525 3044 687 3099 corde
703 3045 956 3115 patientia
976 3055 999 3081 θ
1018 3062 1032 3112 ;
1053 3054 1107 3101 ει
1128 3061 1226 3101 nec
1243 3046 1505 3101 adulterio
1520 3047 1907 3101 sanctiﬁcatum
1925 3060 2046 3100 cor—

445 3151 548 3207 pus
573 3145 625 3189 ct
655 3136 748 3191 Dei
773 3136 1027 3208 templum
1068 3138 1342 3208 polluitur,
1384 3153 1483 3193 nec
1507 3137 1731 3208 juSIitire
1770 3136 1942 3193 dicata
1966 3136 2049 3192 itt-

2138 1913 2308 1969 rantia
2336 1913 2570 1978 foveant,
2596 1922 2652 1969 et
2675 1912 2980 1969 concordia:
3007 1910 3276 1968 vinculum
3299 1909 3552 1982 patientia
3580 1911 3734 1967 intrr-

2137 2006 2365 2060 cedente
2391 2005 2715 2061 custodiant.

2212 2100 2349 2154 XVI.
2380 2099 2518 2168 Quid
2546 2099 2761 2167 deinde,
2796 2109 2990 2164 ιιιδιοιι
3008 2098 3158 2170 jures
3200 2112 3373 2169 neque
3417 2095 3729 2165 maledicas,

2140 2202 2197 2248 ut
2227 2202 2315 2248 tua
2335 2193 2513 2248 ablata
2534 2208 2642 2248 non
2663 2200 2898 2264 repetas,
2925 2201 3001 2259 ut,
3016 2202 3231 2262 accepta
3245 2192 3326 2246 ala
3336 2205 3420 2260 pa,
3441 2198 3495 2246 et
3511 2190 3732 2245 alteram

2140 2288 2413 2344 maxillam
2441 2287 2748 2343 verberanti
2775 2286 3035 2359 prmheas,
3064 2294 3120 2341 ut
3146 2284 3295 2340 fratri
3330 2284 3385 2340 in
3416 2291 3467 2339 te
3494 2284 3737 2355 peccanti

2141 2394 2248 2433 non
2292 2387 2497 2433 tantum
2534 2379 2762 2448 septies,
2790 2378 2885 2434 sed
2911 2377 3214 2447 septuagies
3243 2376 3443 2446 septies
3480 2374 3521 2443 ί,
3551 2374 3646 2429 sed
3685 2384 3742 2429 et

2142 2472 2321 2527 omnia
2338 2473 2557 2526 omnino
2571 2480 2790 2541 peccata
2803 2468 3327 2538 dimittas,utdiligas
3341 2466 3585 2522 inimicos
3598 2476 3739 2532 tuos,

2084 2576 2099 2598 ο
2145 2571 2202 2618 ιιι
2217 2578 2313 2632 pro
2336 2561 2657 2617 adversariis
2670 2571 2725 2618 et
2747 2562 3180 2632 persecutoribus
3193 2574 3407 2630 precem
3423 2558 3623 2613 facias?
3640 2557 3744 2612 Po-

2145 2654 2290 2709 risne
2317 2654 2329 2703 ι
2367 2654 2467 2709 ista
2491 2654 2750 2724 perlicere
2770 2652 2821 2720 κ,
2854 2653 2956 2708 nisi
2983 2652 3253 2723 patientiae
3273 2659 3327 2705 et
3349 2650 3643 2705 tolerantia:
3662 2658 3743 2705 te-

2147 2762 2275 2801 neas
2299 2746 2641 2801 lirmitatcm?
2661 2746 2813 2815 Quod
2831 2744 3027 2800 factum
3053 2744 3296 2800 videmus
3323 2744 3379 2798 in'
3396 2741 3673 2812 Stephano
3700 2738 3743 2802 ¹;

2146 2838 2259 2910 qui,
2288 2852 2407 2894 cum
2433 2855 2463 2892 ει
2489 2837 2689 2893 Judaeis
2710 2837 2760 2893 vi
2786 2844 2841 2893 et
2869 2836 3137 2909 lapidibus
3173 2844 3477 2902 necaretur,
3510 2849 3617 2889 non
3644 2833 3745 2889 sibi

2148 2931 2460 2997 vindictam,
2493 2932 2591 2988 sed
2631 2930 3065 2988 interfectoribus
3094 2930 3307 2986 veniam
3338 2928 3639 3000 postulabat
3664 2927 3749 2983 dio

2148 3038 2277 3079 cens
2303 3044 2314 3080 :
2341 3023 2581 3091 Domine,
2611 3040 2675 3079 ne
2701 3033 2896 3079 statuas
2923 3023 3026 3078 illis
3054 3023 3150 3077 hoc
3175 3008 3437 3093 peccatum
3480 3021 3622 3094 (Act.
3648 3036 3745 3081 vn.

2149 3116 2265 3186 59).
2294 3116 2385 3172 Sic
2414 3130 2535 3172 esse
2563 3116 2799 3186 oportuit
2824 3115 3054 3185 primum
3084 3124 3379 3186 martyrem
3406 3112 3627 3177 Christi,
3659 3113 3747 3182 qui

448 3230 694 3285 nocentia
721 3231 1039 3300 contagione
1068 3231 1269 3287 fraudis
1296 3230 1544 3299 inﬁcitur,
1582 3246 1682 3286 nec
1711 3241 1835 3302 post
1863 3242 2035 3301 gesta-

2151 3220 2417 3283 martyres
2459 3218 2738 3266 secuturos
2764 3208 2999 3278 gloriosa
3032 3215 3207 3263 morte
3247 3221 3603 3276 prtecurrens,
3643 3221 3747 3259 non

448 3332 555 3377 tam
580 3323 969 3378 Eucharistiam
994 3322 1012 3360 ί
1039 3338 1228 3378 manus
1243 3322 1421 3394 gladio
1437 3333 1490 3379 et
1508 3338 1702 3379 cruore
1723 3326 2040 3381 maculatur.

522 3415 638 3470 XV.
671 3415 917 3471 Charitas
938 3416 1284 3472 fraternitatis
1306 3415 1575 3470 vinculum
1605 3427 1707 3485 est,
1739 3418 2046 3475 fuitdanten-

452 3517 565 3564 tum
583 3510 652 3541 ²⁵²
670 3509 838 3579 pacis,
870 3509 1127 3565 tenacitas
1152 3524 1214 3564 ac
1236 3510 1460 3565 lirmitas
1479 3508 1716 3574 unitatis,
1738 3526 1858 3580 qua:
1879 3521 1931 3566 et
1951 3527 2047 3582 spe

2155 3315 2359 3361 tantum
2403 3305 2698 3361 Dominica:
2743 3303 3006 3375 passionis
3041 3301 3363 3374 praedicator
3391 3288 3538 3356 esset
3560 3309 3623 3365 ω,
3655 3298 3748 3354 sed

2149 3409 2203 3456 et
2223 3398 2630 3471 patientissima:
2652 3396 2888 3453 lenitatis
2911 3396 3167 3452 imitator.
3200 3394 3339 3461 Quid
3359 3394 3534 3449 dicam
3561 3392 3628 3448 de
3650 3392 3748 3455 ira,

2148 3490 2217 3547 de
2241 3490 2530 3559 discordia,
2559 3489 2628 3546 de
2645 3488 2935 3554 simultate,
2959 3503 3077 3560 qua:
3097 3487 3151 3543 in
3173 3486 3479 3545 Christiano
3496 3500 3619 3542 esse
3638 3499 3746 3540 non

1685 3622 2072 3682 LECTIONES
2113 3623 2529 3681 VARIANTES.

514 3744 541 3773 ⁸
576 3742 686 3794 1)εο
708 3746 1098 3806 repraesentante
1129 3741 1249 3793 Bod.
1276 3743 1322 3798 1.
1347 3742 1396 3801 2,
1422 3744 1470 3804 5,
1500 3741 1546 3791 4.
1589 3738 1748 3792 Saris.
1785 3739 1888 3791 Lin.
1920 3743 2037 3793 Ver.

452 3810 627 3857 Benev.
654 3805 813 3857 Bonet.
840 3805 949 3855 Deo
974 3812 1234 3864 praestante
1254 3806 1411 3855 Oxon.
1590 3817 1609 3831 ο

513 3866 541 3904 b
576 3870 822 3918 Metemus
845 3881 942 3916 non
966 3866 1149 3928 fatigati
1175 3868 1281 3917 ΝΟ.
1311 3868 1356 3917 1.

514 3935 536 3959 ί·
574 3931 809 3980 Coronam
825 3930 979 3979 laudis
987 3931 1086 3991 jam
1100 3931 1366 3991 proximam
1385 3927 1506 3979 Bod.
1524 3930 1548 3978 ‘l
1582 3930 1632 3989 5,
1647 3928 1691 3977 4.
1705 3931 1841 3980 Voss.
1859 3930 1902 3980 1.
1919 3929 2043 3979 Lau-

448 3994 561 4041 dem
582 4005 726 4053 quam
751 3993 970 4053 proxime
996 3991 1169 4042 Morel.
1188 3992 1250 4042 Et
1276 3991 1469 4042 laudem
1494 3992 1592 4054 jam
1610 3994 1882 4056 proximam
1904 3993 2040 4045 Foss.

452 4058 803 4189 1³ἰῗδξριιειιίιιιςι
826 4116 963 4189 Ιτεηι.
986 4118 1132 4189 foss.
1158 4115 1206 4165 2.
1232 4116 1357 4189 Bod.
1382 4116 1427 4189 _2.
1458 4118 1504 4167 ι.

517 4184 557 4242 0‘
576 4180 659 4227 Sic
682 4178 792 4227 forti
822 4184 874 4242 et
910 4177 1071 4227 stabili
1108 4184 1343 4229 manente
1381 4181 1431 4228 in
1472 4178 1622 4229 corde
1647 4181 1912 4242 patientia,
1950 4192 2043 4229 nec

450 4240 693 4290 adulterio
718 4239 874 4290 Saris.
1440 4274 1447 4279 .

514 4300 532 4341 ί
571 4302 821 4355 Gustatam
854 4302 1210 4355 Eucharistiam
1234 4304 1357 4355 Bod.
1399 4304 1442 4365 l,
1483 4304 1529 4354 Ξ.
1577 4306 1689 4355 MR.
1736 4304 1858 4357 Tltu.
1902 4306 2039 4357 Foss.

2157 3746 2293 3797 Pass.
2325 3746 2370 3801 l,
2395 3745 2445 3794 2.
2473 3746 2606 3793 Ltun.
2635 3740 2774 3793 Ebor.
2796 3748 2842 3793 et
2862 3753 3025 3793 anates
3045 3742 3173 3804 Imp.
3200 3746 3312 3791 ante
3334 3736 3522 3790 Pttniel.
3550 3737 3749 3789 Gestam

2147 3806 2498 3857 Eucharistiam
2524 3805 2624 3855 Lin.

2214 3871 2240 3909 Β
2274 3869 2478 3918 Ᾰεῖιρνιιε
2491 3871 2537 3917 in
2550 3868 2819 3930 regnisAr.
2835 3869 2968 3930 Lam.
2982 3866 3128 3918 Ebor.
3143 3866 3250 3917 ΝΕ.
3267 3866 3368 3915 Lin.
3386 3863 3538 3916 Bodl
3551 3901 3563 3925 ,
3578 3863 3626 3924 Ξ,
3637 3867 3689 3930 τᾷ,
3700 3864 3747 3913 4.

2212 3930 2241 3969 ¹ι
2276 3931 2466 3993 Cogitat
2488 3925 2685 3986 malum.
2710 3943 2805 3980 non
2831 3929 3016 3994 gaudet
3050 3942 3204 3994 super
3233 3929 3558 3992 iniquitatem,
3586 3925 3748 3977 collac-

2150 3998 2280 4043 tatur
2305 4002 2469 4044 autem
2495 3996 2537 4042 iu
2561 3995 2772 4043 veritate
2800 3995 2904 4044 Lin.

2216 4056 2231 4095 ί
2273 4056 2595 4119 Septuaginta
2618 4065 2672 4106 et
2703 4065 2898 4119 septem
2928 4052 3053 4119 139d.
3077 4054 3126 4103 4.

2219 4119 2232 4169 i
2276 4117 2384 4183 lfio'n
2408 4117 2595 4183 poteris
2617 4118 2710 4168 ista
2736 4118 2863 4183 80d.
2887 4118 2932 4167 1.
2952 4117 3001 4165 5.

2213 4183 2240 4221 k
2275 4178 2509 4231 Perférrc
2532 4178 2622 4231 A'r.
2652 4179 2809 4231 Saris.
2839 4182 2971 4230 Lam.
2996 4178 3142 4230 Ebor.
3171 4180 3310 4230 Fass.

2217 4244 2235 4283 1
2275 4244 2317 4292 Α
2340 4244 2591 4305 Stephano
2616 4244 2749 4292 Lam.
2775 4240 2919 4294 Ebor.
2951 4240 3077 4305 Bod.
3103 4242 3152 4291 2.

2212 4308 2252 4336 η’
2285 4303 2466 4356 Meruit
2492 4306 2776 4370 praedicator
2802 4318 2916 4356 esse
2940 4303 3097 4356 Saris.

1672 4389 1915 4445 STEPII.
1962 4388 2231 4447 BALUZII
2271 4388 2501 4445 NOTA'J.

521 4482 655 4539 XIII.
673 4482 1187 4545 —Repra:sentante.
1208 4481 1321 4553 Ego
1342 4498 1444 4537 non
1464 4482 1671 4539 inﬁcior
1687 4483 1811 4553 quin
1834 4482 2043 4553 vulgata
2070 4489 2123 4550 1)
2149 4484 2254 4536 ait:
2292 4481 2357 4536 Et
2383 4481 2520 4553 quod
2547 4498 2649 4553 non
2678 4481 2848 4553 statim
2881 4480 3088 4553 Domini
3116 4496 3302 4552 corpus
3329 4479 3605 4553 inquinatis
3630 4497 3746 4535 ma-

446 4554 639 4618 lectio,
671 4569 790 4624 qua:
821 4563 1092 4625 praestante
1121 4553 1310 4620 habet,
1342 4556 1411 4609 sit
1439 4555 1659 4624 optima.
1695 4553 1764 4609 At
1790 4568 1909 4608 cum
1941 4569 2041 4608 no-

449 4637 559 4679 stra
610 4624 828 4679 nitatur
859 4624 1175 4680 auctoritate
1226 4625 1594 4680 novemdecim
1656 4625 2042 4692 exemplarium

453 4707 762 4751 nostrorum
791 4706 845 4750 et
872 4711 967 4750 sex
993 4696 1439 4765 Anglicanorum,
1471 4705 1579 4749 tttm
1608 4697 1767 4749 etiam
1798 4698 2041 4749 testium-

449 4768 542 4850 nit)
574 4766 717 4821 Flori
738 4808 754 4835 ,
787 4767 1075 4823 arbitratus
1104 4781 1224 4822 sum
1255 4782 1375 4822 eam
1418 4765 1742 4821 reddendam
1780 4781 1899 4821 esse
1939 4767 2045 4837 Cy-

487 4853 658 4893 1⁵13110.

487 4856 658 4893 rtano.

449 4856 481 4908 ν
524 4909 604 4962 Ad
640 4925 901 4962 coronam.
947 4908 1168 4963 Multum
1209 4907 1418 4962 variant
1458 4909 1508 4962 in
1552 4908 1651 4963 hoc
1695 4907 1812 4963 loco
1861 4915 2041 4962 vetera

449 4981 797 5048 exemplaria.
830 4978 1085 5045 Quazdam
1117 4978 1259 5034 enim
1287 4979 1536 5034 exhibent
1568 4979 1851 5034 lectionem
1882 4994 2040 5047 quam

450 5065 551 5105 nos
578 5051 924 5112 retinuimus.
954 5050 1056 5104 alia
1084 5050 1151 5103 ad
1179 5066 1424 5104 coronam
1449 5051 1650 5117 laudis,
1682 5052 1783 5103 alia
1810 5059 1867 5104 et
1896 5060 2040 5104 vete-

448 5136 537 5178 res
563 5121 823 5176 editiones
848 5120 915 5173 ad
937 5136 1177 5174 coronam
1199 5130 1247 5174 et
1270 5121 1475 5175 laudem
1491 5123 1607 5191 jam
1632 5123 1937 5191 proximam.
1964 5120 2043 5177 Ex

449 5191 555 5246 illis
588 5192 903 5262 lectorﬂcam
933 5192 1095 5262 eliget
1125 5206 1244 5260 qua)
1272 5191 1373 5253 sibi
1404 5194 1573 5262 magis
1598 5192 1860 5247 arriserit.

523 5261 1017 5316 XIV.—Gestatam.
1042 5261 1243 5318 Omnes
1264 5274 1471 5317 veteres
1491 5261 1753 5318 editiones
1773 5273 1822 5316 et
1846 5262 2039 5318 sexde-

450 5333 556 5388 cim
585 5334 703 5388 libri
735 5344 977 5397 veteres,
1010 5334 1169 5405 etiam
1203 5333 1604 5405 Seguierianus,
1641 5333 1839 5405 habent
1865 5343 2041 5405 gusta-

449 5413 585 5468 tant,
614 5416 756 5472 octo,
779 5414 833 5459 et
862 5405 914 5459 in
945 5404 1028 5459 his
1052 5404 1399 5471 Veronensis,
1429 5415 1693 5475 gestatam.
1726 5404 1885 5458 Istam
1913 5420 2040 5459 vero

447 5476 734 5530 lectionem
752 5475 1016 5531 Pamelius
1038 5477 1215 5531 retulit
1237 5478 1287 5530 in
1306 5486 1634 5541 contextum,
1654 5490 1774 5531 eam
1794 5475 2041 5530 videlicet

448 5547 520 5618 ob
544 5561 759 5602 causam
790 5547 930 5618 quod
962 5562 1118 5600 manu
1150 5562 1255 5603 non
1280 5556 1523 5617 gestetur
1552 5546 1881 5618 liucltaristia
1904 5590 1918 5611 ,
1944 5547 2038 5602 sed

449 5617 574 5671 olim
600 5617 984 5687 gestari'solita
1011 5619 1080 5671 sit
1108 5618 1158 5671 in
1187 5634 1365 5673 unum.
1391 5618 1542 5685 Quod
1566 5617 1824 5686 Rigaltius
1848 5619 2039 5686 proba-

449 5688 543 5740 vit.
575 5687 755 5758 Itaque
782 5688 950 5743 visum
980 5698 1063 5743 est
1090 5688 1228 5742 hanc
1269 5690 1549 5743 lectionem
1569 5732 1584 5757 ,
1619 5702 1741 5758 qua:
1779 5697 2037 5756 prazterea

448 5758 637 5828 nititur
667 5762 982 5828 auctoritate
1022 5769 1146 5813 octo
1186 5769 1425 5813 veterum
1468 5759 1885 5828 exemplarium,
1918 5773 2039 5816 esse

447 5822 797 5885 retinendam.
810 5826 939 5884 Nam
955 5828 1252 5898 Cyprianus
1269 5830 1318 5884 in
1336 5829 1471 5885 libro
1484 5822 1762 5899 deLa'psis,
1780 5830 2033 5899 pag.188,

2150 4555 2296 4607 nibus
2330 4551 2567 4623 accipiat.
2602 4552 2733 4623 Vide
2758 4551 3019 4623 Joannem
3060 4552 3393 4623 Stephanum
3425 4552 3740 4616 Durantutn,

2151 4625 2241 4681 lib.
2274 4640 2310 4690 ι,
2339 4621 2456 4694 cap.
2491 4623 2578 4687 16,
2605 4622 2676 4694 de
2706 4621 2905 4677 Ritibus
2938 4621 3181 4676 Ecclesia:
3206 4622 3492 4681 catholicaz.
3529 4623 3740 4679 llenrici

2154 4694 2347 4751 Valesii
2378 4693 2752 4749 annotationes
2778 4694 2845 4748 ad
2880 4694 3188 4760 Eusebium,
3214 4694 3309 4749 lib.
3333 4708 3408 4757 vt,
3439 4708 3557 4763 cap.
3578 4695 3669 4760 45,
3690 4704 3745 4749 ει

2150 4767 2245 4821 lib.
2284 4782 2355 4821 vn
2382 4781 2500 4834 cap.
2531 4765 2585 4831 9,
2617 4764 2957 4820 Cardiualem
2986 4764 3209 4829 Bonam,
3241 4764 3336 4819 lib.
3366 4779 3401 4817 ιι
3436 4763 3625 4818 Rerum
3652 4763 3743 4818 Li-

2150 4838 2481 4909 turgicurum,
2497 4851 2616 4907 cap.
2638 4836 2723 4904 I7,
2751 4844 2806 4892 et
2829 4836 3237 4908 lIOSpinianum,
3260 4836 3355 4891 ιιι).
3376 4850 3393 4889 t
3411 4835 3473 4889 de
3490 4835 3736 4908 Templis,

2147 4922 2269 4964 can.
2303 4909 2358 4964 5.

2380 5009 2451 5019 —
2477 4978 2598 5033 Non
2626 4986 2822 5035 tantum
2841 4968 3043 5050 septies.
3076 4978 3152 5033 Ita
3190 4978 3703 5050 veteresgeditiones
3723 5021 3737 5044 ,

2147 5051 2307 5106 etiam
2340 5050 2683 5114 Morelliana,
2725 5059 2781 5104 et
2818 5048 2923 5104 duo
2963 5051 3084 5104 libri
3123 5059 3354 5106 veteres.
3394 5048 3549 5118 Quod
3588 5052 3745 5104 sum-4

2147 5131 2294 5192 ptum
2324 5131 2497 5176 estex
2528 5122 2704 5191 capite
2732 5137 2907 5176 xxvut
2948 5119 3204 5176 Mattluei.
3244 5121 3428 5190 Itaque
3468 5122 3554 5176 hic
3593 5122 3740 5177 locus

2147 5191 2359 5247 videtur
2400 5207 2521 5248 esse
2561 5192 2779 5246 mutilus
2821 5192 2872 5246 in
2904 5192 3137 5262 antiquis
3180 5192 3477 5253 codicibus,
3508 5193 3598 5262 qui
3628 5207 3733 5247 non

2146 5262 2344 5319 habent
2372 5263 2511 5319 hanc
2533 5262 2867 5331 particulam.
2895 5262 3027 5317 Eam
3058 5262 3325 5317 Manutius
3353 5263 3589 5327 sustulit,
3618 5262 3731 5317 Mo-

2145 5336 2330 5393 rellius
2374 5334 2634 5402 reposuit,
2686 5334 2951 5388 Pamelius
2995 5348 3209 5388 rursum
3262 5335 3493 5388 sustulit.
3548 5334 3730 5389 Codex

2144 5406 2313 5477 sancti
2357 5404 2617 5477 Arnulphi
2642 5448 2657 5471 ,
2702 5420 2807 5458 non
2848 5413 3046 5477 tantum
3084 5406 3407 5477 septuaginta
3437 5414 3483 5477 et
3519 5414 3730 5477 septem.

2146 5474 2219 5529 Ea
2248 5474 2708 5546 argumentatione
2725 5482 2788 5546 et
2814 5474 3289 5530 auctoritateusus
3316 5485 3399 5531 est
3427 5474 3736 5531 Catholicus

2144 5545 2502 5617 Armenormn
2520 5560 2662 5617 anno
2679 5545 2816 5600 1247
2833 5546 2898 5600 ad
2916 5546 3282 5601 Innocentium
3304 5547 3499 5617 Papam
3518 5546 3587 5602 IV
3598 5547 3732 5601 scri-

2144 5616 2307 5681 bens,
2341 5618 2475 5671 ιιιεί
2506 5616 2759 5672 suaderet
2805 5617 3133 5686 parcendum
3173 5631 3296 5672 esse
3323 5616 3598 5674 Friderico
3632 5619 3731 5671 im-

2145 5688 2409 5758 peratori,
2443 5686 2699 5758 adversus
2726 5703 2886 5757 quem
2916 5687 3274 5758 vehementer,
3301 5699 3577 5744 exarserat
3628 5690 3732 5741 ira-

2144 5755 2343 5829 cundia
2362 5759 2538 5829 Papa).
2566 5755 2700 5812 Vide
2724 5755 3012 5829 Odoricum
3041 5757 3373 5829 Rayualdum
3402 5773 3542 5815 anno
3572 5758 3729 5825 HW,

2147 5828 2176 5900 θ
2209 5829 2296 5887 51.
2331 5828 2464 5885 Vide
2494 5843 2651 5901 sopra
2684 5844 2804 5899 pag.
2838 5828 2961 5885 463.
