4230 6282
268 260 375 317 655

1366 215 1371 219 ’
1424 258 1629 316 LIBER
1667 256 1754 313 DE
1795 255 1973 314 sono
2010 256 2418 314 putemne.

2684 177 2719 189 κ

3466 256 3571 319 634

267 352 504 429 debent?
550 373 635 431 Sit
671 377 924 448 patientia
958 378 1011 434 in
1053 388 1287 450 pectore,
1330 389 1385 435 et
1421 381 1535 436 luce
1562 379 1668 435 illic
1694 380 1868 434 locum
1894 378 1948 440 Α
1973 392 2161 433 omnes
2190 393 2289 449 per
2315 377 2593 434 mulierem
2621 377 2871 451 decipere
2898 387 3080 451 posset
3113 388 3168 435 et
3194 377 3394 444 fallere,
3428 379 3571 450 quod

269 464 472 521 habere
520 482 629 521 non
674 478 929 538 possunt;
974 478 1068 524 aut
1111 471 1156 525 si
1200 471 1350 528 adire
1388 471 1730 537 tentaverint,
1762 471 1871 526 cito

273 557 491 613 exclusa
520 557 824 628 discedunt,
859 570 917 617 ut
944 560 1271 618 domicilium
1300 563 1577 634 pacificum
1616 578 1870 634 perseve-

272 658 357 704 ret
386 649 438 703 in
466 650 630 706 corde
658 651 747 707 ubi
781 652 946 708 Deum
990 653 1138 723 pacis
1176 652 1408 711 delectet
1452 654 1714 710 habitare.
1765 653 1875 710 Ad-

273 734 699 809 monetdenique
715 744 1004 814 Aposmlus
1017 754 1068 799 et
1082 744 1242 800 ducet
1261 744 1445 801 dicens
1465 755 1490 783 ιι
1511 762 1525 799 :
1551 744 1728 802 Nolite
1747 762 1872 800 con-

276 831 480 886 tristare
522 831 774 903 Spiritum
804 843 1035 888 sanetum
1074 833 1192 903 Dei,
1218 836 1273 889 in
1310 852 1411 901 quo
1447 836 1632 908 signati
1670 837 1791 892 estis
1820 837 1875 891 in

276 922 409 975 diem
426 922 786 995 redemptionis
801 925 852 981 ι).
879 925 1058 980 Omnis
1082 927 1369 983 amaritudo
1393 939 1440 984 et
1461 929 1539 1002 ira
1567 940 1613 983 et
1634 930 1875 1000 indigna-

277 1014 346 1067 tio
386 1024 432 1069 et
472 1014 667 1071 clamor
702 1027 749 1072 et
795 1019 1109 1089 blasphemia
1132 1024 1400 1092 auferatur
1432 1039 1464 1076 a
1488 1023 1625 1077 vobis
1657 1022 1872 1096 (Ep/tes.

278 1120 353 1172 ιν,
386 1107 499 1180 50).
531 1106 589 1164 Si
616 1110 759 1165 enim
789 1110 1120 1167 Christianus
1158 1128 1189 1168 a
1222 1112 1401 1170 furore
1436 1124 1492 1171 et
1529 1117 1877 1174 contentione

278 1200 503 1269 earnali,
546 1208 811 1273 tamquam
843 1203 910 1259 de
935 1204 1099 1259 maris
1152 1205 1473 1275 turbinibus,
1524 1214 1774 1275 excessit,
1823 1219 1879 1266 et

281 1292 595 1363 tranquillus
612 1309 677 1349 ac
693 1294 827 1351 lenis
844 1295 896 1350 in
921 1306 1073 1366 portu
1093 1296 1290 1352 Christi
1306 1313 1428 1354 esse
1444 1299 1553 1369 jam
1574 1302 1756 1370 cmpit,
1778 1317 1877 1357 nec

283 1382 416 1437 iram
456 1398 557 1439 nec
595 1383 916 1442 discordiam
953 1386 1109 1443 debet
1155 1388 1294 1443 intra
1333 1399 1518 1459 peetus
1572 1390 1873 1459 admittere,

281 1473 366 1528 cui
395 1489 496 1530 nec
524 1475 725 1531 malum
757 1477 1022 1555 prontalo
1063 1477 1290 1534 reddere
1319 1479 1475 1537 liceat
1502 1496 1604 1538 nec
1640 1482 1836 1539 odisse.

357 1566 522 1625 XVII.
553 1569 776 1626 Necnon
811 1572 878 1626 ad
909 1571 1055 1628 varia
1084 1587 1297 1644 quoque
1323 1575 1504 1631 carnis
1539 1575 1876 1631 incommoda

280 1666 336 1713 ct
370 1661 592 1717 crebros
625 1663 866 1734 corporis
903 1663 1183 1736 durosque,
1213 1666 1500 1734 cruciatus,
1541 1667 1735 1739 quibus
1776 1669 1877 1727 hu-

1975 468 2099 525 fecit
2138 470 2189 524 in
2230 469 2415 524 mundi
2455 470 2690 540 origine;
2730 486 2829 527 nec
2868 479 3047 527 tamen
3087 470 3188 526 Job
3215 470 3466 541 gravibus
3509 485 3574 526 ac

1975 561 2157 623 densis
2184 560 2668 619 conflictationibus
2694 563 2954 634 frangitur
2976 564 3261 635 quominus
3287 564 3425 618 inter
3455 563 3577 619 illas

1976 653 2249 725 angustias
2288 664 2344 710 et
2382 669 2661 724 pressuras
2698 670 2823 710 suas
2851 655 2945 711 Dei
2972 655 3277 711 benedictio
3297 651 3328 692 ιι
3355 655 3575 711 victrice

1980 747 2233 817 patientia
2265 747 2598 818 praedicetur.
2630 746 2828 803 Tobias
2856 763 3089 819 quoque,
3121 757 3242 819 post
3261 748 3483 818 iustitia:
3520 758 3577 804 et

1979 838 2361 895 misericordiae
2377 853 2487 893 sua?
2503 852 2666 908 opera
2683 838 2987 908 magnifica,
3008 838 3266 894 luminum
3281 839 3576 895 amissione

1981 939 2233 995 tentatus,
2264 931 2316 985 in
2341 940 2598 1000 quantum
2631 931 2895 1001 patienter
2920 929 3221 986 ctecitatem
3248 932 3483 1001 pertulit,
3516 932 3571 987 in

1981 1031 2183 1077 tantum
2214 1020 2489 1092 granditer
2517 1021 2686 1076 Deum
2718 1020 2985 1092 patientia:
3014 1019 3177 1076 laude
3193 1022 3506 1091 promeruit.

2056 1116 2192 1172 XIX.
2221 1119 2416 1187 Atque,
2437 1125 2492 1172 ut
2511 1117 2699 1188 magis,
2722 1114 2914 1172 fratres
2935 1115 3290 1182 dilectissimi,
3306 1115 3578 1185 patientia:

1982 1208 2178 1263 bonum
2210 1208 2402 1272 luceat,
2430 1207 2557 1278 quid
2580 1208 2704 1262 mali
2734 1205 2747 1244 ί
2771 1221 2803 1262 e
2828 1208 3098 1262 contrario
3120 1204 3447 1285 impatientia
3471 1205 3574 1259 im-

1983 1308 2159 1369 portet
2185 1298 2610 1355 consideremus.
2630 1298 2785 1363 Nam,
2815 1307 2872 1352 ut
2895 1297 3147 1368 patientia
3167 1296 3367 1351 bonum
3378 1294 3577 1349 Christi

1983 1404 2085 1458 est,
2119 1392 2199 1449 sic
2224 1409 2255 1448 e
2283 1402 2470 1448 contra
2506 1390 2835 1462 impatientia
2865 1390 3066 1446 diaboli
3095 1389 3296 1445 malum
3321 1390 3369 1457 i;
3401 1398 3456 1444 et
3500 1389 3580 1444 si-

1982 1495 2068 1539 cut
2101 1484 2155 1538 in
2182 1498 2289 1555 quo
2317 1483 2527 1540 habitat
2556 1490 2611 1539 et
2638 1488 2833 1553 manet;
2861 1480 3132 1549 Christus,
3175 1481 3382 1552 patiens
3428 1481 3579 1536 inve-

1982 1578 2146 1643 nitur,
2177 1577 2248 1632 ita
2276 1576 2562 1647 impatiens
2583 1590 2798 1648 semper
2818 1576 3001 1632 existit
3023 1577 3176 1645 cujus
3201 1583 3436 1630 mentem
3457 1573 3577 1629 dia-

1983 1670 2093 1727 boli
2110 1671 2346 1741 nequitia
2368 1669 2625 1741 possidet.
2646 1669 2880 1725 Exordia
2896 1669 3128 1739 denique
3149 1668 3261 1739 ipsa
3277 1666 3573 1724 videamus.

276 1767 497 1809 manum
519 1770 689 1826 genus
712 1758 949 1828 quotidie
977 1757 1226 1830 fatigatur
1253 1770 1307 1816 et
1335 1763 1593 1831 quatitur,
1618 1762 1868 1831 patientia
1897 1773 1947 1833 Β
1978 1766 2232 1821 Diabolus
2280 1765 2552 1822 hominem
2577 1764 2605 1802 ι
2654 1765 2723 1820 ad
2765 1765 3049 1836 imaginem
3089 1763 3183 1818 Dei
3237 1761 3447 1817 factum
3474 1761 3575 1814 im-

222 1887 233 1891 -
276 1848 580 1903 necessaria
599 1859 702 1904 est.
724 1848 880 1917 Nam,
901 1865 1024 1906 cum
1052 1851 1105 1931 in
1136 1851 1224 1907 illa
1255 1852 1422 1923 prima
1447 1855 1873 1925 transgressione

275 1944 529 2014 praecepti
556 1945 779 2003 firmitas
804 1948 1046 2019 corporis
1080 1964 1203 2005 cum
1238 1950 1637 2006 immortalitate
1663 1949 1870 2005 disces-

272 2037 424 2105 serit,
464 2047 520 2093 et
546 2054 667 2095 cum
698 2051 872 2098 morte
898 2042 1182 2100 infirmitas
1204 2046 1431 2113 venerit,
1459 2060 1562 2102 nec
1589 2046 1759 2116 possit
1779 2046 1871 2100 lir-

271 2128 431 2184 mitas
468 2132 632 2202 recipi
660 2134 762 2188 nisi
792 2148 915 2189 cum
948 2146 1162 2207 recepta
1192 2147 1246 2193 et
1274 2137 1647 2192 immortalitas
1686 2136 1868 2202 fuerit,

271 2230 484 2291 oportet
512 2223 567 2279 in
592 2224 692 2283 hac
717 2225 1005 2299 fragilitate
1034 2239 1193 2301 atque
1222 2230 1532 2287 infirmitate
1560 2244 1822 2300 corporea
1843 2239 1863 2267 ε

210 2318 219 2331 '
270 2316 460 2374 luctari
481 2333 695 2389 semper
719 2330 777 2374 et
793 2320 1066 2390 congredi.
1089 2320 1220 2389 Qua:
1240 2321 1459 2377 luctatio
1484 2332 1540 2377 et
1557 2320 1870 2392 congressio

270 2424 376 2465 non
425 2409 524 2479 nisi
576 2410 842 2480 patientia:
880 2412 1083 2467 viribus
1124 2421 1301 2483 potest
1339 2413 1617 2469 sustineri.
1651 2411 1871 2477 Exami2

270 2501 462 2557 nandis
500 2510 675 2559 autem
710 2502 864 2559 nobis
891 2512 1053 2575 atque
1081 2506 1432 2576 explorandis
1455 2503 1483 2544 (ι
1526 2506 1721 2563 diversi
1762 2505 1867 2560 im-

268 2602 553 2664 per-tantur
600 2595 855 2664 dolores,
909 2605 964 2652 et
1004 2596 1277 2668 multiplex
1329 2600 1682 2656 tentationum
1732 2613 1867 2669 qua-

268 2684 393 2741 Iitas
447 2686 747 2757 irrogatur,
794 2687 863 2744 de
903 2687 1130 2759 iacturis
1176 2690 1522 2759 facultatum,
1579 2691 1649 2747 de
1706 2691 1869 2746 ardo-

269 2778 421 2834 ribus
463 2778 714 2847 febrium,
747 2780 816 2836 de
874 2782 1199 2839 cruciatibus
1236 2783 1539 2849 vulnerum,
1591 2783 1659 2838 de
1706 2783 1869 2838 amis-

268 2872 421 2929 sione
474 2871 783 2928 charorum.
823 2872 933 2929 Nec
982 2873 1125 2929 aliud
1166 2875 1394 2947 magis.e
1449 2875 1591 2931 inter
1639 2875 1869 2946 injustos

268 2967 530 3025 discernit
564 2978 620 3025 et
653 2969 847 3039 justus,
878 2986 1036 3042 quam
1066 2973 1209 3045 quod
1257 2974 1310 3028 in
1339 2973 1579 3055 adversis
1630 2988 1726 3042 per
1764 2972 1868 3026 im-

269 3063 580 3135 patientiam
644 3064 886 3135 queritur
952 3074 1007 3119 et
1056 3065 1393 3136 blasphemat
1442 3065 1672 3136 injustus
1702 3106 1717 3130 ,
1769 3079 1866 3134 pa-

1978 1858 2239 1929 patienter
2249 1857 2371 1917 tulit
2387 1857 2542 1929 :jnde
2561 1865 2615 1912 et
2642 1857 2795 1928 periit
2815 1857 3019 1928 primus
3034 1864 3089 1909 et
3109 1852 3359 1925 perdidit.
3376 1850 3570 1915 Adam,

1975 1958 2164 2006 contra
2187 1950 2415 2007 caeleste
2444 1958 2791 2021 praeceptum,
2818 1948 2923 2005 cibi
2954 1948 3167 2004 lethalis
3187 1945 3496 2017 impatiens,
3523 1945 3574 1999 in
3663 2003 3667 2007 _

1975 2052 2207 2097 mortem
2234 2041 2449 2107 cecidit,
2493 2056 2595 2097 nec
2629 2050 2907 2112 acceptam
2934 2039 3191 2099 divinitus
3221 2040 3449 2110 gratiam
3489 2032 3587 2107 pa?

1977 2135 2160 2195 tientia
2196 2134 2418 2191 custode
2452 2135 2715 2200 servavit;
2745 2143 2799 2188 et
2830 2142 2885 2188 ut
2920 2132 3142 2188 fratrem
3177 2130 3309 2187 Cain
3343 2133 3575 2201 perime-

1974 2237 2078 2295 ret,
2112 2227 2362 2287 sacrilicii
2387 2227 2503 2298 ejus
2530 2238 2586 2283 et
2615 2224 2854 2283 muneris
2885 2225 3174 2297 impatiens
3201 2223 3329 2290 fuit;
3353 2230 3408 2278 et
3435 2219 3577 2292 quod

1973 2319 2118 2375 Esau
2164 2322 2232 2377 de
2272 2322 2568 2392 majoribus
2607 2321 2674 2375 ad
2714 2321 2924 2376 minora
2968 2316 3270 2385 descendit,
3317 2315 3581 2387 primatus

1971 2425 2100 2467 suos
2139 2428 2236 2483 per
2266 2413 2653 2485 impatientiam
2683 2411 2843 2468 lentis
2868 2409 2891 2485 ,ι
2923 2412 3125 2467 amisit.
3154 2408 3293 2476 Quid
3321 2405 3577 2467 Judaicus

1972 2505 2205 2575 populus
2248 2504 2391 2561 circa
2439 2505 2704 2562 beneficia
2746 2503 2926 2565 divina
2967 2502 3200 2574 perfidus
3226 2510 3282 2557 et
3318 2501 3575 2570 ingratus,

1972 2610 2153 2651 nonne
2178 2596 2321 2668 quod
2351 2611 2393 2659 at
2422 2597 2532 2653 Deo
2562 2596 2791 2668 primum
2823 2595 3066 2663 recessit,
3100 2592 3445 2664 impatientia:
3473 2589 3579 2644 cri-

1970 2703 2095 2744 men
2128 2688 2226 2744 fuit
2247 2730 2263 2756 ,
2297 2688 2425 2759 dum
2450 2689 2617 2761 Moysi
2647 2703 2769 2744 cum
2807 2687 2918 2744 Deo
2944 2696 2984 2724 ιη
3011 2684 3370 2756 colloquentis
3398 2694 3578 2737 moras

1952 2799 2079 2851 non
2113 2792 2289 2854 potest
2315 2783 2473 2847 ferre,
2504 2782 2761 2852 profanos
2788 2780 2924 2836 deos
2943 2794 3105 2835 ausus
3125 2788 3210 2835 est
3234 2776 3505 2848 postulare
3526 2784 3577 2838 ιι,

1950 2888 2031 2934 ,υι
2070 2878 2279 2934 itineris
2318 2876 2400 2932 sui
2428 2877 2596 2932 duces
2625 2880 3007 2944 nuncuparet°
3038 2878 3201 2941 caput
3224 2867 3482 2924 bubulum
3525 2874 3581 2920 et

1970 2980 2227 3028 terrestre
2264 2970 2611 3042 figmentum;
2659 2983 2759 3024 nec
2790 2980 3043 3038 umquam
3080 2963 3150 3020 ab
3182 2962 3371 3019 eadem
3404 2961 3577 3029 impa-

1970 3064 2156 3120 tientia
2181 3062 2404 3129 destitit,
2427 3062 2736 3133 quominus,
2762 3073 2976 3130 semper
2995 3055 3287 3113 docilitatis
3304 3061 3362 3108 et
3380 3051 3575 3107 divinae

270 3156 456 3212 tientia
483 3158 660 3228 justus
690 3155 711 3195 τ
746 3157 1020 3228 probatur,
1062 3159 1200 3213 sicut
1224 3158 1486 3230 scriptum
1516 3167 1599 3214 est
1627 3175 1641 3211 :
1669 3156 1739 3212 In
1768 3158 1864 3212 da-
1891 3187 1937 3251 ρ
1969 3155 2350 3238 admonitionis
2376 3155 2681 3226 impatiens,
2698 3151 2999 3223 Prophetas
3013 3164 3141 3206 suos
3158 3148 3397 3219 etjustus
3416 3157 3578 3251 qu‘os-

269 3249 378 3304 lore
399 3251 609 3318 sustine,
636 3259 681 3304 et
710 3250 765 3304 in
792 3250 1079 3305 humilitate
1109 3260 1197 3304 tua
1234 3250 1531 3320 patientiam
1564 3249 1712 3312 habe.
1738 3266 1867 3320 quo-

271 3341 410 3394 uiam
431 3340 481 3394 in
498 3342 616 3412 igne
637 3342 880 3411 probatur
894 3358 1076 3417 aurum
1092 3353 1138 3397 et
1154 3354 1420 3415 argentum
1434 3353 1458 3391 κ
1484 3341 1672 3416 (Eccli.
1701 3358 1762 3411 ll,
1783 3342 1865 3416 4).

346 3431 529 3488 XVIII.
550 3432 639 3490 Sic
654 3434 756 3489 .Iub
766 3437 1108 3492 examinatus
1125 3444 1209 3492 est
1228 3445 1283 3491 et
1296 3435 1547 3507 probatus
1575 3435 1705 3491 etad
1720 3450 1868 3491 sum-

274 3542 426 3581 mum
449 3528 715 3598 faStigium
746 3528 918 3584 laudis
949 3529 1221 3598 patientia:
1250 3529 1445 3584 virtute
1473 3528 1545 3581 "1"
1561 3537 1867 3599 provectus.

274 3620 481 3687 Quanta
494 3619 757 3677 adversus
774 3636 895 3675 eum
914 3620 1110 3675 diaboli
1130 3620 1305 3690 jacula
1327 3620 1545 3686 emissa,
1561 3628 1756 3689 quanta
1774 3618 1870 3673 ad-

274 3722 420 3766 mota
443 3721 705 3767 tormenta
724 3713 737 3766 Ξ
754 3712 968 3768 Iactura
990 3713 1068 3768 rei
1090 3711 1369 3768 familiaris
1387 3711 1664 3783 inﬂigitur,
1682 3726 1870 3767 nume-

275 3820 413 3861 rosae
426 3805 627 3862 sobolis
643 3807 845 3863 orbitas
858 3808 1146 3878 irrogatur.
1166 3807 1323 3862 Dives
1337 3806 1389 3861 in
1403 3821 1569 3862 censu
1595 3805 1868 3873 dominus,

275 3908 331 3955 ct
360 3898 412 3953 in
439 3898 623 3954 liberis
652 3908 800 3969 pater
843 3899 1023 3967 ditior,
1075 3914 1177 3955 nec
1207 3899 1456 3953 dominus
1506 3906 1728 3968 repente
1772 3911 1872 3953 nec

278 3998 430 4058 pater
468 3997 570 4044 est.
613 3989 834 4046 Accedit
868 3989 1150 4045 vulnerum
1181 3990 1423 4055 vastitas,
1451 3998 1505 4044 et
1539 3987 1876 4044 tabescentes

277 4093 341 4133 ac
370 4078 600 4135 ﬂuentes
629 4090 777 4135 artus
797 4079 934 4135 edax
963 4095 1176 4151 quoque
1202 4079 1462 4134 vermium
1492 4093 1648 4150 paena
1676 4093 1872 4134 consu-

277 4173 394 4227 mit.
424 4174 522 4238 Ac,
558 4188 626 4229 nc
650 4173 777 4244 quid
812 4174 1032 4228 omnino
1059 4183 1363 4235 remaneret
1390 4171 1533 4245 quod
1559 4185 1664 4227 non
1694 4170 1795 4227 Job
1822 4171 1875 4227 in

277 4267 391 4320 suis
422 4266 802 4322 tentationibus
823 4267 1174 4337 experiretur,
1201 4276 1373 4321 armat
1398 4264 1641 4321 diabolus
1669 4274 1725 4319 et
1748 4278 1878 4319 uxo-

276 4376 416 4430 rem,
461 4359 555 4416 illo
590 4360 812 4433 antiquo
841 4363 1092 4434 nequitia:
1120 4376 1250 4433 suae
1291 4375 1418 4416 usus
1452 4359 1689 4430 ingenio,
1722 4357 1877 4429 quasi

1970 3264 2077 3320 que
2090 3231 2424 3321 perimendo,
2440 3249 2507 3303 ad
2528 3261 2743 3304 crucem
2756 3260 2968 3317 quoque
2988 3253 3041 3300 et
3055 3243 3122 3299 ad
3141 3241 3453 3313 sanguinem
3469 3237 3577 3292 Do-

1972 3342 2103 3396 mini
2126 3340 2412 3414 prosiliret.
2429 3340 2762 3422 Impatientia
2784 3337 2946 3394 etiam
2969 3336 3077 3397 Pin
3101 3332 3338 3391 Ecclesia
3361 3328 3576 3386 haereti-

1971 3447 2067 3489 cos
2079 3431 2199 3489 facit
2210 3475 2224 3501 ,
2241 3442 2312 3499 et,
2331 3420 2397 3487 ad
2413 3420 2720 3489 Iudaeorum
2738 3428 3165 3494 similitudinem,
3180 3435 3366 3482 contra
3379 3422 3577 3478 Christi

1976 3540 2160 3596 pacem
2191 3534 2247 3581 ct
2270 3525 2583 3581 charitatem
2606 3524 2837 3582 rebelles
2856 3523 2922 3579 ad
2941 3521 3150 3579 hostilia
3162 3531 3217 3576 et
3232 3518 3431 3574 furiosa
3456 3514 3579 3570 odia
3680 3534 3687 3537 ·

1975 3620 2267 3689 compellit.
2299 3619 2389 3687 Et,
2420 3635 2489 3677 ne
2509 3620 2726 3690 longum
2752 3619 2822 3674 sit
2847 3617 3056 3687 singula
3076 3627 3378 3677 recensere,
3402 3609 3579 3686 onmia

1974 3711 2194 3766 nttmino
2210 3727 2331 3781 quae
2345 3713 2597 3782 patientia
2614 3710 2866 3782 operibus
2879 3708 2993 3763 suis
3004 3705 3234 3761 aedificat
3250 3703 3316 3759 a‘d
3328 3701 3577 3773 gloriam,

1975 3804 2311 3873 impatientia
2340 3803 2572 3860 destruit
2598 3802 2665 3858 ad
2702 3804 2930 3857 ruinam.
3316 3858 3317 3861 η

2050 3893 2168 3949 XX.
2201 3893 2397 3963 Quare,
2426 3893 2622 3951 fratres
2646 3881 3002 3959 dilectissimi,
3041 3899 3095 3947 et
3125 3888 3284 3969 bonis
3306 3886 3580 3959 patientia:

1980 3994 2036 4043 ct
2061 3987 2406 4057 im’patientiae
2430 3986 2586 4043 malis
2620 3986 2904 4057 diligenter
2930 3982 3208 4054 expensis,
3245 3979 3577 4052 patientiam,

1982 4095 2081 4151 per
2100 4094 2259 4150 quam
2282 4079 2334 4135 in
2358 4078 2575 4135 Christo
2597 4091 2898 4140 manemus.
2925 4084 2984 4131 ut
3009 4074 3192 4129 venire
3221 4086 3343 4127 cum
3364 4068 3579 4126 Chriseo
3632 4062 3635 4065 ’

1979 4171 2045 4226 ad
2093 4172 2259 4227 Deum
2301 4173 2567 4240 possimus
2591 4182 2641 4239 tt,
2678 4171 2835 4243 plena
2865 4166 3239 4225 observatione
3268 4174 3576 4224 teneamus;

1980 4278 2102 4334 quia
2130 4264 2350 4336 copiosa
2392 4274 2447 4321 et
2484 4265 2770 4336 multiplex
2814 4278 2919 4317 non
2959 4270 3185 4332 angusto
3224 4256 3329 4310 fine
3354 4253 3577 4308 conclu-

1981 4356 2139 4427 ditur,
2189 4374 2289 4415 nec
2326 4358 2577 4416 brevibus
2619 4357 2865 4415 terminis
2911 4362 3211 4411 coercetur.
3260 4348 3391 4404 Late
3434 4354 3580 4417 patet

1512 4472 1898 4529 LECTIONES
1940 4471 2360 4532 VARIANTES.

346 4599 371 4628 ³³
406 4597 573 4648 Monet
617 4597 789 4648 dicens
828 4592 952 4644 Bod.
996 4594 1041 4643 l.
1082 4591 1328 4642 Admonet
1368 4589 1589 4654 denique
1627 4586 1960 4653 apostolusD

278 4658 461 4710 Paulus
489 4662 605 4709 Ver.
760 4721 765 4722 γ
843 4720 851 4722 _
936 4720 940 4722 Α
1011 4717 1021 4722 _
1060 4718 1065 4721 _
1102 4719 1129 4722 _
1191 4716 1201 4722 _
1247 4716 1258 4722 _
1315 4715 1340 4722 ,
1390 4711 1454 4722 __.

344 4722 373 4759 Ι»
406 4723 503 4771 Die
526 4720 884 4783 redemptionis
904 4717 1065 4769 Saris.’
1094 4716 1219 4783 Bod.
1237 4716 1287 4783 _l_,
1312 4715 1359 4783 2.
1390 4715 1521 4780 Vict.

330 4784 368 4817 ³ο
406 4784 633 4844 Corporis
657 4777 830 4831 luctari
862 4794 1062 4844 semper
1086 4777 1210 4829 Bod.
1235 4780 1358 4844 5,4.

345 4846 372 4887 σι
410 4840 681 4896 l’robandis
700 4844 884 4894 diversi
911 4840 1230 4906 imponantur
1254 4840 1456 4906 labores
1476 4842 1596 4906 tier.

346 4915 370 4942 ι’
406 4910 562 4972 Magis
577 4909 737 4969 justas
756 4902 994 4957 discernit
1015 4905 1174 4957 Saris.
1202 4902 1329 4955 Bod.
1359 4903 1408 4964 1,
1431 4903 1481 4964 2,
1503 4902 1553 4962 3,
1576 4902 1626 4950 4.

326 4971 370 5009 ’ί
406 4972 534 5021 Justi
566 4973 698 5020 Voss.
728 4970 771 5018 ἔ.
1180 4984 1189 4989 ν

347 5037 374 5075 κ
411 5034 644 5083 Hotnincs
681 5044 801 5082 vero
837 5028 1157 5094 receptibiles
1203 5029 1255 5078 in
1299 5029 1486 5078 camino
1526 5023 1878 5077 humiliationis

284 5097 1040 5218 Bllil'BIenedic-tionemgvictrice
1066 5152 1302 5218 patientia
1340 5150 1630 5215 praedicaret
1662 5153 1797 5201 Voss.
1828 5150 1872 5200 l.

281 5223 420 5272 Pent.
450 5220 574 5271 Bod.
597 5220 643 5268 4.
674 5219 780 5271 NC.
802 5216 853 5268 2.

2051 4587 2067 4658 ἦ
2105 4588 2168 4658 Et
2190 4590 2305 4658 quid
2330 4589 2454 4658 mali_
2465 4590 2623 4658 Saris.

2054 4651 2069 4701 i
2108 4651 2291 4716 hlalum
2317 4661 2395 4704 est
2416 4653 2542 4703 Bod.
2572 4651 2687 4701 Li.
2777 4711 2791 4716 _
2894 4710 2904 4716 _
3094 4707 3108 4716 _
3137 4706 3202 4716 η,

2042 4713 2072 4779 ιξ
2107 4712 2268 4779 Deum
2289 4716 2599 4779 superiorem
2622 4726 2678 4763 se
2704 4719 2757 4763 et
2776 4710 3026 4761 hominem
3050 4707 3109 4758 ad
3137 4707 3266 4760 Vict.

2052 4775 2293 4843 {gentis
2318 4775 2592 4843 Bod._l.;’:.
2638 4839 2667 4843 _
2727 4834 2739 4843 _
2782 4836 2809 4843 ‘
2863 4834 2899 4843 __
3030 4830 3093 4843 __.

2045 4838 2086 4879 ἠ
2116 4836 2226 4889 Deo
2250 4838 2495 4902 loquentis
2516 4840 2606 4902 Ar.
2631 4834 2756 4902 Bod.
2780 4836 2829 4884 2.
2846 4834 2995 4902 foss.
3028 4834 3157 4902 Kict.

2046 4902 2085 4971 ιζ
2107 4890 2369 4971 Auspse'st
2393 4900 2646 4971 postulare
2672 4900 2809 4949 Lam.
2836 4895 2981 4947 Ebor.
3018 4894 3124 4948 Lin.
3159 4893 3265 4945 NG.
3292 4893 3335 4943 l.
3381 4890 3505 4944 Bod.
3537 4891 3582 4952 l,

1982 4963 2033 5024 2,
2056 4966 2104 5019 5.
2130 4965 2177 5012 4.
2199 4964 2289 5016 Est
2309 4963 2462 5014 omitt.
2483 4963 2643 5014 Oxon.

2047 5027 2072 5055 ο
2109 5024 2279 5077 Duces
2302 5027 2492 5074 diceret
2514 5026 2605 5075 Ar.

2048 5091 2076 5130 P
2112 5087 2268 5138 Etiam
2292 5089 2340 5136 in
2359 5086 2579 5137 Ecclesia
2606 5087 2740 5136 Lam:
2764 5084 2911 5136 Ebor.
2943 5082 3049 5135 Lin.
3076 5082 3183 5134 NG.
3214 5081 3257 5141 l,
3282 5079 3331 5128 2.

2040 5154 2068 5193 ίῐ
2100 5149 2163 5200 Et
2188 5151 2359 5199 venire
2393 5161 2502 5211 cum
2525 5148 2717 5211 Christo
2738 5148 2799 5198 ad
2824 5147 2983 5198 Deum
3001 5157 3255 5211 possumus
3280 5144 3411 5192 Lam.
3436 5142 3583 5193 Ebor.

1966 5211 2087 5288 .Lin.
2113 5212 2221 5264 NG.
2250 5213 2297 5263 I.
2326 5210 2452 5264 Bod.
2483 5211 2529 5274 1,
2553 5210 2601 5273 2,
2637 5211 2687 5274 5,
2709 5211 2755 5261 4.

1491 5319 1731 5378 STEPH.
1772 5318 2037 5378 BALUZII
2074 5318 2304 5376 NOTAE.

354 5418 539 5473 XVIII.
557 5417 726 5472 —Dei
745 5416 1042 5471 benedictio.
1065 5413 1290 5485 Quidam
1313 5413 1434 5469 libri
1454 5420 1665 5485 veteres
1690 5409 1881 5485 praefe-

281 5503 427 5545 runt:
453 5490 549 5543 Dei
576 5489 966 5543 benedictionem
994 5482 1193 5541 victrice
1209 5485 1453 5555 patientia
1475 5483 1758 5555 comitetur.
1783 5482 1882 5538 Se-

241 5583 247 5587 δ
281 5562 616 5630 gnierianus:
644 5558 739 5630 Dei
768 5559 1049 5613 benedictio
1076 5553 1255 5630 viti-ise
1278 5555 1522 5624 patientia
1553 5553 1877 5625 prwdicetur.

281 5627 374 5687 Sic
404 5631 564 5684 etiam
590 5628 760 5683 Cutch
793 5632 963 5683 sancti
995 5627 1280 5695 Arttulplti.

354 5699 500 5755 XIX.
516 5699 915 5766 —-lmpatientia
934 5698 1123 5753 diaboli
1146 5696 1358 5753 malum.
1379 5694 1509 5749 Vide
1534 5696 1726 5749 librum
1751 5694 1880 5749 Ter-

284 5772 489 5830 tulliani
528 5771 590 5827 tle
632 5769 939 5828 I’wnitentia
965 5811 980 5841 ,
1026 5768 1119 5839 qui
1163 5775 1306 5825 toltts
1335 5768 1387 5823 in
1425 5767 1524 5822 hoc
1565 5772 1880 5837 argumento

1987 5419 2252 5465 versatur.

2060 5480 2222 5536 Periit
2260 5482 2474 5554 primus.
2507 5482 2681 5545 Siricii
2729 5497 2885 5554 papae
2928 5481 3166 5554 Epistola
3206 5481 3271 5536 ad
3304 5482 3584 5537 universos

1985 5551 2445 5635 episcoploszoNon
2471 5554 2663 5635 patitur
2686 5551 2881 5635 quietos
2906 5551 3000 5607 nos
3028 5553 3092 5635 ab
3121 5553 3464 5635 incursatiotte
3492 5570 3587 5608 sua

1984 5623 2352 5694 vacare/tostis
2376 5623 2643 5694 antiquus,
2675 5626 2739 5677 ab
2767 5626 2916 5682 initio
2946 5624 3163 5678 mendas:
3184 5665 3199 5689 ,
3242 5624 3474 5677 inimicus
3502 5640 3585 5678 ve-

1984 5694 2170 5775 ritatis,
2199 5692 2415 5750 mundus
2441 5692 2679 5767 heminis,
2713 5713 2864 5767 quem
2896 5705 2953 5753 nt
2979 5694 3247 5766 deciperet,
3285 5710 3336 5748 se
3364 5701 3479 5747 ante
3505 5694 3593 5748 deo

1984 5774 2135 5834 repit.
