4272 6278
687 331 794 397 655

2086 331 2222 389 DIVI
2263 329 2591 390 CYPRIANI

3879 332 3988 399 656
4012 368 4013 371 η

687 453 954 525 patientia:
980 453 1181 519 virtus;
1218 461 1271 510 et
1300 453 1513 510 ubertas
1542 453 1657 524 ejus
1696 461 1751 509 et
1787 450 2004 523 largitas
2029 450 2097 506 de
2124 449 2279 504 unius
2304 451 2353 509 A
2383 449 2662 533 prop/retia:
2683 450 2798 506 libri
2825 451 2999 525 hujus,
3031 453 3151 523 quia
3177 455 3292 524 jam
3321 460 3516 525 tempus
3555 454 3606 510 in
3637 455 3869 527 proximo
3912 468 3989 518 est

687 547 898 618 quidem
923 547 1151 602 nominis
1180 547 1322 603 fonte
1349 546 1722 617 proﬁciscitur,
1753 542 2281 612 sed,exundantibus

688 640 859 706 venis,
893 655 990 709 per
1021 640 1185 694 multa
1234 640 1524 710 gloriarutn
1570 641 1758 695 itinera
1798 639 2138 704 diffunditur;
2182 653 2281 695 ncc

685 730 949 799 proﬁcere
984 732 1183 803 aliquid
1217 734 1267 787 in
1323 734 1531 789 actibus
1573 735 1770 788 nostris
1798 743 1972 805 potest
2037 734 2101 787 ad
2146 747 2279 787 con—

684 822 1056 877 Summandam
1088 823 1320 888 laudem,
1352 825 1453 879 nisi
1493 825 1614 880 inde
1642 827 2119 882 consummationis
2145 826 2282 879 acci-

684 914 795 984 piat
823 912 1126 970 ﬁrmitatem
1151 925 1196 972 ³.
1240 918 1500 973 Patientia
1525 926 1609 973 est
1633 934 1750 988 quzu
1787 934 1885 973 nos
1917 916 2024 972 Deo
2052 926 2105 973 et
2135 932 2283 972 com-

683 1004 902 1061 mendat
926 1017 978 1062 et
1007 1016 1202 1063 servat.
1250 1009 1369 1080 Ipsa
1406 1018 1490 1065 est
1517 1025 1636 1081 qua:
1666 1010 1799 1065 iram
1844 1018 2125 1080 temperat,
2162 1025 2282 1079 qua:

684 1097 919 1169 linguam
951 1099 1158 1163 fracnat.
1200 1112 1434 1157 mentem
1476 1103 1756 1174 gubernat,
1806 1116 1990 1173 pacem
2028 1101 2278 1168 custodit,

686 1191 1023 1261 disciplinam
1051 1193 1209 1265 regit,
1250 1194 1483 1250 libidinis
1514 1195 1771 1265 impetum
1811 1193 2026 1264 frangit,
2060 1193 2282 1247 tumoris

666 1283 994 1338 “violentiam
1046 1286 1372 1356 comprimit,
1430 1287 1734 1343 incendium
1776 1286 2063 1341 simultatis
2106 1286 2282 1340 extin-

684 1378 819 1445 guit,
851 1386 1065 1433 coercet
1103 1380 1392 1447 potentiam
1440 1378 1684 1446 divitum,
1725 1379 1959 1449 inopiam
1990 1393 2281 1449 pauperum

685 1470 910 1533 refovet,
943 1478 1120 1524 tuetur
1150 1472 1203 1526 in
1237 1470 1530 1541 virginibus
1565 1471 1775 1525 beatam
1818 1458 2198 1541 integritatem,
2232 1470 2282 1524 in

686 1560 864 1615 viduis
894 1560 1221 1617 laboriosam
1249 1563 1572 1630 castitatem,
1605 1563 1660 1617 in
1697 1562 1996 1633 conjunctis
2030 1572 2083 1617 et
2125 1564 2284 1618 mari-

687 1658 1669 1715 talisindividuamcbaritatem.Facit
1693 1658 1765 1691 ’⁵⁵
1798 1659 2093 1715 bumilesin
2128 1674 2279 1730 pros-
2313 1718 2336 1746 η

685 1753 853 1822 peris,
896 1752 947 1806 in
988 1751 1231 1807 adversis
1271 1751 1438 1809 fortes
1457 1752 1509 1821 ι),
1544 1760 1730 1809 contra
1761 1752 1985 1824 injurias
2019 1763 2069 1808 et
2097 1763 2286 1808 contu-

2384 554 2437 596 ut
2463 553 2510 597 et
2546 544 2583 597 ii
2602 546 2688 613 qui
2718 555 3033 615 perseverant
3062 563 3241 602 nocere
3268 554 3501 615 noceant,
3532 556 3578 604 et
3615 549 3704 620 qui
3733 550 3785 603 iit
3813 549 3988 603 sordi-

2384 635 2476 690 bus
2503 646 2573 691 est
2612 638 2869 692 sordescat
2905 639 3090 707 adhuc,
3135 641 3307 710 justus
3354 641 3524 695 aulcnt
3565 640 3733 694 adhuc
3760 641 3987 712 justiora

2385 728 2558 798 faciat,
2592 730 2825 784 similiter
2848 738 2893 784 et
2920 733 3007 801 qui
3037 742 3243 786 sanctus
3268 743 3338 787 est
3358 729 3408 797 ιι,
3437 732 3711 787 sanctiora.
3742 730 3877 786 Ecce
3904 744 3986 788 tte-

2385 823 2468 875 uio
2495 823 2614 888 cito,
2648 833 2695 877 et
2722 838 2911 880 merces
2936 841 3047 879 mea
3090 834 3287 881 mecum
3325 834 3418 893 est,
3464 826 3676 880 reddere
3716 826 3987 896 unicuique

2384 914 2656 968 scctnulum
2685 916 2823 984 facta
2849 932 2943 971 sua
2966 917 3148 989 (Apoc.
3186 933 3321 983 xxn,
3372 918 3483 974 10-
3508 916 3617 990 12).
3647 916 3798 973 Unde
3822 919 3983 974 etiam

2384 1005 2677 1060 clamantes
2719 1017 2981 1079 martyres
3026 1018 3079 1064 et
3136 1009 3202 1063 ad
3250 1009 3537 1073 vindictam
3589 1020 3763 1077 suam,
3796 1008 3986 1066 dolore

2385 1106 2715 1167 erumpente,
2749 1110 3096 1170 properantes
3117 1109 3431 1170 exspectare
3463 1099 3638 1155 adhuc
3660 1100 3914 1171 iubentur
3933 1113 3987 1158 et

2388 1194 2716 1263 temporibus
2758 1195 3194 1250 consnmtnandis
3226 1194 3615 1266 iittplendi<qtte
3663 1196 3986 1266 martyribus

2387 1287 2627 1357 pra‘bere
2661 1288 3003 1355 patientiam:
3034 1288 3100 1343 Et
3137 1302 3252 1343 cum
3288 1290 3584 1360 aperuisset,
3617 1288 3807 1360 inquit.
3836 1293 3986 1362 quin-

2387 1387 2492 1431 tum
2537 1378 2763 1449 sigillum
2814 1379 2857 1447 ί,
2907 1382 3010 1434 vitii
3056 1381 3146 1435 sub
3184 1399 3279 1436 ara
3322 1382 3420 1436 Dei
3454 1383 3657 1436 animus
3704 1388 3983 1438 occisorum

2388 1481 2595 1541 propter
2631 1470 2834 1525 verbum
2873 1471 2972 1526 Dei
3003 1481 3047 1526 et
3089 1474 3388 1545 martyrium
3427 1488 3595 1536 suum,
3639 1480 3685 1527 et
3737 1476 3986 1530 Cluniace-

2386 1573 2504 1618 rant
2534 1576 2650 1619 voce
2678 1580 2862 1633 magna
2900 1563 3122 1618 dicentes
3153 1581 3172 1619 :
3204 1564 3494 1633 Quousque,
3538 1560 3752 1617 Domine
3779 1574 3984 1617 sanctus

2388 1666 2433 1710 et
2461 1673 2626 1725 verus,
2660 1673 2759 1711 tton
2782 1657 2990 1727 judicas
3018 1667 3064 1711 et
3094 1659 3321 1713 vindicas
3349 1658 3647 1729 sanguinem
3680 1665 3900 1710 nostrum
3924 1658 3986 1711 de

2390 1750 2451 1803 iis
2493 1750 2576 1820 qui
2613 1750 2664 1803 in
2704 1750 2851 1804 terris
2886 1750 3209 1804 inhabitant?
3252 1749 3317 1803 Et
3355 1750 3489 1804 (intra
3530 1758 3646 1803 sunt
3676 1748 3746 1803 eis
3775 1749 3987 1820 singula:

686 1844 874 1898 melius
901 1845 1078 1899 mites.
1112 1844 1275 1900 Docet
1302 1842 1735 1916 delinquentibus
1759 1846 1867 1901 cito
1897 1846 2209 1916 ignoscere;
2240 1847 2283 1900 si
2312 1841 2361 1900 B
2388 1844 2535 1898 stola:
2574 1844 2704 1899 alba:
2726 1844 2738 1893 i
2759 1886 2772 1909 ,
2820 1852 2863 1897 et
2895 1843 3087 1897 dictant
3128 1852 3199 1898 est
3243 1844 3315 1898 eis
3342 1854 3395 1897 ut
3441 1844 3807 1914 requiescerent
3855 1843 3989 1896 brevi

686 1936 805 2007 ipse
848 1935 1148 2007 delinquas,
1187 1937 1277 1992 diu
1320 1947 1376 1992 et
1414 1938 1642 1993 multum
1689 1952 1900 2009 rogare.
1940 1939 2284 1994 Tentatioues

686 2038 975 2100 expugnat,
999 2030 1402 2099 persecutiones
1424 2031 1634 2098 tolerat,
1661 2030 1937 2100 passiones
1960 2039 2014 2085 et
2030 2031 2283 2102 martyria

690 2130 1045 2175 consummat.
1091 2121 1208 2192 Ipsa
1256 2133 1340 2178 est
1380 2134 1500 2192 quae
1532 2120 1651 2177 ﬁdei
1699 2128 1896 2177 nostrae
1940 2121 2283 2176 fundamenta

686 2213 914 2271 ﬁrmiter
943 2216 1115 2271 munit
1145 2233 1159 2271 :
1189 2216 1303 2286 ipsa
1341 2223 1424 2271 est
1451 2230 1571 2286 quae
1600 2216 1927 2270 incrementa
1964 2216 2078 2286 spei
2118 2216 2285 2270 subli-

687 2307 846 2361 ntitcr
874 2307 1124 2377 provehit
1148 2319 1192 2363 ε.
1229 2308 1347 2380 Ipsa
1377 2316 1552 2363 actum
1575 2304 1604 2345 (ι
1630 2307 1832 2379 dirigit,
1865 2319 1923 2363 ut
1954 2318 2137 2363 tenere
2159 2324 2283 2378 pos-

687 2399 857 2454 simus
892 2400 1033 2455 viam
1061 2400 1280 2464 Cltristi,
1310 2400 1435 2454 dum
1477 2415 1573 2469 per
1600 2400 1716 2470 ejus
1746 2400 2078 2455 tolerantiam
2110 2400 2284 2469 gradi—

685 2490 899 2546 dimur:
933 2491 1047 2562 Ipsa
1072 2492 1240 2547 efﬁcit
1264 2500 1322 2547 ut
1353 2507 1759 2562 perseveremus
1784 2492 1874 2546 ﬁlii
1899 2492 2014 2559 Dei,
2034 2491 2160 2547 dum
2193 2508 2285 2564 pa-

686 2583 925 2639 tientiam
955 2584 1125 2640 Patris
1150 2586 1440 2641 imitamur.

761 2675 904 2732 XXI.
937 2678 1064 2745 Sed,
1085 2679 1336 2748 quoniam
1369 2679 1629 2752 plurimos
1657 2681 1791 2747 scio,
1832 2679 2023 2736 fratres
2051 2676 2287 2736 dilectis-

690 2768 835 2835 simi,
864 2769 947 2825 vel
984 2768 1223 2841 poudere
1259 2771 1573 2843 injuriarum
1617 2774 1926 2844 augentium
1968 2773 2055 2829 vel
2098 2774 2286 2830 dolore

688 2861 760 2917 de
783 2862 847 2919 iis
868 2863 958 2934 qui
978 2863 1260 2921 adversum
1285 2881 1343 2922 se
1354 2874 1664 2938 grassantur
1682 2877 1735 2922 et
1756 2868 2005 2934 saeviunt,
2027 2869 2284 2924 vindicari

690 2955 949 3012 velociter
972 2971 1191 3028 cupere,
1218 2973 1316 3015 nec
1337 2958 1466 3015 illud
1482 2961 1544 3032 in
1571 2970 1811 3016 extrema
1837 2971 1860 2998 ε
1890 2970 2038 3031 parte
2059 2964 2286 3017 reticen-

620 3110 627 3117 _
688 3046 814 3102 dum
850 3056 952 3116 est,
987 3056 1063 3115 ut,
1095 3048 1147 3103 in
1188 3049 1304 3105 istis
1342 3050 1646 3107 ﬂuctuantis
1686 3052 1870 3107 mundi
1909 3053 2208 3109 turbinibus
2234 3063 2289 3109 et

689 3138 999 3196 Iudaeorum
1023 3142 1136 3197 sive
1155 3145 1432 3214 gentilium
1457 3153 1510 3200 et
1531 3144 1906 3202 bzcreticorum
1934 3162 2144 3218 queque
2167 3163 2289 3218 per-

2385 1937 2553 1990 adltuc
2580 1942 2822 2006 tempore,
2865 1935 3025 1990 donec
3058 1935 3331 2002 impleatur
3360 1948 3599 1987 numerus
3632 1948 3989 1987 conservarint:

2386 2036 2432 2080 et
2459 2032 2679 2097 fratrum
2707 2043 2880 2080 eorum
2905 2027 2990 2097 qui
3020 2035 3193 2097 postea
3214 2023 3239 2062 ¹ί
3266 2025 3561 2079 occidentttr
3588 2024 3817 2094 exemplo
3845 2024 3990 2093 ipso-

2386 2135 2499 2172 rum
2529 2120 2713 2189 (Apoc.
2738 2134 2813 2184 Vl,
2847 2118 3022 2187 9-H).
3307 2137 3310 2140 '
3658 2190 3663 2193 μ

2457 2229 2621 2285 XXII.
2654 2225 2878 2297 Quando
2907 2239 3085 2285 autent
3124 2228 3300 2285 veniat
3326 2227 3603 2298 Sanguinis
3633 2226 3763 2297 justi
3803 2225 3982 2282 divina

2386 2324 2639 2390 vindicta,
2682 2325 2919 2380 declarat
2958 2340 3050 2394 per
3089 2323 3400 2380 Malacliiam
3440 2323 3761 2393 prophetam
3795 2318 3813 2358 1
3856 2321 3983 2391 Spi-

2360 2419 2521 2503 .ritus
2559 2426 2775 2473 sanctus
2812 2417 2997 2474 dicens
3029 2436 3042 2474 :
3076 2412 3210 2473 Ecce
3244 2418 3352 2472 dies
3383 2416 3590 2472 Domini
3630 2418 3762 2471 venit
3803 2416 3989 2471 ardens

2388 2517 2519 2571 velut
2564 2515 2830 2584 clibanus;
2870 2522 3115 2587 eruntque
3158 2530 3331 2569 omnes
3376 2513 3675 2583 alienigenis
3719 2522 3769 2566 et
3816 2528 3987 2566 onmes

2388 2606 2548 2681 iniqui
2578 2609 2767 2679 stipula
2793 2617 2853 2674 ιη,
2885 2618 2930 2661 et
2959 2606 3220 2663 succendel
3243 2611 3269 2641 υ
3300 2605 3419 2659 illos
3447 2603 3721 2658 adveniens
3750 2600 3876 2667 dies,
3909 2602 3988 2656 tli-

2387 2703 2455 2756 cit
2495 2701 2747 2755 Dominus
2789 2696 3044 2771 (Matuta.
3082 2701 3156 2765 tv‘,
3190 2697 3268 2767 l).
3301 2694 3456 2763 Quod
3496 2696 3624 2750 item
3670 2696 3891 2765 legimus
3936 2693 3989 2749 in

2388 2782 2632 2857 Psalmis,
2664 2790 2751 2845 ubi
2782 2786 2872 2845 Dei
2892 2787 3088 2860 judicis
3119 2786 3438 2856 praedicatur
3458 2785 3721 2841 adventus
3746 2799 3990 2840 censurae

2390 2896 2503 2938 suae
2551 2882 2828 2952 majestate
2873 2878 3213 2935 venerandus
3243 2896 3256 2933 :
3287 2877 3423 2932 Deus
3466 2877 3765 2949 manifestus
3809 2876 3986 2941 veniet,

2392 2971 2535 3028 Deus
2562 2982 2751 3038 noster,
2791 2981 2837 3026 et
2865 2986 2966 3026 non
2994 2969 3179 3025 silebit.
3212 2965 3359 3040 Ignis
3388 2976 3506 3022 ante
3541 2983 3656 3022 eum
3694 2966 3909 3034 ardebit,
3947 2974 3993 3021 ct

2389 3065 2443 3119 in
2468 3066 2683 3119 circuitu
2710 3064 2819 3135 ejus
2836 3062 3056 3134 procella
3081 3061 3237 3115 nimia
3260 3070 3305 3113 ο.
3339 3059 3614 3114 Advocabit
3632 3070 3659 3109 P
3680 3060 3856 3113 cwlum
3878 3072 3992 3112 sur-

2390 3172 2504 3211 sum
2552 3168 2598 3212 et
2655 3164 2841 3211 terram
2884 3155 3141 3220 deorsum,
3186 3161 3239 3206 ut
3285 3160 3483 3220 separet
3532 3151 3776 3224 populant
3820 3166 3988 3205 suum.

690 3234 1059 3291 secutiobibus
1076 3238 1372 3303 constituti,
1390 3237 1653 3308 patienter
1678 3248 2050 3310 exspectemus
2068 3241 2287 3296 ultionis
2312 3229 2359 3293 ί]
2394 3247 2626 3320 colligite
2648 3247 2727 3302 illi
2748 3247 2919 3319 justas
2946 3247 3074 3318 ejus,
3107 3260 3190 3299 eos
3218 3244 3304 3315 qui
3330 3243 3610 3313 disponunt
3634 3248 3988 3296 testamentum

692 3326 858 3395 diem,
902 3344 1003 3385 nee
1032 3330 1099 3383 ad
1130 3330 1416 3386 vindictam
1458 3332 1661 3388 doloris
1692 3333 1861 3387 nostri
1891 3334 2110 3403 querula
2144 3334 2291 3389 testi-

692 3420 910 3476 natione
936 3434 1305 3491 properemus,
1325 3437 1446 3478 cttm
1475 3426 1727 3496 scriptum
1748 3429 1817 3479 sit
1855 3444 1867 3483 :
1901 3424 2156 3496 Exspecta
2186 3443 2283 3493 nte,

693 3512 814 3567 dicit
857 3512 1121 3582 Dominus,
1155 3517 1206 3569 in
1237 3516 1319 3570 die
1355 3519 1739 3572 resurrectionis
1767 3534 1891 3572 metu
1921 3517 1938 3555 τ
1971 3520 2023 3573 in
2065 3523 2286 3574 testimo-

694 3605 855 3674 nium,
890 3608 1128 3678 quoniam
1148 3609 1407 3679 judicium
1437 3620 1600 3665 meum
1631 3612 1699 3664 ad
1723 3613 2134 3683 congregationes
2163 3628 2287 3685 gen—

697 3704 844 3769 tium,
888 3710 942 3757 ut
971 3704 1221 3776 excipiam
1256 3721 1397 3776 reges
1442 3713 1488 3759 et
1531 3704 1788 3772 e/futtdant
1837 3720 1985 3777 super
2033 3723 2117 3760 eos
2161 3708 2290 3762 iram

691 3811 855 3850 nteant
877 3793 1066 3866 (Soph.
1105 3808 1157 3850 ttt
1178 3840 1192 3864 ,
1224 3796 1303 3867 8).
1338 3796 1663 3866 Exspectare
1694 3797 1961 3867 nosjubet
1984 3797 2236 3854 Dominus
2265 3809 2291 3847 ε

698 3898 752 3942 et
784 3888 977 3942 futurae
1000 3888 1219 3944 ultionis
1254 3888 1395 3943 diem
1422 3887 1550 3944 forti
1585 3890 1834 3959 patientia
1872 3891 2157 3948 sustinere.
2192 3893 2292 3960 Qui

694 3980 747 4033 et
780 3978 834 4033 in
864 3980 1184 4052 Apocalypsi
1213 3980 1448 4053 loquitur
1471 3981 1659 4038 dicens
1688 3997 1701 4037 :
1736 3980 1821 4038 Ne
1846 3984 2123 4055 signaveris
2148 3986 2293 4041 verba

2389 3342 2502 3413 ejus
2529 3342 2580 3394 in
2604 3337 2909 3408 sacriﬁciis;
2936 3344 2982 3391 et
3002 3335 3423 3389 annuntiab‘untq
3455 3332 3567 3388 caeli
3584 3333 3837 3405 justitiam
3853 3332 3991 3404 ejus,

2390 3433 2627 3501 quoniam
2670 3429 2808 3484 Deus
2829 3430 2994 3498 judea:
3029 3438 3099 3483 est
3124 3426 3293 3501 (Psal.
3316 3440 3458 3493 thx,
3486 3424 3624 3498 5-6).
3661 3426 3723 3481 Et
3752 3426 3938 3481 Esaias
3965 3436 3986 3463 ι’

2392 3528 2587 3581 eadem
2653 3524 2975 3594 prmnuutiat
3003 3523 3194 3578 dicetis
3226 3536 3240 3575 :
3269 3521 3402 3575 Ecce
3421 3519 3557 3575 enim
3588 3516 3839 3572 Dominus
3863 3520 3992 3572 sicut

2394 3616 2526 3685 ignis
2551 3615 2729 3681 veniet,
2773 3620 2819 3668 et
2844 3615 2973 3667 sicut
3002 3612 3227 3684 procella
3257 3626 3434 3665 curras
3473 3611 3603 3681 ejus,
3642 3609 3911 3662 retribuere
3939 3608 3990 3662 in

2393 3708 2472 3761 ira
2508 3707 2799 3762 vindictam.
2830 3703 2894 3759 In
2920 3706 3037 3777 igne
3060 3704 3190 3759 enim
3218 3702 3428 3757 Domini
3445 3699 3835 3773 judicabantar,
3868 3712 3913 3753 et
3939 3700 3993 3755 ia

2399 3799 2570 3870 gladio
2601 3800 2709 3866 rius
2739 3794 3135 3853 vulnerabantur
3170 3793 3300 3867 (Isa.
3336 3809 3476 3856 LXVI,
3512 3792 3624 3859 15).
3656 3791 3722 3845 Et
3750 3791 3942 3846 iterum
3970 3810 3984 3847 :

2397 3890 2648 3947 Dominus
2681 3890 2815 3945 Deus
2839 3892 3075 3944 virtutum
3116 3887 3336 3959 prodibit
3371 3893 3415 3939 et
3443 3883 3743 3938 comminuet
3780 3882 3989 3947 bellum,

2397 3985 2634 4040 excitabit
2674 3992 2993 4049 certamen”,
3036 3987 3082 4035 et
3125 3976 3359 4034 clamabit
3404 3990 3557 4045 super
3597 3973 3828 4031 inimicos
3874 3991 3992 4029 suos

1921 4092 2305 4158 LECTIONES
2342 4088 2759 4155 VARIANTES.

759 4207 785 4236 α
818 4207 1197 4262 Firmamentum
1224 4210 1326 4262 Lin.
1346 4216 1485 4266 Pem.

754 4266 783 4304 ι)
816 4268 878 4321 Et
904 4271 950 4320 iit
975 4273 1195 4325 adversis
1218 4274 1372 4325 fortes
1399 4272 1521 4324 Bod.
1549 4273 1594 4324 1.

759 4336 782 4400 ¢_
823 4333 1079 4400 .Subtiliter
1103 4338 1333 4400 provehit
1353 4340 1444 4388 Ar.

758 4393 785 4432 ιι
826 4396 933 4458 ipsa
961 4393 1265 4459 agnitionem
1289 4409 1481 4459 actuum
1510 4398 1752 4459 Ben.N,C.
1776 4394 1918 4459 Ebor,
1952 4400 2081 4459 Lam.
2112 4399 2294 4452 Bod.2.

760 4456 896 4524 “-_S_ic
918 4456 1048 4524 Lt_tm.
1071 4460 1215 4524 Elter.
1246 4458 1356 4524 Litt.
1378 4460 1487 4512 ΝΟ.
1509 4460 1553 4517 l,
1578 4462 1626 4508 2.
1655 4458 1771 4524 Ben.
1788 4456 1946 4524 Sat-is.
1976 4458 2151 4524 Βαάλ,
2177 4462 2222 4522 ‘2,
2242 4466 2291 4524 5,

697 4520 747 4568 4.
770 4519 1083 4592 _I_‘lm._Foss.
1239 4500 1462 4592 ίῖἴῖιιυιιῖ
1479 4500 1696 4592 extremi
1717 4522 1881 4585 judieii
1906 4500 2044 4592 diem
2061 4500 2294 4592 maiorut;

701 4584 1089 4645 retributionem
1130 4585 1351 4643 dill'erre,
1380 4585 1652 4645 nobiscum,
1678 4586 1947 4645 hortamur,
1974 4584 2170 4636 interim
2193 4602 2295 4636 am-

700 4643 1238 4725 ιιιιξνιιίὶιιιξιιὶιιιῖιιιίυιιῐὶω
1255 4650 1454 4725 bont't‘m3
1471 4648 1585 4725 uptin
1605 4643 1734 4697 eittt‘.
1752 4644 1948 4698 Morell.
1975 4649 2116 4698 Pam.
2133 4651 2291 4700 Oxon.
2315 4663 2372 4725 Ι)

777 4703 796 4742 ί
825 4703 1180 4757 Retribulionis
1202 4722 1327 4758 mea:
1348 4703 1473 4758 Bod.
1493 4710 1541 4757 5.

764 4770 789 4808 8
817 4768 1018 4818 Fratres
1040 4771 1343 4820 dilectissimi
1368 4771 1486 4821 add.
1514 4771 1671 4823 Oxon.

706 4828 1031 4942 Ml(;"Sanctus
1067 4834 1306 4883 sanctiora
1353 4833 1487 4883 Lam.
1516 4828 1661 4884 Elor.
1706 4831 1832 4883 Bod.
1881 4833 1924 4892 l,
1947 4834 1994 4893 2,
2021 4836 2071 4894 5,
2093 4835 2142 4885 4.
2176 4838 2294 4887 Ver.

761 4954 779 4995 ί
809 4955 1042 5016 Quintum
1074 4956 1271 5020 signum
1293 4954 1427 5008 Lam.
1448 4955 1594 5008 Ebor.
1617 4954 1776 5008 Saris.
1804 4957 1931 5008 Bod.
1956 4957 2005 5019 2,
2029 4958 2077 5019 5,
2099 4958 2148 5009 4.
2177 4961 2295 5010 Ver.

2406 4210 2639 4327 Thiubata
2664 4280 2739 4324 est
2761 4270 2961 4335 singulis
2991 4270 3113 4323 stola
3138 4270 3244 4322 alba
3274 4265 3397 4319 Tha.
3424 4265 3582 4320 Paulo
3605 4275 3727 4333 rost,
3753 4258 3818 4319 Ut
3838 4270 3984 4319 susti-

2398 4345 2581 4387 nerent
2607 4337 2729 4386 Bod.
2760 4339 2805 4386 1.
3730 4390 3741 4402 ο

2407 4400 2491 4468 __k
2524 4401 2777 4468 Quinque.
2795 4403 2962 4468 postea
2988 4399 3124 4468 Lgm.
3149 4398 3284 4468 If‘em.
3306 4393 3413 4468 μη.
3449 4394 3782 4468 λαθρβανω.
3812 4393 3923 4446 NC.
3944 4393 3992 4446 1.

2406 4456 2617 4551 ινφδᾲιῖ
2636 4456 2694 4551 2'.|
2716 4456 2995 4551 .I'hthoss.
3015 4458 3523 4551 VisiOcciderentltr
3542 4457 3681 4507 Pem.

2466 4523 2485 4564 1
2528 4523 2809 4573 Malacltiam
2833 4522 3043 4582 Spiritus
3075 4532 3185 4572 Fer.

2458 4586 2497 4613 ω
2521 4585 2653 4635 Sicut
2677 4583 2849 4647 stipula
2869 4587 3014 4647 Pem.
3046 4594 3175 4636 t'oss.
3203 4582 3250 4633 1.
3275 4582 3341 4632 Ut
3364 4578 3490 4631 Bod.
3516 4582 3563 4630 1.

2462 4648 2489 4677 υ
2512 4646 2749 4697 Accendit
2772 4646 2895 4697 Bod.
2934 4650 2978 4696 t.
3710 4682 3713 4685 ς

2457 4712 2483 4739 ο
2504 4710 2619 4795 Ejus
2644 4715 2913 4780 tempestas
2936 4707 3060 4758 Bod.
3084 4709 3127 4757 5.
3151 4705 3320 4755 Valida
3342 4708 3481 4756 Pem.
3512 4706 3632 4755 Bod.
3658 4706 3708 4754 5.

2459 4774 2488 4814 P
2510 4772 2713 4821 Vocabtt
2730 4770 2853 4821 Bod.
2882 4773 2923 4821 1.
2948 4772 2997 4821 2.
3019 4771 3067 4821 5.
3092 4770 3139 4819 4.
3163 4775 3236 4821 Ar
3278 4770 3409 4818 Lam.
3443 4770 3557 4819 Ver.

2459 4774 2488 4814 P
2510 4772 2713 4821 Vocabit
2730 4772 2853 4821 Bod.
2882 4773 2923 4829 1,
2948 4772 2997 4833 2,
3019 4772 3067 4827 5,
3092 4772 3139 4819 4.
3163 4775 3236 4821 Ar
3278 4772 3409 4818 Lam.
3443 4772 3557 4819 Ver.

2460 4838 2487 4877 (ί
2511 4833 2814 4884 Nuntiabant
2835 4832 2995 4885 Suris.
3016 4832 3140 4883 Bod.
3166 4834 3216 4890 1,
3239 4830 3287 4892 2,
3307 4831 3358 4893 5,
3380 4830 3427 4880 4.

2463 4900 2485 4926 τ
2510 4896 2628 4946 Nam
2649 4902 2698 4945 et
2716 4895 2866 4946 Isaias
2892 4897 3082 4947 BOdJ.
3109 4895 3248 4946 Foss.

2461 4962 2483 4989 ³
2505 4957 2770 5010 Concitabit
2809 4967 3061 5010 certamen
3085 4961 3223 5010 Voss.
3247 4956 3294 5005 Ξ.
3316 4957 3459 5007 Pent.

1911 5120 2152 5185 STEPll.
2193 5128 2462 5189 BALUle
2502 5104 2727 5191 uorax.

768 5239 918 5297 XX].
932 5239 1120 5296 —-Nec
1141 5238 1272 5297 illud
1291 5241 1344 5296 in
1367 5250 1609 5296 extrema.
1632 5240 1981 5297 Restituimus
2004 5243 2289 5302 lectionem

695 5325 945 5371 veterum
976 5313 1301 5377 editionum,
1329 5328 1487 5382 quam
1513 5313 1836 5368 conﬁrmant
1860 5329 1988 5369 χχιιι
2017 5315 2131 5370 libri
2164 5334 2288 5372 nos-

698 5387 761 5441 tri
794 5393 847 5439 et
874 5400 947 5438 xn
980 5383 1278 5454 Anglicani.
1309 5381 1491 5439 ϐόειοιὶ
1516 5400 1708 5455 sumus
1735 5384 1917 5441 delere
1942 5394 2003 5441 ea
2031 5400 2147 5455 qtae
2176 5404 2292 5443 titu-

698 5467 801 5512 tata
830 5466 881 5511 et
911 5455 1091 5510 addita
1126 5456 1337 5510 fuerant
1366 5456 1416 5509 in
1461 5454 1700 5529 editione
1741 5456 1962 5529 Morellii
1990 5500 2002 5521 ,
2048 5454 2290 5529 Quamvis

694 5545 754 5584 ea
789 5543 1004 5596 quoque
1035 5529 1425 5597 reperisscmus
1454 5529 1504 5579 in
1537 5527 1707 5581 tribus
1734 5528 1966 5597 antiquis
1993 5527 2284 5596 codicibus,

695 5598 939 5669 quamvis
971 5600 1231 5653 SCll‘ClllUS
1256 5597 1550 5669 Patiteliunt
1588 5613 1650 5652 ea
1691 5614 1903 5668 quoque
1936 5599 2201 5655 ἱιινριιὶ›ερ
2237 5603 2288 5655 in

695 5678 924 5737 onatuor
969 5669 1222 5741 antiquis.
1275 5668 1399 5723 llaec
1441 5676 1621 5741 autem
1664 5680 1787 5724 sunt
1814 5684 1934 5741 qua}
1963 5686 2059 5726 nos
2086 5670 2290 5726 ἀυιιιγίπ

698 5756 817 5794 ntus
837 5785 851 5810 ,
882 5743 926 5797 si
955 5745 1043 5810 qui
1076 5740 1204 5797 tanti
1232 5743 1497 5796 azstiment
1539 5740 1681 5794 scire
1708 5740 1843 5810 qua!
1871 5742 1957 5796 illa
2001 5741 2137 5797 sint:
2177 5741 2291 5797 Nec

694 5812 745 5861 in
790 5785 931 5864 illum
974 5785 1182 5866 lextrenu'
1222 5812 1408 5883 jutlicii
1452 5810 1585 5862 diem
1625 5785 1877 5866 mullorum
1915 5811 2292 5870 retributionem

2394 5248 2601 5317 cli/ferre
2621 5293 2634 5309 .
2674 5251 2934 5305 nobiscum
2960 5250 3243 5313 hortamur,
3280 5248 3481 5304 interim
3508 5244 3873 5318 amplectimini
3900 5261 3989 5317 pa.

2398 5323 2587 5376 tientia:
2615 5322 2803 5376 bonum
2825 5366 2838 5390 ,
2870 5332 2923 5376 ut
2951 5324 3003 5376 in
3033 5322 3141 5376 istis
3160 5363 3174 5387 ,
3208 5329 3313 5376 etc.

2469 5411 2714 5477 Querula.
2755 5412 3024 5468 Pamelius
3064 5427 3131 5467 ex
3165 5410 3351 5467 codice
3379 5407 3801 5464 Camberoncnsi
3842 5405 3991 5462 addit

2395 5490 2441 5537 et
2472 5485 2748 5538 invidiosa.
2782 5486 2849 5538 At
2888 5500 2988 5553 ego
3028 5483 3129 5537 hoc
3167 5480 3874 5553 additamentumnuSpiam
3894 5494 3992 5553 re-

2397 5557 2507 5621 peri
2540 5557 2590 5608 in
2624 5556 2775 5609 libris
2803 5550 3058 5623 aiititittis,
3077 5569 3249 5625 neque
3289 5554 3339 5607 in
3378 5551 3708 5608 editionibus
3744 5564 3864 5622 qua:
3894 5550 3995 5605 Pa-

2397 5627 2684 5681 tnelianatn
2713 5635 3138 5681 antecesserunt.

2469 5719 2632 5773 tolte
2658 5720 2804 5774 a'lbte.
2832 5720 2886 5774 lu
2912 5719 3157 5773 undecim
3186 5717 3334 5774 libris
3355 5714 3733 5788 manuscriptis
3755 5714 3947 5786 legitur
3971 5730 3985 5768 :

2396 5788 2531 5847 Data
2560 5802 2631 5846 est
2658 5792 2871 5862 singulis
2897 5790 3025 5873 stola
3054 5790 3190 5845 alba.
