  <div class='ocr_page' id='page_1' title='image "/cluster/home/n/w/nwhite01/storage/ocr_20150623/4/hvd.32044048207708/324.png"; bbox 0 0 4272 6278; ppageno 0'>
   <div class='ocr_carea' id='block_1_1' title="bbox 247 364 354 424">
    <p class='ocr_par' dir='ltr' id='par_1_1' title="bbox 247 364 354 424">
     <span class='ocr_line' id='line_1_1' title="bbox 247 364 354 424; baseline -0.019 0"><span class='ocrx_word' id='word_1_1' title='bbox 247 364 354 424; x_wconf 74' lang='lat'><strong>637</strong></span> 
     </span>
    </p>
   </div>
   <div class='ocr_carea' id='block_1_2' title="bbox 1400 357 2386 440">
    <p class='ocr_par' dir='ltr' id='par_1_2' title="bbox 1400 357 2386 440">
     <span class='ocr_line' id='line_1_2' title="bbox 1400 357 2386 440; baseline 0.008 -11"><span class='ocrx_word' id='word_1_2' title='bbox 1400 371 1602 431; x_wconf 83' lang='lat' dir='ltr'><strong>LIBER</strong></span> <span class='ocrx_word' id='word_1_3' title='bbox 1642 373 1730 431; x_wconf 76' lang='lat' dir='ltr'><strong>os</strong></span> <span class='ocrx_word' id='word_1_4' title='bbox 1768 357 1947 437; x_wconf 77' lang='lat' dir='ltr'><strong>zeLo</strong></span> <span class='ocrx_word' id='word_1_5' title='bbox 1983 379 2072 437; x_wconf 83' lang='lat' dir='ltr'><strong>ET</strong></span> <span class='ocrx_word' id='word_1_6' title='bbox 2110 380 2386 440; x_wconf 79' lang='lat' dir='ltr'><strong>LIVORE.</strong></span> 
     </span>
    </p>
   </div>
   <div class='ocr_carea' id='block_1_3' title="bbox 3451 383 3559 445">
    <p class='ocr_par' dir='ltr' id='par_1_3' title="bbox 3451 383 3559 445">
     <span class='ocr_line' id='line_1_3' title="bbox 3451 383 3559 445; baseline 0.019 -2"><span class='ocrx_word' id='word_1_7' title='bbox 3451 383 3559 445; x_wconf 80' lang='lat'><strong>658</strong></span> 
     </span>
    </p>
   </div>
   <div class='ocr_carea' id='block_1_4' title="bbox 248 464 3557 575">
    <p class='ocr_par' dir='ltr' id='par_1_4' title="bbox 248 464 3557 575">
     <span class='ocr_line' id='line_1_4' title="bbox 248 464 3557 575; baseline 0.006 -37"><span class='ocrx_word' id='word_1_8' title='bbox 248 483 726 556; x_wconf 79' lang='lat' dir='ltr'><strong>cum.fortitudine.</strong></span> <span class='ocrx_word' id='word_1_9' title='bbox 769 478 948 552; x_wconf 78' lang='lat' dir='ltr'><strong>Tacui,</strong></span> <span class='ocrx_word' id='word_1_10' title='bbox 996 486 1240 558; x_wconf 83' lang='lat' dir='ltr'><strong>numquid</strong></span> <span class='ocrx_word' id='word_1_11' title='bbox 1280 504 1477 560; x_wconf 86' lang='lat' dir='ltr'><strong>semper</strong></span> <span class='ocrx_word' id='word_1_12' title='bbox 1516 493 1687 546; x_wconf 84' lang='lat' dir='ltr'><strong>tacebo</strong></span> <span class='ocrx_word' id='word_1_13' title='bbox 1715 489 1850 564; x_wconf 89' lang='lat' dir='ltr'><strong>(lsa.</strong></span> <span class='ocrx_word' id='word_1_14' title='bbox 1878 502 1932 565; x_wconf 76' lang='grc' dir='ltr'>Α</span> <span class='ocrx_word' id='word_1_15' title='bbox 1957 510 2107 552; x_wconf 89' lang='lat' dir='ltr'><strong>suam</strong></span> <span class='ocrx_word' id='word_1_16' title='bbox 2139 496 2362 553; x_wconf 90' lang='lat' dir='ltr'><strong>nimium</strong></span> <span class='ocrx_word' id='word_1_17' title='bbox 2392 495 2605 553; x_wconf 91' lang='lat' dir='ltr'><strong>festinat</strong></span> <span class='ocrx_word' id='word_1_18' title='bbox 2661 505 2715 557; x_wconf 89' lang='lat' dir='ltr'><strong>et</strong></span> <span class='ocrx_word' id='word_1_19' title='bbox 2750 508 3022 570; x_wconf 89' lang='lat' dir='ltr'><strong>properat,</strong></span> <span class='ocrx_word' id='word_1_20' title='bbox 3074 464 3383 559; x_wconf 71' lang='lat' dir='ltr'><strong>consideret</strong></span> <span class='ocrx_word' id='word_1_21' title='bbox 3433 503 3557 575; x_wconf 84' lang='lat' dir='ltr'><strong>quia</strong></span> 
     </span>
    </p>
   </div>
   <div class='ocr_carea' id='block_1_5' title="bbox 252 578 545 649">
    <p class='ocr_par' dir='ltr' id='par_1_5' title="bbox 252 578 545 649">
     <span class='ocr_line' id='line_1_5' title="bbox 252 578 545 649; baseline -0.007 -15"><span class='ocrx_word' id='word_1_22' title='bbox 252 593 385 646; x_wconf 76' lang='lat' dir='ltr'><strong>xui,</strong></span> <span class='ocrx_word' id='word_1_23' title='bbox 416 578 545 649; x_wconf 60' lang='grc' dir='ltr'><strong>ιδῃ</strong></span> 
     </span>
    </p>
   </div>
   <div class='ocr_carea' id='block_1_6' title="bbox 324 670 1854 746">
    <p class='ocr_par' dir='ltr' id='par_1_6' title="bbox 324 670 1854 746">
     <span class='ocr_line' id='line_1_6' title="bbox 324 670 1854 746; baseline 0.003 -19"><span class='ocrx_word' id='word_1_24' title='bbox 324 670 510 727; x_wconf 77' lang='lat' dir='ltr'><strong>XXIII.</strong></span> <span class='ocrx_word' id='word_1_25' title='bbox 539 670 670 740; x_wconf 82' lang='lat' dir='ltr'><strong>Quis</strong></span> <span class='ocrx_word' id='word_1_26' title='bbox 691 677 871 725; x_wconf 86' lang='lat' dir='ltr'><strong>autem</strong></span> <span class='ocrx_word' id='word_1_27' title='bbox 900 676 986 726; x_wconf 77' lang='lat' dir='ltr'><strong>est</strong></span> <span class='ocrx_word' id='word_1_28' title='bbox 1014 671 1101 728; x_wconf 80' lang='lat' dir='ltr'><strong>hic</strong></span> <span class='ocrx_word' id='word_1_29' title='bbox 1129 673 1221 743; x_wconf 86' lang='lat' dir='ltr'><strong>qui</strong></span> <span class='ocrx_word' id='word_1_30' title='bbox 1253 673 1486 729; x_wconf 92' lang='lat' dir='ltr'><strong>tacuisse</strong></span> <span class='ocrx_word' id='word_1_31' title='bbox 1513 687 1574 731; x_wconf 92' lang='lat' dir='ltr'><strong>se</strong></span> <span class='ocrx_word' id='word_1_32' title='bbox 1601 674 1748 746; x_wconf 82' lang='lat' dir='ltr'><strong>prius</strong></span> <span class='ocrx_word' id='word_1_33' title='bbox 1773 675 1854 731; x_wconf 87' lang='lat' dir='ltr'><strong>di-</strong></span> 
     </span>
    </p>
   </div>
   <div class='ocr_carea' id='block_1_7' title="bbox 248 763 1853 839">
    <p class='ocr_par' dir='ltr' id='par_1_7' title="bbox 248 763 1853 839">
     <span class='ocr_line' id='line_1_7' title="bbox 248 763 1853 839; baseline 0.002 -19"><span class='ocrx_word' id='word_1_34' title='bbox 248 765 325 821; x_wconf 87' lang='lat' dir='ltr'><strong>cit</strong></span> <span class='ocrx_word' id='word_1_35' title='bbox 349 771 403 820; x_wconf 85' lang='lat' dir='ltr'><strong>et</strong></span> <span class='ocrx_word' id='word_1_36' title='bbox 428 776 536 820; x_wconf 89' lang='lat' dir='ltr'><strong>non</strong></span> <span class='ocrx_word' id='word_1_37' title='bbox 578 776 793 834; x_wconf 88' lang='lat' dir='ltr'><strong>semper</strong></span> <span class='ocrx_word' id='word_1_38' title='bbox 827 763 1061 819; x_wconf 80' lang='lat' dir='ltr'><strong>tacebit?</strong></span> <span class='ocrx_word' id='word_1_39' title='bbox 1093 765 1288 837; x_wconf 78' lang='lat' dir='ltr'><strong>Utique</strong></span> <span class='ocrx_word' id='word_1_40' title='bbox 1328 767 1419 823; x_wconf 90' lang='lat' dir='ltr'><strong>ille</strong></span> <span class='ocrx_word' id='word_1_41' title='bbox 1449 768 1540 839; x_wconf 89' lang='lat' dir='ltr'><strong>qui</strong></span> <span class='ocrx_word' id='word_1_42' title='bbox 1570 768 1708 824; x_wconf 87' lang='lat' dir='ltr'><strong>sicut</strong></span> <span class='ocrx_word' id='word_1_43' title='bbox 1738 769 1853 825; x_wconf 89' lang='lat' dir='ltr'><strong>ovis</strong></span> 
     </span>
    </p>
   </div>
   <div class='ocr_carea' id='block_1_8' title="bbox 248 858 1851 931">
    <p class='ocr_par' dir='ltr' id='par_1_8' title="bbox 248 858 1851 931">
     <span class='ocr_line' id='line_1_8' title="bbox 248 858 1851 931; baseline 0.002 -17"><span class='ocrx_word' id='word_1_44' title='bbox 248 858 317 914; x_wconf 83' lang='lat' dir='ltr'><strong>ad</strong></span> <span class='ocrx_word' id='word_1_45' title='bbox 346 858 615 913; x_wconf 74' lang='lat' dir='ltr'><strong>victimam</strong></span> <span class='ocrx_word' id='word_1_46' title='bbox 646 858 840 913; x_wconf 81' lang='lat' dir='ltr'><strong>ductus</strong></span> <span class='ocrx_word' id='word_1_47' title='bbox 866 865 969 925; x_wconf 86' lang='lat' dir='ltr'><strong>est,</strong></span> <span class='ocrx_word' id='word_1_48' title='bbox 1012 868 1067 914; x_wconf 89' lang='lat' dir='ltr'><strong>et</strong></span> <span class='ocrx_word' id='word_1_49' title='bbox 1112 861 1250 916; x_wconf 88' lang='lat' dir='ltr'><strong>sicut</strong></span> <span class='ocrx_word' id='word_1_50' title='bbox 1293 875 1461 931; x_wconf 84' lang='lat' dir='ltr'><strong>agnus</strong></span> <span class='ocrx_word' id='word_1_51' title='bbox 1504 874 1684 916; x_wconf 81' lang='lat' dir='ltr'><strong>coram</strong></span> <span class='ocrx_word' id='word_1_52' title='bbox 1728 871 1851 917; x_wconf 89' lang='lat' dir='ltr'><strong>ton-</strong></span> 
     </span>
    </p>
   </div>
   <div class='ocr_carea' id='block_1_9' title="bbox 248 952 1855 1026">
    <p class='ocr_par' dir='ltr' id='par_1_9' title="bbox 248 952 1855 1026">
     <span class='ocr_line' id='line_1_9' title="bbox 248 952 1855 1026; baseline 0.003 -19"><span class='ocrx_word' id='word_1_53' title='bbox 248 952 413 1008; x_wconf 89' lang='lat' dir='ltr'><strong>dente</strong></span> <span class='ocrx_word' id='word_1_54' title='bbox 440 966 501 1008; x_wconf 89' lang='lat' dir='ltr'><strong>se</strong></span> <span class='ocrx_word' id='word_1_55' title='bbox 524 960 571 1018; x_wconf 66' lang='grc' dir='ltr'><strong>τι,</strong></span> <span class='ocrx_word' id='word_1_56' title='bbox 604 953 722 1009; x_wconf 90' lang='lat' dir='ltr'><strong>sine</strong></span> <span class='ocrx_word' id='word_1_57' title='bbox 757 966 887 1008; x_wconf 85' lang='lat' dir='ltr'><strong>voce</strong></span> <span class='ocrx_word' id='word_1_58' title='bbox 925 958 1032 1007; x_wconf 73' lang='lat' dir='ltr'><strong>una</strong></span> <span class='ocrx_word' id='word_1_59' title='bbox 1072 955 1278 1023; x_wconf 85' lang='lat' dir='ltr'><strong>aperuit</strong></span> <span class='ocrx_word' id='word_1_60' title='bbox 1305 971 1364 1009; x_wconf 79' lang='lat' dir='ltr'><strong>os</strong></span> <span class='ocrx_word' id='word_1_61' title='bbox 1397 956 1551 1009; x_wconf 77' lang='lat' dir='ltr'><strong>suum</strong></span> <span class='ocrx_word' id='word_1_62' title='bbox 1574 953 1641 1021; x_wconf 80' lang='lat' dir='ltr'><strong>b;</strong></span> <span class='ocrx_word' id='word_1_63' title='bbox 1672 956 1855 1026; x_wconf 82' lang='lat' dir='ltr'><strong>utique</strong></span> 
     </span>
    </p>
   </div>
   <div class='ocr_carea' id='block_1_10' title="bbox 247 1044 1851 1117">
    <p class='ocr_par' dir='ltr' id='par_1_10' title="bbox 247 1044 1851 1117">
     <span class='ocr_line' id='line_1_10' title="bbox 247 1044 1851 1117; baseline 0.002 -18"><span class='ocrx_word' id='word_1_64' title='bbox 247 1044 342 1100; x_wconf 88' lang='lat' dir='ltr'><strong>ille</strong></span> <span class='ocrx_word' id='word_1_65' title='bbox 366 1044 458 1116; x_wconf 87' lang='lat' dir='ltr'><strong>qui</strong></span> <span class='ocrx_word' id='word_1_66' title='bbox 481 1060 587 1100; x_wconf 88' lang='lat' dir='ltr'><strong>non</strong></span> <span class='ocrx_word' id='word_1_67' title='bbox 607 1045 879 1110; x_wconf 85' lang='lat' dir='ltr'><strong>clamavit,</strong></span> <span class='ocrx_word' id='word_1_68' title='bbox 912 1058 1082 1114; x_wconf 80' lang='lat' dir='ltr'><strong>neque</strong></span> <span class='ocrx_word' id='word_1_69' title='bbox 1114 1046 1165 1100; x_wconf 92' lang='lat' dir='ltr'><strong>in</strong></span> <span class='ocrx_word' id='word_1_70' title='bbox 1196 1046 1385 1116; x_wconf 80' lang='lat' dir='ltr'><strong>plateis</strong></span> <span class='ocrx_word' id='word_1_71' title='bbox 1405 1060 1506 1101; x_wconf 85' lang='lat' dir='ltr'><strong>vox</strong></span> <span class='ocrx_word' id='word_1_72' title='bbox 1531 1046 1647 1117; x_wconf 83' lang='lat' dir='ltr'><strong>ejus</strong></span> <span class='ocrx_word' id='word_1_73' title='bbox 1671 1046 1851 1103; x_wconf 82' lang='lat' dir='ltr'><strong>auditu</strong></span> 
     </span>
    </p>
   </div>
   <div class='ocr_carea' id='block_1_11' title="bbox 247 1130 1850 1209">
    <p class='ocr_par' dir='ltr' id='par_1_11' title="bbox 247 1130 1850 1209">
     <span class='ocr_line' id='line_1_11' title="bbox 247 1130 1850 1209; baseline -0.001 -17"><span class='ocrx_word' id='word_1_74' title='bbox 247 1146 371 1202; x_wconf 89' lang='lat' dir='ltr'><strong>est;</strong></span> <span class='ocrx_word' id='word_1_75' title='bbox 404 1137 589 1206; x_wconf 77' lang='lat' dir='ltr'><strong>utique</strong></span> <span class='ocrx_word' id='word_1_76' title='bbox 622 1137 710 1192; x_wconf 89' lang='lat' dir='ltr'><strong>ille</strong></span> <span class='ocrx_word' id='word_1_77' title='bbox 733 1138 822 1208; x_wconf 87' lang='lat' dir='ltr'><strong>qui</strong></span> <span class='ocrx_word' id='word_1_78' title='bbox 847 1150 950 1192; x_wconf 85' lang='lat' dir='ltr'><strong>nou</strong></span> <span class='ocrx_word' id='word_1_79' title='bbox 975 1130 1073 1192; x_wconf 88' lang='lat' dir='ltr'><strong>luit</strong></span> <span class='ocrx_word' id='word_1_80' title='bbox 1099 1146 1405 1203; x_wconf 78' lang='lat' dir='ltr'><strong>contumax,</strong></span> <span class='ocrx_word' id='word_1_81' title='bbox 1442 1152 1613 1209; x_wconf 83' lang='lat' dir='ltr'><strong>neque</strong></span> <span class='ocrx_word' id='word_1_82' title='bbox 1633 1146 1850 1192; x_wconf 76' lang='lat' dir='ltr'><strong>eontra-</strong></span> 
     </span>
    </p>
   </div>
   <div class='ocr_carea' id='block_1_12' title="bbox 247 1229 1853 1300">
    <p class='ocr_par' dir='ltr' id='par_1_12' title="bbox 247 1229 1853 1300">
     <span class='ocr_line' id='line_1_12' title="bbox 247 1229 1853 1300; baseline 0.001 -18"><span class='ocrx_word' id='word_1_83' title='bbox 247 1230 406 1294; x_wconf 77' lang='lat' dir='ltr'><strong>dixit,</strong></span> <span class='ocrx_word' id='word_1_84' title='bbox 432 1242 554 1284; x_wconf 89' lang='lat' dir='ltr'><strong>cum</strong></span> <span class='ocrx_word' id='word_1_85' title='bbox 578 1229 799 1284; x_wconf 79' lang='lat' dir='ltr'><strong>dorsum</strong></span> <span class='ocrx_word' id='word_1_86' title='bbox 828 1243 982 1284; x_wconf 88' lang='lat' dir='ltr'><strong>suum</strong></span> <span class='ocrx_word' id='word_1_87' title='bbox 1017 1238 1238 1299; x_wconf 90' lang='lat' dir='ltr'><strong>poneret</strong></span> <span class='ocrx_word' id='word_1_88' title='bbox 1259 1230 1323 1284; x_wconf 88' lang='lat' dir='ltr'><strong>ad</strong></span> <span class='ocrx_word' id='word_1_89' title='bbox 1349 1229 1554 1300; x_wconf 77' lang='lat' dir='ltr'><strong>ﬂagella</strong></span> <span class='ocrx_word' id='word_1_90' title='bbox 1576 1238 1630 1285; x_wconf 90' lang='lat' dir='ltr'><strong>et</strong></span> <span class='ocrx_word' id='word_1_91' title='bbox 1657 1230 1853 1284; x_wconf 80' lang='lat' dir='ltr'><strong>maxil-</strong></span> 
     </span>
    </p>
   </div>
   <div class='ocr_carea' id='block_1_13' title="bbox 249 1318 1852 1389">
    <p class='ocr_par' dir='ltr' id='par_1_13' title="bbox 249 1318 1852 1389">
     <span class='ocr_line' id='line_1_13' title="bbox 249 1318 1852 1389; baseline 0.002 -15"><span class='ocrx_word' id='word_1_92' title='bbox 249 1318 332 1374; x_wconf 86' lang='lat' dir='ltr'><strong>las</strong></span> <span class='ocrx_word' id='word_1_93' title='bbox 361 1321 432 1352; x_wconf 76' lang='grc'><strong>’⁸⁸</strong></span> <span class='ocrx_word' id='word_1_94' title='bbox 463 1320 531 1375; x_wconf 83' lang='lat' dir='ltr'><strong>ad</strong></span> <span class='ocrx_word' id='word_1_95' title='bbox 558 1321 793 1389; x_wconf 81' lang='lat' dir='ltr'><strong>palmas,</strong></span> <span class='ocrx_word' id='word_1_96' title='bbox 838 1320 1027 1377; x_wconf 79' lang='lat' dir='ltr'><strong>faciem</strong></span> <span class='ocrx_word' id='word_1_97' title='bbox 1059 1331 1241 1377; x_wconf 89' lang='lat' dir='ltr'><strong>autem</strong></span> <span class='ocrx_word' id='word_1_98' title='bbox 1285 1336 1435 1376; x_wconf 89' lang='lat' dir='ltr'><strong>suam</strong></span> <span class='ocrx_word' id='word_1_99' title='bbox 1467 1338 1572 1376; x_wconf 87' lang='lat' dir='ltr'><strong>non</strong></span> <span class='ocrx_word' id='word_1_100' title='bbox 1608 1322 1798 1377; x_wconf 75' lang='lat' dir='ltr'><strong>avertit</strong></span> <span class='ocrx_word' id='word_1_101' title='bbox 1822 1338 1852 1377; x_wconf 91' lang='lat' dir='ltr'><strong>a</strong></span> 
     </span>
    </p>
   </div>
   <div class='ocr_carea' id='block_1_14' title="bbox 249 1412 1853 1485">
    <p class='ocr_par' dir='ltr' id='par_1_14' title="bbox 249 1412 1853 1485">
     <span class='ocr_line' id='line_1_14' title="bbox 249 1412 1853 1485; baseline 0.002 -17"><span class='ocrx_word' id='word_1_102' title='bbox 249 1412 488 1468; x_wconf 73' lang='lat' dir='ltr'><strong>fmditate</strong></span> <span class='ocrx_word' id='word_1_103' title='bbox 506 1421 786 1483; x_wconf 79' lang='lat' dir='ltr'><strong>sputo‘rum</strong></span> <span class='ocrx_word' id='word_1_104' title='bbox 810 1429 825 1479; x_wconf 85' lang='lat'><strong>;</strong></span> <span class='ocrx_word' id='word_1_105' title='bbox 851 1415 1034 1484; x_wconf 78' lang='lat' dir='ltr'><strong>utique</strong></span> <span class='ocrx_word' id='word_1_106' title='bbox 1052 1414 1140 1469; x_wconf 90' lang='lat' dir='ltr'><strong>ille</strong></span> <span class='ocrx_word' id='word_1_107' title='bbox 1158 1416 1271 1485; x_wconf 88' lang='lat' dir='ltr'><strong>qui,</strong></span> <span class='ocrx_word' id='word_1_108' title='bbox 1304 1429 1425 1470; x_wconf 91' lang='lat' dir='ltr'><strong>cum</strong></span> <span class='ocrx_word' id='word_1_109' title='bbox 1449 1426 1795 1471; x_wconf 79' lang='lat' dir='ltr'><strong>accosaretur</strong></span> <span class='ocrx_word' id='word_1_110' title='bbox 1821 1431 1853 1472; x_wconf 90' lang='lat' dir='ltr'><strong>a</strong></span> 
     </span>
    </p>
   </div>
   <div class='ocr_carea' id='block_1_15' title="bbox 249 1504 1854 1579">
    <p class='ocr_par' dir='ltr' id='par_1_15' title="bbox 249 1504 1854 1579">
     <span class='ocr_line' id='line_1_15' title="bbox 249 1504 1854 1579; baseline 0.004 -20"><span class='ocrx_word' id='word_1_111' title='bbox 249 1504 624 1561; x_wconf 81' lang='lat' dir='ltr'><strong>sacerdotibus</strong></span> <span class='ocrx_word' id='word_1_112' title='bbox 660 1516 716 1571; x_wconf 72' lang='lat' dir='ltr'><strong>et</strong></span> <span class='ocrx_word' id='word_1_113' title='bbox 749 1506 1074 1572; x_wconf 85' lang='lat' dir='ltr'><strong>senioribus,</strong></span> <span class='ocrx_word' id='word_1_114' title='bbox 1110 1506 1238 1561; x_wconf 87' lang='lat' dir='ltr'><strong>nihil</strong></span> <span class='ocrx_word' id='word_1_115' title='bbox 1274 1508 1547 1579; x_wconf 82' lang='lat' dir='ltr'><strong>respondit</strong></span> <span class='ocrx_word' id='word_1_116' title='bbox 1574 1517 1648 1575; x_wconf 90' lang='lat' dir='ltr'><strong>et,</strong></span> <span class='ocrx_word' id='word_1_117' title='bbox 1682 1510 1854 1566; x_wconf 87' lang='lat' dir='ltr'><strong>admi-</strong></span> 
     </span>
    </p>
   </div>
   <div class='ocr_carea' id='block_1_16' title="bbox 240 1597 1856 1668">
    <p class='ocr_par' dir='ltr' id='par_1_16' title="bbox 240 1597 1856 1668">
     <span class='ocr_line' id='line_1_16' title="bbox 240 1597 1856 1668; baseline 0.004 -15"><span class='ocrx_word' id='word_1_118' title='bbox 240 1598 406 1653; x_wconf 85' lang='lat' dir='ltr'><strong>&#39;ranle</strong></span> <span class='ocrx_word' id='word_1_119' title='bbox 442 1597 649 1665; x_wconf 83' lang='lat' dir='ltr'><strong>Pilato,</strong></span> <span class='ocrx_word' id='word_1_120' title='bbox 683 1597 1130 1668; x_wconf 84' lang='lat' dir='ltr'><strong>patientissimum</strong></span> <span class='ocrx_word' id='word_1_121' title='bbox 1169 1599 1437 1654; x_wconf 88' lang='lat' dir='ltr'><strong>silentium</strong></span> <span class='ocrx_word' id='word_1_122' title='bbox 1467 1612 1487 1639; x_wconf 75' lang='grc' dir='ltr'>ε</span> <span class='ocrx_word' id='word_1_123' title='bbox 1520 1602 1708 1656; x_wconf 89' lang='lat' dir='ltr'><strong>tenuit.</strong></span> <span class='ocrx_word' id='word_1_124' title='bbox 1759 1602 1856 1659; x_wconf 76' lang='lat' dir='ltr'><strong>llic</strong></span> 
     </span>
    </p>
   </div>
   <div class='ocr_carea' id='block_1_17' title="bbox 248 1692 1857 1768">
    <p class='ocr_par' dir='ltr' id='par_1_17' title="bbox 248 1692 1857 1768">
     <span class='ocr_line' id='line_1_17' title="bbox 248 1692 1857 1768; baseline 0.003 -20"><span class='ocrx_word' id='word_1_125' title='bbox 248 1702 335 1748; x_wconf 89' lang='lat' dir='ltr'><strong>est</strong></span> <span class='ocrx_word' id='word_1_126' title='bbox 355 1693 449 1764; x_wconf 88' lang='lat' dir='ltr'><strong>qui</strong></span> <span class='ocrx_word' id='word_1_127' title='bbox 476 1694 527 1757; x_wconf 78' lang='grc' dir='ltr'><strong>ά,</strong></span> <span class='ocrx_word' id='word_1_128' title='bbox 554 1708 675 1749; x_wconf 90' lang='lat' dir='ltr'><strong>eum</strong></span> <span class='ocrx_word' id='word_1_129' title='bbox 715 1694 766 1748; x_wconf 92' lang='lat' dir='ltr'><strong>in</strong></span> <span class='ocrx_word' id='word_1_130' title='bbox 797 1692 1043 1765; x_wconf 83' lang='lat' dir='ltr'><strong>passione</strong></span> <span class='ocrx_word' id='word_1_131' title='bbox 1078 1695 1303 1750; x_wconf 84' lang='lat' dir='ltr'><strong>tacuerit</strong></span> <span class='ocrx_word' id='word_1_132' title='bbox 1323 1704 1369 1762; x_wconf 77' lang='grc' dir='ltr'><strong>ο,</strong></span> <span class='ocrx_word' id='word_1_133' title='bbox 1399 1697 1451 1751; x_wconf 92' lang='lat' dir='ltr'><strong>in</strong></span> <span class='ocrx_word' id='word_1_134' title='bbox 1480 1697 1681 1753; x_wconf 85' lang='lat' dir='ltr'><strong>ultione</strong></span> <span class='ocrx_word' id='word_1_135' title='bbox 1710 1705 1857 1768; x_wconf 89' lang='lat' dir='ltr'><strong>post-</strong></span> 
     </span>
    </p>
   </div>
   <div class='ocr_carea' id='block_1_18' title="bbox 249 1784 1855 1855">
    <p class='ocr_par' dir='ltr' id='par_1_18' title="bbox 249 1784 1855 1855">
     <span class='ocr_line' id='line_1_18' title="bbox 249 1784 1855 1855; baseline 0.003 -14"><span class='ocrx_word' id='word_1_136' title='bbox 249 1786 473 1841; x_wconf 87' lang='lat' dir='ltr'><strong>modum</strong></span> <span class='ocrx_word' id='word_1_137' title='bbox 500 1794 606 1841; x_wconf 81' lang='lat' dir='ltr'><strong>nnn</strong></span> <span class='ocrx_word' id='word_1_138' title='bbox 634 1786 850 1841; x_wconf 88' lang='lat' dir='ltr'><strong>tacebit.</strong></span> <span class='ocrx_word' id='word_1_139' title='bbox 880 1784 979 1841; x_wconf 85' lang='lat' dir='ltr'><strong>Hic</strong></span> <span class='ocrx_word' id='word_1_140' title='bbox 1018 1797 1099 1842; x_wconf 88' lang='lat' dir='ltr'><strong>est</strong></span> <span class='ocrx_word' id='word_1_141' title='bbox 1138 1787 1277 1842; x_wconf 87' lang='lat' dir='ltr'><strong>Deus</strong></span> <span class='ocrx_word' id='word_1_142' title='bbox 1301 1790 1501 1854; x_wconf 82' lang='lat' dir='ltr'><strong>noster,</strong></span> <span class='ocrx_word' id='word_1_143' title='bbox 1534 1787 1584 1842; x_wconf 93' lang='lat' dir='ltr'><strong>id</strong></span> <span class='ocrx_word' id='word_1_144' title='bbox 1611 1798 1713 1855; x_wconf 85' lang='lat' dir='ltr'><strong>est,</strong></span> <span class='ocrx_word' id='word_1_145' title='bbox 1747 1805 1855 1846; x_wconf 89' lang='lat' dir='ltr'><strong>non</strong></span> 
     </span>
    </p>
   </div>
   <div class='ocr_carea' id='block_1_19' title="bbox 1957 590 3558 663">
    <p class='ocr_par' dir='ltr' id='par_1_19' title="bbox 1957 590 3558 663">
     <span class='ocr_line' id='line_1_19' title="bbox 1957 590 3558 663; baseline 0.005 -19"><span class='ocrx_word' id='word_1_146' title='bbox 1957 590 2187 645; x_wconf 87' lang='lat' dir='ltr'><strong>necdum</strong></span> <span class='ocrx_word' id='word_1_147' title='bbox 2234 590 2534 646; x_wconf 86' lang='lat' dir='ltr'><strong>vindicatus</strong></span> <span class='ocrx_word' id='word_1_148' title='bbox 2574 598 2656 648; x_wconf 87' lang='lat' dir='ltr'><strong>est</strong></span> <span class='ocrx_word' id='word_1_149' title='bbox 2690 593 2803 661; x_wconf 88' lang='lat' dir='ltr'><strong>ipse</strong></span> <span class='ocrx_word' id='word_1_150' title='bbox 2834 594 2921 663; x_wconf 90' lang='lat' dir='ltr'><strong>qui</strong></span> <span class='ocrx_word' id='word_1_151' title='bbox 2952 594 3204 651; x_wconf 86' lang='lat' dir='ltr'><strong>vindicat.</strong></span> <span class='ocrx_word' id='word_1_152' title='bbox 3238 594 3395 651; x_wconf 81' lang='lat' dir='ltr'><strong>Pater</strong></span> <span class='ocrx_word' id='word_1_153' title='bbox 3418 596 3558 652; x_wconf 88' lang='lat' dir='ltr'><strong>Dens</strong></span> 
     </span>
    </p>
   </div>
   <div class='ocr_carea' id='block_1_20' title="bbox 1958 682 3551 757">
    <p class='ocr_par' dir='ltr' id='par_1_20' title="bbox 1958 682 3551 757">
     <span class='ocr_line' id='line_1_20' title="bbox 1958 682 3551 757; baseline 0.004 -20"><span class='ocrx_word' id='word_1_154' title='bbox 1958 684 2212 753; x_wconf 74' lang='lat' dir='ltr'><strong>prmcepit</strong></span> <span class='ocrx_word' id='word_1_155' title='bbox 2241 682 2433 738; x_wconf 81' lang='lat' dir='ltr'><strong>Filium</strong></span> <span class='ocrx_word' id='word_1_156' title='bbox 2459 698 2613 738; x_wconf 89' lang='lat' dir='ltr'><strong>suum</strong></span> <span class='ocrx_word' id='word_1_157' title='bbox 2668 684 2899 751; x_wconf 88' lang='lat' dir='ltr'><strong>adorari,</strong></span> <span class='ocrx_word' id='word_1_158' title='bbox 2931 698 2983 741; x_wconf 89' lang='lat' dir='ltr'><strong>et</strong></span> <span class='ocrx_word' id='word_1_159' title='bbox 3014 689 3289 757; x_wconf 78' lang='lat' dir='ltr'><strong>apostolus</strong></span> <span class='ocrx_word' id='word_1_160' title='bbox 3335 687 3551 754; x_wconf 77' lang='lat' dir='ltr'><strong>Paulus,</strong></span> 
     </span>
    </p>
   </div>
   <div class='ocr_carea' id='block_1_21' title="bbox 1955 772 3559 847">
    <p class='ocr_par' dir='ltr' id='par_1_21' title="bbox 1955 772 3559 847">
     <span class='ocr_line' id='line_1_21' title="bbox 1955 772 3559 847; baseline 0.006 -20"><span class='ocrx_word' id='word_1_161' title='bbox 1955 772 2118 827; x_wconf 79' lang='lat' dir='ltr'><strong>divini</strong></span> <span class='ocrx_word' id='word_1_162' title='bbox 2148 775 2398 844; x_wconf 63' lang='lat' dir='ltr'><strong>prtccepti</strong></span> <span class='ocrx_word' id='word_1_163' title='bbox 2431 788 2652 840; x_wconf 86' lang='lat' dir='ltr'><strong>memor,</strong></span> <span class='ocrx_word' id='word_1_164' title='bbox 2677 776 2826 847; x_wconf 88' lang='lat' dir='ltr'><strong>ponit</strong></span> <span class='ocrx_word' id='word_1_165' title='bbox 2855 787 2907 832; x_wconf 91' lang='lat' dir='ltr'><strong>et</strong></span> <span class='ocrx_word' id='word_1_166' title='bbox 2930 777 3094 834; x_wconf 83' lang='lat' dir='ltr'><strong>dicit:</strong></span> <span class='ocrx_word' id='word_1_167' title='bbox 3129 779 3289 847; x_wconf 86' lang='lat' dir='ltr'><strong>Deus,</strong></span> <span class='ocrx_word' id='word_1_168' title='bbox 3321 779 3559 836; x_wconf 77' lang='lat' dir='ltr'><strong>exultavit</strong></span> 
     </span>
    </p>
   </div>
   <div class='ocr_carea' id='block_1_22' title="bbox 1955 866 3558 942">
    <p class='ocr_par' dir='ltr' id='par_1_22' title="bbox 1955 866 3558 942">
     <span class='ocr_line' id='line_1_22' title="bbox 1955 866 3558 942; baseline 0.006 -23"><span class='ocrx_word' id='word_1_169' title='bbox 1955 867 2120 933; x_wconf 82' lang='lat' dir='ltr'><strong>illum,</strong></span> <span class='ocrx_word' id='word_1_170' title='bbox 2156 876 2203 921; x_wconf 86' lang='lat' dir='ltr'><strong>et</strong></span> <span class='ocrx_word' id='word_1_171' title='bbox 2249 866 2453 923; x_wconf 87' lang='lat' dir='ltr'><strong>donavit</strong></span> <span class='ocrx_word' id='word_1_172' title='bbox 2484 869 2559 923; x_wconf 90' lang='lat' dir='ltr'><strong>illi</strong></span> <span class='ocrx_word' id='word_1_173' title='bbox 2605 884 2786 923; x_wconf 86' lang='lat' dir='ltr'><strong>nomen</strong></span> <span class='ocrx_word' id='word_1_174' title='bbox 2832 870 2968 942; x_wconf 86' lang='lat' dir='ltr'><strong>quod</strong></span> <span class='ocrx_word' id='word_1_175' title='bbox 2992 880 3062 925; x_wconf 85' lang='lat' dir='ltr'><strong>est</strong></span> <span class='ocrx_word' id='word_1_176' title='bbox 3102 889 3254 942; x_wconf 83' lang='lat' dir='ltr'><strong>super</strong></span> <span class='ocrx_word' id='word_1_177' title='bbox 3280 890 3427 928; x_wconf 88' lang='lat' dir='ltr'><strong>omne</strong></span> <span class='ocrx_word' id='word_1_178' title='bbox 3462 892 3558 928; x_wconf 89' lang='lat' dir='ltr'><strong>no-</strong></span> 
     </span>
    </p>
   </div>
   <div class='ocr_carea' id='block_1_23' title="bbox 1957 952 3562 1035">
    <p class='ocr_par' dir='ltr' id='par_1_23' title="bbox 1957 952 3562 1035">
     <span class='ocr_line' id='line_1_23' title="bbox 1957 952 3562 1035; baseline 0.006 -23"><span class='ocrx_word' id='word_1_179' title='bbox 1957 977 2070 1015; x_wconf 90' lang='lat' dir='ltr'><strong>men</strong></span> <span class='ocrx_word' id='word_1_180' title='bbox 2102 958 2144 1027; x_wconf 75' lang='grc' dir='ltr'><strong>ί,</strong></span> <span class='ocrx_word' id='word_1_181' title='bbox 2171 969 2225 1015; x_wconf 80' lang='grc' dir='ltr'><strong>ιιι</strong></span> <span class='ocrx_word' id='word_1_182' title='bbox 2256 962 2307 1015; x_wconf 88' lang='lat' dir='ltr'><strong>in</strong></span> <span class='ocrx_word' id='word_1_183' title='bbox 2338 963 2540 1017; x_wconf 84' lang='lat' dir='ltr'><strong>nomine</strong></span> <span class='ocrx_word' id='word_1_184' title='bbox 2575 960 2701 1017; x_wconf 75' lang='lat' dir='ltr'><strong>Iesu</strong></span> <span class='ocrx_word' id='word_1_185' title='bbox 2742 980 2888 1018; x_wconf 90' lang='lat' dir='ltr'><strong>omne</strong></span> <span class='ocrx_word' id='word_1_186' title='bbox 2908 980 3039 1035; x_wconf 89' lang='lat' dir='ltr'><strong>genu</strong></span> <span class='ocrx_word' id='word_1_187' title='bbox 3078 964 3348 1035; x_wconf 68' lang='lat' dir='ltr'><strong>[luctaturi</strong></span> <span class='ocrx_word' id='word_1_188' title='bbox 3386 952 3562 1021; x_wconf 65' lang='lat' dir='ltr'><strong>caeles-</strong></span> 
     </span>
    </p>
   </div>
   <div class='ocr_carea' id='block_1_24' title="bbox 1960 1050 3556 1131">
    <p class='ocr_par' dir='ltr' id='par_1_24' title="bbox 1960 1050 3556 1131">
     <span class='ocr_line' id='line_1_24' title="bbox 1960 1050 3556 1131; baseline 0.002 -23"><span class='ocrx_word' id='word_1_189' title='bbox 1960 1056 2105 1121; x_wconf 91' lang='lat' dir='ltr'><strong>tium,</strong></span> <span class='ocrx_word' id='word_1_190' title='bbox 2154 1057 2465 1109; x_wconf 78' lang='lat' dir='ltr'><strong>terrestrium</strong></span> <span class='ocrx_word' id='word_1_191' title='bbox 2508 1064 2553 1111; x_wconf 91' lang='lat' dir='ltr'><strong>et</strong></span> <span class='ocrx_word' id='word_1_192' title='bbox 2596 1056 2912 1129; x_wconf 80' lang='lat' dir='ltr'><strong>infernarum</strong></span> <span class='ocrx_word' id='word_1_193' title='bbox 2959 1050 3180 1131; x_wconf 82' lang='lat' dir='ltr'><strong>(Philip.</strong></span> <span class='ocrx_word' id='word_1_194' title='bbox 3224 1074 3298 1121; x_wconf 84' lang='lat' dir='ltr'><strong>Il,</strong></span> <span class='ocrx_word' id='word_1_195' title='bbox 3333 1058 3402 1126; x_wconf 91' lang='lat'><strong>9,</strong></span> <span class='ocrx_word' id='word_1_196' title='bbox 3434 1054 3556 1131; x_wconf 78' lang='lat' dir='ltr'><strong>ib).</strong></span> 
     </span>
    </p>
   </div>
   <div class='ocr_carea' id='block_1_25' title="bbox 1960 1144 3560 1218">
    <p class='ocr_par' dir='ltr' id='par_1_25' title="bbox 1960 1144 3560 1218">
     <span class='ocr_line' id='line_1_25' title="bbox 1960 1144 3560 1218; baseline 0.004 -19"><span class='ocrx_word' id='word_1_197' title='bbox 1960 1144 2026 1200; x_wconf 90' lang='lat' dir='ltr'><strong>Et</strong></span> <span class='ocrx_word' id='word_1_198' title='bbox 2057 1146 2107 1199; x_wconf 89' lang='lat' dir='ltr'><strong>in</strong></span> <span class='ocrx_word' id='word_1_199' title='bbox 2140 1146 2458 1218; x_wconf 78' lang='lat' dir='ltr'><strong>Apocalypsi</strong></span> <span class='ocrx_word' id='word_1_200' title='bbox 2505 1147 2742 1217; x_wconf 82' lang='lat' dir='ltr'><strong>Angelus</strong></span> <span class='ocrx_word' id='word_1_201' title='bbox 2762 1146 2953 1202; x_wconf 84' lang='lat' dir='ltr'><strong>Joanni</strong></span> <span class='ocrx_word' id='word_1_202' title='bbox 2986 1148 3182 1203; x_wconf 88' lang='lat' dir='ltr'><strong>volenti</strong></span> <span class='ocrx_word' id='word_1_203' title='bbox 3224 1148 3450 1203; x_wconf 84' lang='lat' dir='ltr'><strong>adorare</strong></span> <span class='ocrx_word' id='word_1_204' title='bbox 3500 1156 3560 1206; x_wconf 81' lang='lat' dir='ltr'><strong>s&#39;e</strong></span> 
     </span>
    </p>
   </div>
   <div class='ocr_carea' id='block_1_26' title="bbox 1957 1236 3559 1311">
    <p class='ocr_par' dir='ltr' id='par_1_26' title="bbox 1957 1236 3559 1311">
     <span class='ocr_line' id='line_1_26' title="bbox 1957 1236 3559 1311; baseline 0.002 -20"><span class='ocrx_word' id='word_1_205' title='bbox 1957 1239 2159 1293; x_wconf 86' lang='lat' dir='ltr'><strong>resistit</strong></span> <span class='ocrx_word' id='word_1_206' title='bbox 2198 1246 2252 1292; x_wconf 86' lang='lat' dir='ltr'><strong>et</strong></span> <span class='ocrx_word' id='word_1_207' title='bbox 2288 1236 2417 1293; x_wconf 89' lang='lat' dir='ltr'><strong>dicit</strong></span> <span class='ocrx_word' id='word_1_208' title='bbox 2442 1236 2469 1275; x_wconf 69' lang='grc' dir='ltr'><strong>ιι</strong></span> <span class='ocrx_word' id='word_1_209' title='bbox 2497 1257 2509 1292; x_wconf 91' lang='lat'>:</span> <span class='ocrx_word' id='word_1_210' title='bbox 2549 1237 2678 1292; x_wconf 85' lang='lat' dir='ltr'><strong>Vide</strong></span> <span class='ocrx_word' id='word_1_211' title='bbox 2706 1255 2769 1293; x_wconf 87' lang='lat' dir='ltr'><strong>ne</strong></span> <span class='ocrx_word' id='word_1_212' title='bbox 2795 1238 2992 1311; x_wconf 77' lang='lat' dir='ltr'><strong>feceris,</strong></span> <span class='ocrx_word' id='word_1_213' title='bbox 3016 1241 3134 1310; x_wconf 85' lang='lat' dir='ltr'><strong>quia</strong></span> <span class='ocrx_word' id='word_1_214' title='bbox 3149 1254 3422 1295; x_wconf 87' lang='lat' dir='ltr'><strong>conservus</strong></span> <span class='ocrx_word' id='word_1_215' title='bbox 3444 1246 3559 1295; x_wconf 81' lang='lat' dir='ltr'><strong>tntis</strong></span> 
     </span>
    </p>
   </div>
   <div class='ocr_carea' id='block_1_27' title="bbox 1956 1328 3555 1404">
    <p class='ocr_par' dir='ltr' id='par_1_27' title="bbox 1956 1328 3555 1404">
     <span class='ocr_line' id='line_1_27' title="bbox 1956 1328 3555 1404; baseline 0.001 -21"><span class='ocrx_word' id='word_1_216' title='bbox 1956 1343 2067 1383; x_wconf 88' lang='lat' dir='ltr'><strong>sunt</strong></span> <span class='ocrx_word' id='word_1_217' title='bbox 2083 1329 2367 1400; x_wconf 62' lang='lat' dir='ltr'><strong>etJratrum</strong></span> <span class='ocrx_word' id='word_1_218' title='bbox 2390 1339 2608 1384; x_wconf 88' lang='lat' dir='ltr'><strong>tuorum.</strong></span> <span class='ocrx_word' id='word_1_219' title='bbox 2630 1329 2809 1385; x_wconf 75' lang='lat' dir='ltr'><strong>Iesum</strong></span> <span class='ocrx_word' id='word_1_220' title='bbox 2833 1332 3107 1385; x_wconf 88' lang='lat' dir='ltr'><strong>Dominunt</strong></span> <span class='ocrx_word' id='word_1_221' title='bbox 3122 1329 3283 1386; x_wconf 70' lang='lat' dir='ltr'><strong>ado’ra</strong></span> <span class='ocrx_word' id='word_1_222' title='bbox 3307 1328 3319 1367; x_wconf 86' lang='grc'><strong>¹</strong></span> <span class='ocrx_word' id='word_1_223' title='bbox 3347 1328 3523 1404; x_wconf 74' lang='lat' dir='ltr'><strong>(Apoc.</strong></span> <span class='ocrx_word' id='word_1_224' title='bbox 3540 1375 3555 1397; x_wconf 90' lang='lat'><strong>,</strong></span> 
     </span>
    </p>
   </div>
   <div class='ocr_carea' id='block_1_28' title="bbox 1959 1411 3551 1494">
    <p class='ocr_par' dir='ltr' id='par_1_28' title="bbox 1959 1411 3551 1494">
     <span class='ocr_line' id='line_1_28' title="bbox 1959 1411 3551 1494; baseline 0.002 -20"><span class='ocrx_word' id='word_1_225' title='bbox 1959 1435 2087 1485; x_wconf 80' lang='lat' dir='ltr'><strong>ml,</strong></span> <span class='ocrx_word' id='word_1_226' title='bbox 2108 1420 2188 1493; x_wconf 84' lang='lat'><strong>9).</strong></span> <span class='ocrx_word' id='word_1_227' title='bbox 2207 1411 2388 1490; x_wconf 77' lang='lat' dir='ltr'><strong>Qualis</strong></span> <span class='ocrx_word' id='word_1_228' title='bbox 2414 1422 2671 1476; x_wconf 90' lang='lat' dir='ltr'><strong>Dominus</strong></span> <span class='ocrx_word' id='word_1_229' title='bbox 2689 1420 2907 1478; x_wconf 81' lang='lat' dir='ltr'><strong>JeSttset</strong></span> <span class='ocrx_word' id='word_1_230' title='bbox 2925 1430 3119 1493; x_wconf 82' lang='lat' dir='ltr'><strong>quanta</strong></span> <span class='ocrx_word' id='word_1_231' title='bbox 3141 1423 3394 1493; x_wconf 84' lang='lat' dir='ltr'><strong>patientia</strong></span> <span class='ocrx_word' id='word_1_232' title='bbox 3412 1425 3551 1494; x_wconf 89' lang='lat' dir='ltr'><strong>ejus!</strong></span> 
     </span>
    </p>
   </div>
   <div class='ocr_carea' id='block_1_29' title="bbox 1960 1513 3553 1584">
    <p class='ocr_par' dir='ltr' id='par_1_29' title="bbox 1960 1513 3553 1584">
     <span class='ocr_line' id='line_1_29' title="bbox 1960 1513 3553 1584; baseline 0.002 -16"><span class='ocrx_word' id='word_1_233' title='bbox 1960 1513 2120 1584; x_wconf 81' lang='lat' dir='ltr'><strong>utqui</strong></span> <span class='ocrx_word' id='word_1_234' title='bbox 2145 1514 2195 1568; x_wconf 91' lang='lat' dir='ltr'><strong>in</strong></span> <span class='ocrx_word' id='word_1_235' title='bbox 2226 1516 2380 1570; x_wconf 82' lang='lat' dir='ltr'><strong>caelis</strong></span> <span class='ocrx_word' id='word_1_236' title='bbox 2407 1514 2679 1579; x_wconf 76' lang='lat' dir='ltr'><strong>adoretur,</strong></span> <span class='ocrx_word' id='word_1_237' title='bbox 2702 1515 2926 1570; x_wconf 88' lang='lat' dir='ltr'><strong>necdum</strong></span> <span class='ocrx_word' id='word_1_238' title='bbox 2958 1514 3263 1572; x_wconf 86' lang='lat' dir='ltr'><strong>vindicetur</strong></span> <span class='ocrx_word' id='word_1_239' title='bbox 3290 1517 3343 1570; x_wconf 91' lang='lat' dir='ltr'><strong>in</strong></span> <span class='ocrx_word' id='word_1_240' title='bbox 3375 1518 3553 1572; x_wconf 90' lang='lat' dir='ltr'><strong>terris.</strong></span> 
     </span>
    </p>
   </div>
   <div class='ocr_carea' id='block_1_30' title="bbox 1959 1606 3557 1679">
    <p class='ocr_par' dir='ltr' id='par_1_30' title="bbox 1959 1606 3557 1679">
     <span class='ocr_line' id='line_1_30' title="bbox 1959 1606 3557 1679; baseline 0.001 -16"><span class='ocrx_word' id='word_1_241' title='bbox 1959 1607 2128 1678; x_wconf 84' lang='lat' dir='ltr'><strong>Hujus</strong></span> <span class='ocrx_word' id='word_1_242' title='bbox 2141 1609 2472 1679; x_wconf 83' lang='lat' dir='ltr'><strong>patientiam,</strong></span> <span class='ocrx_word' id='word_1_243' title='bbox 2494 1606 2685 1665; x_wconf 82' lang='lat' dir='ltr'><strong>fratres</strong></span> <span class='ocrx_word' id='word_1_244' title='bbox 2709 1608 3067 1676; x_wconf 87' lang='lat' dir='ltr'><strong>dilectissimi,</strong></span> <span class='ocrx_word' id='word_1_245' title='bbox 3094 1609 3145 1663; x_wconf 91' lang='lat' dir='ltr'><strong>in</strong></span> <span class='ocrx_word' id='word_1_246' title='bbox 3168 1608 3557 1679; x_wconf 54' lang='lat' dir='ltr'><strong>persecutioni.</strong></span> 
     </span>
    </p>
   </div>
   <div class='ocr_carea' id='block_1_31' title="bbox 1960 1700 3557 1773">
    <p class='ocr_par' dir='ltr' id='par_1_31' title="bbox 1960 1700 3557 1773">
     <span class='ocr_line' id='line_1_31' title="bbox 1960 1700 3557 1773; baseline 0.002 -16"><span class='ocrx_word' id='word_1_247' title='bbox 1960 1702 2059 1758; x_wconf 86' lang='lat' dir='ltr'><strong>bus</strong></span> <span class='ocrx_word' id='word_1_248' title='bbox 2088 1712 2140 1757; x_wconf 88' lang='lat' dir='ltr'><strong>et</strong></span> <span class='ocrx_word' id='word_1_249' title='bbox 2158 1703 2493 1772; x_wconf 87' lang='lat' dir='ltr'><strong>passionibus</strong></span> <span class='ocrx_word' id='word_1_250' title='bbox 2517 1703 2717 1757; x_wconf 87' lang='lat' dir='ltr'><strong>nostris</strong></span> <span class='ocrx_word' id='word_1_251' title='bbox 2749 1703 3066 1773; x_wconf 78' lang='lat' dir='ltr'><strong>cogitemus.</strong></span> <span class='ocrx_word' id='word_1_252' title='bbox 3107 1700 3277 1773; x_wconf 82' lang='lat' dir='ltr'><strong>Hujus</strong></span> <span class='ocrx_word' id='word_1_253' title='bbox 3305 1703 3557 1760; x_wconf 76' lang='lat' dir='ltr'><strong>adventui</strong></span> 
     </span>
    </p>
   </div>
   <div class='ocr_carea' id='block_1_32' title="bbox 1959 1794 3560 1866">
    <p class='ocr_par' dir='ltr' id='par_1_32' title="bbox 1959 1794 3560 1866">
     <span class='ocr_line' id='line_1_32' title="bbox 1959 1794 3560 1866; baseline 0.001 -16"><span class='ocrx_word' id='word_1_254' title='bbox 1959 1795 2175 1866; x_wconf 88' lang='lat' dir='ltr'><strong>plenmn</strong></span> <span class='ocrx_word' id='word_1_255' title='bbox 2200 1795 2615 1866; x_wconf 80' lang='lat' dir='ltr'><strong>exspectationis</strong></span> <span class='ocrx_word' id='word_1_256' title='bbox 2638 1794 2955 1866; x_wconf 86' lang='lat' dir='ltr'><strong>obsequium</strong></span> <span class='ocrx_word' id='word_1_257' title='bbox 2976 1795 3325 1865; x_wconf 68' lang='lat' dir='ltr'><strong>prmbeamus.</strong></span> <span class='ocrx_word' id='word_1_258' title='bbox 3343 1794 3453 1851; x_wconf 84' lang='lat' dir='ltr'><strong>Nec</strong></span> <span class='ocrx_word' id='word_1_259' title='bbox 3466 1796 3560 1853; x_wconf 83' lang='lat' dir='ltr'><strong>de-</strong></span> 
     </span>
    </p>
   </div>
   <div class='ocr_carea' id='block_1_33' title="bbox 251 1878 3559 1956">
    <p class='ocr_par' dir='ltr' id='par_1_33' title="bbox 251 1878 3559 1956">
     <span class='ocr_line' id='line_1_33' title="bbox 251 1878 3559 1956; baseline 0.003 -24"><span class='ocrx_word' id='word_1_260' title='bbox 251 1878 493 1933; x_wconf 73' lang='lat' dir='ltr'><strong>emnium</strong></span> <span class='ocrx_word' id='word_1_261' title='bbox 514 1920 529 1944; x_wconf 90' lang='lat'><strong>,</strong></span> <span class='ocrx_word' id='word_1_262' title='bbox 564 1878 656 1934; x_wconf 86' lang='lat' dir='ltr'><strong>sed</strong></span> <span class='ocrx_word' id='word_1_263' title='bbox 688 1878 922 1935; x_wconf 82' lang='lat' dir='ltr'><strong>fidelium</strong></span> <span class='ocrx_word' id='word_1_264' title='bbox 947 1887 1001 1934; x_wconf 92' lang='lat' dir='ltr'><strong>et</strong></span> <span class='ocrx_word' id='word_1_265' title='bbox 1035 1880 1368 1935; x_wconf 85' lang='lat' dir='ltr'><strong>credentium</strong></span> <span class='ocrx_word' id='word_1_266' title='bbox 1397 1881 1556 1949; x_wconf 88' lang='lat' dir='ltr'><strong>Deus,</strong></span> <span class='ocrx_word' id='word_1_267' title='bbox 1589 1886 1701 1953; x_wconf 90' lang='lat' dir='ltr'><strong>qui,</strong></span> <span class='ocrx_word' id='word_1_268' title='bbox 1730 1898 1854 1939; x_wconf 90' lang='lat' dir='ltr'><strong>cum</strong></span> <span class='ocrx_word' id='word_1_269' title='bbox 1885 1892 1933 1953; x_wconf 89' lang='lat' dir='ltr'><strong>B</strong></span> <span class='ocrx_word' id='word_1_270' title='bbox 1962 1886 2106 1943; x_wconf 86' lang='lat' dir='ltr'><strong>lendi</strong></span> <span class='ocrx_word' id='word_1_271' title='bbox 2137 1894 2260 1944; x_wconf 88' lang='lat' dir='ltr'><strong>ante</strong></span> <span class='ocrx_word' id='word_1_272' title='bbox 2290 1888 2572 1945; x_wconf 89' lang='lat' dir='ltr'><strong>Dominum</strong></span> <span class='ocrx_word' id='word_1_273' title='bbox 2615 1886 2752 1943; x_wconf 88' lang='lat' dir='ltr'><strong>servi</strong></span> <span class='ocrx_word' id='word_1_274' title='bbox 2787 1886 3081 1956; x_wconf 82' lang='lat' dir='ltr'><strong>irreligiosa</strong></span> <span class='ocrx_word' id='word_1_275' title='bbox 3109 1895 3163 1942; x_wconf 90' lang='lat' dir='ltr'><strong>ct</strong></span> <span class='ocrx_word' id='word_1_276' title='bbox 3201 1886 3559 1945; x_wconf 87' lang='lat' dir='ltr'><strong>inverecunda</strong></span> 
     </span>
    </p>
   </div>
   <div class='ocr_carea' id='block_1_34' title="bbox 251 1971 1847 2045">
    <p class='ocr_par' dir='ltr' id='par_1_34' title="bbox 251 1971 1847 2045">
     <span class='ocr_line' id='line_1_34' title="bbox 251 1971 1847 2045; baseline 0.005 -20"><span class='ocrx_word' id='word_1_277' title='bbox 251 1971 308 2025; x_wconf 86' lang='lat' dir='ltr'><strong>in</strong></span> <span class='ocrx_word' id='word_1_278' title='bbox 340 1972 576 2027; x_wconf 87' lang='lat' dir='ltr'><strong>secundo</strong></span> <span class='ocrx_word' id='word_1_279' title='bbox 602 1972 830 2028; x_wconf 87' lang='lat' dir='ltr'><strong>adventu</strong></span> <span class='ocrx_word' id='word_1_280' title='bbox 871 1974 1185 2030; x_wconf 78' lang='lat' dir='ltr'><strong>manifestus</strong></span> <span class='ocrx_word' id='word_1_281' title='bbox 1216 1974 1234 2013; x_wconf 74' lang='grc' dir='ltr'><em>τ</em></span> <span class='ocrx_word' id='word_1_282' title='bbox 1268 1978 1494 2045; x_wconf 85' lang='lat' dir='ltr'><strong>venerit,</strong></span> <span class='ocrx_word' id='word_1_283' title='bbox 1522 1993 1627 2033; x_wconf 82' lang='lat' dir='ltr'><strong>non</strong></span> <span class='ocrx_word' id='word_1_284' title='bbox 1649 1976 1847 2035; x_wconf 83' lang='lat' dir='ltr'><strong>silebit.</strong></span> 
     </span>
    </p>
   </div>
   <div class='ocr_carea' id='block_1_35' title="bbox 250 2058 1855 2138">
    <p class='ocr_par' dir='ltr' id='par_1_35' title="bbox 250 2058 1855 2138">
     <span class='ocr_line' id='line_1_35' title="bbox 250 2058 1855 2138; baseline 0.004 -18"><span class='ocrx_word' id='word_1_285' title='bbox 250 2058 407 2131; x_wconf 86' lang='lat' dir='ltr'><strong>Nam,</strong></span> <span class='ocrx_word' id='word_1_286' title='bbox 438 2078 560 2119; x_wconf 86' lang='lat' dir='ltr'><strong>eum</strong></span> <span class='ocrx_word' id='word_1_287' title='bbox 594 2065 645 2119; x_wconf 88' lang='lat' dir='ltr'><strong>in</strong></span> <span class='ocrx_word' id='word_1_288' title='bbox 687 2064 984 2121; x_wconf 81' lang='lat' dir='ltr'><strong>humilitate</strong></span> <span class='ocrx_word' id='word_1_289' title='bbox 1012 2067 1157 2138; x_wconf 84' lang='lat' dir='ltr'><strong>prius</strong></span> <span class='ocrx_word' id='word_1_290' title='bbox 1198 2065 1355 2124; x_wconf 79' lang='lat' dir='ltr'><strong>fuerit</strong></span> <span class='ocrx_word' id='word_1_291' title='bbox 1382 2070 1641 2135; x_wconf 89' lang='lat' dir='ltr'><strong>occultus,</strong></span> <span class='ocrx_word' id='word_1_292' title='bbox 1676 2072 1855 2127; x_wconf 84' lang='lat' dir='ltr'><strong>veniet</strong></span> 
     </span>
    </p>
   </div>
   <div class='ocr_carea' id='block_1_36' title="bbox 253 2157 960 2227">
    <p class='ocr_par' dir='ltr' id='par_1_36' title="bbox 253 2157 960 2227">
     <span class='ocr_line' id='line_1_36' title="bbox 253 2157 960 2227; baseline 0.001 -15"><span class='ocrx_word' id='word_1_293' title='bbox 253 2157 307 2212; x_wconf 89' lang='lat' dir='ltr'><strong>in</strong></span> <span class='ocrx_word' id='word_1_294' title='bbox 339 2162 600 2227; x_wconf 87' lang='lat' dir='ltr'><strong>potestate</strong></span> <span class='ocrx_word' id='word_1_295' title='bbox 625 2159 960 2214; x_wconf 88' lang='lat' dir='ltr'><strong>manifestus.</strong></span> 
     </span>
    </p>
   </div>
   <div class='ocr_carea' id='block_1_37' title="bbox 326 2249 1855 2328">
    <p class='ocr_par' dir='ltr' id='par_1_37' title="bbox 326 2249 1855 2328">
     <span class='ocr_line' id='line_1_37' title="bbox 326 2249 1855 2328; baseline 0.005 -23"><span class='ocrx_word' id='word_1_296' title='bbox 326 2249 514 2306; x_wconf 79' lang='lat' dir='ltr'><strong>XXIV.</strong></span> <span class='ocrx_word' id='word_1_297' title='bbox 544 2250 695 2308; x_wconf 89' lang='lat' dir='ltr'><strong>Hune</strong></span> <span class='ocrx_word' id='word_1_298' title='bbox 720 2261 1114 2323; x_wconf 80' lang='lat' dir='ltr'><strong>exspectemus,</strong></span> <span class='ocrx_word' id='word_1_299' title='bbox 1164 2254 1357 2312; x_wconf 82' lang='lat' dir='ltr'><strong>fratres</strong></span> <span class='ocrx_word' id='word_1_300' title='bbox 1380 2254 1734 2326; x_wconf 88' lang='lat' dir='ltr'><strong>dilectissimi,</strong></span> <span class='ocrx_word' id='word_1_301' title='bbox 1766 2258 1855 2328; x_wconf 86' lang='lat' dir='ltr'><strong>ju-</strong></span> 
     </span>
    </p>
   </div>
   <div class='ocr_carea' id='block_1_38' title="bbox 252 2340 1856 2422">
    <p class='ocr_par' dir='ltr' id='par_1_38' title="bbox 252 2340 1856 2422">
     <span class='ocr_line' id='line_1_38' title="bbox 252 2340 1856 2422; baseline 0.005 -24"><span class='ocrx_word' id='word_1_302' title='bbox 252 2340 427 2399; x_wconf 88' lang='lat' dir='ltr'><strong>dieem</strong></span> <span class='ocrx_word' id='word_1_303' title='bbox 453 2354 509 2400; x_wconf 90' lang='lat' dir='ltr'><strong>et</strong></span> <span class='ocrx_word' id='word_1_304' title='bbox 537 2344 803 2401; x_wconf 85' lang='lat' dir='ltr'><strong>vindicem</strong></span> <span class='ocrx_word' id='word_1_305' title='bbox 834 2358 1099 2415; x_wconf 90' lang='lat' dir='ltr'><strong>nostrum,</strong></span> <span class='ocrx_word' id='word_1_306' title='bbox 1136 2346 1390 2404; x_wconf 71' lang='lat' dir='ltr'><strong>Ecclesia:</strong></span> <span class='ocrx_word' id='word_1_307' title='bbox 1434 2364 1546 2405; x_wconf 69' lang='lat' dir='ltr'><strong>sum</strong></span> <span class='ocrx_word' id='word_1_308' title='bbox 1600 2352 1856 2422; x_wconf 89' lang='lat' dir='ltr'><strong>populum</strong></span> 
     </span>
    </p>
   </div>
   <div class='ocr_carea' id='block_1_39' title="bbox 254 2439 1895 2511">
    <p class='ocr_par' dir='ltr' id='par_1_39' title="bbox 254 2439 1895 2511">
     <span class='ocr_line' id='line_1_39' title="bbox 254 2439 1895 2511; baseline 0.005 -19"><span class='ocrx_word' id='word_1_309' title='bbox 254 2446 311 2492; x_wconf 89' lang='lat' dir='ltr'><strong>et</strong></span> <span class='ocrx_word' id='word_1_310' title='bbox 362 2439 429 2495; x_wconf 85' lang='lat' dir='ltr'><strong>ab</strong></span> <span class='ocrx_word' id='word_1_311' title='bbox 483 2440 633 2494; x_wconf 90' lang='lat' dir='ltr'><strong>initio</strong></span> <span class='ocrx_word' id='word_1_312' title='bbox 678 2440 1161 2511; x_wconf 87' lang='lat' dir='ltr'><strong>mundljustorum</strong></span> <span class='ocrx_word' id='word_1_313' title='bbox 1204 2442 1441 2497; x_wconf 89' lang='lat' dir='ltr'><strong>omnium</strong></span> <span class='ocrx_word' id='word_1_314' title='bbox 1496 2450 1523 2490; x_wconf 76' lang='grc' dir='ltr'><strong><em>ε</em></strong></span> <span class='ocrx_word' id='word_1_315' title='bbox 1572 2444 1895 2509; x_wconf 80' lang='lat' dir='ltr'><strong>numerum,</strong></span> 
     </span>
    </p>
   </div>
   <div class='ocr_carea' id='block_1_40' title="bbox 253 2533 1856 2605">
    <p class='ocr_par' dir='ltr' id='par_1_40' title="bbox 253 2533 1856 2605">
     <span class='ocr_line' id='line_1_40' title="bbox 253 2533 1856 2605; baseline 0.002 -18"><span class='ocrx_word' id='word_1_316' title='bbox 253 2544 441 2589; x_wconf 87' lang='lat' dir='ltr'><strong>secum</strong></span> <span class='ocrx_word' id='word_1_317' title='bbox 490 2534 696 2605; x_wconf 90' lang='lat' dir='ltr'><strong>pariter</strong></span> <span class='ocrx_word' id='word_1_318' title='bbox 747 2533 1162 2590; x_wconf 89' lang='lat' dir='ltr'><strong>vindicaturmn.</strong></span> <span class='ocrx_word' id='word_1_319' title='bbox 1214 2533 1317 2603; x_wconf 84' lang='lat' dir='ltr'><strong>Qui</strong></span> <span class='ocrx_word' id='word_1_320' title='bbox 1364 2534 1429 2590; x_wconf 91' lang='lat' dir='ltr'><strong>ad</strong></span> <span class='ocrx_word' id='word_1_321' title='bbox 1488 2535 1778 2591; x_wconf 85' lang='lat' dir='ltr'><strong>vindictam</strong></span> <span class='ocrx_word' id='word_1_322' title='bbox 1827 2535 1856 2573; x_wconf 71' lang='grc' dir='ltr'><strong><em>ιι</em></strong></span> 
     </span>
    </p>
   </div>
   <div class='ocr_carea' id='block_1_41' title="bbox 1960 1976 3558 2052">
    <p class='ocr_par' dir='ltr' id='par_1_41' title="bbox 1960 1976 3558 2052">
     <span class='ocr_line' id='line_1_41' title="bbox 1960 1976 3558 2052; baseline -0.001 -15"><span class='ocrx_word' id='word_1_323' title='bbox 1960 1982 2301 2038; x_wconf 86' lang='lat' dir='ltr'><strong>festinatione</strong></span> <span class='ocrx_word' id='word_1_324' title='bbox 2326 1990 2364 2017; x_wconf 69' lang='grc' dir='ltr'>ω</span> <span class='ocrx_word' id='word_1_325' title='bbox 2388 1995 2757 2052; x_wconf 89' lang='lat' dir='ltr'><strong>properemus.</strong></span> <span class='ocrx_word' id='word_1_326' title='bbox 2788 1978 3099 2035; x_wconf 88' lang='lat' dir='ltr'><strong>lnsistamus</strong></span> <span class='ocrx_word' id='word_1_327' title='bbox 3131 1976 3345 2049; x_wconf 67' lang='lat' dir='ltr'><strong>potius&quot;</strong></span> <span class='ocrx_word' id='word_1_328' title='bbox 3364 1987 3418 2035; x_wconf 92' lang='lat' dir='ltr'><strong>et</strong></span> <span class='ocrx_word' id='word_1_329' title='bbox 3444 1980 3558 2035; x_wconf 80' lang='lat' dir='ltr'><strong>cla-</strong></span> 
     </span>
    </p>
   </div>
   <div class='ocr_carea' id='block_1_42' title="bbox 1961 2066 3557 2144">
    <p class='ocr_par' dir='ltr' id='par_1_42' title="bbox 1961 2066 3557 2144">
     <span class='ocr_line' id='line_1_42' title="bbox 1961 2066 3557 2144; baseline -0.002 -13"><span class='ocrx_word' id='word_1_330' title='bbox 1961 2076 2214 2132; x_wconf 87' lang='lat' dir='ltr'><strong>borcmus</strong></span> <span class='ocrx_word' id='word_1_331' title='bbox 2243 2084 2267 2111; x_wconf 84' lang='grc' dir='ltr'>υ</span> <span class='ocrx_word' id='word_1_332' title='bbox 2289 2084 2344 2131; x_wconf 89' lang='lat' dir='ltr'><strong>et</strong></span> <span class='ocrx_word' id='word_1_333' title='bbox 2375 2082 2485 2130; x_wconf 90' lang='lat' dir='ltr'><strong>toto</strong></span> <span class='ocrx_word' id='word_1_334' title='bbox 2514 2073 2677 2131; x_wconf 88' lang='lat' dir='ltr'><strong>corde</strong></span> <span class='ocrx_word' id='word_1_335' title='bbox 2702 2073 2985 2144; x_wconf 83' lang='lat' dir='ltr'><strong>vigilantes</strong></span> <span class='ocrx_word' id='word_1_336' title='bbox 3017 2082 3043 2122; x_wconf 84' lang='lat' dir='ltr'><strong>P</strong></span> <span class='ocrx_word' id='word_1_337' title='bbox 3069 2081 3227 2144; x_wconf 85' lang='lat' dir='ltr'><strong>atque</strong></span> <span class='ocrx_word' id='word_1_338' title='bbox 3256 2066 3322 2128; x_wconf 85' lang='lat' dir='ltr'><strong>ad</strong></span> <span class='ocrx_word' id='word_1_339' title='bbox 3344 2084 3557 2128; x_wconf 90' lang='lat' dir='ltr'><strong>omnem</strong></span> 
     </span>
    </p>
   </div>
   <div class='ocr_carea' id='block_1_43' title="bbox 1961 2154 3558 2238">
    <p class='ocr_par' dir='ltr' id='par_1_43' title="bbox 1961 2154 3558 2238">
     <span class='ocr_line' id='line_1_43' title="bbox 1961 2154 3558 2238; baseline -0.001 -13"><span class='ocrx_word' id='word_1_340' title='bbox 1961 2169 2295 2226; x_wconf 88' lang='lat' dir='ltr'><strong>tolerantiam</strong></span> <span class='ocrx_word' id='word_1_341' title='bbox 2348 2154 2567 2225; x_wconf 77' lang='lat' dir='ltr'><strong>stabiles</strong></span> <span class='ocrx_word' id='word_1_342' title='bbox 2610 2167 2882 2223; x_wconf 86' lang='lat' dir='ltr'><strong>Dominica</strong></span> <span class='ocrx_word' id='word_1_343' title='bbox 2927 2175 3192 2238; x_wconf 69' lang='lat' dir='ltr'><strong>prtecepta</strong></span> <span class='ocrx_word' id='word_1_344' title='bbox 3242 2168 3558 2235; x_wconf 65' lang='lat' dir='ltr'><strong>servemus:</strong></span> 
     </span>
    </p>
   </div>
   <div class='ocr_carea' id='block_1_44' title="bbox 1962 2259 3557 2331">
    <p class='ocr_par' dir='ltr' id='par_1_44' title="bbox 1962 2259 3557 2331">
     <span class='ocr_line' id='line_1_44' title="bbox 1962 2259 3557 2331; baseline -0.001 -13"><span class='ocrx_word' id='word_1_345' title='bbox 1962 2272 2043 2331; x_wconf 90' lang='lat' dir='ltr'><strong>ut,</strong></span> <span class='ocrx_word' id='word_1_346' title='bbox 2071 2280 2191 2319; x_wconf 90' lang='lat' dir='ltr'><strong>eum</strong></span> <span class='ocrx_word' id='word_1_347' title='bbox 2240 2262 2329 2319; x_wconf 88' lang='lat' dir='ltr'><strong>ille</strong></span> <span class='ocrx_word' id='word_1_348' title='bbox 2360 2263 2453 2317; x_wconf 84' lang='lat' dir='ltr'><strong>irae</strong></span> <span class='ocrx_word' id='word_1_349' title='bbox 2479 2270 2533 2319; x_wconf 90' lang='lat' dir='ltr'><strong>et</strong></span> <span class='ocrx_word' id='word_1_350' title='bbox 2572 2259 2822 2317; x_wconf 70' lang='lat' dir='ltr'><strong>vindicta:</strong></span> <span class='ocrx_word' id='word_1_351' title='bbox 2867 2260 2981 2315; x_wconf 91' lang='lat' dir='ltr'><strong>dies</strong></span> <span class='ocrx_word' id='word_1_352' title='bbox 3012 2260 3238 2324; x_wconf 81' lang='lat' dir='ltr'><strong>venerit,</strong></span> <span class='ocrx_word' id='word_1_353' title='bbox 3292 2272 3396 2313; x_wconf 87' lang='lat' dir='ltr'><strong>non</strong></span> <span class='ocrx_word' id='word_1_354' title='bbox 3437 2270 3557 2316; x_wconf 90' lang='lat' dir='ltr'><strong>eum</strong></span> 
     </span>
    </p>
   </div>
   <div class='ocr_carea' id='block_1_45' title="bbox 1962 2344 3561 2425">
    <p class='ocr_par' dir='ltr' id='par_1_45' title="bbox 1962 2344 3561 2425">
     <span class='ocr_line' id='line_1_45' title="bbox 1962 2344 3561 2425; baseline -0.001 -15"><span class='ocrx_word' id='word_1_355' title='bbox 1962 2354 2140 2424; x_wconf 87' lang='lat' dir='ltr'><strong>impiis</strong></span> <span class='ocrx_word' id='word_1_356' title='bbox 2167 2354 2219 2409; x_wconf 90' lang='lat' dir='ltr'><strong>et</strong></span> <span class='ocrx_word' id='word_1_357' title='bbox 2266 2350 2635 2425; x_wconf 88' lang='lat' dir='ltr'><strong>peccatoribus</strong></span> <span class='ocrx_word' id='word_1_358' title='bbox 2666 2353 2972 2423; x_wconf 82' lang='lat' dir='ltr'><strong>puniamur,</strong></span> <span class='ocrx_word' id='word_1_359' title='bbox 3018 2344 3112 2408; x_wconf 88' lang='lat' dir='ltr'><strong>sed</strong></span> <span class='ocrx_word' id='word_1_360' title='bbox 3165 2364 3286 2407; x_wconf 90' lang='lat' dir='ltr'><strong>cum</strong></span> <span class='ocrx_word' id='word_1_361' title='bbox 3314 2348 3473 2423; x_wconf 85' lang='lat' dir='ltr'><strong>justis</strong></span> <span class='ocrx_word' id='word_1_362' title='bbox 3506 2364 3561 2409; x_wconf 89' lang='lat' dir='ltr'><strong>et</strong></span> 
     </span>
    </p>
   </div>
   <div class='ocr_carea' id='block_1_46' title="bbox 1963 2446 2922 2505">
    <p class='ocr_par' dir='ltr' id='par_1_46' title="bbox 1963 2446 2922 2505">
     <span class='ocr_line' id='line_1_46' title="bbox 1963 2446 2922 2505; baseline -0.002 -2"><span class='ocrx_word' id='word_1_363' title='bbox 1963 2448 2131 2505; x_wconf 89' lang='lat' dir='ltr'><strong>Deum</strong></span> <span class='ocrx_word' id='word_1_364' title='bbox 2178 2446 2490 2505; x_wconf 86' lang='lat' dir='ltr'><strong>timentibus</strong></span> <span class='ocrx_word' id='word_1_365' title='bbox 2522 2449 2850 2504; x_wconf 81' lang='lat' dir='ltr'><strong>lionoremttr</strong></span> <span class='ocrx_word' id='word_1_366' title='bbox 2874 2457 2922 2501; x_wconf 71' lang='grc' dir='ltr'><strong>ιι.</strong></span> 
     </span>
    </p>
   </div>
   <div class='ocr_carea' id='block_1_47' title="bbox 1505 2642 2342 2710">
    <p class='ocr_par' dir='ltr' id='par_1_47' title="bbox 1505 2642 2342 2710">
     <span class='ocr_line' id='line_1_47' title="bbox 1505 2642 2342 2710; baseline -0.001 -6"><span class='ocrx_word' id='word_1_367' title='bbox 1505 2642 1886 2710; x_wconf 76' lang='lat' dir='ltr'><strong>LECTIONES</strong></span> <span class='ocrx_word' id='word_1_368' title='bbox 1930 2646 2342 2707; x_wconf 77' lang='lat' dir='ltr'><strong>VARIANTES.</strong></span> 
     </span>
    </p>
   </div>
   <div class='ocr_carea' id='block_1_48' title="bbox 320 2739 1367 2804">
    <p class='ocr_par' dir='ltr' id='par_1_48' title="bbox 320 2739 1367 2804">
     <span class='ocr_line' id='line_1_48' title="bbox 320 2739 1367 2804; baseline 0.001 -13"><span class='ocrx_word' id='word_1_369' title='bbox 320 2743 347 2804; x_wconf 55' lang='grc' dir='ltr'>β</span> <span class='ocrx_word' id='word_1_370' title='bbox 373 2740 540 2804; x_wconf 81' lang='lat' dir='ltr'><strong>Coram</strong></span> <span class='ocrx_word' id='word_1_371' title='bbox 566 2741 801 2793; x_wconf 87' lang='lat' dir='ltr'><strong>tondente</strong></span> <span class='ocrx_word' id='word_1_372' title='bbox 826 2739 949 2792; x_wconf 89' lang='lat' dir='ltr'><strong>Bod.</strong></span> <span class='ocrx_word' id='word_1_373' title='bbox 970 2742 1079 2804; x_wconf 53' lang='grc' dir='ltr'><strong>με,</strong></span> <span class='ocrx_word' id='word_1_374' title='bbox 1103 2743 1152 2804; x_wconf 79' lang='lat'><strong>5,</strong></span> <span class='ocrx_word' id='word_1_375' title='bbox 1169 2741 1217 2793; x_wconf 69' lang='grc'><strong>4.</strong></span> <span class='ocrx_word' id='word_1_376' title='bbox 1250 2743 1367 2794; x_wconf 79' lang='lat' dir='ltr'><strong>Ver.</strong></span> 
     </span>
    </p>
   </div>
   <div class='ocr_carea' id='block_1_49' title="bbox 318 2803 1121 2867">
    <p class='ocr_par' dir='ltr' id='par_1_49' title="bbox 318 2803 1121 2867">
     <span class='ocr_line' id='line_1_49' title="bbox 318 2803 1121 2867; baseline 0 -16"><span class='ocrx_word' id='word_1_377' title='bbox 318 2803 347 2839; x_wconf 73' lang='grc' dir='ltr'>δ</span> <span class='ocrx_word' id='word_1_378' title='bbox 371 2803 453 2867; x_wconf 75' lang='lat' dir='ltr'><strong>§ic</strong></span> <span class='ocrx_word' id='word_1_379' title='bbox 479 2818 572 2854; x_wconf 87' lang='lat' dir='ltr'><strong>non</strong></span> <span class='ocrx_word' id='word_1_380' title='bbox 594 2806 788 2867; x_wconf 88' lang='lat' dir='ltr'><strong>aperuit</strong></span> <span class='ocrx_word' id='word_1_381' title='bbox 814 2806 944 2867; x_wconf 83' lang='lat' dir='ltr'><strong>Lam.</strong></span> <span class='ocrx_word' id='word_1_382' title='bbox 971 2803 1121 2855; x_wconf 82' lang='lat' dir='ltr'><strong>Ebor.</strong></span> 
     </span>
    </p>
   </div>
   <div class='ocr_carea' id='block_1_50' title="bbox 317 2864 1221 2917">
    <p class='ocr_par' dir='ltr' id='par_1_50' title="bbox 317 2864 1221 2917">
     <span class='ocr_line' id='line_1_50' title="bbox 317 2864 1221 2917; baseline 0.001 -3"><span class='ocrx_word' id='word_1_383' title='bbox 317 2867 342 2896; x_wconf 71' lang='grc' dir='ltr'><strong>ο</strong></span> <span class='ocrx_word' id='word_1_384' title='bbox 369 2864 761 2917; x_wconf 71' lang='lat' dir='ltr'><strong>PatientisSimus</strong></span> <span class='ocrx_word' id='word_1_385' title='bbox 776 2866 1023 2916; x_wconf 88' lang='lat' dir='ltr'><strong>silentium</strong></span> <span class='ocrx_word' id='word_1_386' title='bbox 1042 2866 1147 2917; x_wconf 81' lang='lat' dir='ltr'><strong>NG.</strong></span> <span class='ocrx_word' id='word_1_387' title='bbox 1172 2864 1221 2915; x_wconf 76' lang='lat'><strong>2.</strong></span> 
     </span>
    </p>
   </div>
   <div class='ocr_carea' id='block_1_51' title="bbox 320 2926 1119 2991">
    <p class='ocr_par' dir='ltr' id='par_1_51' title="bbox 320 2926 1119 2991">
     <span class='ocr_line' id='line_1_51' title="bbox 320 2926 1119 2991; baseline 0 -15"><span class='ocrx_word' id='word_1_388' title='bbox 320 2926 348 2967; x_wconf 82' lang='lat' dir='ltr'><strong>d</strong></span> <span class='ocrx_word' id='word_1_389' title='bbox 372 2926 462 2991; x_wconf 66' lang='lat' dir='ltr'><strong>Hic</strong></span> <span class='ocrx_word' id='word_1_390' title='bbox 484 2929 568 2991; x_wconf 86' lang='lat' dir='ltr'><strong>qui</strong></span> <span class='ocrx_word' id='word_1_391' title='bbox 595 2937 723 2978; x_wconf 82' lang='lat' dir='ltr'><strong>Lam.</strong></span> <span class='ocrx_word' id='word_1_392' title='bbox 748 2930 893 2977; x_wconf 83' lang='lat' dir='ltr'><strong>Ebor.</strong></span> <span class='ocrx_word' id='word_1_393' title='bbox 926 2928 1050 2978; x_wconf 87' lang='lat' dir='ltr'><strong>Bod.</strong></span> <span class='ocrx_word' id='word_1_394' title='bbox 1071 2927 1119 2976; x_wconf 77' lang='lat'><strong>2.</strong></span> 
     </span>
    </p>
   </div>
   <div class='ocr_carea' id='block_1_52' title="bbox 321 2987 972 3104">
    <p class='ocr_par' dir='ltr' id='par_1_52' title="bbox 321 2987 972 3104">
     <span class='ocr_line' id='line_1_52' title="bbox 321 2987 972 3052; baseline 0 -14"><span class='ocrx_word' id='word_1_395' title='bbox 321 2991 345 3021; x_wconf 83' lang='lat'><strong><em>°</em></strong></span> <span class='ocrx_word' id='word_1_396' title='bbox 368 2987 423 3038; x_wconf 77' lang='lat' dir='ltr'><strong>In</strong></span> <span class='ocrx_word' id='word_1_397' title='bbox 450 2987 672 3050; x_wconf 74' lang='lat' dir='ltr'><strong>passione</strong></span> <span class='ocrx_word' id='word_1_398' title='bbox 692 2991 826 3052; x_wconf 80' lang='lat' dir='ltr'><strong>prius</strong></span> <span class='ocrx_word' id='word_1_399' title='bbox 860 2994 972 3040; x_wconf 72' lang='lat' dir='ltr'><strong>Ver.</strong></span> 
     </span>
     <span class='ocr_line' id='line_1_53' title="bbox 322 3049 799 3104; baseline 0.006 -6"><span class='ocrx_word' id='word_1_400' title='bbox 322 3049 344 3089; x_wconf 69' lang='grc' dir='ltr'><strong><em>ἲ</em></strong></span> <span class='ocrx_word' id='word_1_401' title='bbox 370 3051 676 3101; x_wconf 81' lang='lat' dir='ltr'><strong>Manifeslius</strong></span> <span class='ocrx_word' id='word_1_402' title='bbox 695 3050 799 3104; x_wconf 83' lang='lat' dir='ltr'><strong>Lin.</strong></span> 
     </span>
    </p>
   </div>
   <div class='ocr_carea' id='block_1_53' title="bbox 318 3112 961 3166">
    <p class='ocr_par' dir='ltr' id='par_1_53' title="bbox 318 3112 961 3166">
     <span class='ocr_line' id='line_1_54' title="bbox 318 3112 961 3166; baseline 0.003 -6"><span class='ocrx_word' id='word_1_403' title='bbox 318 3115 344 3155; x_wconf 74' lang='lat'><strong><em>8</em></strong></span> <span class='ocrx_word' id='word_1_404' title='bbox 364 3112 531 3165; x_wconf 82' lang='lat' dir='ltr'><strong>Juslos</strong></span> <span class='ocrx_word' id='word_1_405' title='bbox 546 3127 719 3162; x_wconf 88' lang='lat' dir='ltr'><strong>omnes</strong></span> <span class='ocrx_word' id='word_1_406' title='bbox 754 3119 889 3166; x_wconf 78' lang='lat' dir='ltr'><strong>Voss.</strong></span> <span class='ocrx_word' id='word_1_407' title='bbox 916 3115 961 3162; x_wconf 83' lang='grc'><strong>1.</strong></span> 
     </span>
    </p>
   </div>
   <div class='ocr_carea' id='block_1_54' title="bbox 316 3174 945 3227">
    <p class='ocr_par' dir='ltr' id='par_1_54' title="bbox 316 3174 945 3227">
     <span class='ocr_line' id='line_1_55' title="bbox 316 3174 945 3227; baseline 0.008 -8"><span class='ocrx_word' id='word_1_408' title='bbox 316 3174 345 3213; x_wconf 82' lang='lat' dir='ltr'><strong>h</strong></span> <span class='ocrx_word' id='word_1_409' title='bbox 376 3174 643 3223; x_wconf 80' lang='lat' dir='ltr'><strong>Vindictam</strong></span> <span class='ocrx_word' id='word_1_410' title='bbox 660 3177 733 3225; x_wconf 86' lang='lat' dir='ltr'><strong>sui</strong></span> <span class='ocrx_word' id='word_1_411' title='bbox 756 3174 876 3227; x_wconf 85' lang='lat' dir='ltr'><strong>Bod.</strong></span> <span class='ocrx_word' id='word_1_412' title='bbox 900 3177 945 3225; x_wconf 80' lang='lat' dir='ltr'><strong>i.</strong></span> 
     </span>
    </p>
   </div>
   <div class='ocr_carea' id='block_1_55' title="bbox 323 3236 1672 3301">
    <p class='ocr_par' dir='ltr' id='par_1_55' title="bbox 323 3236 1672 3301">
     <span class='ocr_line' id='line_1_56' title="bbox 323 3236 1672 3301; baseline 0.002 -15"><span class='ocrx_word' id='word_1_413' title='bbox 323 3239 341 3277; x_wconf 74' lang='grc' dir='ltr'>ἱ</span> <span class='ocrx_word' id='word_1_414' title='bbox 377 3236 439 3287; x_wconf 76' lang='lat' dir='ltr'><strong>Ut</strong></span> <span class='ocrx_word' id='word_1_415' title='bbox 457 3240 520 3288; x_wconf 90' lang='lat' dir='ltr'><strong>sit</strong></span> <span class='ocrx_word' id='word_1_416' title='bbox 540 3251 693 3301; x_wconf 84' lang='lat' dir='ltr'><strong>super</strong></span> <span class='ocrx_word' id='word_1_417' title='bbox 716 3252 863 3290; x_wconf 86' lang='lat' dir='ltr'><strong>omne</strong></span> <span class='ocrx_word' id='word_1_418' title='bbox 888 3251 1067 3289; x_wconf 86' lang='lat' dir='ltr'><strong>nomen</strong></span> <span class='ocrx_word' id='word_1_419' title='bbox 1091 3239 1180 3293; x_wconf 78' lang='lat' dir='ltr'><strong>Ar.</strong></span> <span class='ocrx_word' id='word_1_420' title='bbox 1208 3239 1343 3290; x_wconf 80' lang='lat' dir='ltr'><strong>Lam.</strong></span> <span class='ocrx_word' id='word_1_421' title='bbox 1373 3239 1521 3291; x_wconf 76' lang='lat' dir='ltr'><strong>Ebur.</strong></span> <span class='ocrx_word' id='word_1_422' title='bbox 1554 3243 1672 3291; x_wconf 77' lang='lat' dir='ltr'><strong>Ver.</strong></span> 
     </span>
    </p>
   </div>
   <div class='ocr_carea' id='block_1_56' title="bbox 2043 2728 3558 2807">
    <p class='ocr_par' dir='ltr' id='par_1_56' title="bbox 2043 2728 3558 2807">
     <span class='ocr_line' id='line_1_57' title="bbox 2043 2728 3558 2807; baseline 0.001 -14"><span class='ocrx_word' id='word_1_423' title='bbox 2043 2740 2057 2793; x_wconf 83' lang='lat' dir='ltr'><strong>i</strong></span> <span class='ocrx_word' id='word_1_424' title='bbox 2093 2742 2278 2793; x_wconf 85' lang='lat' dir='ltr'><strong>Omnes</strong></span> <span class='ocrx_word' id='word_1_425' title='bbox 2322 2755 2459 2807; x_wconf 79' lang='lat' dir='ltr'><strong>genu</strong></span> <span class='ocrx_word' id='word_1_426' title='bbox 2503 2728 2712 2793; x_wconf 81' lang='lat' dir='ltr'><strong>curvent</strong></span> <span class='ocrx_word' id='word_1_427' title='bbox 2754 2740 2877 2804; x_wconf 73' lang='grc' dir='ltr'><strong>ζΝσ.</strong></span> <span class='ocrx_word' id='word_1_428' title='bbox 2924 2741 2971 2793; x_wconf 90' lang='grc'><strong>1.</strong></span> <span class='ocrx_word' id='word_1_429' title='bbox 3000 2738 3132 2792; x_wconf 66' lang='lat' dir='ltr'><strong>hau.</strong></span> <span class='ocrx_word' id='word_1_430' title='bbox 3182 2741 3328 2795; x_wconf 85' lang='lat' dir='ltr'><strong>Ebor.</strong></span> <span class='ocrx_word' id='word_1_431' title='bbox 3359 2740 3484 2795; x_wconf 82' lang='lat' dir='ltr'><strong>Bod.</strong></span> <span class='ocrx_word' id='word_1_432' title='bbox 3511 2738 3558 2794; x_wconf 77' lang='lat' dir='ltr'><strong>i.</strong></span> 
     </span>
    </p>
   </div>
   <div class='ocr_carea' id='block_1_57' title="bbox 1978 2807 3433 2939">
    <p class='ocr_par' dir='ltr' id='par_1_57' title="bbox 1978 2807 3433 2939">
     <span class='ocr_line' id='line_1_58' title="bbox 1978 2807 3433 2939; baseline 0.003 -24"><span class='ocrx_word' id='word_1_433' title='bbox 1978 2807 2443 2939; x_wconf 58' lang='grc' dir='ltr'><strong>γῖῖῇςειίιίιλιῳη.</strong></span> <span class='ocrx_word' id='word_1_434' title='bbox 2482 2865 2636 2939; x_wconf 49' lang='lat' dir='ltr'><strong>ator,</strong></span> <span class='ocrx_word' id='word_1_435' title='bbox 2661 2868 2800 2939; x_wconf 68' lang='lat' dir='ltr'><strong>Voss.</strong></span> <span class='ocrx_word' id='word_1_436' title='bbox 2826 2869 2872 2918; x_wconf 79' lang='lat'><strong>1.</strong></span> <span class='ocrx_word' id='word_1_437' title='bbox 2881 2866 2998 2939; x_wconf 54' lang='lat' dir='ltr'><strong>ne.</strong></span> <span class='ocrx_word' id='word_1_438' title='bbox 3025 2868 3071 2939; x_wconf 37' lang='lat' dir='ltr'><strong>1A.</strong></span> <span class='ocrx_word' id='word_1_439' title='bbox 3096 2868 3223 2919; x_wconf 85' lang='lat' dir='ltr'><strong>Bod.</strong></span> <span class='ocrx_word' id='word_1_440' title='bbox 3246 2868 3359 2933; x_wconf 71' lang='lat'><strong>1,2,</strong></span> <span class='ocrx_word' id='word_1_441' title='bbox 3384 2869 3433 2919; x_wconf 71' lang='grc' dir='ltr'><strong>δ.</strong></span> 
     </span>
    </p>
   </div>
   <div class='ocr_carea' id='block_1_58' title="bbox 2034 2926 3086 2990">
    <p class='ocr_par' dir='ltr' id='par_1_58' title="bbox 2034 2926 3086 2990">
     <span class='ocr_line' id='line_1_59' title="bbox 2034 2926 3086 2990; baseline 0.002 -14"><span class='ocrx_word' id='word_1_442' title='bbox 2034 2929 2053 2967; x_wconf 88' lang='grc' dir='ltr'>ι</span> <span class='ocrx_word' id='word_1_443' title='bbox 2083 2926 2263 2990; x_wconf 66' lang='grc' dir='ltr'><strong>ᾼόοτθ.</strong></span> <span class='ocrx_word' id='word_1_444' title='bbox 2290 2928 2447 2990; x_wconf 84' lang='lat' dir='ltr'><strong>Hujus</strong></span> <span class='ocrx_word' id='word_1_445' title='bbox 2469 2930 2559 2979; x_wconf 78' lang='lat' dir='ltr'><strong>Ar.</strong></span> <span class='ocrx_word' id='word_1_446' title='bbox 2584 2928 2687 2978; x_wconf 89' lang='lat' dir='ltr'><strong>Lin.</strong></span> <span class='ocrx_word' id='word_1_447' title='bbox 2713 2929 2852 2990; x_wconf 70' lang='lat' dir='ltr'><strong>Rem.</strong></span> <span class='ocrx_word' id='word_1_448' title='bbox 2881 2928 3086 2981; x_wconf 74' lang='lat' dir='ltr'><strong>Voss.2.</strong></span> 
     </span>
    </p>
   </div>
   <div class='ocr_carea' id='block_1_59' title="bbox 2026 2988 2790 3105">
    <p class='ocr_par' dir='ltr' id='par_1_59' title="bbox 2026 2988 2790 3105">
     <span class='ocr_line' id='line_1_60' title="bbox 2026 2988 2790 3041; baseline -0.001 -2"><span class='ocrx_word' id='word_1_449' title='bbox 2026 2991 2065 3020; x_wconf 82' lang='grc'><strong>¹¹³</strong></span> <span class='ocrx_word' id='word_1_450' title='bbox 2086 2989 2285 3040; x_wconf 84' lang='lat' dir='ltr'><strong>Perdita</strong></span> <span class='ocrx_word' id='word_1_451' title='bbox 2301 2988 2611 3041; x_wconf 56' lang='lat' dir='ltr'><strong>festinatione</strong></span> <span class='ocrx_word' id='word_1_452' title='bbox 2634 2988 2790 3041; x_wconf 85' lang='lat' dir='ltr'><strong>Saris.</strong></span> 
     </span>
     <span class='ocr_line' id='line_1_61' title="bbox 2027 3051 2724 3105; baseline -0.004 0"><span class='ocrx_word' id='word_1_453' title='bbox 2027 3055 2055 3084; x_wconf 74' lang='grc' dir='ltr'><strong>υ</strong></span> <span class='ocrx_word' id='word_1_454' title='bbox 2077 3053 2360 3105; x_wconf 83' lang='lat' dir='ltr'><strong>Insistamus</strong></span> <span class='ocrx_word' id='word_1_455' title='bbox 2375 3059 2541 3103; x_wconf 85' lang='lat' dir='ltr'><strong>autem</strong></span> <span class='ocrx_word' id='word_1_456' title='bbox 2562 3051 2724 3103; x_wconf 85' lang='lat' dir='ltr'><strong>Saris.</strong></span> 
     </span>
    </p>
   </div>
   <div class='ocr_carea' id='block_1_60' title="bbox 2029 3088 2868 3167">
    <p class='ocr_par' dir='ltr' id='par_1_60' title="bbox 2029 3088 2868 3167">
     <span class='ocr_line' id='line_1_62' title="bbox 2029 3088 2868 3167; baseline -0.002 -1"><span class='ocrx_word' id='word_1_457' title='bbox 2029 3117 2054 3145; x_wconf 89' lang='grc' dir='ltr'><strong>ο</strong></span> <span class='ocrx_word' id='word_1_458' title='bbox 2077 3088 2542 3167; x_wconf 60' lang='grc' dir='ltr'><strong>ὶΐῶἶέἱηῗξὶῖῖἡὶἷ</strong></span> <span class='ocrx_word' id='word_1_459' title='bbox 2562 3088 2724 3165; x_wconf 59' lang='grc' dir='ltr'>Ἰῖῐὸῗῖ</span> <span class='ocrx_word' id='word_1_460' title='bbox 2752 3117 2868 3165; x_wconf 80' lang='lat' dir='ltr'><strong>Ver.</strong></span> 
     </span>
    </p>
   </div>
   <div class='ocr_carea' id='block_1_61' title="bbox 2026 3174 2841 3242">
    <p class='ocr_par' dir='ltr' id='par_1_61' title="bbox 2026 3174 2841 3242">
     <span class='ocr_line' id='line_1_63' title="bbox 2026 3174 2841 3242; baseline -0.004 -13"><span class='ocrx_word' id='word_1_461' title='bbox 2026 3180 2056 3222; x_wconf 81' lang='grc' dir='ltr'><strong>ι’</strong></span> <span class='ocrx_word' id='word_1_462' title='bbox 2083 3174 2352 3242; x_wconf 79' lang='lat' dir='ltr'><strong>Vigilantes</strong></span> <span class='ocrx_word' id='word_1_463' title='bbox 2375 3174 2434 3227; x_wconf 90' lang='lat' dir='ltr'><strong>ad</strong></span> <span class='ocrx_word' id='word_1_464' title='bbox 2458 3175 2620 3242; x_wconf 79' lang='lat' dir='ltr'><strong>Deum</strong></span> <span class='ocrx_word' id='word_1_465' title='bbox 2644 3176 2768 3228; x_wconf 85' lang='lat' dir='ltr'><strong>Bad.</strong></span> <span class='ocrx_word' id='word_1_466' title='bbox 2793 3178 2841 3227; x_wconf 80' lang='grc'><strong>5.</strong></span> 
     </span>
    </p>
   </div>
   <div class='ocr_carea' id='block_1_62' title="bbox 1886 3223 2538 3294">
    <p class='ocr_par' dir='ltr' id='par_1_62' title="bbox 1886 3223 2538 3294">
     <span class='ocr_line' id='line_1_64' title="bbox 1886 3223 2538 3294; baseline 0.005 -7"><span class='ocrx_word' id='word_1_467' title='bbox 1886 3223 1934 3287; x_wconf 86' lang='lat' dir='ltr'>C</span> <span class='ocrx_word' id='word_1_468' title='bbox 2028 3244 2058 3285; x_wconf 74' lang='grc' dir='ltr'><strong>ιι</strong></span> <span class='ocrx_word' id='word_1_469' title='bbox 2081 3223 2538 3294; x_wconf 46' lang='lat' dir='ltr'><strong>causamn.</strong></span> 
     </span>
    </p>
   </div>
   <div class='ocr_carea' id='block_1_63' title="bbox 1506 3343 2326 3402">
    <p class='ocr_par' dir='ltr' id='par_1_63' title="bbox 1506 3343 2326 3402">
     <span class='ocr_line' id='line_1_65' title="bbox 1506 3343 2326 3402; baseline 0 -3"><span class='ocrx_word' id='word_1_470' title='bbox 1506 3343 1747 3400; x_wconf 84' lang='lat' dir='ltr'><strong>STEPH.</strong></span> <span class='ocrx_word' id='word_1_471' title='bbox 1788 3343 2064 3402; x_wconf 84' lang='lat' dir='ltr'><strong>BALUZII</strong></span> <span class='ocrx_word' id='word_1_472' title='bbox 2101 3344 2326 3401; x_wconf 74' lang='lat' dir='ltr'><strong>NOT/E.</strong></span> 
     </span>
    </p>
   </div>
   <div class='ocr_carea' id='block_1_64' title="bbox 324 3456 1849 3524">
    <p class='ocr_par' dir='ltr' id='par_1_64' title="bbox 324 3456 1849 3524">
     <span class='ocr_line' id='line_1_66' title="bbox 324 3456 1849 3524; baseline 0.002 -13"><span class='ocrx_word' id='word_1_473' title='bbox 324 3458 592 3514; x_wconf 87' lang='lat' dir='ltr'><strong>Justorum</strong></span> <span class='ocrx_word' id='word_1_474' title='bbox 620 3460 865 3514; x_wconf 89' lang='lat' dir='ltr'><strong>omnium.</strong></span> <span class='ocrx_word' id='word_1_475' title='bbox 895 3458 1073 3515; x_wconf 84' lang='lat' dir='ltr'><strong>Codex</strong></span> <span class='ocrx_word' id='word_1_476' title='bbox 1104 3457 1382 3513; x_wconf 73' lang='lat' dir='ltr'><strong>Ltetiensis</strong></span> <span class='ocrx_word' id='word_1_477' title='bbox 1404 3500 1418 3524; x_wconf 89' lang='lat'><strong>,</strong></span> <span class='ocrx_word' id='word_1_478' title='bbox 1460 3456 1639 3513; x_wconf 84' lang='lat' dir='ltr'><strong>Justos</strong></span> <span class='ocrx_word' id='word_1_479' title='bbox 1678 3475 1849 3514; x_wconf 85' lang='lat' dir='ltr'><strong>omnes</strong></span> 
     </span>
    </p>
   </div>
   <div class='ocr_carea' id='block_1_65' title="bbox 255 3531 1067 3600">
    <p class='ocr_par' dir='ltr' id='par_1_65' title="bbox 255 3531 1067 3600">
     <span class='ocr_line' id='line_1_67' title="bbox 255 3531 1067 3600; baseline -0.002 -15"><span class='ocrx_word' id='word_1_480' title='bbox 255 3546 429 3585; x_wconf 77' lang='lat' dir='ltr'><strong>secum</strong></span> <span class='ocrx_word' id='word_1_481' title='bbox 461 3533 651 3600; x_wconf 86' lang='lat' dir='ltr'><strong>pariter</strong></span> <span class='ocrx_word' id='word_1_482' title='bbox 675 3531 1067 3585; x_wconf 85' lang='lat' dir='ltr'><strong>vindicaturum.</strong></span> 
     </span>
    </p>
   </div>
   <div class='ocr_carea' id='block_1_66' title="bbox 331 3588 1850 3672">
    <p class='ocr_par' dir='ltr' id='par_1_66' title="bbox 331 3588 1850 3672">
     <span class='ocr_line' id='line_1_68' title="bbox 331 3588 1850 3672; baseline 0 -18"><span class='ocrx_word' id='word_1_483' title='bbox 331 3588 495 3656; x_wconf 54' lang='lat' dir='ltr'><strong>()mn&#39;e</strong></span> <span class='ocrx_word' id='word_1_484' title='bbox 520 3619 652 3671; x_wconf 89' lang='lat' dir='ltr'><strong>genu</strong></span> <span class='ocrx_word' id='word_1_485' title='bbox 676 3603 929 3671; x_wconf 79' lang='lat' dir='ltr'><strong>flectatur.</strong></span> <span class='ocrx_word' id='word_1_486' title='bbox 961 3603 1180 3672; x_wconf 85' lang='lat' dir='ltr'><strong>Septem</strong></span> <span class='ocrx_word' id='word_1_487' title='bbox 1222 3596 1345 3655; x_wconf 86' lang='lat' dir='ltr'><strong>lib’ri</strong></span> <span class='ocrx_word' id='word_1_488' title='bbox 1392 3609 1603 3656; x_wconf 84' lang='lat' dir='ltr'><strong>veteres</strong></span> <span class='ocrx_word' id='word_1_489' title='bbox 1652 3588 1850 3654; x_wconf 82' lang='lat' dir='ltr'><strong>habent</strong></span> 
     </span>
    </p>
   </div>
   <div class='ocr_carea' id='block_1_67' title="bbox 252 3676 1523 3743">
    <p class='ocr_par' dir='ltr' id='par_1_67' title="bbox 252 3676 1523 3743">
     <span class='ocr_line' id='line_1_69' title="bbox 252 3676 1523 3743; baseline -0.001 -17"><span class='ocrx_word' id='word_1_490' title='bbox 252 3682 508 3737; x_wconf 81' lang='lat' dir='ltr'><strong>curvetur,</strong></span> <span class='ocrx_word' id='word_1_491' title='bbox 530 3683 734 3743; x_wconf 85' lang='lat' dir='ltr'><strong>septem</strong></span> <span class='ocrx_word' id='word_1_492' title='bbox 768 3688 915 3741; x_wconf 82' lang='lat' dir='ltr'><strong>vero,</strong></span> <span class='ocrx_word' id='word_1_493' title='bbox 947 3689 1118 3727; x_wconf 88' lang='lat' dir='ltr'><strong>omnes</strong></span> <span class='ocrx_word' id='word_1_494' title='bbox 1143 3689 1274 3743; x_wconf 87' lang='lat' dir='ltr'><strong>genu</strong></span> <span class='ocrx_word' id='word_1_495' title='bbox 1300 3676 1523 3727; x_wconf 86' lang='lat' dir='ltr'><strong>curvent.</strong></span> 
     </span>
    </p>
   </div>
   <div class='ocr_carea' id='block_1_68' title="bbox 2030 3457 3559 3528">
    <p class='ocr_par' dir='ltr' id='par_1_68' title="bbox 2030 3457 3559 3528">
     <span class='ocr_line' id='line_1_70' title="bbox 2030 3457 3559 3528; baseline 0.001 -17"><span class='ocrx_word' id='word_1_496' title='bbox 2030 3458 2185 3513; x_wconf 85' lang='lat' dir='ltr'><strong>Pater</strong></span> <span class='ocrx_word' id='word_1_497' title='bbox 2213 3459 2431 3514; x_wconf 87' lang='lat' dir='ltr'><strong>Deus</strong></span> <span class='ocrx_word' id='word_1_498' title='bbox 2452 3460 2789 3528; x_wconf 70' lang='lat' dir='ltr'><strong>infernarum.</strong></span> <span class='ocrx_word' id='word_1_499' title='bbox 2817 3457 2942 3514; x_wconf 68' lang='lat' dir='ltr'><strong>Haec</strong></span> <span class='ocrx_word' id='word_1_500' title='bbox 2966 3458 3165 3515; x_wconf 86' lang='lat' dir='ltr'><strong>desunt</strong></span> <span class='ocrx_word' id='word_1_501' title='bbox 3188 3459 3243 3514; x_wconf 93' lang='lat' dir='ltr'><strong>in</strong></span> <span class='ocrx_word' id='word_1_502' title='bbox 3271 3457 3409 3514; x_wconf 92' lang='lat' dir='ltr'><strong>libro</strong></span> <span class='ocrx_word' id='word_1_503' title='bbox 3434 3473 3559 3514; x_wconf 89' lang='lat' dir='ltr'><strong>san-</strong></span> 
     </span>
    </p>
   </div>
   <div class='ocr_carea' id='block_1_69' title="bbox 1953 3528 3560 3600">
    <p class='ocr_par' dir='ltr' id='par_1_69' title="bbox 1953 3528 3560 3600">
     <span class='ocr_line' id='line_1_71' title="bbox 1953 3528 3560 3600; baseline 0 -16"><span class='ocrx_word' id='word_1_504' title='bbox 1953 3530 2022 3584; x_wconf 90' lang='lat' dir='ltr'><strong>cti</strong></span> <span class='ocrx_word' id='word_1_505' title='bbox 2055 3528 2314 3600; x_wconf 80' lang='lat' dir='ltr'><strong>Arnulplii</strong></span> <span class='ocrx_word' id='word_1_506' title='bbox 2338 3572 2353 3598; x_wconf 92' lang='lat'><strong>,</strong></span> <span class='ocrx_word' id='word_1_507' title='bbox 2387 3536 2482 3600; x_wconf 83' lang='lat' dir='ltr'><strong>per</strong></span> <span class='ocrx_word' id='word_1_508' title='bbox 2511 3531 2854 3600; x_wconf 84' lang='lat' dir='ltr'><strong>oscitantiam</strong></span> <span class='ocrx_word' id='word_1_509' title='bbox 2888 3531 3139 3585; x_wconf 88' lang='lat' dir='ltr'><strong>nimirum</strong></span> <span class='ocrx_word' id='word_1_510' title='bbox 3161 3571 3177 3597; x_wconf 92' lang='lat'><strong>,</strong></span> <span class='ocrx_word' id='word_1_511' title='bbox 3206 3532 3269 3599; x_wconf 85' lang='lat' dir='ltr'><strong>ut</strong></span> <span class='ocrx_word' id='word_1_512' title='bbox 3299 3536 3461 3600; x_wconf 82' lang='lat' dir='ltr'><strong>puto,</strong></span> <span class='ocrx_word' id='word_1_513' title='bbox 3495 3532 3560 3584; x_wconf 87' lang='lat' dir='ltr'><strong>li-</strong></span> 
     </span>
    </p>
   </div>
   <div class='ocr_carea' id='block_1_70' title="bbox 1955 3598 3557 3729">
    <p class='ocr_par' dir='ltr' id='par_1_70' title="bbox 1955 3598 3557 3729">
     <span class='ocr_line' id='line_1_72' title="bbox 1955 3598 3557 3727; baseline 0 -72"><span class='ocrx_word' id='word_1_514' title='bbox 1955 3600 2138 3727; x_wconf 36' lang='lat' dir='ltr'><strong>gracili).</strong></span> <span class='ocrx_word' id='word_1_515' title='bbox 2170 3598 2403 3658; x_wconf 71' lang='lat' dir='ltr'><strong>Esstant</strong></span> <span class='ocrx_word' id='word_1_516' title='bbox 2432 3602 2574 3659; x_wconf 89' lang='lat' dir='ltr'><strong>enim</strong></span> <span class='ocrx_word' id='word_1_517' title='bbox 2601 3603 2654 3656; x_wconf 92' lang='lat' dir='ltr'><strong>in</strong></span> <span class='ocrx_word' id='word_1_518' title='bbox 2680 3601 2799 3657; x_wconf 85' lang='lat' dir='ltr'><strong>aliis</strong></span> <span class='ocrx_word' id='word_1_519' title='bbox 2829 3598 2978 3657; x_wconf 89' lang='lat' dir='ltr'><strong>libris</strong></span> <span class='ocrx_word' id='word_1_520' title='bbox 3005 3601 3275 3658; x_wconf 76' lang='lat' dir='ltr'><strong>veteribus</strong></span> <span class='ocrx_word' id='word_1_521' title='bbox 3296 3598 3349 3657; x_wconf 84' lang='lat' dir='ltr'><strong>et</strong></span> <span class='ocrx_word' id='word_1_522' title='bbox 3376 3603 3425 3656; x_wconf 92' lang='lat' dir='ltr'><strong>in</strong></span> <span class='ocrx_word' id='word_1_523' title='bbox 3446 3602 3557 3656; x_wconf 85' lang='lat' dir='ltr'><strong>edi-</strong></span> 
     </span>
     <span class='ocr_line' id='line_1_73' title="bbox 1984 3687 2215 3729; baseline 0.009 -4"><span class='ocrx_word' id='word_1_524' title='bbox 1984 3687 2088 3728; x_wconf 82' lang='lat' dir='ltr'><strong>toni</strong></span> <span class='ocrx_word' id='word_1_525' title='bbox 2135 3688 2215 3729; x_wconf 90' lang='lat' dir='ltr'><strong>ns.</strong></span> 
     </span>
    </p>
   </div>
   <div class='ocr_carea' id='block_1_71' title="bbox 1737 3916 2075 3990">
    <p class='ocr_par' dir='ltr' id='par_1_71' title="bbox 1737 3916 2075 3990">
     <span class='ocr_line' id='line_1_74' title="bbox 1737 3916 2075 3990; baseline 0.009 -3"><span class='ocrx_word' id='word_1_526' title='bbox 1737 3916 2075 3990; x_wconf 81' lang='lat' dir='ltr'><strong>LIBER</strong></span> 
     </span>
    </p>
   </div>
   <div class='ocr_carea' id='block_1_72' title="bbox 980 4070 2861 4215">
    <p class='ocr_par' dir='ltr' id='par_1_72' title="bbox 980 4070 2861 4215">
     <span class='ocr_line' id='line_1_75' title="bbox 980 4070 2861 4215; baseline -0.002 -2"><span class='ocrx_word' id='word_1_527' title='bbox 980 4088 1221 4213; x_wconf 92' lang='lat' dir='ltr'><strong>DE</strong></span> <span class='ocrx_word' id='word_1_528' title='bbox 1300 4070 1769 4215; x_wconf 82' lang='lat' dir='ltr'>ZELO</span> <span class='ocrx_word' id='word_1_529' title='bbox 1858 4071 2074 4215; x_wconf 85' lang='lat' dir='ltr'><strong>ET</strong></span> <span class='ocrx_word' id='word_1_530' title='bbox 2151 4081 2861 4214; x_wconf 82' lang='lat' dir='ltr'><strong>LIVORE.</strong></span> 
     </span>
    </p>
   </div>
   <div class='ocr_carea' id='block_1_73' title="bbox 1480 4298 2240 4383">
    <p class='ocr_par' dir='ltr' id='par_1_73' title="bbox 1480 4298 2240 4383">
     <span class='ocr_line' id='line_1_76' title="bbox 1480 4298 2240 4383; baseline -0.003 -29"><span class='ocrx_word' id='word_1_531' title='bbox 1480 4376 1486 4383; x_wconf 19' lang='grc' dir='ltr'>ἱ</span> <span class='ocrx_word' id='word_1_532' title='bbox 1553 4298 2240 4354; x_wconf 44' lang='lat' dir='ltr'><strong>«arceo—reo</strong></span> 
     </span>
    </p>
   </div>
   <div class='ocr_carea' id='block_1_74' title="bbox 251 4422 3553 4500">
    <p class='ocr_par' dir='ltr' id='par_1_74' title="bbox 251 4422 3553 4500">
     <span class='ocr_line' id='line_1_77' title="bbox 251 4422 3553 4500; baseline -0.002 -15"><span class='ocrx_word' id='word_1_533' title='bbox 251 4430 651 4486; x_wconf 69' lang='lat' dir='ltr'><strong>Ancuutztt&#39;rvu.</strong></span> <span class='ocrx_word' id='word_1_534' title='bbox 669 4460 737 4469; x_wconf 91' lang='lat'><strong><em>—</em></strong></span> <span class='ocrx_word' id='word_1_535' title='bbox 756 4426 945 4484; x_wconf 84' lang='lat' dir='ltr'><strong>Paucis</strong></span> <span class='ocrx_word' id='word_1_536' title='bbox 976 4426 1092 4484; x_wconf 87' lang='lat' dir='ltr'><strong>libri</strong></span> <span class='ocrx_word' id='word_1_537' title='bbox 1120 4429 1273 4500; x_wconf 81' lang='lat' dir='ltr'><strong>hujus</strong></span> <span class='ocrx_word' id='word_1_538' title='bbox 1303 4438 1659 4500; x_wconf 87' lang='lat' dir='ltr'><strong>argumentum</strong></span> <span class='ocrx_word' id='word_1_539' title='bbox 1686 4424 1852 4480; x_wconf 80' lang='lat' dir='ltr'><strong>reddit</strong></span> <span class='ocrx_word' id='word_1_540' title='bbox 1875 4430 1931 4490; x_wconf 83' lang='grc' dir='ltr'><strong>Ι)</strong></span> <span class='ocrx_word' id='word_1_541' title='bbox 2027 4424 2252 4479; x_wconf 84' lang='lat' dir='ltr'><strong>radicem</strong></span> <span class='ocrx_word' id='word_1_542' title='bbox 2279 4422 2535 4482; x_wconf 85' lang='lat' dir='ltr'><strong>malorum</strong></span> <span class='ocrx_word' id='word_1_543' title='bbox 2562 4427 2791 4482; x_wconf 88' lang='lat' dir='ltr'><strong>omnium</strong></span> <span class='ocrx_word' id='word_1_544' title='bbox 2815 4425 3056 4481; x_wconf 77' lang='lat' dir='ltr'><strong>invidiam</strong></span> <span class='ocrx_word' id='word_1_545' title='bbox 3081 4440 3204 4492; x_wconf 87' lang='lat' dir='ltr'><strong>esse,</strong></span> <span class='ocrx_word' id='word_1_546' title='bbox 3239 4439 3328 4494; x_wconf 86' lang='lat' dir='ltr'><strong>per</strong></span> <span class='ocrx_word' id='word_1_547' title='bbox 3352 4423 3553 4494; x_wconf 81' lang='lat' dir='ltr'><strong>singula</strong></span> 
     </span>
    </p>
   </div>
   <div class='ocr_carea' id='block_1_75' title="bbox 323 4518 1846 4592">
    <p class='ocr_par' dir='ltr' id='par_1_75' title="bbox 323 4518 1846 4592">
     <span class='ocr_line' id='line_1_78' title="bbox 323 4518 1846 4592; baseline -0.003 -15"><span class='ocrx_word' id='word_1_548' title='bbox 323 4525 376 4577; x_wconf 90' lang='lat' dir='ltr'><strong>in</strong></span> <span class='ocrx_word' id='word_1_549' title='bbox 405 4523 513 4578; x_wconf 77' lang='lat' dir='ltr'><strong>Ita&#39;c</strong></span> <span class='ocrx_word' id='word_1_550' title='bbox 542 4522 690 4577; x_wconf 88' lang='lat' dir='ltr'><strong>verba</strong></span> <span class='ocrx_word' id='word_1_551' title='bbox 724 4520 793 4576; x_wconf 89' lang='lat' dir='ltr'><strong>D.</strong></span> <span class='ocrx_word' id='word_1_552' title='bbox 828 4521 1039 4577; x_wconf 80' lang='lat' dir='ltr'><strong>Pontius</strong></span> <span class='ocrx_word' id='word_1_553' title='bbox 1080 4523 1131 4576; x_wconf 89' lang='lat' dir='ltr'><strong>in</strong></span> <span class='ocrx_word' id='word_1_554' title='bbox 1156 4523 1257 4575; x_wconf 88' lang='lat' dir='ltr'><strong>vita</strong></span> <span class='ocrx_word' id='word_1_555' title='bbox 1286 4519 1535 4592; x_wconf 76' lang='lat' dir='ltr'><strong>Cypriani</strong></span> <span class='ocrx_word' id='word_1_556' title='bbox 1565 4537 1583 4573; x_wconf 89' lang='lat'><strong><em>:</em></strong></span> <span class='ocrx_word' id='word_1_557' title='bbox 1617 4538 1635 4570; x_wconf 72' lang='grc' dir='ltr'><strong>ε</strong></span> <span class='ocrx_word' id='word_1_558' title='bbox 1681 4518 1806 4587; x_wconf 82' lang='lat' dir='ltr'><strong>Quis</strong></span> <span class='ocrx_word' id='word_1_559' title='bbox 1830 4560 1846 4586; x_wconf 90' lang='lat'><strong>,</strong></span> 
     </span>
    </p>
   </div>
   <div class='ocr_carea' id='block_1_76' title="bbox 320 4611 1847 4683">
    <p class='ocr_par' dir='ltr' id='par_1_76' title="bbox 320 4611 1847 4683">
     <span class='ocr_line' id='line_1_79' title="bbox 320 4611 1847 4683; baseline -0.002 -15"><span class='ocrx_word' id='word_1_560' title='bbox 320 4615 503 4682; x_wconf 81' lang='lat' dir='ltr'><strong>inquit,</strong></span> <span class='ocrx_word' id='word_1_561' title='bbox 534 4614 740 4670; x_wconf 84' lang='lat' dir='ltr'><strong>livorem</strong></span> <span class='ocrx_word' id='word_1_562' title='bbox 778 4615 842 4669; x_wconf 84' lang='lat' dir='ltr'><strong>de</strong></span> <span class='ocrx_word' id='word_1_563' title='bbox 884 4623 1128 4669; x_wconf 79' lang='lat' dir='ltr'><strong>venenata</strong></span> <span class='ocrx_word' id='word_1_564' title='bbox 1174 4613 1379 4667; x_wconf 72' lang='lat' dir='ltr'><strong>invidia:</strong></span> <span class='ocrx_word' id='word_1_565' title='bbox 1419 4611 1733 4683; x_wconf 78' lang='lat' dir='ltr'><strong>malignitate</strong></span> <span class='ocrx_word' id='word_1_566' title='bbox 1762 4626 1847 4665; x_wconf 82' lang='lat' dir='ltr'><strong>ve-</strong></span> 
     </span>
    </p>
   </div>
   <div class='ocr_carea' id='block_1_77' title="bbox 323 4703 1842 4778">
    <p class='ocr_par' dir='ltr' id='par_1_77' title="bbox 323 4703 1842 4778">
     <span class='ocr_line' id='line_1_80' title="bbox 323 4703 1842 4778; baseline -0.005 -14"><span class='ocrx_word' id='word_1_567' title='bbox 323 4712 561 4778; x_wconf 87' lang='lat' dir='ltr'><strong>nientem,</strong></span> <span class='ocrx_word' id='word_1_568' title='bbox 632 4709 899 4765; x_wconf 83' lang='lat' dir='ltr'><strong>dulcedine</strong></span> <span class='ocrx_word' id='word_1_569' title='bbox 957 4708 1163 4764; x_wconf 84' lang='lat' dir='ltr'><strong>remedii</strong></span> <span class='ocrx_word' id='word_1_570' title='bbox 1216 4707 1455 4763; x_wconf 86' lang='lat' dir='ltr'><strong>salutaris</strong></span> <span class='ocrx_word' id='word_1_571' title='bbox 1505 4703 1748 4759; x_wconf 79' lang='lat' dir='ltr'><strong>inhiberet</strong></span> <span class='ocrx_word' id='word_1_572' title='bbox 1771 4704 1797 4759; x_wconf 82' lang='lat'><strong>.’</strong></span> <span class='ocrx_word' id='word_1_573' title='bbox 1824 4723 1842 4757; x_wconf 76' lang='grc' dir='ltr'><strong><em>ι</em></strong></span> 
     </span>
    </p>
   </div>
   <div class='ocr_carea' id='block_1_78' title="bbox 337 4797 1853 4874">
    <p class='ocr_par' dir='ltr' id='par_1_78' title="bbox 337 4797 1853 4874">
     <span class='ocr_line' id='line_1_81' title="bbox 337 4797 1853 4874; baseline -0.003 -19"><span class='ocrx_word' id='word_1_574' title='bbox 337 4800 605 4874; x_wconf 86' lang='lat' dir='ltr'><strong>Principio</strong></span> <span class='ocrx_word' id='word_1_575' title='bbox 635 4798 810 4873; x_wconf 84' lang='lat' dir='ltr'><strong>igitur,</strong></span> <span class='ocrx_word' id='word_1_576' title='bbox 842 4812 1108 4873; x_wconf 75' lang='lat' dir='ltr'><strong>postquam</strong></span> <span class='ocrx_word' id='word_1_577' title='bbox 1151 4816 1208 4855; x_wconf 89' lang='lat' dir='ltr'><strong>eo</strong></span> <span class='ocrx_word' id='word_1_578' title='bbox 1252 4798 1451 4870; x_wconf 86' lang='lat' dir='ltr'><strong>gravius</strong></span> <span class='ocrx_word' id='word_1_579' title='bbox 1499 4797 1688 4851; x_wconf 87' lang='lat' dir='ltr'><strong>crimen</strong></span> <span class='ocrx_word' id='word_1_580' title='bbox 1748 4811 1853 4851; x_wconf 87' lang='lat' dir='ltr'><strong>esse</strong></span> 
     </span>
    </p>
   </div>
   <div class='ocr_carea' id='block_1_79' title="bbox 324 4888 1848 4964">
    <p class='ocr_par' dir='ltr' id='par_1_79' title="bbox 324 4888 1848 4964">
     <span class='ocr_line' id='line_1_82' title="bbox 324 4888 1848 4964; baseline -0.003 -17"><span class='ocrx_word' id='word_1_581' title='bbox 324 4894 489 4947; x_wconf 78' lang='lat' dir='ltr'><strong>zelum</strong></span> <span class='ocrx_word' id='word_1_582' title='bbox 508 4908 597 4947; x_wconf 82' lang='lat' dir='ltr'><strong>seu</strong></span> <span class='ocrx_word' id='word_1_583' title='bbox 628 4894 852 4957; x_wconf 71' lang='lat' dir='ltr'><strong>livorem,</strong></span> <span class='ocrx_word' id='word_1_584' title='bbox 881 4909 979 4964; x_wconf 89' lang='lat' dir='ltr'><strong>quo</strong></span> <span class='ocrx_word' id='word_1_585' title='bbox 1000 4891 1244 4947; x_wconf 76' lang='lat' dir='ltr'><strong>occultius</strong></span> <span class='ocrx_word' id='word_1_586' title='bbox 1263 4899 1338 4945; x_wconf 85' lang='lat' dir='ltr'><strong>est</strong></span> <span class='ocrx_word' id='word_1_587' title='bbox 1360 4890 1573 4953; x_wconf 86' lang='lat' dir='ltr'><strong>malum,</strong></span> <span class='ocrx_word' id='word_1_588' title='bbox 1604 4898 1650 4943; x_wconf 89' lang='lat' dir='ltr'><strong>et</strong></span> <span class='ocrx_word' id='word_1_589' title='bbox 1687 4888 1848 4959; x_wconf 86' lang='lat' dir='ltr'><strong>origi-</strong></span> 
     </span>
    </p>
   </div>
   <div class='ocr_carea' id='block_1_80' title="bbox 324 4970 1851 5050">
    <p class='ocr_par' dir='ltr' id='par_1_80' title="bbox 324 4970 1851 5050">
     <span class='ocr_line' id='line_1_83' title="bbox 324 4970 1851 5050; baseline -0.003 -13"><span class='ocrx_word' id='word_1_590' title='bbox 324 4999 437 5038; x_wconf 87' lang='lat' dir='ltr'><strong>nem</strong></span> <span class='ocrx_word' id='word_1_591' title='bbox 502 4984 612 5050; x_wconf 84' lang='lat' dir='ltr'><strong>eius</strong></span> <span class='ocrx_word' id='word_1_592' title='bbox 670 4983 872 5038; x_wconf 88' lang='lat' dir='ltr'><strong>diabolo</strong></span> <span class='ocrx_word' id='word_1_593' title='bbox 929 4970 1281 5037; x_wconf 69' lang='lat' dir='ltr'><strong>ascribendam</strong></span> <span class='ocrx_word' id='word_1_594' title='bbox 1320 4979 1536 5033; x_wconf 86' lang='lat' dir='ltr'><strong>docuit:</strong></span> <span class='ocrx_word' id='word_1_595' title='bbox 1576 4979 1851 5048; x_wconf 81' lang='lat' dir='ltr'><strong>prapositis</strong></span> 
     </span>
    </p>
   </div>
   <div class='ocr_carea' id='block_1_81' title="bbox 324 5069 1845 5145">
    <p class='ocr_par' dir='ltr' id='par_1_81' title="bbox 324 5069 1845 5145">
     <span class='ocr_line' id='line_1_84' title="bbox 324 5069 1845 5145; baseline -0.002 -16"><span class='ocrx_word' id='word_1_596' title='bbox 324 5076 477 5129; x_wconf 87' lang='lat' dir='ltr'><strong>etiam</strong></span> <span class='ocrx_word' id='word_1_597' title='bbox 509 5074 891 5131; x_wconf 74' lang='lat' dir='ltr'><strong>obiterinvidite</strong></span> <span class='ocrx_word' id='word_1_598' title='bbox 933 5075 1181 5145; x_wconf 66' lang='lat' dir='ltr'><strong>exivitplis</strong></span> <span class='ocrx_word' id='word_1_599' title='bbox 1215 5089 1241 5128; x_wconf 88' lang='lat' dir='ltr'><strong>e</strong></span> <span class='ocrx_word' id='word_1_600' title='bbox 1283 5070 1447 5127; x_wconf 84' lang='lat' dir='ltr'><strong>Veteri</strong></span> <span class='ocrx_word' id='word_1_601' title='bbox 1484 5069 1800 5126; x_wconf 85' lang='lat' dir='ltr'><strong>Testamento</strong></span> <span class='ocrx_word' id='word_1_602' title='bbox 1828 5112 1845 5139; x_wconf 92' lang='lat'><strong>,</strong></span> 
     </span>
    </p>
   </div>
   <div class='ocr_carea' id='block_1_82' title="bbox 2023 4513 3553 4590">
    <p class='ocr_par' dir='ltr' id='par_1_82' title="bbox 2023 4513 3553 4590">
     <span class='ocr_line' id='line_1_85' title="bbox 2023 4513 3553 4590; baseline 0.001 -22"><span class='ocrx_word' id='word_1_603' title='bbox 2023 4516 2253 4572; x_wconf 88' lang='lat' dir='ltr'><strong>vitiorum</strong></span> <span class='ocrx_word' id='word_1_604' title='bbox 2274 4535 2459 4589; x_wconf 81' lang='lat' dir='ltr'><strong>genera</strong></span> <span class='ocrx_word' id='word_1_605' title='bbox 2480 4519 2681 4574; x_wconf 86' lang='lat' dir='ltr'><strong>deducit</strong></span> <span class='ocrx_word' id='word_1_606' title='bbox 2704 4536 2723 4585; x_wconf 90' lang='grc'><em>;</em></span> <span class='ocrx_word' id='word_1_607' title='bbox 2751 4529 2900 4590; x_wconf 90' lang='lat' dir='ltr'><strong>atque</strong></span> <span class='ocrx_word' id='word_1_608' title='bbox 2923 4515 3049 4571; x_wconf 87' lang='lat' dir='ltr'><strong>adeo</strong></span> <span class='ocrx_word' id='word_1_609' title='bbox 3073 4525 3203 4569; x_wconf 89' lang='lat' dir='ltr'><strong>recte</strong></span> <span class='ocrx_word' id='word_1_610' title='bbox 3220 4524 3269 4570; x_wconf 92' lang='lat' dir='ltr'><strong>et</strong></span> <span class='ocrx_word' id='word_1_611' title='bbox 3294 4532 3326 4568; x_wconf 90' lang='lat' dir='ltr'><strong>a</strong></span> <span class='ocrx_word' id='word_1_612' title='bbox 3352 4513 3553 4570; x_wconf 79' lang='lat' dir='ltr'><strong>Christo</strong></span> 
     </span>
    </p>
   </div>
   <div class='ocr_carea' id='block_1_83' title="bbox 2025 4609 3552 4681">
    <p class='ocr_par' dir='ltr' id='par_1_83' title="bbox 2025 4609 3552 4681">
     <span class='ocr_line' id='line_1_86' title="bbox 2025 4609 3552 4681; baseline 0.001 -18"><span class='ocrx_word' id='word_1_613' title='bbox 2025 4619 2071 4663; x_wconf 89' lang='lat' dir='ltr'><strong>et</strong></span> <span class='ocrx_word' id='word_1_614' title='bbox 2097 4609 2159 4662; x_wconf 87' lang='lat' dir='ltr'><strong>ab</strong></span> <span class='ocrx_word' id='word_1_615' title='bbox 2182 4612 2457 4681; x_wconf 81' lang='lat' dir='ltr'><strong>Apostolis,</strong></span> <span class='ocrx_word' id='word_1_616' title='bbox 2494 4631 2595 4668; x_wconf 90' lang='lat' dir='ltr'><strong>non</strong></span> <span class='ocrx_word' id='word_1_617' title='bbox 2623 4631 2722 4669; x_wconf 88' lang='lat' dir='ltr'><strong>uno</strong></span> <span class='ocrx_word' id='word_1_618' title='bbox 2765 4613 2966 4679; x_wconf 86' lang='lat' dir='ltr'><strong>inloco,</strong></span> <span class='ocrx_word' id='word_1_619' title='bbox 3011 4610 3331 4664; x_wconf 86' lang='lat' dir='ltr'><strong>interdictum</strong></span> <span class='ocrx_word' id='word_1_620' title='bbox 3365 4611 3552 4681; x_wconf 76' lang='lat' dir='ltr'><strong>frater-</strong></span> 
     </span>
    </p>
   </div>
   <div class='ocr_carea' id='block_1_84' title="bbox 2027 4692 3553 4773">
    <p class='ocr_par' dir='ltr' id='par_1_84' title="bbox 2027 4692 3553 4773">
     <span class='ocr_line' id='line_1_87' title="bbox 2027 4692 3553 4773; baseline 0 -18"><span class='ocrx_word' id='word_1_621' title='bbox 2027 4714 2147 4756; x_wconf 86' lang='lat' dir='ltr'><strong>num</strong></span> <span class='ocrx_word' id='word_1_622' title='bbox 2175 4702 2369 4773; x_wconf 86' lang='lat' dir='ltr'><strong>odium,</strong></span> <span class='ocrx_word' id='word_1_623' title='bbox 2407 4702 2672 4760; x_wconf 85' lang='lat' dir='ltr'><strong>Postremo</strong></span> <span class='ocrx_word' id='word_1_624' title='bbox 2710 4702 2796 4758; x_wconf 86' lang='lat' dir='ltr'><strong>ubi</strong></span> <span class='ocrx_word' id='word_1_625' title='bbox 2835 4696 2931 4757; x_wconf 88' lang='lat' dir='ltr'><strong>Dei</strong></span> <span class='ocrx_word' id='word_1_626' title='bbox 2971 4702 3202 4772; x_wconf 69' lang='lat' dir='ltr'><strong>exemplo</strong></span> <span class='ocrx_word' id='word_1_627' title='bbox 3227 4700 3295 4755; x_wconf 86' lang='lat' dir='ltr'><strong>ad</strong></span> <span class='ocrx_word' id='word_1_628' title='bbox 3325 4692 3553 4757; x_wconf 80' lang='lat' dir='ltr'><strong>dilectio-</strong></span> 
     </span>
    </p>
   </div>
   <div class='ocr_carea' id='block_1_85' title="bbox 2042 4790 3552 4868">
    <p class='ocr_par' dir='ltr' id='par_1_85' title="bbox 2042 4790 3552 4868">
     <span class='ocr_line' id='line_1_88' title="bbox 2042 4790 3552 4868; baseline 0.003 -21"><span class='ocrx_word' id='word_1_629' title='bbox 2042 4811 2155 4849; x_wconf 88' lang='lat' dir='ltr'><strong>nem</strong></span> <span class='ocrx_word' id='word_1_630' title='bbox 2185 4790 2504 4853; x_wconf 87' lang='lat' dir='ltr'><strong>inimicorum</strong></span> <span class='ocrx_word' id='word_1_631' title='bbox 2534 4815 2617 4852; x_wconf 85' lang='lat' dir='ltr'><strong>eos</strong></span> <span class='ocrx_word' id='word_1_632' title='bbox 2640 4797 2936 4851; x_wconf 85' lang='lat' dir='ltr'><strong>adhortatus</strong></span> <span class='ocrx_word' id='word_1_633' title='bbox 2974 4805 3064 4862; x_wconf 86' lang='lat' dir='ltr'><strong>est,</strong></span> <span class='ocrx_word' id='word_1_634' title='bbox 3105 4795 3427 4868; x_wconf 76' lang='lat' dir='ltr'><strong>prwmiorum</strong></span> <span class='ocrx_word' id='word_1_635' title='bbox 3466 4811 3552 4852; x_wconf 88' lang='lat' dir='ltr'><strong>co-</strong></span> 
     </span>
    </p>
   </div>
   <div class='ocr_carea' id='block_1_86' title="bbox 2028 4889 3096 4964">
    <p class='ocr_par' dir='ltr' id='par_1_86' title="bbox 2028 4889 3096 4964">
     <span class='ocr_line' id='line_1_89' title="bbox 2028 4889 3096 4964; baseline -0.002 -18"><span class='ocrx_word' id='word_1_636' title='bbox 2028 4890 2169 4948; x_wconf 84' lang='lat' dir='ltr'><strong>ronis</strong></span> <span class='ocrx_word' id='word_1_637' title='bbox 2199 4893 2473 4964; x_wconf 81' lang='lat' dir='ltr'><strong>propositis</strong></span> <span class='ocrx_word' id='word_1_638' title='bbox 2497 4893 2560 4946; x_wconf 81' lang='lat' dir='ltr'><strong>ab</strong></span> <span class='ocrx_word' id='word_1_639' title='bbox 2581 4892 2675 4947; x_wconf 77' lang='lat' dir='ltr'><strong>hoc</strong></span> <span class='ocrx_word' id='word_1_640' title='bbox 2701 4890 2835 4945; x_wconf 85' lang='lat' dir='ltr'><strong>male</strong></span> <span class='ocrx_word' id='word_1_641' title='bbox 2864 4889 3096 4945; x_wconf 86' lang='lat' dir='ltr'><strong>deterret.</strong></span> 
     </span>
    </p>
   </div>
   <div class='ocr_carea' id='block_1_87' title="bbox 2022 5064 3553 5142">
    <p class='ocr_par' dir='ltr' id='par_1_87' title="bbox 2022 5064 3553 5142">
     <span class='ocr_line' id='line_1_90' title="bbox 2022 5064 3553 5142; baseline -0.001 -17"><span class='ocrx_word' id='word_1_642' title='bbox 2022 5068 2059 5125; x_wconf 85' lang='grc' dir='ltr'><strong>Ι.</strong></span> <span class='ocrx_word' id='word_1_643' title='bbox 2095 5070 2318 5127; x_wconf 66' lang='lat' dir='ltr'><strong>Zamas</strong></span> <span class='ocrx_word' id='word_1_644' title='bbox 2348 5068 2491 5142; x_wconf 90' lang='lat' dir='ltr'><strong>quod</strong></span> <span class='ocrx_word' id='word_1_645' title='bbox 2517 5068 2715 5126; x_wconf 89' lang='lat' dir='ltr'><strong>bonum</strong></span> <span class='ocrx_word' id='word_1_646' title='bbox 2748 5079 2768 5108; x_wconf 73' lang='grc' dir='ltr'><em>τ</em></span> <span class='ocrx_word' id='word_1_647' title='bbox 2803 5069 2982 5127; x_wconf 90' lang='lat' dir='ltr'><strong>videas</strong></span> <span class='ocrx_word' id='word_1_648' title='bbox 3022 5074 3076 5126; x_wconf 90' lang='lat' dir='ltr'><strong>et</strong></span> <span class='ocrx_word' id='word_1_649' title='bbox 3103 5064 3342 5126; x_wconf 86' lang='lat' dir='ltr'><strong>invidere</strong></span> <span class='ocrx_word' id='word_1_650' title='bbox 3365 5064 3553 5126; x_wconf 86' lang='lat' dir='ltr'><strong>melio—</strong></span> 
     </span>
    </p>
   </div>
   <div class='ocr_carea' id='block_1_88' title="bbox 1484 5190 2328 5251">
    <p class='ocr_par' dir='ltr' id='par_1_88' title="bbox 1484 5190 2328 5251">
     <span class='ocr_line' id='line_1_91' title="bbox 1484 5190 2328 5251; baseline -0.004 -2"><span class='ocrx_word' id='word_1_651' title='bbox 1484 5190 1525 5249; x_wconf 88' lang='lat' dir='ltr'><strong>L</strong></span> <span class='ocrx_word' id='word_1_652' title='bbox 1542 5190 1881 5251; x_wconf 65' lang='lat' dir='ltr'><strong>ECTIONES</strong></span> <span class='ocrx_word' id='word_1_653' title='bbox 1918 5190 2328 5249; x_wconf 71' lang='lat' dir='ltr'><strong>VARIANTES.</strong></span> 
     </span>
    </p>
   </div>
   <div class='ocr_carea' id='block_1_89' title="bbox 312 5300 661 5355">
    <p class='ocr_par' dir='ltr' id='par_1_89' title="bbox 312 5300 661 5355">
     <span class='ocr_line' id='line_1_92' title="bbox 312 5300 661 5355; baseline -0.003 -2"><span class='ocrx_word' id='word_1_654' title='bbox 312 5303 335 5332; x_wconf 70' lang='grc' dir='ltr'><strong><em>τ</em></strong></span> <span class='ocrx_word' id='word_1_655' title='bbox 362 5300 526 5353; x_wconf 87' lang='lat' dir='ltr'><strong>Bonos</strong></span> <span class='ocrx_word' id='word_1_656' title='bbox 556 5301 661 5355; x_wconf 84' lang='lat' dir='ltr'><strong>Lin.</strong></span> 
     </span>
    </p>
   </div>
   <div class='ocr_carea' id='block_1_90' title="bbox 1488 5387 2307 5449">
    <p class='ocr_par' dir='ltr' id='par_1_90' title="bbox 1488 5387 2307 5449">
     <span class='ocr_line' id='line_1_93' title="bbox 1488 5387 2307 5449; baseline -0.001 -2"><span class='ocrx_word' id='word_1_657' title='bbox 1488 5387 1729 5447; x_wconf 81' lang='lat' dir='ltr'><strong>STEPH.</strong></span> <span class='ocrx_word' id='word_1_658' title='bbox 1771 5388 2040 5449; x_wconf 79' lang='lat' dir='ltr'><strong>BALUZII</strong></span> <span class='ocrx_word' id='word_1_659' title='bbox 2074 5389 2307 5447; x_wconf 69' lang='grc' dir='ltr'><strong>ΝΟΤΕ.</strong></span> 
     </span>
    </p>
   </div>
   <div class='ocr_carea' id='block_1_91' title="bbox 318 5498 1853 5571">
    <p class='ocr_par' dir='ltr' id='par_1_91' title="bbox 318 5498 1853 5571">
     <span class='ocr_line' id='line_1_94' title="bbox 318 5498 1853 5571; baseline 0.001 -14"><span class='ocrx_word' id='word_1_660' title='bbox 318 5504 387 5539; x_wconf 71' lang='grc'><strong>⁸⁸³</strong></span> <span class='ocrx_word' id='word_1_661' title='bbox 420 5504 505 5559; x_wconf 86' lang='lat' dir='ltr'><strong>DE</strong></span> <span class='ocrx_word' id='word_1_662' title='bbox 532 5503 709 5561; x_wconf 79' lang='grc' dir='ltr'><strong>ΖΕιο</strong></span> <span class='ocrx_word' id='word_1_663' title='bbox 726 5498 813 5559; x_wconf 80' lang='lat' dir='ltr'><strong>ET</strong></span> <span class='ocrx_word' id='word_1_664' title='bbox 841 5500 1116 5562; x_wconf 76' lang='lat' dir='ltr'><strong>LIVORE.</strong></span> <span class='ocrx_word' id='word_1_665' title='bbox 1139 5503 1268 5561; x_wconf 79' lang='lat' dir='ltr'><strong>Cum</strong></span> <span class='ocrx_word' id='word_1_666' title='bbox 1287 5514 1504 5561; x_wconf 87' lang='lat' dir='ltr'><strong>sanctus</strong></span> <span class='ocrx_word' id='word_1_667' title='bbox 1523 5500 1853 5571; x_wconf 70' lang='lat' dir='ltr'><strong>Augustinus</strong></span> 
     </span>
    </p>
   </div>
   <div class='ocr_carea' id='block_1_92' title="bbox 245 5574 1849 5657">
    <p class='ocr_par' dir='ltr' id='par_1_92' title="bbox 245 5574 1849 5657">
     <span class='ocr_line' id='line_1_95' title="bbox 245 5574 1849 5657; baseline 0 -27"><span class='ocrx_word' id='word_1_668' title='bbox 245 5575 454 5657; x_wconf 72' lang='lat' dir='ltr'><strong>initium</strong></span> <span class='ocrx_word' id='word_1_669' title='bbox 482 5584 541 5657; x_wconf 56' lang='lat' dir='ltr'><strong>et</strong></span> <span class='ocrx_word' id='word_1_670' title='bbox 572 5577 818 5657; x_wconf 41' lang='lat' dir='ltr'><strong>tiu-tedam</strong></span> <span class='ocrx_word' id='word_1_671' title='bbox 849 5578 951 5631; x_wconf 80' lang='lat' dir='ltr'><strong>alia</strong></span> <span class='ocrx_word' id='word_1_672' title='bbox 996 5574 1315 5657; x_wconf 34' lang='lat' dir='ltr'><strong>liujuleibri</strong></span> <span class='ocrx_word' id='word_1_673' title='bbox 1345 5576 1460 5657; x_wconf 58' lang='lat' dir='ltr'><strong>loca</strong></span> <span class='ocrx_word' id='word_1_674' title='bbox 1501 5575 1779 5657; x_wconf 67' lang='lat' dir='ltr'><strong>retulisset</strong></span> <span class='ocrx_word' id='word_1_675' title='bbox 1799 5576 1849 5630; x_wconf 88' lang='lat' dir='ltr'><strong>in</strong></span> 
     </span>
    </p>
   </div>
   <div class='ocr_carea' id='block_1_93' title="bbox 245 5645 1847 5716">
    <p class='ocr_par' dir='ltr' id='par_1_93' title="bbox 245 5645 1847 5716">
     <span class='ocr_line' id='line_1_96' title="bbox 245 5645 1847 5716; baseline -0.001 -16"><span class='ocrx_word' id='word_1_676' title='bbox 245 5645 281 5700; x_wconf 93' lang='lat' dir='ltr'><strong>I.</strong></span> <span class='ocrx_word' id='word_1_677' title='bbox 312 5663 383 5709; x_wconf 83' lang='lat' dir='ltr'><strong>tv,</strong></span> <span class='ocrx_word' id='word_1_678' title='bbox 408 5646 471 5700; x_wconf 84' lang='lat' dir='ltr'><strong>de</strong></span> <span class='ocrx_word' id='word_1_679' title='bbox 496 5645 760 5716; x_wconf 78' lang='lat' dir='ltr'><strong>Baptismo</strong></span> <span class='ocrx_word' id='word_1_680' title='bbox 792 5657 977 5701; x_wconf 78' lang='lat' dir='ltr'><strong>entitra</strong></span> <span class='ocrx_word' id='word_1_681' title='bbox 1009 5645 1329 5709; x_wconf 77' lang='lat' dir='ltr'><strong>Donatistas,</strong></span> <span class='ocrx_word' id='word_1_682' title='bbox 1355 5662 1402 5701; x_wconf 90' lang='lat' dir='ltr'><strong>c.</strong></span> <span class='ocrx_word' id='word_1_683' title='bbox 1430 5647 1463 5701; x_wconf 91' lang='lat'><strong>8</strong></span> <span class='ocrx_word' id='word_1_684' title='bbox 1482 5689 1496 5711; x_wconf 91' lang='lat'><strong>,</strong></span> <span class='ocrx_word' id='word_1_685' title='bbox 1532 5662 1711 5716; x_wconf 85' lang='lat' dir='ltr'><strong>postea</strong></span> <span class='ocrx_word' id='word_1_686' title='bbox 1733 5647 1805 5701; x_wconf 87' lang='lat' dir='ltr'><strong>ait</strong></span> <span class='ocrx_word' id='word_1_687' title='bbox 1832 5664 1847 5707; x_wconf 87' lang='lat'><strong>;</strong></span> 
     </span>
    </p>
   </div>
   <div class='ocr_carea' id='block_1_94' title="bbox 246 5715 1848 5789">
    <p class='ocr_par' dir='ltr' id='par_1_94' title="bbox 246 5715 1848 5789">
     <span class='ocr_line' id='line_1_97' title="bbox 246 5715 1848 5789; baseline -0.001 -18"><span class='ocrx_word' id='word_1_688' title='bbox 246 5715 375 5771; x_wconf 78' lang='lat' dir='ltr'><strong>ch</strong></span> <span class='ocrx_word' id='word_1_689' title='bbox 388 5716 541 5789; x_wconf 78' lang='lat' dir='ltr'><strong>verba</strong></span> <span class='ocrx_word' id='word_1_690' title='bbox 559 5715 807 5789; x_wconf 72' lang='lat' dir='ltr'><strong>Cypriani</strong></span> <span class='ocrx_word' id='word_1_691' title='bbox 834 5719 887 5774; x_wconf 90' lang='lat' dir='ltr'><strong>in</strong></span> <span class='ocrx_word' id='word_1_692' title='bbox 902 5718 1156 5789; x_wconf 83' lang='lat' dir='ltr'><strong>Epistula,</strong></span> <span class='ocrx_word' id='word_1_693' title='bbox 1174 5718 1375 5789; x_wconf 66' lang='lat' dir='ltr'><strong>populis</strong></span> <span class='ocrx_word' id='word_1_694' title='bbox 1393 5715 1696 5789; x_wconf 80' lang='lat' dir='ltr'><strong>nota,quam</strong></span> <span class='ocrx_word' id='word_1_695' title='bbox 1712 5733 1848 5780; x_wconf 84' lang='lat' dir='ltr'><strong>vera.</strong></span> 
     </span>
    </p>
   </div>
   <div class='ocr_carea' id='block_1_95' title="bbox 243 5783 1851 5862">
    <p class='ocr_par' dir='ltr' id='par_1_95' title="bbox 243 5783 1851 5862">
     <span class='ocr_line' id='line_1_98' title="bbox 243 5783 1851 5862; baseline 0.001 -22"><span class='ocrx_word' id='word_1_696' title='bbox 243 5804 395 5862; x_wconf 64' lang='lat' dir='ltr'><strong>quam</strong></span> <span class='ocrx_word' id='word_1_697' title='bbox 416 5787 576 5862; x_wconf 75' lang='lat' dir='ltr'><strong>fortia</strong></span> <span class='ocrx_word' id='word_1_698' title='bbox 598 5783 697 5862; x_wconf 74' lang='lat' dir='ltr'><strong>sint</strong></span> <span class='ocrx_word' id='word_1_699' title='bbox 734 5783 1320 5862; x_wconf 30' lang='lat' dir='ltr'><strong>recognoscimus.’_i’ere</strong></span> <span class='ocrx_word' id='word_1_700' title='bbox 1336 5784 1501 5841; x_wconf 80' lang='lat' dir='ltr'><strong>decuit</strong></span> <span class='ocrx_word' id='word_1_701' title='bbox 1539 5783 1851 5858; x_wconf 67' lang='lat' dir='ltr'><strong>Cyprianum</strong></span> 
     </span>
    </p>
   </div>
   <div class='ocr_carea' id='block_1_96' title="bbox 244 5858 1850 5933">
    <p class='ocr_par' dir='ltr' id='par_1_96' title="bbox 244 5858 1850 5933">
     <span class='ocr_line' id='line_1_99' title="bbox 244 5858 1850 5933; baseline -0.001 -20"><span class='ocrx_word' id='word_1_702' title='bbox 244 5861 309 5915; x_wconf 87' lang='lat' dir='ltr'><strong>de</strong></span> <span class='ocrx_word' id='word_1_703' title='bbox 329 5859 455 5915; x_wconf 73' lang='grc' dir='ltr'><strong>Ζειο</strong></span> <span class='ocrx_word' id='word_1_704' title='bbox 482 5868 527 5915; x_wconf 88' lang='lat' dir='ltr'><strong>et</strong></span> <span class='ocrx_word' id='word_1_705' title='bbox 543 5858 726 5918; x_wconf 79' lang='lat' dir='ltr'><strong>Lioore</strong></span> <span class='ocrx_word' id='word_1_706' title='bbox 752 5870 799 5917; x_wconf 86' lang='lat' dir='ltr'><strong>et</strong></span> <span class='ocrx_word' id='word_1_707' title='bbox 822 5858 1037 5933; x_wconf 71' lang='lat' dir='ltr'><strong>arguere</strong></span> <span class='ocrx_word' id='word_1_708' title='bbox 1049 5859 1269 5931; x_wconf 84' lang='lat' dir='ltr'><strong>graviter</strong></span> <span class='ocrx_word' id='word_1_709' title='bbox 1288 5866 1332 5912; x_wconf 89' lang='lat' dir='ltr'><strong>et</strong></span> <span class='ocrx_word' id='word_1_710' title='bbox 1350 5873 1570 5927; x_wconf 88' lang='lat' dir='ltr'><strong>monere,</strong></span> <span class='ocrx_word' id='word_1_711' title='bbox 1589 5877 1620 5912; x_wconf 88' lang='lat' dir='ltr'><strong>a</strong></span> <span class='ocrx_word' id='word_1_712' title='bbox 1633 5876 1732 5930; x_wconf 86' lang='lat' dir='ltr'><strong>quo</strong></span> <span class='ocrx_word' id='word_1_713' title='bbox 1748 5869 1850 5913; x_wconf 84' lang='lat' dir='ltr'><strong>tum</strong></span> 
     </span>
    </p>
   </div>
   <div class='ocr_carea' id='block_1_97' title="bbox 1957 5502 3551 5577">
    <p class='ocr_par' dir='ltr' id='par_1_97' title="bbox 1957 5502 3551 5577">
     <span class='ocr_line' id='line_1_100' title="bbox 1957 5502 3551 5577; baseline -0.002 -18"><span class='ocrx_word' id='word_1_714' title='bbox 1957 5505 2105 5577; x_wconf 85' lang='lat' dir='ltr'><strong>morti</strong></span> <span class='ocrx_word' id='word_1_715' title='bbox 2109 5503 2387 5577; x_wconf 3' lang='lat' dir='ltr'><strong>[eropmalo</strong></span> <span class='ocrx_word' id='word_1_716' title='bbox 2406 5521 2494 5560; x_wconf 88' lang='lat' dir='ltr'><strong>cor</strong></span> <span class='ocrx_word' id='word_1_717' title='bbox 2508 5504 2622 5577; x_wconf 87' lang='lat' dir='ltr'><strong>ejus</strong></span> <span class='ocrx_word' id='word_1_718' title='bbox 2647 5504 2848 5577; x_wconf 83' lang='lat' dir='ltr'><strong>penitus</strong></span> <span class='ocrx_word' id='word_1_719' title='bbox 2864 5502 3091 5577; x_wconf 87' lang='lat' dir='ltr'><strong>alienum</strong></span> <span class='ocrx_word' id='word_1_720' title='bbox 3118 5504 3262 5577; x_wconf 62' lang='lat' dir='ltr'><strong>tanta</strong></span> <span class='ocrx_word' id='word_1_721' title='bbox 3276 5502 3551 5577; x_wconf 77' lang='lat' dir='ltr'><strong>charitatis</strong></span> 
     </span>
    </p>
   </div>
   <div class='ocr_carea' id='block_1_98' title="bbox 1956 5574 3548 5646">
    <p class='ocr_par' dir='ltr' id='par_1_98' title="bbox 1956 5574 3548 5646">
     <span class='ocr_line' id='line_1_101' title="bbox 1956 5574 3548 5646; baseline -0.001 -17"><span class='ocrx_word' id='word_1_722' title='bbox 1956 5574 2269 5629; x_wconf 84' lang='lat' dir='ltr'><strong>abundantia</strong></span> <span class='ocrx_word' id='word_1_723' title='bbox 2291 5574 2656 5645; x_wconf 73' lang='lat' dir='ltr'><strong>comprobavit.</strong></span> <span class='ocrx_word' id='word_1_724' title='bbox 2688 5574 2828 5646; x_wconf 80' lang='lat' dir='ltr'><strong>Idem</strong></span> <span class='ocrx_word' id='word_1_725' title='bbox 2860 5575 2914 5632; x_wconf 92' lang='lat' dir='ltr'><strong>in</strong></span> <span class='ocrx_word' id='word_1_726' title='bbox 2945 5584 3103 5646; x_wconf 85' lang='lat' dir='ltr'><strong>caput</strong></span> <span class='ocrx_word' id='word_1_727' title='bbox 3128 5592 3161 5629; x_wconf 85' lang='grc' dir='ltr'><strong><em>ν</em></strong></span> <span class='ocrx_word' id='word_1_728' title='bbox 3192 5574 3443 5646; x_wconf 56' lang='grc' dir='ltr'><strong>Ενίειομειῖ</strong></span> <span class='ocrx_word' id='word_1_729' title='bbox 3481 5574 3548 5628; x_wconf 87' lang='lat' dir='ltr'><strong>ad</strong></span> 
     </span>
    </p>
   </div>
   <div class='ocr_carea' id='block_1_99' title="bbox 1956 5644 3549 5770">
    <p class='ocr_par' dir='ltr' id='par_1_99' title="bbox 1956 5644 3549 5770">
     <span class='ocr_line' id='line_1_102' title="bbox 1956 5644 3549 5770; baseline -0.001 -70"><span class='ocrx_word' id='word_1_730' title='bbox 1956 5646 2172 5770; x_wconf 58' lang='lat' dir='ltr'><strong>(inlatus</strong></span> <span class='ocrx_word' id='word_1_731' title='bbox 2198 5662 2210 5699; x_wconf 90' lang='lat'><strong>:</strong></span> <span class='ocrx_word' id='word_1_732' title='bbox 2242 5644 2461 5715; x_wconf 71' lang='lat' dir='ltr'><strong>Scripsit</strong></span> <span class='ocrx_word' id='word_1_733' title='bbox 2485 5646 2736 5719; x_wconf 51' lang='lat' dir='ltr'><strong>eﬂbeutus</strong></span> <span class='ocrx_word' id='word_1_734' title='bbox 2760 5644 3047 5717; x_wconf 82' lang='lat' dir='ltr'><strong>Cyprianus</strong></span> <span class='ocrx_word' id='word_1_735' title='bbox 3065 5644 3252 5701; x_wconf 83' lang='lat' dir='ltr'><strong>librum</strong></span> <span class='ocrx_word' id='word_1_736' title='bbox 3280 5647 3343 5701; x_wconf 84' lang='lat' dir='ltr'><strong>de</strong></span> <span class='ocrx_word' id='word_1_737' title='bbox 3364 5644 3488 5700; x_wconf 84' lang='lat' dir='ltr'><strong>Zeto</strong></span> <span class='ocrx_word' id='word_1_738' title='bbox 3502 5655 3549 5699; x_wconf 89' lang='lat' dir='ltr'><strong>et</strong></span> 
     </span>
     <span class='ocr_line' id='line_1_103' title="bbox 2005 5715 3546 5770; baseline 0.001 -1"><span class='ocrx_word' id='word_1_739' title='bbox 2005 5716 2137 5769; x_wconf 88' lang='lat' dir='ltr'><strong>ivore</strong></span> <span class='ocrx_word' id='word_1_740' title='bbox 2161 5715 2437 5770; x_wconf 71' lang='lat' dir='ltr'><strong>optimum.</strong></span> <span class='ocrx_word' id='word_1_741' title='bbox 2471 5734 2614 5770; x_wconf 85' lang='lat' dir='ltr'><strong>auem</strong></span> <span class='ocrx_word' id='word_1_742' title='bbox 2650 5718 2736 5770; x_wconf 89' lang='lat' dir='ltr'><strong>aui</strong></span> <span class='ocrx_word' id='word_1_743' title='bbox 2758 5719 2953 5770; x_wconf 88' lang='lat' dir='ltr'><strong>Ieaerit.</strong></span> <span class='ocrx_word' id='word_1_744' title='bbox 2985 5734 3085 5770; x_wconf 87' lang='lat' dir='ltr'><strong>non</strong></span> <span class='ocrx_word' id='word_1_745' title='bbox 3120 5716 3419 5770; x_wconf 86' lang='lat' dir='ltr'><strong>dubitaverit</strong></span> <span class='ocrx_word' id='word_1_746' title='bbox 3450 5733 3546 5770; x_wconf 87' lang='lat' dir='ltr'><strong>an-</strong></span> 
     </span>
    </p>
   </div>
   <div class='ocr_carea' id='block_1_100' title="bbox 2005 5715 3546 5789">
    <p class='ocr_par' dir='ltr' id='par_1_100' title="bbox 2005 5715 3546 5789">
     <span class='ocr_line' id='line_1_104' title="bbox 2005 5715 3546 5789; baseline 0 -20"><span class='ocrx_word' id='word_1_747' title='bbox 2005 5716 2137 5769; x_wconf 88' lang='lat' dir='ltr'><strong>ivore</strong></span> <span class='ocrx_word' id='word_1_748' title='bbox 2161 5715 2437 5789; x_wconf 66' lang='lat' dir='ltr'><strong>optimum,</strong></span> <span class='ocrx_word' id='word_1_749' title='bbox 2471 5715 2614 5787; x_wconf 81' lang='lat' dir='ltr'><strong>quem</strong></span> <span class='ocrx_word' id='word_1_750' title='bbox 2650 5718 2736 5789; x_wconf 86' lang='lat' dir='ltr'><strong>qui</strong></span> <span class='ocrx_word' id='word_1_751' title='bbox 2758 5715 2953 5788; x_wconf 70' lang='lat' dir='ltr'><strong>legerit,</strong></span> <span class='ocrx_word' id='word_1_752' title='bbox 2985 5734 3085 5789; x_wconf 75' lang='lat' dir='ltr'><strong>non</strong></span> <span class='ocrx_word' id='word_1_753' title='bbox 3120 5716 3419 5789; x_wconf 83' lang='lat' dir='ltr'><strong>dubitaverit</strong></span> <span class='ocrx_word' id='word_1_754' title='bbox 3450 5733 3546 5770; x_wconf 88' lang='lat' dir='ltr'><strong>an-</strong></span> 
     </span>
    </p>
   </div>
   <div class='ocr_carea' id='block_1_101' title="bbox 1957 5786 3544 5844">
    <p class='ocr_par' dir='ltr' id='par_1_101' title="bbox 1957 5786 3544 5844">
     <span class='ocr_line' id='line_1_105' title="bbox 1957 5786 3544 5844; baseline 0.001 -2"><span class='ocrx_word' id='word_1_755' title='bbox 1957 5802 2223 5842; x_wconf 84' lang='lat' dir='ltr'><strong>nunterare</strong></span> <span class='ocrx_word' id='word_1_756' title='bbox 2263 5786 2495 5844; x_wconf 81' lang='lat' dir='ltr'><strong>oneribus</strong></span> <span class='ocrx_word' id='word_1_757' title='bbox 2520 5786 2690 5844; x_wconf 82' lang='lat' dir='ltr'><strong>carnis</strong></span> <span class='ocrx_word' id='word_1_758' title='bbox 2731 5786 2994 5844; x_wconf 78' lang='lat' dir='ltr'><strong>invidiam.</strong></span> <span class='ocrx_word' id='word_1_759' title='bbox 3042 5786 3177 5844; x_wconf 79' lang='lat' dir='ltr'><strong>Vide</strong></span> <span class='ocrx_word' id='word_1_760' title='bbox 3205 5786 3544 5844; x_wconf 83' lang='lat' dir='ltr'><strong>llittctnarttm</strong></span> 
     </span>
    </p>
   </div>
   <div class='ocr_carea' id='block_1_102' title="bbox 1957 5855 3228 5932">
    <p class='ocr_par' dir='ltr' id='par_1_102' title="bbox 1957 5855 3228 5932">
     <span class='ocr_line' id='line_1_106' title="bbox 1957 5855 3228 5932; baseline 0.002 -19"><span class='ocrx_word' id='word_1_761' title='bbox 1957 5856 2009 5914; x_wconf 91' lang='lat' dir='ltr'><strong>in</strong></span> <span class='ocrx_word' id='word_1_762' title='bbox 2038 5855 2171 5914; x_wconf 87' lang='lat' dir='ltr'><strong>libro</strong></span> <span class='ocrx_word' id='word_1_763' title='bbox 2201 5873 2265 5913; x_wconf 76' lang='grc' dir='ltr'><strong>ιν</strong></span> <span class='ocrx_word' id='word_1_764' title='bbox 2286 5855 2659 5930; x_wconf 79' lang='lat' dir='ltr'><strong>Capitulorum,</strong></span> <span class='ocrx_word' id='word_1_765' title='bbox 2686 5875 2805 5931; x_wconf 89' lang='lat' dir='ltr'><strong>cap.</strong></span> <span class='ocrx_word' id='word_1_766' title='bbox 2836 5860 2925 5929; x_wconf 72' lang='grc'><strong>47,</strong></span> <span class='ocrx_word' id='word_1_767' title='bbox 2956 5875 3070 5932; x_wconf 74' lang='lat' dir='ltr'><strong>pag-</strong></span> <span class='ocrx_word' id='word_1_768' title='bbox 3100 5859 3228 5917; x_wconf 75' lang='lat'><strong>566.</strong></span> 
     </span>
    </p>
   </div>
   <div class='ocr_carea' id='block_1_103' title="bbox 2208 6014 2481 6023">
    <p class='ocr_par' dir='ltr' id='par_1_103' title="bbox 2208 6014 2481 6023">
     <span class='ocr_line' id='line_1_107' title="bbox 2208 6014 2481 6023; baseline 0 -4"><span class='ocrx_word' id='word_1_769' title='bbox 2208 6016 2215 6023; x_wconf 74' lang='grc'><em>,</em></span> <span class='ocrx_word' id='word_1_770' title='bbox 2476 6014 2481 6019; x_wconf 92' lang='grc'><strong>.</strong></span> 
     </span>
    </p>
   </div>
  </div>
