4272 6278
723 282 830 341 659

2114 289 2246 345 DIVI
2287 288 2609 346 CYPRIANI

3934 296 4079 353 650

726 405 1012 485 ribus‘levc
1036 403 1177 475 apud
1198 404 1459 476 quosdam
1484 412 1540 462 et
1566 405 1835 464 modicum
1859 408 2062 464 crimen
2088 407 2315 475 videtur,
2348 410 2400 470 A
2426 406 2786 464 fraudatorem
2820 407 2997 476 faciat,
3032 408 3184 464 lucra
3204 408 3427 481 opponit
3457 410 3689 482 injusta;
3716 423 3772 468 ut
3798 416 4074 473 animant

725 496 921 553 fratres
945 496 1308 564 dilectissimi;
1340 497 1574 569 dumque
1601 499 1941 564 existimatur
1969 499 2084 555 leve
2124 513 2244 558 esse
2269 509 2326 556 et

726 588 1020 655 modicum,
1045 604 1151 645 non
1182 590 1425 658 tiutetur;
1456 591 1582 646 dum
1613 608 1719 648 non
1752 594 1990 662 timetur,
2021 593 2325 649 contemni-

726 687 842 745 tur;
873 679 1001 736 dum
1026 681 1409 750 contemnitur,
1442 699 1548 739 non
1572 684 1725 740 facile
1755 685 1972 751 vitatur,
2012 692 2067 740 et
2095 683 2153 740 lit
2181 699 2322 740 czcca

726 781 783 829 et
806 773 1015 851 occulta
1044 775 1310 845 pernicies
1335 792 1350 830 :
1377 792 1522 848 quae,
1553 775 1682 832 dum
1710 775 1886 831 minus
1911 776 2231 847 perspicitur
2272 785 2328 829 ut

704 868 903 946 caveri
931 882 962 923 a
1004 867 1407 940 providentibus
1436 879 1462 906 τι
1512 869 1699 940 possit,
1751 867 2078 940 improvidos
2123 876 2329 923 mentes

727 957 961 1015 latenter
984 958 1191 1031 afﬂigit.
1213 959 1379 1016 Porro
1403 969 1582 1016 autem
1610 960 1866 1015 Dominus
1892 958 2182 1030 prudentes
2209 973 2330 1013 esse

726 1068 829 1111 nos
852 1054 1033 1126 jussit,
1062 1064 1117 1110 et
1146 1063 1298 1113 cauta
1329 1055 1685 1111 sollicitudine
1715 1055 1931 1126 vigilare
1957 1053 2233 1124 praecepit,
2263 1065 2332 1107 ne

730 1147 1073 1204 adversarius
1113 1148 1338 1219 vigilans
1387 1163 1599 1219 semper
1627 1147 1655 1186 ιι
1691 1157 1745 1203 ct
1785 1161 2001 1217 semper
2047 1144 2328 1211 insidians,

729 1238 821 1293 ubi
852 1239 903 1293 in
934 1248 1121 1310 pectus
1147 1239 1451 1308 ohrepserit
1478 1252 1526 1303 ι’,
1556 1238 1623 1295 de
1650 1238 1896 1294 scintillis
1921 1236 2126 1310 conﬂet
2144 1238 2331 1297 incen-

728 1329 838 1398 dia,
857 1329 925 1386 de
947 1330 1125 1399 parvis
1150 1330 1382 1385 maxima
1404 1340 1710 1400 exaggeret,
1741 1337 1818 1394 et,
1853 1329 1980 1385 dum
2013 1304 2251 1384 reniissis
2281 1337 2335 1384 et

732 1421 958 1477 incautis
984 1422 1188 1478 leniore
1215 1437 1343 1477 aura
1373 1431 1428 1478 et
1466 1422 1595 1478 ﬂatu
1620 1422 1869 1479 molliore
1897 1421 2191 1489 blanditur,
2215 1436 2336 1493 pro-

733 1514 886 1571 cellis
914 1528 979 1570 ac
1027 1514 1332 1571 turbinibus
1383 1510 1647 1580 excitatis,
1680 1516 1862 1571 ruinas
1907 1514 2030 1571 fidei
2060 1525 2114 1571 et
2152 1516 2337 1570 salutis

732 1625 799 1666 ac
827 1612 951 1666 vitae
976 1609 1253 1682 naufragia
1280 1611 1551 1666 moliatur.
1590 1609 1976 1666 Excubandum
2009 1621 2090 1666 est
2116 1592 2334 1681 itaque,

733 1704 926 1762 fratres
954 1704 1312 1770 dilectissimi,
1355 1714 1514 1776 atque
1540 1705 1789 1760 omnibus
1824 1704 2025 1760 viribus
2054 1703 2337 1759 elaboran-

2429 501 2653 574 pet-unia
2680 501 2854 572 capiat
2895 500 2937 569 ί,
2972 503 3168 573 ingerit
3191 504 3495 574 perniciosa
3527 508 3883 578 compendia;
3944 510 4076 571 ho—

2431 610 2591 652 nores
2622 604 2865 651 terrenos
2894 596 3179 667 promittit,
3216 607 3273 652 ut
3296 598 3551 656 ccclestes
3579 599 3815 667 adimat;
3849 610 4075 661 esten-

2433 696 2505 741 tat
2536 686 2687 752 falsa,
2722 694 2779 741 ut
2805 702 2929 741 vera
2957 687 3255 757 subripiat:
3287 698 3490 745 etcum
3530 691 3759 749 latenter
3791 707 3905 749 non
3948 710 4073 765 po-

2430 789 2535 836 test
2560 778 2762 848 fallere,
2796 789 2979 836 exerte
3007 791 3171 851 atque
3208 791 3393 852 aperte
3425 784 3439 833 i
3480 783 3738 851 minatur,
3777 793 4075 844 terrorem

2436 862 2659 932 turbidae
2691 875 3083 946 persecutionis
3111 876 3402 944 intentans,
3437 879 3504 934 ad
3544 878 3904 937 debellandos
3954 881 4071 938 Dei

2434 984 2620 1025 servos
2657 968 2923 1039 inquietus
2952 983 3170 1039 semper
3189 980 3242 1026 ct
3262 987 3476 1043 semper
3502 972 3747 1041 infestus,
3800 976 3853 1031 in
3907 991 4061 1047 pace

2436 1061 2715 1129 subdolus,
2748 1063 2799 1115 in
2829 1064 3209 1130 persecutione
3235 1065 3527 1141 violentus.

2508 1152 2595 1209 Ill.
2613 1151 2996 1222 Quamobrem,
3018 1155 3214 1210 fratres
3242 1155 3595 1225 dilectissimi,
3638 1167 3826 1214 contra
3850 1172 4068 1216 omnes

2437 1246 2875 1307 diabolifallaces
2901 1246 3123 1304 insidias
3145 1248 3227 1304 vel
3254 1259 3469 1320 apertas
3499 1250 3672 1305 minas
3711 1261 3854 1306 stare
3882 1251 4066 1309 debet

2440 1343 2731 1396 instructus
2768 1340 2976 1394 animus
3008 1349 3063 1396 et
3083 1350 3342 1407 armatus,
3374 1354 3482 1397 tam
3514 1351 3731 1414 paratus
3757 1342 3784 1381 ¹ι
3827 1359 4065 1414 semper

2440 1433 2509 1488 ad
2552 1430 2956 1503 repugnandum
2982 1448 3139 1503 quam
3172 1434 3343 1489 estad
3375 1434 3796 1505 impugnandum
3828 1452 4063 1506 semper

2440 1534 2656 1594 paratus
2681 1524 2949 1580 inimicus.
2978 1525 3068 1592 Et,
3099 1526 3351 1594 quoniam
3378 1526 3739 1597 frequentiora
3765 1539 3894 1585 sunt
3937 1530 4057 1584 tela

2440 1615 2557 1686 ejus
2604 1631 2725 1685 quae
2775 1617 3003 1672 latenter
3040 1615 3326 1688 obrepunt,
3384 1618 3660 1690 magisque
3704 1619 3914 1674 occulta
3986 1628 4053 1675 et

2442 1707 2769 1764 clandestina
2806 1708 3063 1779 jaculatio
3101 1724 3208 1779 quo
3257 1711 3434 1766 minus
3477 1713 3818 1784 perspicitur,
3859 1712 3971 1768 hoc
3996 1720 4066 1769 et

733 1800 859 1857 dum
891 1809 947 1856 ut
968 1799 1185 1855 inimico
1216 1798 1455 1855 sazvienti
1486 1809 1542 1854 et
1567 1798 1744 1868 jaeula
1775 1812 1869 1854 sua
1901 1799 1955 1852 in
1984 1812 2173 1852 omnes
2212 1810 2335 1850 cor-
2369 1803 2418 1867 Β
2446 1800 2660 1870 gravius
2684 1809 2738 1856 et
2761 1801 3001 1859 crebrius
3050 1801 3103 1857 in
3154 1802 3376 1859 vulnera
3429 1814 3606 1860 nostra
3643 1816 3950 1876 grassatur,
3983 1805 4064 1862 ad

742 1893 893 1966 poris
922 1900 1103 1963 partes
1127 1890 1154 1929 ἀ
1181 1892 1375 1962 quibus
1403 1890 1605 1960 percuti
1631 1898 1684 1945 et
1713 1888 1981 1945 vulnerari
2024 1900 2331 1958 possumus,

733 1985 982 2056 dirigenti
995 1983 1222 2040 sollicita
1240 1993 1293 2039 et
1305 1984 1459 2054 plena
1479 1982 1749 2055 vigilantia
1765 1994 2122 2052 repugnemus
2136 1981 2231 2049 ⁸⁵⁸,
2254 1995 2339 2036 se-

737 2077 973 2134 cundant
991 2077 1131 2148 quod
1148 2076 1337 2132 Petrus
1354 2074 1697 2146 apostolusiu
1716 2074 1949 2145 Epistola
1985 2088 2080 2128 sua
2108 2087 2339 2143 praemo-

737 2180 831 2227 net
850 2178 903 2227 et
930 2169 1087 2225 docet
1110 2168 1296 2225 dicens
1326 2184 1341 2224 :
1370 2167 1542 2223 Sobrii
1568 2176 1722 2221 estote
1758 2178 1805 2221 et
1858 2166 2077 2236 vigilate,
2108 2166 2227 2235 quia
2247 2164 2340 2218 ade

735 2264 989 2320 versarius
1003 2272 1162 2319 vester
1173 2262 1406 2317 diabolus
1426 2268 1682 2330 tamquam
1704 2261 1781 2315 leo
1797 2260 2000 2328 rugiens
2019 2259 2218 2326 circuit,
2244 2258 2341 2313 ali-

736 2373 883 2429 quem
906 2355 1148 2411 devorare
1170 2370 1398 2426 quaerens
1427 2362 1449 2389 ο
1480 2353 1533 2424 (ι
1565 2351 1676 2407 Pet.
1711 2368 1763 2417 ν,
1796 2349 1885 2424 8).
1964 2355 1986 2420 ξ
2074 2406 2077 2411 ,

810 2448 875 2504 ll.
907 2447 1108 2505 Circuit
1153 2446 1245 2503 ille
1288 2460 1386 2502 nos
1414 2445 1676 2517 singulos,
1734 2453 1790 2501 et
1846 2454 2120 2514 tamquam
2167 2442 2340 2498 hostis

738 2543 956 2600 clausos
999 2539 1273 2602 obsidens,
1325 2554 1509 2595 muros
1554 2539 1817 2609 explorat,
1847 2547 1903 2594 et
1947 2546 2116 2595 tentat
2161 2552 2231 2594 an
2270 2540 2341 2594 sit

740 2650 866 2707 pars
890 2634 1064 2703 aliqua
1105 2646 1379 2687 murorum
1429 2630 1607 2687 minus
1643 2626 1855 2687 stabilis
1900 2640 1955 2686 et
1980 2631 2159 2687 minus
2210 2629 2334 2697 ﬁda,

741 2727 898 2798 cujus
924 2726 1071 2780 aditu
1099 2724 1166 2780 ad
1196 2725 1451 2780 interiora
1474 2732 1803 2794 penetretur.
1832 2721 2002 2779 Oll'ert
2030 2723 2198 2778 oculis
2227 2723 2337 2778 for-

742 2835 861 2876 mas
888 2819 1058 2875 illices
1089 2818 1110 2857 τ
1144 2827 1199 2875 ct
1226 2816 1412 2874 faciles
1456 2818 1758 2886 voluptates
1790 2826 1838 2883 ε,
1869 2825 1925 2870 ιιι
1950 2816 2066 2871 visu
2099 2815 2343 2871 destruat

738 2914 1061 2971 castitatem.
1118 2915 1289 2967 Aures
1329 2926 1427 2981 per
1472 2924 1670 2966 canora
1738 2906 2217 2975 musicahtentat,
2284 2917 2342 2963 ut

740 3008 861 3065 soni
903 3006 1156 3063 dulcioris
1189 3005 1371 3061 auditu
1418 3005 1591 3061 solvat
1643 3011 1701 3060 et
1742 3003 1949 3059 molliat
1988 3002 2339 3058 christianum

739 3101 999 3173 vigerent.
1031 3098 1288 3169 Linguam
1314 3096 1560 3153 convicio
1602 3105 1879 3166 provocat,
1928 3110 2144 3150 manum
2198 3093 2340 3163 inju-

2443 1890 2561 1948 ltrcc
2585 1907 2798 1964 quoque
2837 1892 3181 1963 intelligenda
3210 1903 3265 1950 ct
3299 1895 3609 1966 depellenda
3652 1898 3941 1968 vigilemus
3984 1914 4067 1953 ex

2441 1984 2635 2055 quibus
2660 1995 2746 2041 est
2773 1985 2875 2040 zeli
2905 1993 2961 2041 et
2999 1985 3180 2043 livoris
3224 1987 3441 2043 malum.
3472 1986 3621 2052 Quod
3650 1987 3694 2042 si
3717 1988 3839 2059 quis
3886 1989 4070 2059 peni-

2445 2085 2530 2132 tus
2560 2075 2826 2147 inspiciat,
2858 2077 3091 2133 inveniet
3124 2078 3253 2132 nihil
3283 2081 3450 2149 magis
3474 2077 3783 2133 Christiano
3825 2093 4065 2133 caven—

2441 2170 2590 2235 dum,
2625 2168 2758 2224 nihil
2802 2169 3007 2225 cautius
3055 2169 3436 2240 providendum
3471 2185 3633 2241 quam
3686 2185 3755 2225 ne
3800 2170 3928 2241 quis
3966 2171 4065 2225 in-

2442 2262 2581 2318 vidia
2611 2270 2667 2317 et
2713 2262 2883 2319 livore
2918 2266 3193 2333 capiatur;
3226 2280 3293 2319 ne
3342 2263 3462 2334 quis
3507 2262 3743 2318 fallentis
3790 2262 3999 2316 inimici
4044 2260 4060 2298 ι

2442 2354 2601 2409 carcis
2626 2355 2832 2426 laqueis
2861 2354 3185 2426 implicatus,
3229 2353 3354 2410 dum
3396 2355 3512 2410 zelo
3557 2353 3724 2409 frater
3762 2354 3816 2408 in
3862 2353 4062 2409 fratris

2442 2446 2564 2502 odia
2594 2447 2939 2515 convertitur,
2979 2446 3158 2518 gladio
3192 2460 3294 2503 suo
3318 2446 3532 2501 nescius
3578 2446 3696 2515 ipse
3730 2445 4052 2517 perimatur.

2400 2554 2411 2560 ·
2442 2538 2595 2607 Quod
2612 2548 2669 2593 ut
2687 2539 2935 2610 colligere
2952 2538 3163 2607 plenius
3180 2548 3232 2594 et
3247 2538 3578 2593 manifestius
3593 2538 3896 2608 perspicere
3909 2553 4048 2608 pos-

2442 2632 2629 2698 simus,
2662 2630 2729 2686 ad
2755 2640 2912 2702 caput
2928 2631 3045 2701 ejus
3069 2640 3229 2702 atque
3255 2631 3515 2702 originem
3546 2621 3900 2686 recurremus.
3952 2630 4051 2684 V3-

2442 2724 2665 2780 deamus
2695 2723 2835 2780 unde
2874 2724 3022 2781 zelus
3044 2767 3060 2792 ,
3086 2732 3141 2780 et
3169 2722 3382 2795 quando
3414 2734 3467 2780 et
3495 2723 3764 2795 quomodo
3792 2725 4042 2795 coeperit.

2444 2817 2675 2872 Facilius
2740 2816 2884 2872 enim
2936 2831 2966 2870 a
3030 2816 3190 2872 nobis
3262 2815 3461 2872 malum
3517 2825 3622 2870 tam
3689 2817 4050 2887 perniciosum

2443 2910 2715 2977 vitabitur,
2771 2910 2817 2965 si
2861 2909 3099 2982 ejusdem
3149 2910 3275 2966 mali
3333 2920 3385 2967 et
3426 2911 3584 2982 origo
3631 2918 3688 2966 et
3738 2910 4048 2981 magnitudo

2444 3012 2722 3060 noscatur.

2514 3095 2605 3152 1V.
2633 3095 2766 3151 lliuc
2784 3094 3030 3152 diabolus
3050 3095 3189 3152 inter
3218 3094 3365 3150 initia
3395 3094 3576 3149 statim
3601 3092 3783 3149 mundi
3802 3102 3857 3149 et
3884 3095 4043 3165 periit

740 3194 838 3250 riis
867 3190 1254 3249 lacessentibus
1280 3188 1348 3246 ad
1390 3187 1739 3260 petulantiam
1779 3187 1944 3244 ctedis
1988 3188 2235 3258 instigat;
2284 3197 2343 3242 ut
2370 3202 2414 3265 ρ
2450 3188 2652 3260 primus
2673 3197 2728 3244 et
2751 3187 3002 3260 perdidit.
3031 3187 3123 3244 Ille
3152 3186 3391 3259 angelica
3408 3185 3687 3258 majestate
3702 3185 3959 3242 subnixus
3980 3196 4042 3254 ηδ,

1975 3323 2271 3381 LECTION
2280 3324 2366 3381 ES
2410 3324 2821 3384 VARlANTES.

808 3447 836 3509 ξι
869 3446 912 3509 Α
934 3444 1318 3509 ριέξνὶᾶθηιὶῠιιε
1347 3445 1485 3495 Voss.
1513 3444 1571 3509 1.
1592 3442 1927 3493 Prudentibus
1948 3443 2090 3492 Pent.
2129 3444 2267 3493 Voss.
2293 3443 2343 3491 2.

806 3505 837 3546 ³)
871 3505 1207 3571 δόιιιρρτὶρξθ
1228 3510 1348 3558 Ben.
1383 3510 1522 3557 Voss.
1544 3505 1591 3554 2.

807 3565 1327 3640 cﬂLatejtter'gbrepit
1347 3572 1487 3620 Pem.
1521 3567 1729 3640 Voss._2.
1762 3566 2004 3632 obrepsit.
2026 3568 2116 3616 Ar.
2148 3567 2270 3619 Bod.
2294 3565 2344 3627 2,

744 3635 794 3685 4.
829 3638 948 3685 Ver.
978 3632 1103 3684 Tha.
1123 3632 1529 3696 Festuobrepent
1557 3632 1686 3683 Vict.
1868 3656 1877 3667 ς

809 3697 835 3736 (ἲ
873 3697 1048 3749 Partes
1069 3696 1285 3746 mittenti
1312 3697 1436 3745 Bod.
1457 3697 1504 3744 ὅ.

811 3732 835 3824 ξ
867 3732 1564 3824 ᾉῖίιίιῖἷιιΐῐὲἓᾘῆἔιὶὲἓᾏάξί,
1588 3757 1637 3807 2.
1666 3758 1784 3807 Ver.
1818 3753 1945 3806 Tha.

813 3821 833 3859 τ
864 3819 1064 3872 Formas
1079 3821 1353 3881 muliebres
1371 3819 1495 3872 Bod.
1519 3822 1568 3868 5.

814 3887 839 3926 κ
864 3884 1155 3937 Voluptates
1177 3880 1307 3935 Lam.
1334 3883 1483 3935 Ebor.
1517 3885 1656 3935 Voss.
1686 3882 1732 3941 l,
1772 3880 1819 3933 2.
1846 3881 1955 3933 ΝΟ.
1982 3882 2027 3933 1.
2053 3882 2193 3933 Pem.
2218 3881 2345 3933 Bod.

2483 3479 2500 3503 ,
2527 3446 2575 3493 4.
2600 3446 2728 3496 Vict.
2753 3446 2895 3495 Voss.

2516 3505 2545 3544 ιι
2571 3511 2753 3557 fauore
2781 3508 2967 3556 musica
2992 3505 3113 3554 Ben.
3150 3500 3275 3554 Tha.
3299 3502 3439 3555 Foss.

2518 3569 2533 3633 ξ
2573 3568 2744 3633 Capiat
2758 3605 2772 3628 ,
2800 3568 3019 3633 ostendit
3040 3567 3168 3633 βοά·
3186 3568 3241 3633 ,ί-

2517 3631 2531 3704 i
2567 3629 2730 3704 atque
2745 3631 3005 3704 manifeste
3015 3631 3157 3704 130d.
3178 3629 3211 3704 l_
3214 3667 3228 3704 ε

2514 3699 2541 3735 ιι
2577 3691 2765 3744 Βίίωιιι
2788 3699 2986 3754 paratus
3007 3695 3148 3743 Pem.
3189 3695 3326 3743 Voss.
3352 3691 3401 3740 2.

2514 3756 2642 3830 llic
2660 3756 2773 3830 quis
2795 3756 2978 3830 inimici
2995 3755 3406 3830 138m.anss..l.'
3557 3812 3681 3830 Mm
3738 3813 3786 3830 η

2512 3821 2552 3849 ¹¹¹
2576 3812 2905 3878 llleaugelica
2929 3817 3051 3868 Bod.
3079 3817 3125 3875 1,
3150 3819 3198 3866 2.
3225 3819 3275 3875 ὅ,
3301 3816 3348 3865 4.
3381 3817 3510 3878 Lam.
3552 3812 3702 3865 Ebor.
3729 3813 3835 3866 ιὶπ.
3865 3815 3974 3866 NG.
4002 3815 4041 3864 l.

2455 3886 2593 3934 Voss.
2620 3882 2669 3943 1,
2692 3876 3018 3932 2.1’0testate
3045 3877 3171 3931 Bod.
3194 3880 3242 3931 5.
3274 3878 3363 3929 Ille
3380 3876 3563 3929 dudum
3589 3879 3748 3929 Oxon.

1921 4034 1939 4045 υ
1962 4008 2202 4066 STEPH.
2243 4007 2512 4065 BALUZII
2547 4007 2777 4064 ΝΟΤᾹΞ.

824 4129 865 4185 1.
897 4159 969 4170 --
1000 4125 1122 4182 Νοη
1162 4125 1315 4196 facile
1341 4125 1549 4180 vitatur.
1585 4124 2018 4180 Consultationes
2046 4124 2256 4179 Zachazi
2294 4134 2348 4180 et

753 4199 1058 4271 Apollonii,
1081 4195 1318 4271 cap._29,
1352 4197 1403 4251 in
1442 4204 1587 4271 temo
1622 4212 1652 4271 ῃ
1689 4196 1952 4271 Spicilegii
1988 4196 2336 4271 Dacheriapi,

752 4266 876 4345 pag.
892 4272 963 4327 36
982 4289 996 4324 :
1016 4269 1080 4324 Et
1092 4266 1228 4345 quod
1246 4275 1320 4345 est
1340 4266 1540 4345 stevins,
1555 4266 1645 4318 sub
1665 4267 1827 4335 specie
1841 4267 2142 4345 innocentia:
2154 4266 2345 4322 malum

754 4337 855 4400 non
883 4337 1112 4404 cavetur,
1136 4339 1260 4394 dum
1274 4338 1424 4392 vitari
1450 4352 1597 4407 posse
1624 4352 1723 4390 non
1746 4337 1986 4396 creditur.

828 4413 925 4470 Ubi
956 4414 1007 4468 in
1045 4422 1219 4482 pectus
1247 4406 1461 4482 obrepit.
1483 4406 1712 4482 _Decem_
1731 4407 1851 4482 libri
1870 4417 2083 4482 veteres
2121 4410 2348 4482 obrepse-

753 4487 842 4541 rit.
863 4485 940 4540 lta
957 4477 1116 4541 etiam
1134 4491 1349 4537 veteres
1369 4479 1652 4536 editiones.
1672 4477 1851 4534 Editio
1867 4478 2115 4548 Morellii,
2134 4477 2348 4551 quando

753 4558 809 4613 in
840 4566 1014 4623 pectus
1038 4557 1278 4625 obrepat.
1404 4604 1407 4607 .

828 4620 1119 4682 Murorum.
1160 4620 1351 4681 'Antea
1409 4620 1683 4688 legebatur
1735 4621 2092 4675 membrorum.
2149 4621 2343 4679 Veram

755 4700 1040 4756 lectionem
1069 4695 1372 4751 invenimus
1391 4694 1443 4748 in
1462 4692 1670 4747 duobus
1685 4694 1909 4747 vetustis
1924 4707 2076 4747 exem
2086 4693 2341 4762 pluribus,

756 4772 810 4826 in
854 4769 1128 4826 Victorino
1175 4766 1426 4821 nimirum
1470 4774 1653 4819 vetere
1707 4771 1763 4819 et
1798 4763 1849 4818 in
1894 4762 2244 4819 Toruacensi.
2290 4765 2346 4821 In

740 4840 1033 4898 Nietorino
1076 4838 1333 4909 scriptum
1377 4839 1474 4890 est
1497 4834 1834 4909 membrorum
1857 4842 1914 4889 et
1950 4850 2110 4904 supra
2150 4836 2347 4892 lineam

756 4913 835 4967 vel
860 4927 1117 4965 murorum
1138 4926 1157 4974 ;
1182 4907 1233 4963 in
1273 4907 1601 4963 Tornaeensi
1630 4920 1759 4962 vero
1783 4920 2063 4971 murorum,
2090 4915 2145 4962 et
2185 4922 2348 4979 supra

758 4984 954 5039 lineam
983 4981 1058 5035 vel
1084 4980 1447 5034 membrorum.

828 5052 972 5109 ll.—
993 5051 1184 5107 Circuit
1221 5050 1327 5103 ille.
1377 5051 1578 5119 Auctor
1599 5047 1851 5116 Epistolae
1879 5048 1947 5102 ad
1971 5047 2348 5119 Demetriadem

760 5126 901 5180 inter
940 5137 1105 5194 opera
1146 5117 1774 5194 Ilieronymi:_ltividere
1819 5136 1919 5194 non
1959 5129 2124 5175 cessat
2174 5117 2353 5174 auctor

762 5186 998 5257 invidiaz',
1043 5201 1091 5247 et
1116 5191 1203 5263 qui
1252 5186 1404 5245 scm'el
1429 5205 1461 5242 a
1485 5186 1597 5243 Deo
1636 5190 1747 5263 ipse
1798 5191 2052 5261 projectus
2089 5200 2180 5257 est,
2210 5200 2349 5263 tanta

761 5266 947 5333 maiori
977 5259 1138 5318 livore
1160 5269 1439 5333 torquetur,
1471 5269 1660 5333 quanto
1676 5259 1896 5333 aliquem
1917 5263 2055 5333 apud
2079 5260 2353 5333 eumgride-e

759 5328 1152 5395 riticlariorem.
1203 5328 1272 5386 Et.
1317 5328 1656 5386 moxzidlore
1699 5328 1864 5385 dolosi
1915 5331 2073 5385 hostis
2119 5332 2353 5386 universa

762 5406 1080 5478 perlustrans
1115 5403 1345 5471 explorat
1371 5417 1545 5478 onmes
1588 5398 1755 5457 aditus
1802 5401 1988 5478 anima:
2025 5416 2152 5478 suat,
2194 5418 2262 5455 an
2288 5403 2353 5455 sit

762 5472 957 5544 aliquid
977 5475 1235 5544 inﬁrmum
1256 5484 1301 5527 et
1319 5472 1484 5525 minus
1502 5482 1664 5544 tutum
1683 5488 1771 5541 per
1785 5475 1921 5542 quod
1936 5473 2092 5542 possit
2112 5472 2349 5544 irrepere.

879 5543 1039 5600 auara
1074 5547 1283 5599 musica.
1330 5544 1479 5599 llanc
1518 5543 1822 5613 lectionem,
1861 5556 2020 5611 quam
2063 5543 2356 5613 prmferunt

765 5619 998 5687 antiquae
1019 5614 1301 5687 editiones,
1335 5615 1495 5669 etiam
1518 5612 2108 5687 Morelliana.._rc_tinere
2131 5615 2347 5687 placuit,

766 5682 1065 5756 quia'illatn
1105 5683 1357 5739 exhibent
1395 5682 1774 5756 septemdecim
1827 5682 1945 5736 libri
1991 5682 2220 5748 veteres,
2251 5684 2352 5740 nisi

769 5752 910 5823 quod
947 5757 1001 5808 in
1042 5768 1227 5810 eorum
1267 5768 1371 5808 uno
1414 5752 1669 5819 scriptum
1699 5761 1776 5806 est
1804 5769 1988 5806 sonora
2013 5768 2111 5822 pro
2138 5769 2346 5820 canora,

2448 4135 2501 4181 et
2523 4125 2649 4196 quia
2673 4126 2929 4180 musicam
2960 4125 3063 4181 dici
3106 4139 3266 4196 posse
3306 4124 3650 4181 dubitabatur
3685 4138 3803 4180 aevo
3839 4123 4044 4192 Quinti-

2451 4197 2596 4263 liani,
2643 4206 2699 4251 ttt
2739 4198 2852 4266 ipse
2882 4198 2956 4251 ait
2985 4198 3076 4252 lib.
3122 4212 3237 4264 vttt,
3269 4212 3388 4265 cap.
3424 4198 3478 4253 5.
3517 4196 3586 4252 Et
3622 4206 3800 4252 tamen
3826 4197 4039 4266 quidam

2447 4268 2536 4322 alii
2566 4268 2682 4323 libri
2703 4278 2912 4324 veteres
2932 4278 2986 4323 et
3007 4268 3170 4323 editio
3190 4268 3480 4337 Anglicana
3501 4266 3786 4333 prsrferunt
3806 4283 4040 4322 canaram

2444 4340 2725 4407 ntusicam;
2765 4339 2933 4410 codex
2963 4338 3368 4410 Moyssiaceusis
3397 4349 3451 4394 ct
3491 4337 3774 4408 Rigaltius,
3806 4355 4034 4392 t‘ttttorcm

2446 4411 2712 4465 musicam.
2757 4410 2862 4466 Sed
2896 4409 2983 4467 hic
3009 4409 3162 4465 error
3205 4419 3318 4475 est;
3351 4425 3520 4464 canor
3545 4411 3686 4463 enim
3727 4420 3811 4464 est
3829 4423 4035 4463 mascu-

2446 4482 2539 4537 lini
2589 4483 2823 4554 generis.
2868 4480 3113 4554 Ovidius,
3148 4480 3240 4554 ιιι).
3274 4496 3305 4535 v
3343 4479 3880 4554 Metamorphoseon:
3922 4478 4036 4554 Non

2372 4569 2426 4630 ι)
2452 4550 2616 4630 tamen
2643 4553 2734 4608 ille
2762 4569 2919 4630 canor
2938 4551 3231 4608 mulcendas
3255 4561 3404 4607 natus
3419 4550 3489 4613 ad
3513 4567 3682 4605 aures.
3720 4550 3855 4606 Sunt
3881 4552 4032 4605 etiam

2456 4625 2555 4679 alia
2581 4627 2849 4692 exempla.

2529 4694 2762 4750 Ostentat
2807 4694 2961 4763 falsa.
2992 4692 3134 4749 Citat
3165 4692 3308 4763 ltttnc
3334 4692 3510 4748 loettm
3552 4702 3740 4748 auctor
3768 4691 4033 4747 Prtctlcsti-

2454 4767 2561 4821 uati
2585 4766 2762 4821 editus
2783 4762 2814 4819 a
2839 4765 3126 4821 Sirmondo
3152 4765 3205 4818 in
3231 4762 3463 4834 Prologo
3481 4764 3598 4834 libri
3632 4762 3771 4834 tertii
3797 4781 3811 4816 :
3844 4763 4032 4819 Finitus

2454 4847 2527 4892 est
2558 4837 2682 4892 liber
2709 4837 2945 4891 inimicus
2972 4835 3257 4901 hominum,
3290 4832 3466 4889 contra
3498 4832 3677 4890 Fidem
3724 4832 4028 4889 Catholicmn

2453 4908 2719 4975 con/ictus.
2745 4906 3087 4961 circumdatus
3122 4906 3365 4977 fallaciis.
3393 4905 3594 4960 adulter
3626 4906 3836 4977 integra:
3858 4905 4031 4974 difﬂui-

2456 4973 2628 5045 tiouis,
2657 4979 2861 5049 quique,
2891 4987 2945 5032 ut
2984 4973 3190 5031 sanctus
3224 4973 3512 5048 Cyprianus
3542 4978 3636 5046 ait,
3669 4973 3806 5047 falsa
3834 4973 4031 5030 ostentat

2454 5059 2508 5102 ut
2531 5064 2647 5118 vera
2671 5049 2935 5118 surripiat.

2526 5117 2613 5175 Ill.
2645 5149 2716 5160 ——
2741 5116 2869 5186 Tela
2911 5135 3024 5189 qua:
3048 5119 3282 5173 latenter.
3312 5118 3483 5182 Supra
3511 5118 3565 5174 in
3616 5117 3768 5189 initio
3811 5116 3925 5171 libri
3972 5117 4031 5172 de

2458 5188 2664 5245 Unitate
2704 5188 2969 5255 Ecclesitv,
3007 5205 3127 5260 pag.
3180 5189 3321 5247 {93:
3354 5189 3587 5244 Facilior
3625 5188 3794 5243 cautio
3840 5199 3912 5260 est
3956 5188 4032 5241 ubi

2454 5262 2725 5386 nmniFsta
2750 5262 2972 5332 formido
2988 5257 3460 5333 estfllierouymus
3481 5262 3532 5315 in
3551 5259 3775 5328 Dialogo
3789 5257 4029 5313 adversus

2457 5331 2584 5386 Luci
2611 5334 2852 5386 crianos:
2883 5331 3084 5386 Sanitta
3110 5347 3224 5386 aute
3247 5342 3480 5386 contento
3514 5347 3666 5386 nervo
3690 5330 3919 5386 diriaitur
3938 5329 4029 5386 dif-

2457 5329 2852 5387 Lucil'crianos:
2883 5331 3084 5401 Sagitta
3110 5347 3224 5402 quae
3247 5329 3480 5387 contenta
3514 5347 3666 5387 nervo
3690 5330 3919 5401 dirigitur
3938 5329 4030 5395 dif-

2455 5403 2589 5470 ficile
2631 5404 2841 5455 vitatur.
2869 5402 3032 5457 Antea
3076 5403 3209 5457 enim
3257 5402 3326 5456 ad
3368 5420 3483 5458 eum
3522 5402 3591 5456 ad
3631 5417 3779 5473 quem
3806 5402 3941 5471 jarta
3967 5409 4030 5455 est

2458 5473 2678 5544 pervenit
2706 5490 2861 5544 quam
2883 5474 3022 5528 obice
3049 5473 3219 5544 clypei
3239 5478 3529 5544 frustretur.

2526 5542 2615 5598 IV.
2637 5541 2860 5597 -Ἠὶηε
2885 5541 3145 5598 diabolus.
3163 5541 3346 5599 Refert
3370 5555 3421 5599 et
3450 5545 3681 5600 illustrat
3707 5543 3851 5599 hunc
3876 5541 4031 5596 locum

2454 5627 2669 5669 sanctus
2700 5613 3027 5681 Augustinus
3056 5614 3149 5669 lib.
3191 5631 3263 5669 tv.
3286 5615 3350 5670 de
3374 5615 3636 5683 Baptistae
3664 5620 3849 5671 contra
3877 5613 4033 5666 Doria-

2453 5686 2604 5739 tistas
2623 5699 2744 5746 cap.
2767 5686 2823 5741 9.
2841 5683 2975 5741 Vide
2989 5684 3335 5744 Sirmondum
3359 5686 3413 5742 in
3432 5686 3629 5746 librum
3651 5685 3827 5744 ltulini
3850 5683 4033 5741 Palas-

2452 5753 2547 5809 tini
2576 5755 2640 5811 de
2668 5753 2815 5825 Fide,
2838 5770 2957 5827 pag.
2982 5755 3071 5810 9L
