4230 6282
199 268 313 344 ett

1352 276 1552 337 LIBER
1594 271 1681 336 DE
1721 270 1901 337 ZELO
1941 278 2029 336 ET
2069 278 2345 338 LIVORE.

3376 260 3493 339 oss

200 401 288 457 ille
320 399 430 455 Deo
457 403 712 469 acceptus
740 405 795 453 ct
823 396 1037 467 chorus,
1071 405 1350 469 postquam
1405 398 1673 460 hominem
1726 396 1792 453 ad
1819 398 1873 460 Α
1897 396 2204 469 dignatione
2229 397 2407 453 divina
2437 403 2584 451 tanto
2608 395 2763 455 hoste
2812 397 2992 455 deleto
3017 397 3067 467 ἀ,
3124 401 3352 473 populus
3399 402 3497 458 ad-

201 493 483 564 imaginem
514 490 604 545 Dei
645 488 840 545 factum
889 491 1189 560 conspexit,
1223 491 1275 545 in
1313 491 1482 545 zelum
1542 491 1794 546 malivolo

201 588 367 644 livore
398 585 676 657 prorupit,
710 600 817 640 non
841 584 988 657 prius
1014 584 1241 640 alterum
1265 583 1519 655 dejiciens
1540 584 1796 639 instinc'u

203 680 299 738 zeli
321 695 479 750 quam
508 678 624 749 ipse
644 676 769 757 zelo.
789 684 914 731 ante
933 676 1190 747 dejectus,
1228 678 1470 747 captivus
1511 684 1797 747 antequam

150 760 161 770 ’
203 775 443 845 capiens,
464 770 707 842 perditus
723 780 1008 841 antequam
1037 768 1288 839 perdens,
1312 768 1463 835 dmn,
1488 768 1799 824 stimulante

205 868 374 923 livore
402 878 450 933 ιε,
478 864 679 920 homini
709 863 935 934 gratiam
962 861 1101 918 data:
1127 861 1544 917 immortalitatis
1565 861 1724 931 eripit
1744 860 1797 929 ι),

206 961 320 1033 ipse
340 938 562 1031 quoque.
580 957 631 1013 id
657 956 797 1028 quod
828 957 974 1027 prius
1000 955 1170 1012 fuerat
1197 956 1394 1011 amisit.
1415 954 1582 1023 Quale
1598 954 1801 1010 malum

206 1062 309 1118 est,
357 1050 549 1106 fratres
598 1046 954 1115 dilectissimi,
982 1063 1088 1118 quo
1139 1046 1361 1118 angelus
1421 1045 1635 1113 cecidit,
1694 1058 1803 1111 quo

208 1145 583 1203 circumveniri
611 1152 666 1200 et
690 1142 929 1200 subverti
949 1142 1056 1197 alta
1074 1140 1163 1197 illa
1186 1149 1240 1197 et
1268 1140 1521 1212 praeclara
1560 1138 1804 1194 sublimi-

210 1248 291 1295 tas
331 1236 519 1309 potuit,
552 1250 659 1306 quo
676 1235 931 1306 deceptus
953 1242 1033 1290 est
1061 1233 1177 1302 ipse
1202 1232 1294 1303 qui
1320 1231 1564 1302 decepit!
1596 1229 1803 1286 Exinde

209 1332 405 1389 invidia
436 1339 710 1403 grassatur
736 1330 788 1384 in
828 1329 1005 1395 terris,
1033 1325 1161 1382 dum
1191 1325 1360 1381 livore
1382 1324 1653 1396 periturus
1682 1339 1797 1379 ma-

206 1427 376 1499 gistro
430 1422 746 1496 perditionis
806 1421 1140 1493 obsequitur,
1199 1418 1325 1475 dum
1382 1416 1654 1474 diabolum
1713 1417 1806 1488 qui

208 1518 351 1575 zelat
375 1516 633 1587 imitatur,
663 1514 799 1571 sicut
819 1513 1076 1585 scriptum
1099 1518 1216 1567 est:
1246 1508 1452 1565 Invidia
1493 1521 1663 1568 autem
1693 1511 1808 1565 dia-

209 1609 313 1665 boli
358 1625 495 1675 mors
535 1606 757 1662 introivit
806 1606 860 1660 in
898 1606 1069 1661 orbem
1110 1612 1364 1658 terrarum
1405 1603 1803 1677 (Sap.1t,24).

211 1700 495 1759 Imitantur
520 1700 646 1773 ergo
675 1700 822 1755 illum
849 1699 940 1772 qui
970 1707 1182 1755 suntex
1213 1706 1366 1768 parte
1386 1697 1523 1769 ejus.

1897 492 2099 546 mirans
2125 492 2177 545 in
2204 490 2392 546 Iaudes
2419 490 2585 545 David
2614 490 3013 561 prtedicationis
3042 493 3301 566 suffragio
3330 504 3355 551 ξε
3382 511 3504 566 pro-

1898 584 2025 640 siliit
2048 583 2149 652 (Ill
2180 583 2310 654 Reg.
2337 582 2509 653 xvn),
2540 584 2666 639 Saul
2703 582 3032 643 fsimultatis
3076 595 3237 658 atque
3265 584 3500 646 insccta-

1900 676 2059 733 tionis
2085 675 2248 731 furias
2272 675 2341 732 de
2370 676 2539 731 livore
2564 678 2831 747 concepit.
2850 677 2916 732 Et
2945 693 3014 734 ne
3045 679 3264 753 longum
3304 679 3499 739 faciam

1899 769 2138 842 singulos
2159 768 2495 826 recensendo
2518 778 2564 837 κ,
2599 770 2872 840 pereuntis
2895 771 3060 827 semel
3082 770 3110 808 ιι
3129 773 3310 844 populi
3332 783 3505 832 atten-

1902 862 2093 920 damus
2137 864 2433 920 interitum.
2466 862 2635 919 Judzei
2679 879 2857 920 nonne
2882 864 3010 922 inde
3054 870 3331 936 perferunt
3376 869 3503 926 dum

1903 954 2119 1012 Christo
2156 956 2364 1011 malunt
2394 955 2639 1013 invidere
2666 971 2827 1028 quam
2847 956 3071 1014 credere
3087 959 3118 1012 ?
3133 958 3506 1019 Obtrectantes

1906 1046 2237 1118 magnalihus
2262 1062 2381 1118 qua:
2410 1046 2502 1103 ille
2531 1046 2778 1117 faciebat,
2821 1048 2941 1105 zelo
2964 1060 3267 1107 exczecante
3295 1053 3508 1126 decepti

1905 1147 2051 1205 sunt,
2087 1154 2187 1196 nec
2214 1140 2283 1197 ad
2326 1139 2510 1197 divina
2551 1140 2819 1199 noscenda
2871 1143 3052 1200 cordis
3092 1146 3277 1203 oculos
3295 1149 3509 1219 aperire

1908 1241 2220 1309 potuerunt.

1978 1324 2067 1379 Vl.
2110 1324 2240 1393 Quae
2285 1340 2384 1382 nos
2409 1326 2816 1385 considerantes
2848 1327 2893 1396 ί,
2925 1329 3117 1387 fratres
3141 1329 3509 1403 dilectissimi,

1908 1429 2093 1475 contra
2118 1428 2318 1474 tantam
2345 1420 2470 1475 mali
2499 1421 2789 1491 perniciem
2809 1422 3094 1493 vigilanter
3113 1433 3170 1480 et
3192 1425 3405 1482 fortiter
3430 1426 3513 1482 di-

1910 1520 2028 1566 cata
2070 1511 2182 1566 Deo
2216 1519 2435 1581 pectora
2464 1514 2791 1569 muniamus.
2822 1513 3065 1570 Aliorum
3096 1530 3244 1572 mors
3267 1518 3514 1588 proﬁciat

1911 1602 1978 1658 ad
2010 1610 2248 1658 nostram
2272 1603 2523 1672 salutem,
2551 1604 2968 1676 imprudentium
2992 1622 3149 1678 poena
3184 1608 3513 1679 providenti-

1913 1694 2014 1749 bus
2040 1694 2284 1751 conferat
2302 1695 2627 1767 sanitatem.
2658 1696 2776 1752 Non
2818 1708 2903 1754 est
2939 1708 3116 1755 autem
3142 1700 3285 1771 quod
3322 1702 3517 1773 aliquis

288 1795 349 1850 V.
379 1794 535 1850 “Hinc
577 1793 807 1863 denique
862 1808 1016 1849 novae
1056 1789 1410 1847 fraternitatis
1450 1792 1620 1862 prima
1661 1790 1804 1859 odia,
1837 1791 1886 1852 B
1914 1787 2186 1844 existimet
2216 1788 2414 1844 malum
2447 1788 2588 1845 istud
2631 1806 2732 1846 una
2768 1791 2950 1862 specie
2977 1792 3240 1850 contineri
3264 1802 3358 1848 aut
3386 1795 3515 1851 bre-

212 1888 340 1943 ltinc
377 1886 664 1959 parricidia
708 1885 939 1943 nefanda
991 1893 1274 1958 coeperunt
1319 1883 1480 1959 (Gen.
1524 1885 1634 1957 tv),
1684 1885 1811 1942 dum

214 1982 350 2039 Abel
371 1982 574 2053 justum
603 1981 737 2038 Cain
760 1982 901 2037 zelat
928 1981 1180 2052 injustus,
1222 1980 1350 2036 dum
1398 1980 1599 2037 bonum
1640 1981 1813 2038 malus

217 2077 414 2134 invidia
437 2087 494 2135 et
518 2078 691 2134 livore
735 2078 1098 2149 persequitur.
1130 2076 1358 2131 Tantum
1389 2074 1555 2131 valuit
1594 2075 1662 2131 ad
1684 2090 1816 2132 con-

216 2171 631 2227 summalionem
672 2169 931 2231 facinoris
985 2167 1342 2224 aemulationis
1391 2167 1557 2234 furor,
1611 2177 1670 2224 ut
1715 2183 1816 2226 nec

217 2264 450 2322 charitas
480 2263 679 2330 fratris,
716 2278 816 2319 nec
864 2261 1084 2318 sceleris
1128 2261 1451 2329 immanitas,
1506 2278 1608 2319 nee
1657 2263 1817 2319 timor

219 2358 337 2426 Dei,
368 2373 465 2415 nec
488 2372 642 2429 pceua
671 2345 853 2414 delicti
896 2355 1241 2429 cogitaretur.
1288 2354 1485 2426 lnjustc
1525 2372 1819 2428 oppressus

220 2461 306 2507 est
343 2450 434 2522 qui
473 2449 732 2521 justitiam
766 2449 969 2520 primus
996 2447 1326 2516 ostenderat,
1359 2448 1479 2504 odia
1533 2464 1819 2520 perpessus

219 2553 307 2600 est
335 2543 425 2613 qui
474 2543 654 2598 odisse
699 2557 804 2596 non
851 2529 1347 2611 noverat,'occisus
1386 2550 1469 2597 est
1515 2540 1678 2611 impie
1728 2541 1820 2611 qui

222 2635 464 2691 moriens
504 2651 610 2689 non
656 2635 1004 2705 repugnabat.
1045 2634 1281 2709 thnod
1325 2634 1463 2688 Esau
1519 2633 1665 2689 fratri
1721 2649 1822 2689 suo

222 2728 391 2785 Jacob
421 2729 671 2795 inimicus
689 2728 920 2793 exstitit,
950 2726 1097 2783 zelus
1135 2727 1232 2782 fuit
1255 2726 1412 2798 (Ceu.
1440 2725 1630 2800 xxvii).
1661 2726 1819 2794 Nam,

219 2821 345 2892 quia
374 2820 463 2876 ille
492 2819 922 2877 benedictionem
938 2821 1104 2891 patris
1129 2828 1432 2891 acceperat,
1460 2819 1546 2875 hic
1565 2820 1615 2874 in
1639 2819 1821 2875 odium

222 2917 294 2947 ³⁵⁷
311 2914 698 2987 persecutionis
717 2914 923 2970 facibus
948 2914 1131 2970 livoris
1153 2913 1373 2970 exarsit.
1391 2914 1455 2969 Et
1470 2912 1610 2985 quod
1624 2912 1824 2985 Joseplt

221 3006 417 3063 fratres
444 2992 527 3063 sui
572 3005 950 3074 vendiderunt,
1002 3021 1162 3063 causa
1190 3005 1455 3062 vendendi
1500 3006 1570 3062 de
1606 3005 1826 3061 aemula-

224 3101 372 3156 tinne
425 3099 704 3156 descendit
751 3098 916 3171 (Gen.
944 3099 1189 3170 xxxv").
1240 3099 1529 3171 Postquam
1585 3100 1636 3155 id
1683 3097 1827 3172 quod

1919 1878 2074 1937 vilius
2105 1882 2348 1938 terminis
2390 1893 2445 1939 et
2479 1893 2706 1954 angusto
2751 1883 2857 1941 fine
2891 1886 3162 1944 concludi.
3204 1888 3336 1945 Late
3372 1897 3519 1959 patet

1918 1974 2021 2030 zeli
2052 1975 2328 2046 multiplex
2352 1984 2408 2032 et
2436 1975 2684 2033 foecunda
2716 1979 3005 2049 pernicies.
3039 1980 3212 2038 Radix
3240 1992 3328 2039 est
3358 1983 3372 2033 i
3414 1998 3521 2039 ma.

1918 2068 2093 2125 lorum
2125 2070 2365 2126 omnium
2391 2113 2406 2137 ,
2435 2071 2560 2127 fons
2585 2072 2818 2129 cladium
2841 2115 2857 2139 ,
2905 2076 3254 2141 seminarium
3293 2077 3520 2136 delicto-

1920 2178 2061 2226 rum.
2086 2162 2311 2218 materia
2335 2160 2638 2234 culparum.
2680 2163 2811 2221 Inde
2833 2165 3013 2221 odium
3040 2169 3230 2239 surgit,
3258 2169 3520 2228 animosi-

1923 2262 2004 2310 tas
2036 2254 2161 2310 inde
2187 2255 2453 2327 procedit.
2491 2256 2783 2313 Avaritiam
2822 2261 2971 2316 zelus
3014 2254 3347 2331 inflammat,
3391 2266 3520 2323 dum

1922 2349 2043 2419 quis
2076 2362 2173 2403 suo
2203 2366 2308 2404 non
2354 2357 2532 2419 potest
2559 2362 2679 2406 esse
2722 2342 3009 2409 contentus
3030 2396 3046 2420 ,
3083 2353 3267 2412 videns
3292 2356 3520 2414 alterum

1925 2440 2196 2497 ditiorem.
2223 2441 2590 2499 Ambitionem
2614 2443 2763 2500 zelus
2791 2445 3025 2513 excitat,
3052 2446 3179 2502 dum
3206 2449 3379 2505 cernit
3403 2450 3524 2522 quis

1925 2535 2088 2588 alium
2114 2533 2168 2588 in
2195 2532 2494 2589 honoribus
2523 2536 2771 2592 altiorem
2798 2535 2848 2592 ιι.
2892 2537 3019 2593 Zelo
3057 2550 3370 2597 excarcante
3404 2558 3527 2599 scn-

1926 2641 2019 2681 sus
2040 2634 2252 2683 nostros
2271 2637 2432 2698 atque
2462 2629 2514 2683 in
2543 2629 2801 2686 ditionem
2827 2644 2979 2686 suam
3005 2632 3201 2688 mentis
3216 2648 3409 2689 arcana
3436 2651 3525 2692 re-

1927 2724 2166 2795 digente,
2192 2720 2283 2776 Dei
2314 2721 2474 2776 timor
2496 2723 2791 2793 spernitur,
2821 2724 3186 2796 magisterium
3210 2725 3414 2783 Christi
3434 2744 3529 2784 ne-

1927 2816 2165 2888 gligilur,
2193 2811 2380 2883 judicii
2416 2813 2534 2869 dies
2559 2830 2668 2869 non
2716 2797 3048 2884 providetur.
3079 2815 3233 2872 lnflat
3254 2819 3526 2889 superbia,

1929 2906 2216 2965 exacerbat
2238 2906 2438 2962 Stevitia
2459 2946 2475 2973 ,
2509 2905 2732 2977 perfidia
2759 2908 3157 2977 prmvaricatur,
3198 2909 3529 2979 impatientia

1930 3002 2188 3067 concutit,
2223 3000 2664 3069 furit-discordia,
2693 3002 2768 3056 ira
2793 3003 3076 3070 fervescit;
3106 3019 3205 3060 nec
3226 3020 3285 3062 se
3300 3006 3411 3076 jam
3436 3024 3531 3077 po-

1933 3104 2038 3153 test
2082 3094 2342 3152 eohibcre
2385 3094 2473 3150 vel
2523 3110 2713 3165 regere
2755 3095 2845 3165 qui
2894 3094 3069 3151 factus
3121 3106 3206 3153 est
3246 3100 3530 3170 potestatis

220 3190 325 3245 sibi
353 3192 404 3244 in
433 3190 731 3245 visionibus
756 3204 1074 3261 prosperum
1097 3189 1271 3247 fuerat
1294 3201 1594 3258 ostensum,
1626 3190 1831 3262 simpli-
1857 3185 1904 3249 C
1936 3191 2146 3248 alienas.
2190 3192 2328 3249 llinc
2379 3192 2673 3249 Dominica:
2719 3193 2868 3264 pacis
2912 3193 3186 3250 vinculum
3242 3198 3529 3269 rumpitur,

220 3284 358 3340 citer
385 3294 444 3339 ut
476 3283 729 3341 fratribus
764 3283 931 3341 frater
966 3284 1236 3356 exposuit,
1268 3286 1318 3339 in
1366 3284 1616 3341 invidiam
1671 3283 1826 3341 mali-

220 3378 377 3434 volus
398 3379 609 3434 animus
633 3377 830 3449 erupit.
863 3377 991 3433 Saul
1010 3392 1224 3448 quoque
1252 3393 1345 3434 rex
1377 3387 1436 3434 ut
1481 3370 1644 3434 David
1675 3379 1824 3435 odis-

221 3480 327 3534 set.
360 3479 416 3525 ut
456 3470 917 3539 persecutionihns
972 3483 1117 3538 saepe
1169 3464 1413 3540 repetitis
1457 3471 1818 3538 innocentem,

222 3561 628 3617 misericordem
651 3602 666 3629 ,
710 3561 928 3629 mitem,
961 3572 982 3599 ε
1017 3559 1239 3617 lenitate
1302 3562 1592 3632 patientem
1632 3579 1826 3623 nccare

220 3665 465 3725 cuperet,
511 3654 639 3727 quid
664 3654 805 3710 aliud
857 3669 1016 3725 quam
1070 3653 1169 3710 zeli
1225 3655 1475 3711 stimulus
1522 3660 1827 3727 provocavit

222 3749 284 3822 (l
313 3748 445 3822 Reg.
471 3748 668 3822 xvut)?
701 3748 835 3818 Quia
859 3790 873 3817 ,
906 3747 1121 3805 Goliath
1172 3749 1475 3820 interfecto,
1525 3761 1580 3808 et
1618 3766 1721 3823 ope
1766 3769 1830 3810 ac

1928 3283 2055 3340 hinc
2082 3283 2320 3340 charitas
2358 3282 2596 3340 fraterna
2625 3285 2877 3352 violatur,
2921 3283 3048 3341 hinc
3073 3285 3407 3344 adulteratur
3436 3305 3533 3345 re.

1930 3379 2097 3445 ritas,
2126 3378 2303 3434 unitas
2344 3379 2625 3446 scinditur,
2670 3379 2738 3436 ad
2782 3380 3016 3437 haereses
3045 3391 3206 3453 atque
3252 3383 3319 3440 ad
3358 3385 3535 3442 schis-

1933 3480 2075 3527 mata
2100 3471 2395 3542 prosilitur,
2426 3468 2555 3555 dum
2583 3471 2918 3528 obtrectatur
2940 3475 3318 3534 sacerdotibus
3336 3518 3352 3547 ,
3402 3478 3531 3536 dum

1933 3564 2202 3636 episcopis
2242 3563 2535 3631 invidetur,
2574 3563 2701 3630 dum
2736 3563 2867 3636 ‘quis
2907 3576 2999 3621 aut
3042 3569 3288 3639 queritur
3326 3586 3433 3628 non
3474 3587 3535 3629 se

1937 3661 2113 3728 potius
2160 3657 2466 3714 ordinatum
2510 3656 2574 3726 1,
2617 3668 2711 3713 aut
2755 3658 3073 3730 dedignatur
3122 3663 3350 3719 alterum
3396 3665 3535 3722 ferre

1936 3751 2308 3826 praepositum.
2354 3749 2493 3805 Hinc
2529 3749 2870 3818 recalcitrat,
2903 3750 3029 3808 hinc
3059 3752 3286 3811 rebellat
3321 3755 3388 3813 de
3415 3758 3535 3815 zelo

1450 3876 1840 3950 LECTIONES
1880 3887 2296 3948 VARIANTES.

293 4024 403 4095 ξῐῇ
423 4022 536 4095 du_m
555 4023 846 4095 stimulante
859 4024 906 4075 N
910 4031 964 4095 (ξ.
993 4022 1039 4074 1.
1066 4024 1199 4095 ιίαηε.
1225 4021 1530 4095 abqude:
1550 4026 1600 4077 2.

290 4085 319 4125 ῒι
343 4088 607 4154 εἰεηιαηι.
624 4086 770 4138 Ebor.
793 4085 898 4137 Litt.
924 4090 1061 4139 Voss.
1086 4088 1130 4137 1.
1152 4087 1278 4139 Bod.
1303 4089 1347 4149 1,
1365 4087 1413 4151 2,
1431 4088 1481 4150 ὅ,
1498 4090 1549 4139 4.
1573 4090 1834 4154 eripit,qul

221 4163 424 4243 qupque
447 4151 596 4223 .Intp..
1074 4209 1086 4221 _

306 4275 318 4285 _
346 4213 461 4285 -ξίιις
485 4218 705 4285 reputate
727 4212 898 4285 Reinh,
925 4224 988 4285 ea:
1009 4212 1282 4285 satscodd.

292 4275 321 4313 tl
346 4274 501 4324 Hoste
524 4273 738 4334 dejeeto,
766 4276 904 4324 Pent.
934 4278 1071 4326 Voss.
1095 4275 1143 4325 2.

295 4340 319 4368 θ
345 4335 718 4385 Praedicationis
734 4336 890 4385 ofllcio
913 4339 1040 4388 Bod.
1068 4340 1115 4388 1.

294 4397 316 4436 ί
342 4397 459 4448 Saul
485 4399 753 4454 rex,Pem.
783 4400 919 4448 Voss.
936 4400 985 4450 2.

295 4464 321 4503 8
356 4459 685 4513 Recensendo
711 4460 842 4510 Lam.
868 4460 1012 4513 Ebor.
1055 4460 1155 4513 Litt.
1179 4465 1285 4514 Nc.
1314 4463 1361 4513 1.
1389 4466 1527 4516 Voss.
1555 4464 1599 4514 1.
1636 4461 1759 4514 Bod.
1779 4464 1827 4524 1,

1942 4028 1991 4089 2,
2014 4027 2065 4083 5,
2085 4023 2131 4073 4.
2160 4020 2483 4072 Accensendo
2505 4022 2665 4073 Oxon.

2004 4083 2727 4159 1}girnuLpOp'uliI’cznilzligor'1
2744 4084 2920 4147 Ratun,
2944 4098 3121 4159 θωμιιο
3134 4090 3246 4143 cod.
3270 4092 3372 4146 Sibi
3402 4096 3532 4151 Tew.

2007 4148 2025 4188 i
2054 4148 2140 4199 Sic
2170 4144 2461 4198 Tlta.'Foss.
2481 4146 2590 4198 ΝΟ.
2617 4147 2664 4194 2.
2691 4149 2810 4208 Quae
2836 4144 2968 4201 nunc
2992 4153 3147 4203 Oxon.

2008 4210 2024 4261 i
2060 4211 2210 4260 Radix
2236 4216 2312 4259 est
2335 4209 2483 4267 enim,
2514 4211 2619 4260 Lin.
2639 4212 2777 4261 Pem.
2811 4214 2952 4266 Voss.
2976 4212 3023 4264 2.
3052 4216 3179 4267 Bod.
3204 4217 3254 4269 3.
3280 4218 3331 4269 ιι.

2006 4272 2139 4325 kSic
2160 4274 2294 4323 Lam.
2318 4271 2502 4322 NC.1.
2527 4271 2789 4333 Bod.2,3.

1999 4336 2058 4385 In
2084 4335 2352 4386 honoribus
2365 4336 2635 4385 auctiorem
2655 4335 2814 4388 Oxon.

2003 4401 2024 4439 1
2055 4398 2228 4450 Potius
2242 4398 2530 4448 honoratum
2552 4396 2674 4449 Bod.
2700 4399 2751 4448 5.

1483 4594 1728 4652 STEPH.
1769 4591 2041 4652 BALUZII
2076 4589 2305 4648 NOTE.

310 4705 389 4762 Ex
412 4716 554 4778 parte
582 4706 710 4778 ejus.
743 4706 934 4764 Postea
957 4709 1198 4777 sequitur
1221 4709 1271 4764 in
1302 4709 1488 4765 codice
1518 4709 1829 4766 Pithteano:
1857 4709 1913 4770 D
1937 4716 2032 4770 rel.
2065 4710 2258 4773 primus
2282 4707 2446 4763 zelum
2471 4716 2519 4763 et
2544 4716 2754 4763 mortem
2781 4711 3069 4765 ostenderit.

225 4776 712 4834 Justornm‘animw
732 4780 786 4833 in
827 4796 984 4834 manu
1012 4776 1103 4835 Dei
1142 4790 1278 4836 sunt.
1310 4781 1416 4838 Sed
1457 4780 1595 4837 istud
1627 4780 1834 4837 addita—

228 4859 473 4921 mentum
496 4867 607 4921 nun
647 4849 827 4921 reperi
845 4852 993 4907 alibi.

305 4920 373 4975 V.
399 4917 649 4976 -—Nova:
669 4917 1025 4990 fraternitatis.
1058 4923 1170 4980 Vox
1198 4941 1341 4981 nova:
1369 4923 1522 4980 deest
1549 4923 1599 4978 in
1626 4922 1836 4979 duobus

228 4991 387 5048 libris
436 4993 729 5066 veteribus.
757 4992 916 5066 Certe
943 4996 1151 5051 videtur
1178 4996 1465 5066 superflua.
1492 4994 1609 5050 Non
1661 4993 1836 5051 delevi

232 5074 449 5146 tamen,
498 5064 623 5134 quia
665 5071 847 5120 exstat
890 5064 944 5120 in
986 5067 1169 5124 multis
1188 5064 1585 5138 exemplaribus
1619 5080 1837 5121 manus-

228 5145 439 5197 crtptts.

307 5203 491 5280 Liuore
520 5208 854 5280 persequitur.
890 5208 1096 5280 Postea
1145 5209 1385 5280 sequitur
1416 5210 1467 5264 iu
1499 5207 1669 5280 tribus
1696 5207 1836 5280 anti-_

224 5277 356 5350 quis
382 5278 673 5350 codicibus,
715 5280 836 5332 dum
862 5279 1121 5334 diabolum
1165 5277 1251 5350 qui
1288 5281 1417 5335 zelat
1439 5279 1687 5350 imitatur.
1729 5277 1837 5335 Sed

227 5349 356 5421 lucc
382 5348 627 5421 videntur
655 5351 883 5421 repetita
914 5367 941 5403 a
973 5348 1205 5421 quodam
1235 5352 1477 5407 studioso
1504 5366 1570 5406 ex
1602 5349 1702 5421 his
1716 5364 1837 5418 quae

224 5419 394 5491 paulo
437 5430 563 5475 ante
590 5419 734 5476 dicta
777 5431 924 5476 sunt.
957 5419 1280 5477 Novatianus
1324 5423 1374 5477 in
1404 5423 1540 5477 libro
1565 5421 1633 5476 de
1661 5419 1837 5476 Trini-

227 5501 365 5554 lale,
392 5507 493 5545 non
523 5491 585 5545 de
611 5493 836 5561 maligno
866 5494 1070 5548 invidae
1098 5495 1253 5548 livore
1273 5494 1545 5548 descendit.

309 5562 435 5634 Abel
461 5564 668 5634 .justum
698 5561 827 5618 Cain
857 5564 1007 5618 zelat.
1039 5566 1210 5632 Quem
1249 5566 1368 5620 ideo
1395 5565 1626 5634 Prosper
1677 5563 1770 5618 lib.
1798 5578 1832 5618 tt

221 5633 300 5690 de
339 5632 767 5705 l’rontissionibns
788 5647 834 5705 et
863 5634 1287 5690 I’raztlictionibus
1317 5634 1432 5698 Dei,
1455 5632 1574 5705 cap.
1605 5634 1659 5700 6,
1682 5642 1839 5690 vocat

222 5711 514 5778 auctorem
542 5703 773 5778 invidiae.
806 5704 1042 5763 lrcnaeus
1076 5707 1170 5762 lib.
1200 5722 1238 5760 ι.
1268 5708 1494 5776 loquens
1515 5703 1585 5778 de
1608 5720 1838 5778 genera-
1872 5746 1875 5749 -

224 5777 387 5836 tione
410 5774 542 5831 Cain
565 5774 672 5833 ait:
697 5776 845 5834 itaut
868 5778 917 5835 et
943 5779 1067 5835 dum
1086 5778 1298 5850 fratrem
1321 5774 1471 5834 suum
1493 5774 1837 5834 Abel'occide-

2014 4780 2081 4813 “9°
2100 4780 2288 4852 Semel.
2310 4779 2364 4835 In
2387 4794 2500 4852 uno
2516 4780 2652 4852 libro
2671 4794 2793 4852 meo
2810 4790 2988 4837 vetere
3007 4781 3268 4852 scriptum
3287 4795 3366 4842 est
3383 4789 3541 4846 semel

1939 4858 1996 4908 et
2022 4866 2180 4924 supra
2208 4850 2403 4907 lineam
2423 4851 2503 4906 vel
2528 4851 2702 4924 simul.
2734 4850 2869 4907 Hinc
2895 4867 3041 4924 ergo,
3075 4850 3148 4909 uti
3168 4855 3279 4924 jam
3311 4873 3414 4913 non
3452 4856 3565 4916 se!

1940 4923 2045 4999 mel
2072 4923 2324 4999 diximus,
2342 4932 2458 4977 orta
2486 4931 2570 4978 est
2592 4921 3094 4999 discrepantia'quze
3119 4921 3240 4983 istic
3267 4932 3535 4999 reperitur

1941 4994 1995 5049 in
2041 4993 2315 5066 codicibus
2362 4993 2759 5066 manuscriptis,
2791 4993 3015 5066 quorum
3046 4999 3286 5054 nonnulli
3330 4993 3538 5059 habent

1940 5065 2115 5132 semel,
2145 5064 2232 5118 alii
2258 5062 2432 5117 simul.

2018 5137 2103 5192 VI.
2116 5165 2208 5215 ‘-_
2224 5132 2358 5215 Inde
2374 5133 2767 5215 odit_tm__s_urgit1
2780 5136 3103 5215 Prudentius
3131 5141 3182 5215 in
3203 5140 3540 5215 flamartige—

1942 5207 2028 5263 nia
2056 5225 2077 5281 :_
2094 5206 2229 5281 Arsit
2258 5206 2393 5281 enim
2410 5206 2635 5262 scintilla
2661 5206 2767 5281 odii
2783 5210 2847 5263 de
2866 5212 3039 5281 fomite
3066 5213 3187 5266 zeli.
3446 5206 3474 5215 “’
3560 5254 3567 5262 .

2013 5278 2273 5348 Altiorem.
2303 5275 2380 5331 Ita
2409 5285 2619 5335 veteres
2643 5275 2907 5337 editiones
2934 5291 2990 5337 et
3014 5282 3286 5339 sexdecim
3303 5284 3422 5348 libri
3450 5302 3543 5343 ve-

1942 5358 2105 5405 teres.
2130 5347 2397 5403 Manutius
2418 5350 2597 5418 posuit
2620 5351 2914 5406 auctiorem.
2938 5352 3128 5410 Postea
3156 5347 3432 5411 Morcllius
3452 5373 3543 5414 re-

1942 5421 2153 5496 vocavit
2179 5420 2755 5496 veteremJectionem.
2787 5421 3055 5496 Pamelius
3083 5428 3324 5496 reposuit
3352 5427 3543 5485 Manu~

1945 5494 2176 5570 t_iai_iam,_
2194 5504 2352 5560 quam
2378 5504 2479 5561 ego
2531 5490 2707 5570 inveni
2744 5494 2797 5570 i_t_|
2844 5492 3029 5550 decem
3064 5490 3493 5570 librisantiquis
3522 5542 3541 5569 ,

1942 5561 2243 5686 Seqmajo:
2260 5576 2515 5617 numerus
2539 5563 2723 5619 vincit.
2745 5563 2812 5623 Et
2832 5575 2978 5620 certe
2999 5574 3154 5623 vetus
3178 5568 3345 5625 editio
3374 5561 3545 5628 multo

1943 5648 2031 5686 me
2054 5647 2133 5686 ιοι·
2156 5647 2215 5686 es
2245 5673 2259 5686 .

1943 5640 2133 5689 chior
2156 5640 2259 5687 est.

2004 5702 2383 5784 Jranfervescil.
2415 5703 2583 5773 Quam
2607 5701 2896 5764 Cassianus
2924 5705 3015 5765 lib.
3036 5723 3153 5777 _\'lll,
3182 5723 3303 5783 cap.
3329 5713 3357 5770 1
3386 5721 3547 5775 vocat

1945 5773 2279 5833 mortiferum
2308 5774 2476 5832 virus.
