4230 6282
673 280 780 337 645

2089 279 2226 344 DIVI
2262 277 2582 341 CYPRIANI

3885 286 4001 347 6M

675 400 967 473 superbus,
1014 400 1082 455 de
1109 396 1449 473 aemulatione
1482 408 1767 468 perversos
1787 438 1803 467 ,
1844 397 2188 457 animositate
2225 407 2280 459 et
2305 399 2358 459 Α
2382 400 2592 461 videtur
2621 413 2872 456 successu
2902 397 3129 479 meliore
3160 395 3488 471 profecerit,
3522 405 3673 461 tanto
3703 399 3915 459 invidus
3942 402 4005 460 in

676 495 847 551 livore
869 508 974 549 non
1001 492 1254 557 hominis,
1285 492 1380 549 sed
1411 488 1632 549 honoris
1656 493 1925 549 inimicus.

757 588 871 644 VII.
914 587 1102 656 Qualis
1128 602 1260 642 vero
1290 596 1375 643 est
1400 597 1425 623 τι
1451 587 1644 644 anima:
1673 589 1837 656 tinea,
1862 604 1980 657 qum
2005 588 2285 661 cogitatio—

678 696 803 735 num
834 680 1004 746 tabes,
1048 679 1282 751 pectoris
1307 688 1501 751 quanta
1530 681 1736 753 rubigo,
1796 681 1970 743 zelare
2014 681 2081 737 in.
2108 682 2280 737 altero

679 774 761 830 vel
793 772 1042 828 virtutem
1073 771 1189 842 ejus
1215 773 1297 827 vel
1327 772 1636 828 felicitatem
1657 814 1671 840 ,
1704 774 1756 827 id
1807 782 1889 829 est
1929 772 2109 829 odisse
2140 773 2190 828 in
2220 788 2285 831 co

680 866 764 922 vel
809 866 1003 922 merita
1050 864 1263 935 propria
1308 866 1390 920 vel
1437 865 1697 921 beneficia
1728 865 1938 934 divina,
1988 867 2038 919 in
2085 866 2284 921 malum

571 988 585 1009 ν
682 962 956 1032 proprium
996 960 1133 1016 bona
1170 960 1343 1016 aliena
1372 968 1710 1022 convertere,
1742 960 2028 1014 illustrium
2057 975 2280 1032 prospe-

681 1055 845 1110 ritate
874 1051 1132 1123 torqueri,
1158 1053 1381 1108 aliorum
1409 1052 1634 1123 gloriam
1660 1051 1835 1108 facere
1864 1067 2013 1106 suam
2049 1068 2282 1123 pinnam,

685 1156 739 1202 et
764 1146 913 1201 velut
936 1145 1197 1216 quosdam
1222 1145 1425 1217 pectori
1447 1159 1548 1199 suo
1572 1143 1862 1201 admovere
1882 1143 2180 1211 carnifices,
2204 1161 2291 1201 co-

684 1237 1033 1310 gitationibus
1055 1245 1111 1291 et
1136 1236 1384 1292 sensibus
1412 1238 1524 1291 suis
1550 1234 1807 1292 adhibere
1840 1245 2096 1303 tortores,
2120 1237 2206 1309 qui
2230 1252 2289 1293 se

689 1326 961 1386 intestinis
986 1329 1317 1385 cruciatibus
1339 1329 1599 1390 lacerent,
1623 1327 1712 1399 qui
1745 1328 1923 1383 cordis
1945 1338 2148 1407 secreta
2176 1345 2293 1391 ma-

690 1421 978 1478 livolentia:
1014 1420 1224 1492 ungulis
1250 1421 1470 1490 pulsent
1496 1420 1507 1472 l
1538 1419 1653 1475 Non
1698 1420 1850 1475 cibus
1890 1422 2083 1476 talibus
2115 1423 2288 1490 lit-tus,

690 1529 797 1570 non
837 1523 993 1583 potus
1040 1521 1218 1583 potest
1243 1527 1364 1568 esse
1404 1510 1696 1582 iucundus.
1741 1512 2053 1583 Suspiratur
2079 1529 2294 1586 semper

692 1615 749 1663 et
783 1605 1148 1676 ingemiscitur
1173 1613 1226 1659 et
1257 1602 1505 1672 doletur;
1551 1604 1787 1675 dumque
1814 1604 1881 1660 ab
1909 1606 2108 1662 invidis
2140 1623 2296 1662 num-

2389 493 2560 560 majus
2586 491 2893 557 incendium
2923 490 3110 546 livoris
3133 491 3347 563 ignibus
3376 492 3710 550 inardescit.’

2457 582 2589 639 VIII.
2632 583 2767 639 Hinc
2790 584 2966 639 vultus
2995 583 3196 650 minax,
3230 593 3414 642 torvus
3439 597 3713 656 aSpectus,
3744 586 3916 657 pallor
3945 588 4007 644 in

2389 675 2547 743 facie,
2576 677 2626 729 in
2660 675 2816 731 labiis
2851 685 3073 745 tremor,
3103 676 3305 732 stridor
3336 677 3386 732 in
3415 678 3688 745 dentibus,
3719 680 3882 735 verba
3913 695 4009 736 ra-

2388 770 2531 836 bida,
2560 768 2829 825 effrienata
2861 770 3124 838 convicia,
3161 785 3354 825 manus
3386 770 3452 829 ad
3481 771 3645 827 caulis
3679 772 4001 829 violentiam

2390 873 2655 934 prompta,
2684 861 2890 916 etiamsi
2922 877 2951 915 a
2981 861 3161 932 gladio
3191 862 3407 919 interim
3441 879 3629 929 vacua,
3659 864 3785 921 odio
3814 874 4001 923 tamen

2390 955 2599 1035 furiata:
2630 956 2822 1010 mentis
2849 953 2875 991 ἀ
2908 965 3135 1011 armata.
3181 954 3251 1011 Et
3289 956 3487 1014 idcirco
3513 958 3743 1029 Spiritus
3780 969 4005 1021 sanctus

2391 1048 2516 1104 dicit
2548 1050 2598 1103 in
2629 1049 2853 1103 Psalmis
2878 1066 2891 1101 :
2925 1047 3051 1111 Noli
3079 1047 3250 1111 zelare
3278 1060 3301 1088 ι’
3334 1051 3457 1108 bene
3478 1051 3821 1115 ambulantem
3840 1054 3892 1107 in
3920 1055 4008 1108 via

2393 1159 2506 1197 sua.
2538 1143 2605 1201 Et
2626 1144 2860 1198 iterum:
2895 1141 3190 1198 Observabit
3229 1154 3467 1216 peccator
3484 1146 3717 1218 justum,
3747 1157 3796 1205 et
3818 1149 4008 1205 stride-

2392 1235 2462 1290 bit
2499 1233 2517 1273 ΐ
2536 1235 2618 1299 ad
2643 1253 2756 1291 cum
2777 1236 3008 1297 dentibus
3035 1238 3139 1293 suis
3171 1246 3219 1294 Β.
3251 1237 3391 1305 Deus
3417 1249 3583 1296 autent
3607 1240 3833 1305 irridebit
3861 1257 4004 1310 eum,

2393 1327 2634 1398 quoniam
2663 1325 2890 1398 providet
2940 1328 3059 1403 quia
3093 1328 3255 1383 veniet
3283 1329 3390 1384 dies
3416 1331 3527 1400 ejus
3548 1328 3574 1367 ιι
3615 1329 3792 1402 (Psal.
3816 1348 4002 1401 xxxvi,

2395 1419 2449 1484 7,
2485 1419 2572 1482 12,
2606 1419 2713 1491 15).
2758 1419 2872 1474 llos
2921 1418 3109 1475 beatus
3132 1408 3411 1490 apostolus
3448 1421 3647 1477 Paulus
3680 1420 3925 1493 designat
3948 1432 4009 1480 et

2397 1509 2619 1565 den0tat
2658 1509 2883 1566 dicens:
2926 1508 3184 1569 Venenum
3213 1512 3454 1582 aspidmn
3492 1513 3584 1568 sub
3629 1513 3780 1573 labiis
3807 1531 4003 1582 eorum,

2397 1613 2446 1656 et
2476 1617 2531 1655 os
2560 1616 2734 1654 eorum
2776 1600 3137 1655 maledictione
3170 1599 3184 1639 ί
3221 1611 3269 1655 et
3302 1602 3645 1659 amaritudine
3672 1606 3878 1675 plenum
3906 1615 4001 1677 est.

692 1714 850 1770 quam
884 1698 1021 1753 livor
1038 1697 1346 1768 espouitur,
1376 1696 1567 1753 diebus
1595 1713 1656 1753 ac
1684 1700 1932 1764 noctibus
1974 1710 2163 1789 pectus
2198 1700 2318 1756 ob--
2408 1692 2618 1749 Veloces
2654 1694 2667 1742 i
2728 1693 2797 1747 ad
2849 1691 3211 1769 effundendum
3260 1696 3557 1766 sanguinem
3606 1697 3757 1767 pedes
3806 1714 3999 1767 eorum,

693 1806 902 1847 sessum
931 1792 1048 1848 sine
1075 1789 1473 1847 intermissione
1503 1790 1753 1846 laniatur.
1788 1791 1922 1846 Mala
1966 1783 2161 1848 emtera
2192 1794 2290 1849 Ita-
2322 1787 2373 1867 Β
2400 1787 2636 1869 contritio
2667 1783 2693 1822 ¹ι
2723 1796 2767 1840 et
2798 1786 3065 1855 calamitas
3108 1790 3163 1841 in
3190 1787 3282 1842 viis
3311 1804 3484 1843 earum
3520 1789 3606 1862 qui
3644 1792 3776 1844 uiam
3805 1793 3942 1869 pacis
3978 1789 3997 1828 ι

694 1882 822 1936 bent
849 1882 1136 1937 terminum
1163 1880 1232 1947 δι,
1264 1890 1318 1936 et
1342 1880 1714 1952 quodcumque
1739 1879 2089 1951 delinquitur,
2113 1882 2293 1939 delicti

668 1974 1157 2030 ~cnnsummatione
1204 1973 1407 2029 linitur.
1454 1973 1511 2028 lu
1565 1973 1809 2030 adultero
1862 1987 2040 2032 cessat
2092 1976 2298 2033 facinus

696 2074 1002 2138 perpetrato
1030 2075 1248 2137 stupro,
1297 2065 1350 2120 in
1379 2064 1592 2122 latrone
1619 2068 1952 2141 conquiescit
1989 2067 2167 2124 scelus
2194 2067 2294 2121 lio-

697 2156 1220 2228 micidio'admisso,
1258 2168 1311 2215 et
1356 2158 1596 2230 przedoni
1640 2161 1993 2231 rapacitatem
2045 2170 2068 2199 ο
2116 2161 2302 2216 statuit

600 2307 607 2314 ,
699 2252 875 2322 ινινωάιι
906 2266 1172 2322 possessa,
1197 2260 1252 2307 et
1277 2251 1490 2306 falsario
1529 2251 1744 2307 modum
1776 2253 1926 2323 ponit
1953 2252 2165 2324 impleta
2200 2254 2300 2311 l'al-

698 2348 851 2419 lacia.
884 2346 1043 2403 Zelus
1072 2346 1359 2402 terminum
1396 2361 1498 2400 non
1537 2344 1724 2412 habet,
1759 2361 2080 2416 permanens
2103 2348 2303 2420 jugiter

700 2440 897 2497 malum
910 2448 963 2496 et
976 2439 1093 2495 sine
1109 2439 1212 2494 line
1226 2446 1531 2510 peccatum;
1552 2447 1856 2509 quantoque
1886 2439 1977 2495 ille
2001 2441 2086 2495 cui
2114 2442 2187 2474 ’⁸⁸
2214 2442 2265 2496 ἰη
2278 2472 2299 2483 -

2401 1896 2504 1934 non
2545 1890 2855 1952 agnoverunt
2880 1921 2895 1945 ,
2940 1896 3030 1935 nec
3059 1891 3130 1935 est
3160 1881 3312 1936 timor
3359 1882 3450 1937 Dei
3488 1893 3605 1943 ante
3632 1886 3807 1940 oculos
3832 1901 4007 1943 eorum

2407 1974 2587 2047 (Rom.
2622 1988 2699 2035 Ill,
2728 1971 2945 2045 1518).

2476 2067 2569 2123 1X.
2614 2066 2778 2122 Multo
2830 2067 3028 2122 malum
3079 2066 3252 2123 levius
3282 2078 3335 2124 et
3381 2069 3671 2140 periculum
3713 2070 3893 2129 minus
3925 2082 4015 2129 est

2404 2175 2526 2214 cum
2555 2159 2796 2214 membra
2825 2158 3002 2231 gladio
3031 2159 3388 2214 vulnerantur.
3423 2160 3617 2229 Facilis
3642 2177 3766 2217 cura
3798 2172 3883 2219 est
3912 2162 4015 2220 tibi

2406 2253 2556 2323 plaga
2590 2251 2865 2322 perspicua
2894 2262 2997 2313 est,
3025 2259 3079 2305 et
3103 2253 3209 2307 cito
3231 2251 3297 2306 ad
3325 2252 3608 2308 sanitatem
3638 2255 3847 2316 medela
3868 2257 4011 2313 sub-

2408 2345 2656 2400 veniente
2684 2344 2987 2415 perducitur
3010 2352 3048 2379 ω
3074 2343 3213 2415 quod
3243 2344 3469 2399 videtur.
3513 2344 3629 2401 Zeli
3660 2348 3881 2404 vulnera
3910 2349 4015 2405 ab-

2407 2451 2583 2496 strusa
2613 2448 2738 2494 sunt
2764 2449 2817 2494 et
2850 2440 3094 2504 occulta;
3125 2453 3223 2497 nec
3250 2439 3544 2496 remedium
3570 2456 3712 2507 cura:
3739 2442 4009 2507 medentis

1938 2550 2232 2619 LECTION
2239 2554 2323 2614 ES
2359 2552 2775 2612 VARIANTES.

765 2668 789 2697 ⁸
825 2667 911 2719 Sic
956 2665 1087 2717 Lam.
1114 2663 1259 2716 Ebor.
1287 2664 1415 2725 Bod.
1442 2665 1488 2726 l,
1512 2662 1561 2724 2,
1585 2665 1634 2727 5,
1658 2665 1709 2716 4.
1757 2663 1926 2725 Qualis
1958 2679 2080 2719 vero
2122 2669 2299 2723 animm

702 2739 1112 2862 Gitonierminum
1138 2802 1279 2862 suum
1454 2788 1602 2862 Ebur.
1619 2758 1819 2862 30¢}.
1904 2852 1952 2862 Η

766 2857 798 2921 ε,
837 2854 1086 2921 Ijgedonis
1101 2854 1528 2921 rapacitatemAr.
1558 2854 1695 2903 Lam.
1719 2852 1868 2915 Ebur.
1894 2852 2004 2921 Lips.
2034 2854 2159 2917 Bod.
2188 2854 2299 2917 1,2,

701 2917 750 2976 5,
772 2916 819 2965 4.
852 2915 975 2965 Thu.
1007 2914 1132 2965 Vict.
1153 2914 1307 2963 Satiat
1336 2918 1445 2965 Vat.

768 2978 795 3017 (ι
830 2978 1048 3029 Furioste
1071 2978 1251 3031 mentis
1265 2979 1407 3028 Pem.
1433 2980 1573 3029 Voss.
1590 2978 1641 3027 ἵ.

770 3044 794 3071 ο
818 3041 927 3090 Noli
949 3045 1000 3090 te
1015 3039 1182 3089 zelare
1207 3036 1332 3090 Bod.
1358 3040 1407 3099 4.

770 3100 791 3140 ί
830 3104 1018 3154 Stridet
1046 3102 1179 3164 Lam.
1210 3100 1334 3164 Bod.
1365 3102 1411 3164 1,
1433 3102 1484 3163 2,
1505 3101 1555 3161 '5,
1579 3101 1630 3153 4.
1659 3102 1782 3154 Tim.
1816 3106 1938 3155 Ver.

762 3168 795 3208 Β
818 3165 1014 3219 Dentes
1037 3163 1163 3216 Bod.
1190 3165 1237 3226 1,
1272 3163 1321 3226 2,
1344 3166 1396 3225 5,
1420 3164 1469 3214 4.
1490 3165 1611 3215 Ben.

2468 2668 2499 2707 ιι
2533 2667 2875 2718 Venientdies
2894 2667 3016 2719 Bod.
3045 2669 3092 2718 4.
3113 2667 3263 2718 Venit
3282 2669 3469 2719 Bod.3.

2476 2730 2490 2769 ί
2519 2730 2779 2780 Maledicto
2799 2731 2924 2779 Bod.
2947 2732 2994 2778 2.
3022 2729 3071 2779 4.
3101 2727 3227 2781 Tltu.
3259 2735 3373 2782 Ver.

2475 2793 2489 2845 i
2523 2792 2585 2842 Et
2603 2791 2799 2842 veloces
2826 2791 2950 2843 Bod.
2976 2792 3024 2841 '5.

2472 2858 2499 2896 k
2519 2854 2889 2920 Acoutriliulatio
2904 2857 2998 2907 Ar.
3019 2856 3067 2905 Ν
3073 2854 3125 2905 ο.
3150 2855 3195 2906 1.
3221 2859 3362 2909 Voss.
3377 2854 3430 2906 2.
3450 2857 3578 2909 Bad.
3597 2858 3643 2919 1,
3666 2857 3713 2919 2,
3735 2859 3784 2920 5,
3812 2860 3858 2910 4.
3889 2865 4008 2912 Ver.

2408 2917 2673 2969 Int‘elicitas
2688 2914 2811 2967 Bod.
2834 2916 2882 2971 5.

2479 2980 2497 3021 l
2536 2981 2664 3039 Quia
2686 2982 2814 3028 viam
2840 2977 2965 3030 Bod.
2992 2979 3037 3028 i.

2475 3044 2514 3109 “3
2547 3041 2633 3096 Sic
2670 3045 2761 3109 Ar:
2789 3042 2923 3109 tam.
2948 3040 3096 3093 Ebor.
3126 3042 3249 3095 Tha.
3275 3044 3412 3096 Foss.
3441 3042 3545 3096 Litt.
3576 3047 3700 3097 Bod.
3730 3046 3775 3107 t,
3807 3045 3854 3107 2,
3877 3047 3926 3109 3,
3953 3048 4002 3097 ι.

2414 3105 2607 3155 Vulnus
2629 3104 2757 3169 quod
2783 3105 2979 3167 videtur
3004 3113 3159 3156 axon.

1945 3228 2189 3297 STEPII.
2234 3220 2506 3289 BALUZII
2539 3230 2767 3288 NOTIE.

780 3340 872 3396 Vll
907 3340 1267 3416 i—Admovere
1287 3339 1569 3416 carnifices.
1597 3340 1874 3416 Tacitus].
1899 3357 1949 3416 vi
1979 3341 2263 3416 Annalium
2291 3357 2305 3395 ε
2334 3342 2381 3406 C
2413 3358 2715 3405 excessum,
2741 3344 2815 3416 uti
2845 3343 3033 3416 videre
3057 3344 3215 3399 estin
3246 3345 3569 3416 paginam“
3604 3346 3857 3402 Natarum
3882 3363 4008 3409 nos-

710 3411 889 3482 chque
916 3411 1104 3479 [rustra
1134 3398 1580 3481 praestantissimus
1605 3412 1871 3478 sapientia:
1897 3414 2103 3482 ﬁrmare
2124 3414 2306 3479 solitus

708 3481 813 3555 est,
840 3482 883 3535 si
920 3481 1260 3555 recludantur:
1293 3491 1650 3555 tyrannorum
1678 3481 1904 3555 mentes,
1937 3493 2111 3555 postea
2148 3484 2308 3555 aspici

712 3551 933 3608 laruatus
963 3560 1009 3605 et
1038 3553 1186 3607 ictus.
1226 3551 1432 3606 Seneca
1463 3551 1688 3607 Hercule
1713 3551 1899 3609 OEtaeo
1931 3551 1946 3606 ξ

962 3642 1002 3708 ς)
1026 3645 1070 3693 si
1095 3650 1294 3708 pateant
1321 3649 1524 3708 pectora
1547 3644 1771 3708 divitum,

958 3706 1175 3770 Quantos
1197 3706 1331 3755 intus
1351 3706 1576 3770 sublimis
1599 3708 1702 3770 agit

957 3769 1172 3819 Fortuna
1195 3772 1358 3818 motus
1385 3768 1396 3818 ε

711 3853 932 3908 Latinus
951 3851 1179 3906 Pacatus
1200 3852 1251 3905 in
1276 3850 1602 3923 Panegyrico
1629 3850 1920 3907 Theodosii
1952 3871 1965 3908 :
2000 3851 2162 3908 Habet
2193 3871 2309 3910 nes-

711 3926 788 3977 cio
815 3940 938 3995 quos
963 3925 1187 3995 internas
1212 3939 1350 3995 mens
1377 3925 1620 3978 scelerata
1646 3924 1933 3995 carniﬁces.
1967 3925 2179 3995 Boetius
2206 3927 2302 3982 lib.

713 4010 763 4049 tv
797 3995 861 4047 de
890 3993 1248 4049 Consolatione
1282 3991 1632 4064 Philosophiae
1658 4012 1676 4047 :
1791 3991 1802 3995 ⁷
1922 4021 1927 4025 -

962 4088 1094 4146 Quos
1120 4086 1255 4136 vides
1276 4086 1458 4138 sedere
1488 4087 1623 4137 celso

959 4148 1080 4211 Solii
1102 4147 1313 4211 culmine
1337 4161 1505 4211 reges,

959 4208 1189 4260 Detrahit
1210 4211 1251 4259 si
1272 4211 1382 4273 quis
1401 4208 1631 4273 Superbis

960 4272 1084 4322 Vani
1110 4272 1324 4335 tegmina
1355 4272 1530 4334 cultus,

959 4335 1067 4385 Jam
1091 4334 1274 4384 videbit
1292 4334 1425 4384 intus
1447 4339 1606 4384 aratas

966 4397 1202 4447 Dominos
1224 4395 1357 4446 ferre
1380 4403 1594 4447 catenas.

960 4460 1087 4510 Hinc
1111 4460 1244 4509 enim
1275 4457 1426 4508 libido
1446 4467 1597 4509 vexat

966 4523 1135 4572 Avidis
1156 4522 1301 4571 corda
1324 4522 1545 4571 venenis.

961 4585 1087 4635 Hinc
1112 4582 1326 4645 ﬂagellat
1344 4584 1413 4632 ira
1436 4588 1657 4634 mentem

961 4646 1161 4697 Fluctus
1178 4646 1367 4696 turbida
1391 4645 1587 4707 tollens,

967 4709 1146 4758 MtBl‘Ol‘
1168 4714 1252 4771 aut
1273 4716 1438 4771 captos
1459 4706 1644 4769 fatigat,

960 4772 1060 4821 Aut
1082 4784 1198 4834 spes
1214 4770 1399 4821 lubrica
1422 4777 1638 4833 torquet.

718 4856 911 4912 Contra
956 4853 1097 4923 apud
1143 4852 1403 4909 Senecam
1428 4852 1598 4921 Epist.
1631 4866 1772 4906 cxv:
1806 4850 1864 4906 Si
1916 4853 2056 4910 nobis
2084 4855 2311 4910 animum

717 4929 832 4983 boni
847 4927 938 4982 viri
953 4924 1121 4981 liceret
1142 4925 1410 4994 inspicere,
1424 4940 1462 4996 of
1474 4939 1626 4996 quam
1648 4923 1913 4996 pulchram
1936 4924 2137 4996 (aciem.
2160 4943 2311 4996 quant

716 5010 965 5062 sanctam,
989 5013 1141 5068 quam
1166 5010 1231 5068 ea:
1254 4995 1525 5068 magnifico
1552 4994 1841 5064 placitoque
1867 4995 2144 5068 fulgentem
2173 4994 2298 5052 ride.

716 5066 1065 5175 rentusaillirtc
1086 5066 1415 5138 fortitudine,
1446 5067 1566 5119 hinc
1593 5068 1922 5137 temperantia
1944 5067 2311 5141 prudentiaque

719 5142 1025 5198 lucentibus.l

660 5274 669 5279 ι
720 5195 726 5198 ἡ
788 5195 1056 5269 Laniatur.
1088 5206 1268 5265 Codex
1290 5206 1461 5263 sancti
1489 5206 1753 5279 Aruulphi
1778 5217 1831 5273 et
1857 5208 2308 5285 Gratianopolita-

716 5302 837 5352 nus,
869 5287 1142 5341 laceratur.

788 5348 1140 5415 Vin—mm:
1159 5352 1328 5426 uultus
1348 5350 1542 5406 utinam.
1568 5348 1627 5405 In
1657 5364 1765 5406 uno
1789 5350 1957 5408 veteri
1976 5351 2119 5409 libro
2138 5354 2308 5426 scrip-

716 5440 828 5486 tum
855 5437 938 5485 est
967 5449 980 5485 :
1007 5426 1144 5482 Hinc
1171 5424 1337 5479 cultus
1365 5431 1437 5477 est
1462 5430 1756 5477 contumax.

789 5501 855 5556 In
880 5499 1029 5554 labiis
1058 5508 1259 5551 tremor.
1292 5493 1386 5550 His
1411 5494 1590 5551 verbis
1616 5503 1884 5564 tamquam
1908 5495 2018 5550 suis
2045 5511 2174 5551 usus
2224 5504 2308 5552 est

716 5573 983 5630 Robertus
1008 5568 1247 5626 Gervasii
1288 5566 1572 5636 episc0pus
1600 5564 1940 5633 Senecensis,
1993 5566 2306 5623 describens

716 5645 842 5700 vitia
869 5639 1246 5709 Bartholonnei
1262 5636 1649 5707 archiepisc0pi
1668 5638 2033 5709 Barensis,qui
2056 5654 2113 5693 se
2136 5641 2306 5693 uomi—

648 5760 653 5767 .
715 5717 877 5771 nabat
906 5712 1175 5768 Urbanum
1201 5708 1266 5763 Vl
1294 5710 1344 5760 in
1364 5708 1514 5760 initio
1540 5708 1859 5762 miserabilis
1884 5708 2024 5762 illius
2044 5710 2307 5765 schisma-

719 5787 790 5844 tis
817 5782 961 5857 quod
1005 5780 1313 5838 Ecclesiam
1332 5777 1579 5833 distraxit
1620 5786 1736 5848 post
1765 5776 2005 5851 Gregorii
2055 5796 2205 5857 papa:
2235 5779 2307 5837 ΧΙ

2335 4732 2391 4799 1)

2414 3426 2614 3471 irarum
2636 3416 2703 3471 ad
2743 3414 2886 3470 Vitas
2916 3413 3180 3486 Paparum
3230 3413 3677 3474 Aviuionensiuni.
3718 3419 4005 3475 Labiorum

2412 3495 2700 3558 tremorem
2728 3487 2933 3558 antiqui
2960 3498 3251 3558 posuerunt
3280 3488 3421 3558 inter
3451 3489 3646 3546 indicia
3677 3492 3826 3545 multo
3854 3506 4007 3546 men-

2410 3559 2499 3611 tis.
2528 3557 2836 3631 Lactantius
2863 3557 3005 3631 enim
3054 3557 3107 3627 in
3134 3557 3358 3631 librode
3382 3557 3470 3612 Ira
3497 3559 3610 3624 Dei,
3644 3576 3762 3631 cap.
3795 3578 3846 3627 v,
3876 3578 4007 3616 enu-

2411 3644 2623 3684 merans
2654 3628 2777 3683 vitia
2808 3629 2972 3683 animi
2999 3627 3312 3701 perturbati,
3346 3629 3485 3685 inter
3507 3647 3567 3685 ea
3604 3627 3748 3701 ponit
3776 3634 3905 3697 oris,
3953 3633 4004 3687 id

2411 3709 2493 3774 est
2522 3701 3146 3774 labiorum,_tremoretn.
3169 3699 3526 3774 Ilieronymus
3551 3699 3820 3774 iu’caputl
3851 3704 4004 3774 Epis-

2411 3772 2536 3826 tolm
2580 3770 2726 3825 I’auli
2770 3770 2834 3825 ad
2875 3769 3050 3825 Titum
3079 3769 3273 3842 :_lllee
3299 3769 3497 3842 diuerso
3536 3769 4007 3842 torua'vultu,'tre—

2410 3841 2850 3916 mentibuslabiis,
2880 3850 3061 3916 rugata
3086 3840 3270 3910 fronte,
3300 3841 3575 3916 eﬂrwnatis
3602 3840 4008 3916 conviciis,facic

2409 3913 2540 3986 inter
2588 3913 2832 3986 pallorem
2862 3915 3189 3986 ruborentque
3207 3915 3427 3986 pariam,
3456 3916 3679 3986 clamore
3703 3913 4003 3986 perstrepat.

2410 3982 2540 4038 Item
2567 3982 2617 4038 in
2670 3983 2908 4054 Epistola
2949 3982 3015 4036 de
3042 3983 3256 4037 vitando
3303 3994 3554 4054 suspecto
3600 3982 4005 4042 Contubernio:

2415 4055 2552 4136 Quid
2576 4054 2767 4136 vultum
2782 4053 3215 4136 infarniwrubore
3238 4053 3495 4136 suffundis
3517 4067 3562 4136 et
3581 4056 3902 4136 trementibus
3926 4059 4006 4136 la-

2415 4127 2509 4199 biis
2530 4126 2896 4199 impatientiam
2923 4126 3483 4199 pectoris_conﬁteris.’
3521 4126 3650 4182 Item
3676 4130 3725 4181 in
3768 4127 4004 4199 Epistola

2412 4198 2482 4270 ad
2516 4195 2898 4270 Pammachium
2929 4205 3114 4260 contra
3139 4195 3397 4270 Joannem
3428 4195 4003 4270 Allicrusolymitatmm:

2416 4269 2679 4338 liesupina
2702 4268 2891 4338 cervice
2916 4284 2976 4320 ac
3005 4266 3327 4322 trementibus
3367 4268 3513 4325 labiis
3540 4266 3843 4325 conticuisti.
3873 4269 4005 4327 Item

2413 4341 2466 4395 in
2512 4339 2830 4408 Epistulam!
2858 4337 3113 4391 Oceanum
3139 4338 3206 4393 de
3225 4341 3379 4393 unius
3410 4341 3590 4395 uxoris
3616 4340 3732 4395 viro
3762 4359 3775 4395 :
3805 4341 4010 4397 Sudarc

2414 4420 2591 4483 tamen
2610 4414 2784 4483 frons,
2807 4409 2998 4481 pallere
3025 4426 3185 4479 gente,
3218 4419 3425 4466 tremere
3450 4410 3606 4475 labia,
3634 4412 3823 4483 linguae
3847 4412 4010 4467 saliva

2412 4480 2617 4547 siccati,
2643 4490 2690 4535 et
2729 4480 2845 4550 plus
2887 4489 3033 4535 (etate
3056 4497 3212 4553 quam
3259 4484 3437 4542 timore
3460 4480 3725 4553 contrahi;
3748 4482 4009 4553 Sulpitius

2416 4554 2653 4608 Severus
2682 4552 2816 4605 Dial.
2846 4565 2900 4604 ιιι
2919 4590 2933 4614 ,
2957 4564 3007 4603 c.
3047 4550 3118 4604 ΞΟ
3147 4592 3162 4616 ,
3198 4551 3421 4619 loquens
3439 4551 3506 4607 de
3533 4552 3742 4608 Briccio
3769 4550 4007 4612 nondum

2416 4640 2560 4689 sana:
2582 4624 2776 4696 tuentis
2798 4640 2810 4675 :
2830 4621 3178 4696 Trementibus
3192 4622 3650 4696 labiisincertoque
3660 4625 3818 4678 uultu.
3844 4624 4011 4696 Frag-

2417 4706 2653 4750 mentum
2686 4693 2920 4748 Petronii
2967 4693 3103 4760 apud
3148 4692 3452 4748 Diomedem
3484 4692 3575 4748 lib.
3626 4710 3681 4748 Ill
3712 4711 3725 4747 :
3760 4697 3900 4749 Anus
3928 4692 4011 4749 rc-

2414 4774 2555 4820 cocta
2580 4766 2715 4829 vino,
2764 4761 3084 4818 trementibus
3111 4763 3325 4818 labellis.
3362 4764 3567 4820 Seneca
3614 4763 3666 4819 in
3700 4766 3851 4822 initio
3887 4767 4012 4822 libri

2416 4836 2598 4911 deli-tt
2640 4835 2967 4911 int_er__si_gna
3018 4836 3109 4911 ira:
3154 4836 3300 4911 potiit
3326 4835 3467 4911 quod
3494 4835 3630 4911 labia
3675 4839 4008 4911 quatiuntur.

2415 4908 2553 4979 Alibi
2582 4917 2663 4979 est
2708 4905 2967 4979 indicium
3009 4904 3318 4979 titnor‘is,f‘ut
3348 4904 3517 4979 apud
3542 4904 3923 4979 Hieronymum
3956 4910 4009 4963 in

2413 4978 2654 5048 Epistula
2680 4978 2746 5030 ad
2781 4975 3126 5048 Nepotianum
3148 4976 3216 5030 de
3239 4976 3354 5030 Vita
3381 4975 3710 5035 Clericnrum
3742 4975 3757 5031 Ξ
3811 4977 4012 5035 Pavent

2413 5047 2483 5103 ad
2503 5051 2764 5104 introitum
2782 5047 2983 5112 medici,
3001 5047 3421 5116 trementibusque
3437 5048 3584 5101 labiis
3603 5064 3670 5102 an
3693 5049 4009 5104 commodius

2412 5122 2627 5177 habeant
2652 5121 2988 5175 sciscitantur.
3016 5118 3176 5173 Silius
3198 5116 3410 5174 Italicus
3438 5118 3529 5175 lib.
3563 5134 3683 5173 vm:

3049 5231 3265 5285 Volvens
3286 5233 3366 5285 vix
3390 5245 3609 5283 murmur
3629 5230 3862 5283 anhelum

2534 5298 2671 5350 Inter
2693 5292 2940 5359 singultus
2962 5290 3208 5358 labrisque
3233 5297 3562 5347 trementibus
3582 5296 3740 5346 Anna.

2406 5424 2610 5482 Seneca
2640 5424 2807 5493 Epist.
2836 5438 3006 5481 xcv":
3033 5421 3306 5493 Proprium
3326 5434 3581 5493 autemest
3601 5424 3891 5481 nocentium
3910 5434 4018 5480 tre-

2409 5497 2605 5570 pidare.
2640 5495 2771 5570 Vide
2800 5509 2959 5570 supra
2990 5511 3108 5570 pag.
3137 5496 3261 5552 459.

2480 5567 2572 5623 IX.
2602 5596 2676 5608 -—
2700 5568 2766 5599 ⁶⁹¹
2791 5564 3100 5625 Perdite-itur
3128 5570 3262 5635 quod
3302 5567 3517 5623 videtur.
3566 5565 3640 5621 Ita
3686 5566 4015 5629 vetustiores

2408 5639 2585 5694 tiones
2629 5651 2681 5693 ct
2725 5654 2850 5691 xxvi
2903 5652 3079 5696 vetera
3109 5640 3457 5709 exemplaria.
3502 5637 3760 5693 Erasinus
3801 5637 4019 5696 addidit

2408 5724 2594 5767 vocem
2626 5709 2805 5783 vulnus
2836 5709 2937 5783 huc
2961 5709 3119 5765 tundo
3144 5726 3157 5763 :
3180 5708 3473 5783 perducitur
3499 5708 4017 5783 vtilnus‘quodvide-

2411 5790 2511 5849 tur,
2551 5797 2707 5855 quam
2751 5776 3036 5845 lectionem
3082 5776 3420 5859 egti'qttuqtte
3461 5780 3642 5839 inveni
3686 5776 4017 5857 inaniaque
