4272 6278
279 256 387 323 643

1440 252 1644 315 LIBER
1684 256 1770 315 DE
1810 254 1987 315 ZELO
2028 258 2116 315 ET
2154 249 2425 317 LIVORE.

3474 257 3579 317 616

279 368 572 429 admittant
599 381 717 441 quae
741 380 800 425 se
822 364 961 424 intra
985 369 1327 426 conscientia:
1354 368 1590 426 latebras
1609 383 1755 423 amco
1783 369 1877 423 ilo-
1907 370 1954 431 Α
1983 370 2236 425 homicida
2266 380 2380 438 est;
2407 378 2454 425 et
2481 371 2618 427 scitis
2656 369 2776 440 quia
2816 368 2980 426 omnis
3008 368 3261 426 homicida
3297 385 3397 426 ηοη
3434 370 3583 426 liabet

281 460 397 516 lore
424 460 755 516 clauserunt.
796 459 1127 530 Quicumque
1160 475 1219 517 es
1256 460 1466 517 invidus
1505 471 1559 515 et
1599 462 1882 532 Inalignus,

282 553 484 609 videris
525 567 687 623 quam
714 553 790 608 sis
820 552 899 607 eis
925 569 1059 624 quos
1090 554 1246 610 odisti
1277 555 1584 622 insidiosos,
1619 555 1884 624 pernicio-

281 662 374 700 sus
400 687 415 717 ,
462 645 707 701 infestus.
748 644 959 701 Nullius
982 648 1149 716 magis
1171 663 1328 718 quam
1360 658 1465 703 tua:
1488 648 1677 709 salutis
1706 649 1883 703 inimi-

283 754 382 795 cus
410 752 489 795 es.
524 738 780 810 Quisquis
810 739 898 795 ille
924 752 1011 795 est
1039 755 1198 810 quem
1225 741 1340 795 zelo
1373 743 1729 812 persequeris,
1760 743 1888 797 sub-

283 829 555 902 terfugere
604 838 659 886 et
700 831 872 887 vitare
916 842 966 886 te
1010 834 1244 901 poterit;
1280 843 1332 887 tu
1373 842 1422 886 te
1454 848 1558 888 non
1609 841 1762 904 potes
1807 834 1887 888 fu-

281 938 409 995 gere
440 932 513 976 ﬂ:
558 922 883 995 ubicumque
933 922 1117 991 fueris,
1151 924 1488 980 adversarius
1533 938 1654 985 tuus
1711 938 1886 983 tecum

282 1024 399 1080 est,
451 1012 621 1071 hostis
669 1028 885 1085 semper
924 1014 979 1069 in
1032 1024 1250 1085 pectore
1296 1026 1383 1070 tuo
1427 1000 1509 1071 est
1538 1015 1585 1079 ι),
1626 1018 1889 1086 pernicies

294 1106 440 1162 intus
469 1104 671 1160 inclusa
699 1114 799 1172 est,
830 1106 1157 1163 ineluctabili
1184 1117 1493 1163 catenarum
1524 1123 1664 1164 nexu
1696 1108 1888 1180 ligatus

286 1206 342 1253 et
365 1198 574 1259 vinctus
595 1211 675 1263 es,
700 1197 815 1253 zelo
840 1197 1149 1254 dominante
1173 1200 1417 1269 captivus
1441 1217 1497 1254 es
1519 1243 1534 1267 ,
1572 1215 1669 1255 nec
1698 1200 1885 1255 solatia

289 1288 380 1343 libi
414 1288 517 1345 ulla
545 1288 888 1344 subveniunt.
920 1288 1278 1347 Perseverans
1296 1292 1490 1346 malum
1514 1300 1594 1347 est
1617 1291 1886 1346 hominem

288 1381 542 1452 persequi
569 1382 636 1436 ad
669 1382 762 1443 Dei
785 1383 1008 1453 gratiam
1048 1384 1427 1453 pertinentem.
1459 1383 1744 1441 Calamitas
1771 1386 1890 1441 sine
1917 1396 1921 1399 ‘

286 1475 531 1530 remedio
554 1484 638 1530 est
665 1473 844 1531 odisse
873 1475 1101 1547 felicem.

358 1610 427 1665 Χ.
452 1610 519 1666 Et
541 1608 759 1678 idcirco,
776 1608 966 1666 fratres
985 1610 1335 1678 dilectissimi,
1360 1613 1484 1667 huic
1505 1614 1738 1684 pericqu
1762 1630 1890 1669 con-

289 1704 468 1759 sulens
486 1702 761 1768 Dominus,
787 1718 854 1758 ne
873 1704 993 1773 quis
1007 1704 1122 1758 zelo
1142 1702 1322 1759 fratris
1348 1708 1399 1759 in
1428 1706 1675 1775 laqueum
1702 1709 1884 1761 mortis

286 1796 610 1860 incurreret,
626 1810 747 1850 cum
777 1811 897 1850 cum
920 1795 1164 1865 discipuli
1190 1800 1578 1869 interrogarent
1602 1800 1721 1870 quis
1746 1802 1888 1855 inter

284 1888 406 1944 illos
450 1898 472 1925 ο
514 1887 687 1957 major
722 1899 873 1943 esset
907 1907 921 1942 :
955 1890 1054 1957 Qui
1104 1890 1286 1959 fuerit,
1336 1891 1535 1961 inquit,
1568 1893 1804 1946 minimus
1840 1893 1894 1946 in

285 1980 514 2034 omnibus
538 1980 694 2047 vobis,
725 1981 806 2035 hic
834 1982 929 2035 erit
957 1998 1170 2053 magnus
1193 1980 1346 2054 (Luc.
1372 1999 1447 2051 Ix,
1491 1982 1606 2056 48).
1638 1985 1894 2053 Amputa-

285 2074 360 2128 vit
382 2088 596 2129 omnem
627 2073 1023 2129 aemulationem
1051 2090 1313 2145 reSponso
1341 2091 1440 2131 suo
1466 2117 1481 2140 ,
1512 2091 1729 2130 omnem
1761 2090 1892 2130 cau-

283 2183 396 2227 sam
423 2176 478 2223 et
514 2167 791 2221 materiam
823 2168 1097 2223 mordacis
1123 2166 1339 2221 invidia:
1372 2167 1511 2222 eruit
1554 2176 1608 2222 et
1643 2167 1891 2222 abscidit.

283 2259 553 2331 Discipulo
581 2258 782 2315 Christi
808 2257 834 2295 ά
874 2260 1050 2315 zelare
1079 2276 1183 2314 non
1222 2260 1346 2315 licet
1393 2269 1440 2323 ε’,
1477 2275 1581 2313 non
1612 2258 1735 2314 licet
1761 2260 1896 2313 invi-

285 2352 443 2408 dere.
484 2351 838 2407 Exaltationis
861 2352 1001 2422 apud
1033 2366 1130 2407 nos
1166 2366 1270 2406 non
1303 2360 1481 2421 potest
1514 2366 1634 2406 esse
1664 2360 1895 2405 conten-

286 2444 398 2500 tio:
430 2444 499 2499 de
524 2444 820 2499 humilitate
858 2444 924 2499 ad
953 2459 1161 2499 summa
1191 2442 1483 2499 crescimus
1525 2442 1545 2481 ί
1567 2485 1582 2508 ,
1613 2443 1896 2498 didicimus

288 2533 431 2590 unde
477 2535 799 2604 placeamus.
855 2533 1091 2606 Denique
1142 2545 1197 2591 et
1232 2535 1508 2605 apostolus
1562 2534 1756 2589 Paulus
1809 2535 1889 2588 in-

285 2637 501 2683 struens
538 2636 594 2683 et
619 2641 844 2682 monens
873 2638 928 2682 ut
970 2628 1083 2698 qui,
1130 2627 1412 2682 illuminati
1444 2626 1641 2682 Christi
1684 2628 1889 2682 lumine

288 2718 539 2775 tenebras
564 2726 850 2773 nocturnae
868 2718 1296 2774 conversationis
1329 2719 1621 2784 evasimus,
1655 2719 1708 2772 in
1736 2718 1896 2773 factis

289 2817 453 2878 amne
506 2809 557 2862 in
615 2807 867 2879 operibus
907 2810 1125 2865 luminis
1180 2809 1558 2874 ambulemus,
1610 2810 1795 2864 scribit
1843 2817 1900 2863 et

290 2901 424 2957 dicit
454 2919 469 2957 :
503 2900 626 2956 Nox
646 2883 880 2956 transiuit
906 2944 918 2965 ,
943 2901 1052 2956 dies
1076 2911 1243 2955 autem
1267 2901 1717 2972 appromnquavit.
1750 2900 1897 2972 Abji-

287 2995 485 3049 ciamus
516 3011 658 3066 ergo
707 3010 864 3063 opem
906 2993 1229 3048 tenebrarum
1261 3035 1274 3060 ,
1324 3006 1370 3048 et
1396 2995 1673 3049 induantus
1702 3006 1727 3042 κ
1756 3011 1899 3048 arma

289 3087 441 3142 lucis.
490 3077 773 3156 Tamquam
808 3088 863 3141 in
890 3086 975 3140 die
1002 3086 1236 3141 decenter
1258 3084 1289 3123 ιι
1323 3088 1655 3153 ambulemus,
1699 3104 1799 3142 non
1844 3089 1898 3142 in

299 3178 748 3234 commotionibus
788 3188 838 3233 et
883 3180 1227 3245 ebrietatibus,
1259 3196 1362 3234 non
1388 3181 1443 3251 in
1479 3180 1899 3249 concupiscentiis

300 3282 345 3328 et
369 3272 724 3342 impudicitiis,
747 3286 851 3328 non
876 3273 931 3325 in
953 3271 1311 3327 certaminibus
1339 3282 1384 3327 et
1410 3273 1518 3327 zelo
1547 3270 1724 3342 (Rom.
1781 3289 1895 3340 xm,

312 3364 407 3432 42,
440 3365 551 3434 15).
597 3363 653 3418 Si
696 3374 1037 3419 recesserunt
1066 3363 1134 3419 de
1176 3373 1390 3432 pectore
1428 3373 1520 3418 tuo
1551 3368 1784 3419 tenebrae
1806 3407 1819 3430 ,
1854 3366 1900 3421 si

296 3474 400 3514 nox
428 3458 553 3513 inde
575 3457 818 3512 discussa
849 3468 971 3525 est,
1019 3458 1063 3512 si
1094 3458 1269 3529 caligo
1295 3459 1504 3514 detersa
1531 3467 1646 3523 est,
1686 3459 1729 3512 si
1779 3459 1902 3514 illu-

299 3548 524 3605 minavit
544 3562 738 3603 sensus
760 3557 885 3603 tuos
906 3548 1162 3619 splendor
1190 3549 1318 3617 diei,
1350 3550 1393 3603 si
1426 3549 1587 3604 homo
1618 3550 1751 3604 lucis
1779 3565 1901 3606 esse

296 3640 538 3711 cmpisti,
584 3655 705 3711 quae
754 3649 879 3695 sunt
910 3639 1114 3697 Christi
1148 3655 1311 3711 gere,
1351 3642 1472 3711 quia
1519 3642 1604 3697 lux
1635 3650 1689 3697 et
1726 3642 1841 3697 dies
1881 3642 1893 3679 ί

299 3734 549 3789 Christus
570 3742 680 3789 est.

372 3866 463 3922 XI.
505 3867 642 3937 Quid
689 3868 738 3922 in
789 3867 888 3923 zeli
924 3866 1173 3931 tenebras
1202 3836 1355 3923 ruis?
1383 3868 1507 3938 quid
1538 3877 1587 3924 te
1617 3868 1798 3931 nubiio
1826 3870 1897 3925 Ιί-

302 3962 446 4017 roris
476 3961 700 4017 iuvolvis
727 3960 751 4015 ?
789 3960 916 4031 quid
940 3960 1156 4019 invidiae
1174 3961 1421 4017 excitate
1449 3975 1611 4017 omne
1650 3962 1801 4028 pacis
1842 3971 1900 4017 et

303 4053 579 4108 charitatis
607 4053 785 4109 lumen
812 4052 1126 4124 cxtinguis?
1156 4053 1281 4124 quid
1306 4051 1372 4108 ad
1401 4052 1670 4113 diabolum
1696 4054 1781 4109 cui
1812 4069 1901 4119 re-

309 4146 648 4203 nuntiaveras
673 4145 859 4205 redis?
887 4144 1010 4215 quid
1038 4144 1173 4207 Cain
1195 4144 1387 4202 similis
1415 4145 1640 4201 existis?
1668 4144 1907 4203 IIOInici-

305 4238 377 4293 dii
407 4252 637 4307 namque
670 4237 906 4291 facinore
950 4237 1242 4308 constringi
1275 4252 1395 4295 eum
1442 4237 1528 4308 qui
1563 4236 1815 4291 zelaverit
1853 4245 1908 4291 et

306 4330 432 4385 odio
461 4328 706 4397 habuerit
744 4327 961 4384 fratrem
1002 4344 1179 4396 suum,
1209 4328 1444 4386 declarat
1498 4328 1733 4389 Joannes
1777 4344 1909 4400 apo-

308 4420 481 4478 stolus
508 4421 560 4476 in
592 4419 825 4491 Epistula
851 4436 948 4477 sua
973 4421 1157 4478 dicens
1186 4441 1198 4476 :
1234 4422 1336 4489 Qui
1364 4421 1575 4492 fratrem
1597 4437 1749 4475 suum
1778 4421 1904 4486 odit,

1990 462 2043 516 in
2072 479 2125 518 se
2156 464 2305 517 vitam
2332 474 2611 519 manentem
2642 462 2685 534 (Ι
2711 462 2865 519 Joan.
2888 479 2966 528 ιιι,
2992 462 3105 536 15).
3137 459 3415 520 Ειῖιθιίιιιι
3437 480 3456 517 :
3484 463 3585 530 Qui

1990 556 2112 611 dicit
2146 573 2198 615 se
2222 558 2273 610 in
2300 556 2410 610 lucc
2436 572 2543 611 esse
2564 598 2576 621 ,
2609 568 2656 610 et
2690 560 2902 628 fratrem
2928 574 3073 611 suum
3104 558 3209 611 odit
3237 599 3251 619 ,
3282 558 3333 611 in
3372 557 3587 612 tenebris

1991 656 2061 701 est
2091 663 2246 715 usque
2271 647 2459 712 adhuc,
2492 657 2540 701 et
2569 647 2621 701 in
2652 647 2868 703 tenebris
2895 647 3142 713 ambulat,
3171 658 3219 703 et
3245 665 3347 704 non
3373 649 3466 703 scit
3486 665 3598 718 quo

1991 747 2069 791 cat
2100 737 2145 804 i;
2168 739 2406 808 quoniam
2431 739 2645 795 tenebrat
2670 749 3043 795 excusaverunt
3070 741 3244 796 oculos
3268 742 3379 812 ejus
3419 740 3586 813 (Ibid.

1992 843 2064 895 ιι,
2096 828 2274 901 9-H).
2303 829 2403 897 Qui
2431 831 2573 897 odit,
2602 831 2793 902 inquit,
2829 829 3048 888 fratrem
3076 848 3252 900 suum,
3283 831 3590 890 intenebris

1991 922 2248 988 ambulat,
2286 933 2340 978 et
2379 938 2483 979 non
2517 924 2619 980 scit
2667 940 2772 994 quo
2812 935 2918 980 eat.
2971 924 3016 981 lt
3058 927 3204 982 enim
3259 927 3327 963 ’5’
3375 927 3591 983 nescius

1993 1015 2047 1069 in
2085 1014 2415 1083 gehennam,
2462 1016 2679 1088 ignarus
2705 1026 2759 1073 et
2783 1032 2959 1075 carcus
2991 1012 3361 1091 prtecipitatur
3386 1019 3441 1075 in
3474 1034 3593 1090 poe-

1999 1123 2144 1173 nam,
2177 1109 2440 1167 recedens
2466 1110 2672 1165 scilicet
2717 1124 2747 1165 a
2787 1109 2985 1167 Christi
3015 1110 3218 1167 lumine
3242 1110 3512 1167 monentis
3539 1122 3595 1168 et

1993 1199 2221 1255 dicentis
2252 1218 2264 1254 :
2299 1200 2411 1273 Ego
2443 1218 2555 1257 sum
2578 1203 2745 1257 lumen
2778 1203 2980 1279 mundi.
3026 1202 3127 1269 Qui
3152 1220 3231 1258 me
3257 1213 3455 1259 secutus
3481 1206 3593 1275 fue-
3657 1256 3668 1267 ,

1994 1292 2061 1345 rit
2101 1308 2202 1347 non
2228 1293 2506 1347 ambulabit
2547 1294 2601 1347 in
2642 1294 2854 1351 tenebris
2876 1337 2890 1361 ,
2920 1294 3009 1350 sed
3054 1293 3250 1351 habebit
3282 1295 3449 1351 tanien
3478 1297 3595 1352 vita:

1994 1379 2174 1453 (Joan.
2207 1399 2319 1451 \‘lll,
2348 1384 2461 1455 12).
2480 1383 2736 1456 Sequitur
2764 1394 2942 1441 autem
2966 1384 3237 1442 Christum
3267 1387 3355 1458 qui
3382 1402 3594 1459 praece-

1998 1474 2101 1542 ptis
2131 1473 2246 1544 ejus
2274 1474 2489 1543 insistit,
2522 1475 2611 1546 qui
2646 1491 2739 1545 per
2766 1476 3060 1547 magisterii
3098 1477 3219 1546 ejus
3246 1477 3386 1535 viam
3413 1478 3593 1549 gradi-

1996 1575 2102 1630 tur,
2135 1568 2225 1636 qui
2255 1569 2473 1639 vestigia
2514 1569 2632 1639 ejus
2676 1577 2837 1639 atque
2879 1570 3069 1629 itinera
3115 1579 3378 1639 sectatur,
3410 1572 3500 1642 qui
3539 1570 3596 1629 id

1996 1661 2138 1730 quod
2173 1660 2414 1715 Christus
2450 1672 2501 1717 et
2541 1662 2721 1716 docuit
2751 1671 2805 1716 et
2847 1659 2974 1716 fecit
3005 1662 3259 1729 imitatur,
3300 1648 3597 1722 secundum

1917 1768 1965 1827 Β
1995 1753 2137 1820 (μιοά
2189 1754 2375 1807 Ρεινιις
2420 1751 2445 1789 ιε
2489 1768 2708 1824 quoque
2754 1752 2997 1815 hortatur
3043 1764 3098 1810 et
3142 1765 3326 1813 monet
3363 1756 3593 1815 dicens:

2000 1841 2230 1896 Christus
2262 1860 2443 1910 passus
2473 1856 2545 1898 est
2573 1861 2663 1910 pro
2691 1846 2837 1907 nobis
2863 1842 2907 1909 ι,
2950 1845 3237 1917 relinquens
3261 1848 3398 1907 vobis
3423 1864 3597 1909 exent-

1996 1935 2136 2005 plum
2165 1946 2215 1988 ut
2246 1938 2523 2007 sequamini
2551 1939 2759 2008 vestigia
2784 1939 2896 2009 ejus
2928 1936 2974 2011 (Ι
3006 1938 3117 1993 Pet.
3150 1955 3205 2005 ll,
3239 1937 3354 2011 21).

2072 2024 2187 2080 XII.
2236 2027 2540 2084 Meminisse
2593 2030 2852 2097 debemus
2903 2046 3008 2101 quo
3064 2031 3327 2088 vocabulo
3385 2032 3597 2103 plebem

1997 2135 2146 2177 suam
2177 2118 2420 2176 Christus
2442 2123 2702 2192 appellet,
2727 2139 2832 2193 quo
2857 2126 3010 2185 titulo
3033 2141 3250 2197 gregem
3278 2143 3436 2194 suum
3460 2143 3599 2183 nun-

1997 2224 2179 2284 cupet.
2208 2213 2347 2271 Oves
2372 2217 2635 2283 nominat,
2668 2226 2726 2272 ut
2750 2219 3053 2285 innocentia
3088 2220 3377 2279 christiana
3403 2221 3600 2283 ovibus

1999 2319 2239 2380 mquetur
2268 2311 2441 2382 (Joan.
2481 2329 2533 2377 ιι,
2564 2313 2632 2379 2;
2663 2312 2855 2370 Matth.
2882 2316 3051 2385 x,16)
3079 2334 3094 2381 ;
3124 2330 3290 2387 agnos
3330 2324 3506 2383 meat,
3542 2325 3600 2371 ut

1998 2415 2256 2470 agnorum
2287 2412 2531 2461 naturam
2557 2405 2861 2476 simplicem
2886 2408 3204 2478 simplicitas
3228 2410 3436 2469 mentis
3478 2407 3601 2469 imi-

2001 2500 2158 2547 tetur.
2181 2492 2319 2561 Quid
2346 2494 2448 2550 sub
2478 2497 2670 2551 vestitu
2701 2497 2881 2553 ovium
2910 2498 3068 2569 lupus
3092 2499 3305 2561 latitat?
3332 2498 3462 2570 quid
3482 2513 3601 2568 gre-

1998 2598 2119 2654 gem
2160 2576 2359 2639 Christi
2398 2586 2489 2655 qui
2537 2601 2596 2643 se
2640 2588 2994 2653 christianum
3026 2592 3289 2659 mentitur
3329 2591 3599 2657 infamat?

2001 2676 2199 2730 Christi
2239 2694 2431 2733 nomen
2464 2679 2687 2737 induere
2730 2692 2785 2740 et
2813 2698 2918 2740 non
2948 2700 3044 2755 per
3060 2686 3269 2749 Christi
3301 2688 3436 2749 viam
3481 2702 3605 2757 per-

2000 2781 2147 2835 gere,
2173 2767 2300 2837 quid
2331 2769 2475 2824 aliud
2504 2787 2662 2842 quam
2710 2777 3077 2843 pracvariciitio
3105 2789 3189 2833 est
3228 2778 3397 2834 divini
3429 2778 3602 2835 nomi-

2005 2859 2111 2923 nis,
2131 2874 2289 2929 quam
2317 2860 2550 2917 desertio
2582 2864 2787 2921 itineris
2812 2867 3094 2931 salutaris?
3120 2869 3334 2939 quando
3362 2869 3478 2945 ipse
3506 2869 3608 2927 d0-

2002 2958 2121 3004 Crat
2149 2959 2204 3005 et
2227 2950 2372 3007 dicat
2399 2968 2521 3009 eum
2547 2954 2614 3010 ad
2647 2957 2806 3011 vitam
2836 2960 3018 3015 venire
3043 2960 3132 3030 qui
3162 2960 3415 3017 mandata
3432 2970 3473 2997 ω
3494 2975 3603 3016 ser-

2004 3042 2231 3107 vaverit,
2261 3052 2315 3097 ct
2343 3059 2465 3099 eum
2495 3059 2614 3101 esse
2642 3049 2938 3118 sapientem
2969 3052 3060 3121 qui
3090 3050 3249 3107 verba
3276 3050 3392 3121 ejus
3419 3050 3607 3107 audie—

1924 3149 1971 3212 ρ
2005 3135 2073 3189 rit
2115 3143 2169 3190 et
2212 3134 2419 3209 iecerit,
2455 3138 2731 3197 doctorem
2771 3159 2986 3214 quoque
3033 3161 3155 3201 eum
3206 3147 3501 3203 maximum
3548 3147 3605 3202 in

2004 3240 2172 3295 regno
2211 3226 2470 3282 cmlorum
2525 3234 2701 3286 vocari
2749 3235 2839 3302 qui
2882 3234 3072 3297 fecerit
3127 3245 3185 3291 et
3236 3237 3314 3291 sic
3359 3236 3609 3303 docuerit

2008 3317 2227 3390 (Matth.
2273 3334 2327 3386 v,
2380 3319 2505 3391 i9);
2539 3333 2661 3378 tunc
2712 3326 3020 3394 prazdicanti
3076 3327 3414 3396 profuturum
3460 3328 3606 3399 quod

2004 3408 2143 3467 bene
2169 3417 2331 3479 atque
2363 3411 2563 3468 utiliter
2586 3416 2940 3484 praedicatum
2970 3417 3145 3486 fuerit,
3181 3422 3225 3474 si
3264 3418 3317 3475 id
3338 3420 3480 3490 quod
3510 3435 3607 3477 ore

2006 3508 2274 3576 promitur
2310 3509 2465 3565 factis
2487 3511 2835 3579 sequentibus
2862 3511 3173 3581 impleatur.
3204 3512 3342 3579 Quid
3371 3529 3498 3568 vero
3525 3514 3608 3568 in-

2006 3597 2237 3655 sinuavit
2265 3602 2508 3663 crebrius
2551 3602 2826 3672 discipulis
2852 3604 2963 3657 suis
2993 3604 3270 3669 Dominus,
3312 3606 3608 3675 quidinter

2001 3690 2254 3747 salutaria
2286 3694 2488 3749 monita
2527 3702 2582 3748 et
2604 3702 2871 3764 prmeepta
2902 3695 3139 3749 caelestia
3186 3695 3603 3753 custodiendum

2004 3780 2174 3851 magis
2192 3783 2622 3852 servandumque
2645 3783 2938 3851 mandavit,
2965 3799 3123 3854 quam
3151 3793 3211 3839 ut
3235 3785 3423 3841 eadem
3443 3785 3608 3844 dilec-

2004 3869 2149 3926 tione
2170 3887 2277 3942 qua
2303 3872 2594 3945 discipulos
2618 3874 2731 3945 ipse
2750 3874 2956 3943 dilexit,
2983 3890 3080 3931 nos
3096 3892 3308 3949 quoque
3336 3877 3566 3943 invicem
3580 3888 3608 3914 ιι

2003 3962 2286 4034 diligamus
2310 3964 2497 4037 (Joau.
2532 3981 2656 4032 xui,
2690 3965 2817 4037 διν
2856 3967 3136 4034 Quomodo
3174 3980 3353 4024 autem
3394 3970 3479 4026 vel
3514 3986 3609 4041 pa-

2007 4068 2123 4110 cem
2173 4056 2382 4111 Domini
2432 4059 2510 4113 vel
2549 4057 2867 4115 eharitatem
2898 4068 3044 4117 tenet
3092 4060 3203 4131 qui,
3244 4061 3611 4119 intercedente

2012 4146 2128 4200 zelo
2152 4188 2167 4212 ,
2201 4163 2298 4201 nec
2328 4148 2582 4218 paciﬁcus
2609 4160 2783 4220 potest
2810 4166 2932 4207 esse
2960 4168 3059 4208 nec
3086 4152 3281 4227 charos
3306 4154 3329 4207 ι

2084 4238 2219 4295 XIII.
2253 4240 2378 4297 Ideo
2406 4251 2457 4297 et
2485 4244 2757 4314 apostolus
2788 4244 3003 4312 Paulus,
3034 4261 3154 4302 cum
3179 4248 3326 4317 pacis
3354 4258 3406 4302 et
3435 4246 3610 4305 chari—

2011 4334 2134 4386 tatis
2160 4334 2350 4388 merita
2395 4334 2758 4405 depromeret,
2790 4352 3021 4408 cumque
3049 4346 3390 4393 asseveraret
3446 4338 3613 4391 Iirmi-

2014 4431 2094 4478 ter
2143 4432 2197 4478 et
2240 4425 2461 4483 doceret
2484 4442 2581 4483 nec
2605 4427 2762 4485 Iidem
2794 4428 2919 4497 sibi,
2949 4444 3045 4483 nec
3074 4429 3480 4500 eleemosynas,
3513 4446 3612 4496 nec

1551 4536 1932 4595 LECTIONES
1967 4538 2380 4600 VARIANTES.

378 4659 403 4687 ιι
436 4657 591 4727 Potes
612 4658 768 4706 vitare
791 4667 909 4727 _nec
939 4654 1117 4719 fugere
1145 4658 1233 4705 Ar.
1290 4658 1428 4707 Voss.
1469 4655 1518 4703 2.
1553 4652 1757 4716 Fugere
1802 4654 1908 4709 uhi-
1931 4656 1985 4727 ι)
2073 4654 2104 4726 1}
2134 4656 2363 4727 ~tioneste
2389 4658 2493 4727 Litt.

311 4732 525 4779 cumque
548 4719 752 4779 fugeres
784 4717 921 4768 Foss.

374 4778 403 4852 ι]
430 4778 711 4852 'I‘u'pectore
733 4781 966 4852 carm,
984 4778 1127 4831 Ebur.
1160 4778 1285 4830 Tim.
1312 4779 1436 4830 Bod.
1463 4782 1505 4841 I,
1528 4780 1576 4829 2.

379 4842 746 4967 ἒξ)ῗὲιῖἶῖδὲ
761 4843 943 4956 Iéiiiisu
967 4905 1102 4956 Lam.
1126 4903 1236 4958 Liu.
1254 4904 1381 4957 Bod.
1410 4904 1456 4954 2.

381 4973 406 5000 ε
435 4967 541 5016 Νοιι
561 4967 710 5018 decet
730 4966 856 5019 Bod.
872 4966 920 5015 2.

381 5029 403 5067 ί
440 5029 714 5080 Crescimus
732 5030 862 5081 unde
885 5029 1161 5091 placeamus
1179 5032 1318 5081 Pem.
1353 5033 1492 5083 Voss.
1516 5028 1565 5081 2.

381 5095 407 5134 Β
430 5091 695 5143 Induamur
715 5095 833 5145 Ver.
862 5090 1161 5145 Vet.iunom.

2078 4718 2095 4756 ί
2134 4718 2195 4769 Et
2218 4720 2300 4769 lux
2326 4729 2378 4772 et
2398 4723 2507 4772 dies
2532 4721 2657 4772 Bod.
2690 4723 2733 4772 1.

2079 4781 2093 4847 i
2136 4781 2307 4847 Eescit
2329 4798 2429 4847 quo
2453 4792 2535 4847 eat
2559 4784 2684 4835 Bod.
2711 4786 2759 4847 2.

2074 4844 2103 4909 ξι
2132 4844 2321 4909 ljetrus
2349 4844 2599 4909 apostolus
2624 4846 2747 4896 Bod.
2774 4847 2823 4896 5.

2080 4905 2099 4945 1
2140 4907 2329 4974 Pa_ssns_
2351 4905 2428 4959 eSt.
2461 4909 2704 4974 pro_vobis
2728 4911 2860 4959 Lmn.
2894 4910 3018 4962 Bod.
3047 4911 3093 4974 t,
3119 4909 3165 4960 2.
3199 4911 3320 4963 Tltu.
3346 4911 3485 4964 Foss.
3513 4913 3613 4966 via.

2015 4970 2050 5020 ι.
2075 4984 2127 5033 ιιι
2147 4971 2214 5033 (td
2237 4967 2374 5033 Qnir.
2400 4967 2512 5033 cap.
2535 4971 2612 5020 59.

2074 5029 2114 5095 Ψ
2139 5029 2367 5095 Δῌιιιιόειιει
2393 5029 2499 5095 ejus
2526 5035 2646 5083 Ver.
2664 5033 2789 5084 Bod.
2815 5035 2864 5083 2.

2078 5094 2104 5121 υ
2139 5091 2238 5143 Nos
2262 5091 2465 5143 invicem
2484 5095 2576 5145 Ar.
2601 5095 2726 5148 Bod.
2752 5096 2799 5147 ‘2.
2830 5093 2955 5148 Thu.
2980 5099 3121 5153 F058.

1564 5200 1805 5259 STEPH.
1851 5199 2116 5257 BALUZII
2157 5198 2411 5273 ΝΟΤᾸΕ.)

321 5314 699 5398 manuscriptis
745 5316 1041 5398 codicibus.
1073 5316 1271 5374 Snstuli
1298 5326 1476 5398 tamen
1526 5324 1914 5398 cam,pr01)ter

322 5388 693 5461 auctoritatem
727 5397 804 5443 tot
830 5399 1069 5442 veterum
1112 5390 1519 5461 exetnplarium,
1552 5396 1608 5444 et
1634 5388 1757 5457 quia
1799 5388 1915 5441 sine

323 5474 383 5515 ea
412 5460 613 5528 optime
640 5469 851 5513 constat
885 5473 1094 5514 sensus.

346 5544 347 5547 ‘
396 5528 730 5602 Adversarius
760 5540 877 5602 tuus
899 5539 1061 5602 tecum
1074 5539 1176 5602 est.
1210 5531 1566 5602 Hieronymus
1592 5529 1644 5602 in
1676 5528 1916 5601 Epistola

323 5602 390 5654 ad
419 5599 749 5654 Eustochium
778 5600 846 5671 de
883 5599 1136 5655 Cusrodia
1183 5599 1545 5671 Virginitatis:
1580 5599 1760 5659 Facite
1801 5602 1918 5654 aliis

324 5687 555 5727 caremus
585 5671 734 5725 vitiis.
789 5670 889 5727 Hic
914 5672 1073 5729 hostis
1098 5674 1242 5727 nobis
1278 5670 1504 5729 inclusus
1532 5683 1623 5733 est.
1658 5672 1919 5740 Quocum-

324 5759 423 5819 que
443 5742 717 5819 pergimus,
748 5742 1006 5800 nobiscum
1035 5752 1294 5814 portamus
1323 5743 1603 5800 inimicum.

2092 5314 2157 5371 Χ.
2194 5315 2411 5373 -Νοω
2454 5321 2701 5376 transivit.
2733 5320 2869 5383 Vide
2912 5322 3124 5381 Erasmi
3166 5324 3530 5384 Aunolationes
3560 5326 3615 5383 in

2020 5387 2161 5442 hunc
2187 5388 2358 5444 locum
2380 5389 2551 5444 Pauli.

2094 5459 2279 5538 XI._—
2304 5459 2542 5538 Fratrem
2586 5478 2735 5538 suum
2766 5464 2890 5538 odit.
2919 5464 3052 5523 Vide
3078 5476 3323 5538 sanctum
3353 5469 3612 5538 Augusti-

2020 5546 2145 5605 num
2174 5532 2424 5605 Tracnttu
2456 5549 2486 5588 v
2512 5534 2561 5586 in
2595 5533 2877 5605 Epistulam
2921 5538 3083 5592 sancti
3111 5536 3348 5605 Joannis,
3383 5532 3463 5595 et'
3476 5538 3615 5597 Cas-

2019 5604 2255 5685 sianum,
2299 5604 2480 5685 lib._t,
2533 5618 2650 5676 cap.
2702 5601 2794 5664 20.
2862 5607 2990 5668 Vide
3031 5610 3192 5669 etiam
3236 5601 3620 5685 llincmarum,

2023 5682 2150 5737 tum.
2172 5689 2220 5742 ι,
2253 5690 2371 5747 pag.
2404 5675 2492 5732 72.
