4230 6282
630 331 733 386 647

2040 327 2177 386 DIVI
2215 322 2535 387 CYPRIAM

3825 331 3938 392 648

625 443 929 515 passionem
975 456 1188 513 quoque
1239 442 1407 512 ipsam
1459 441 1785 500 confessoris
1826 450 1880 499 et
1915 445 2165 515 martyris
2195 455 2216 481 ιι
2247 445 2296 504 Λ
2327 446 2440 498 bnis
2468 462 2582 499 cum
2618 445 2801 516 ipsoin
2833 445 3000 517 gloria
3024 444 3247 519 (Cotoss.
3278 461 3335 501 ιιι
3361 488 3374 512 .
3412 445 3561 520 1-4).
3587 447 3688 518 Qui
3727 462 3855 521 ergo
3880 450 3941 505 in

628 536 988 606 profuturam,
1012 537 1112 592 nisi
1133 535 1413 591 eharitatis
1440 536 1636 593 fmdera
1653 536 1859 608 integra
1883 546 2043 608 atque
2065 538 2229 592 invio-

628 627 734 682 lata
771 633 1061 693 servasset,
1093 625 1293 696 adjecit
1335 638 1389 683 et
1427 626 1560 682 dixit
1588 644 1601 681 :
1632 627 1870 683 Charitas
1899 629 2229 701 magnanima

630 728 724 787 est,
775 719 999 773 charitas
1029 718 1245 791 benigna
1290 730 1392 788 est,
1442 720 1663 776 charitas
1707 736 1809 776 non
1843 720 1975 776 zelat
2011 721 2067 791 (Ι
2107 719 2226 776 Cor.

630 828 749 879 xttt,
779 811 865 885 4);
897 812 1101 869 docens
1127 813 1335 870 scilicet
1358 822 1413 869 et
1433 812 1726 870 ostendens
1760 828 1882 869 eum
1914 827 2074 883 posse
2100 813 2231 868 cha-

632 906 845 964 ritatem
871 916 1056 964 tenere
1095 907 1343 981 quisquis
1365 906 1739 979 magnanimus
1774 904 1937 961 fuerit
1963 915 2019 960 et
2046 904 2232 976 benig-

629 1015 732 1055 nus
752 1009 807 1055 et
835 1000 937 1056 zeli
960 1014 1025 1057 ac
1053 1000 1243 1056 livoris
1266 999 1494 1055 alienus.
1517 998 1649 1054 Item
1679 997 1945 1065 alioloco,
1970 1012 2089 1053 cum
2114 1011 2233 1052 mo-

630 1102 786 1150 neret
813 1104 872 1149 ιιι
895 1093 1056 1153 homo
1077 1094 1188 1165 jam
1218 1103 1406 1150 sancto
1433 1092 1635 1163 Spiritu
1655 1093 1848 1164 plenus
1868 1102 1922 1148 et
1951 1092 2234 1149 nativitate

631 1186 838 1243 cmlesti
871 1186 965 1242 Dei
993 1186 1136 1242 filius
1180 1186 1351 1243 factus
1398 1200 1504 1241 non
1548 1184 1650 1239 nisi
1690 1184 1950 1254 spiritalia
1977 1194 2031 1240 et
2056 1184 2236 1239 divina

631 1287 887 1344 sectetur,
920 1280 1070 1349 ponit
1099 1288 1154 1336 et
1191 1278 1317 1335 dicit
1350 1296 1363 1334 :
1397 1278 1460 1332 Et
1502 1293 1594 1349 ego
1620 1278 1845 1348 quidem,
1880 1278 2085 1346 fratres,
2133 1294 2238 1331 non

636 1372 778 1441 potui
806 1371 945 1426 vobis
970 1371 1109 1442 loqui
1125 1372 1270 1439 quasi
1283 1360 1618 1441 spiritalibus,
1639 1369 1727 1423 sed
1754 1368 1903 1439 quasi
1926 1368 2233 1436 carnalibus,

637 1474 897 1535 tamquam
921 1464 1206 1536 infantibus
1233 1464 1284 1517 in
1331 1463 1554 1517 Christo.
1579 1460 1736 1515 Lacte
1748 1477 1840 1517 vos
1872 1461 2042 1532 potavi
2062 1460 2111 1527 ι),
2137 1478 2241 1515 non

638 1555 770 1625 cibo,
794 1557 1020 1611 nondum
1048 1557 1183 1610 enim
1211 1555 1473 1626 poteratis,
1503 1555 1592 1609 sed
1619 1570 1779 1624 neque
1797 1571 1930 1608 nunc
1956 1556 2161 1623 potestis
2191 1567 2238 1609 ο.

638 1649 820 1705 Adhuc
849 1648 981 1703 cnint
1010 1648 1128 1703 estis
1158 1646 1410 1702 carnales.
1447 1645 1545 1701 Ubi
1575 1645 1707 1701 enim
1728 1645 1782 1699 in
1803 1646 1940 1700 vobis
1969 1642 1997 1682 ά
2024 1644 2163 1700 zelus
2191 1654 2242 1701 et

638 1742 891 1798 contentio
917 1751 961 1796 et
989 1742 1325 1797 dissensiones
1362 1750 1512 1809 sunt,
1554 1756 1722 1795 nonne
1753 1740 1985 1795 carnales
2033 1740 2150 1793 estis
2196 1748 2242 1793 et

641 1836 919 1892 secundum
945 1822 1200 1889 hominem
1225 1831 1499 1888 antbulatis
1540 1832 1577 1905 (l
1607 1832 1726 1886 Cor.
1754 1848 1831 1898 ιιι,
1862 1832 2021 1903 1-3)?

715 1926 854 1984 XIV.
883 1926 1191 1982 Obterenda
1231 1935 1380 1993 sunt,
1424 1924 1620 1982 fratres
1648 1925 2009 1991 dilectissimi,
2040 1924 2167 1980 vitia
2191 1933 2245 1979 et

643 2028 859 2092 peccata
887 2019 1147 2087 carnalia,
1179 2028 1235 2075 et
1266 2019 1466 2076 terreni
1490 2017 1949 2090 corporisinfesta
1974 2017 2122 2072 labes
2143 2016 2246 2087 spi-

646 2113 786 2169 ritali
835 2114 1019 2185 vigore
1060 2112 1350 2180 calcanda,
1386 2127 1473 2179 ne,
1519 2111 1646 2167 dum
1693 2110 1888 2166 iterum
1927 2109 1995 2165 ad
2047 2109 2246 2165 veteris

643 2207 877 2265 hominis
920 2208 1392 2265 conversationem
1444 2204 1796 2271 revolvimur,
1850 2200 2141 2259 lethalihns
2171 2202 2247 2257 la-

640 2303 795 2374 queis
825 2303 1183 2373 implicemur,
1218 2299 1474 2371 Apostolo
1507 2298 1609 2354 hoc
1645 2297 1787 2354 idem
1827 2296 2179 2368 providenter
2220 2306 2244 2333 θ

644 2404 700 2453 ct
727 2394 1017 2452 salubriter
1044 2401 1411 2465 praemonente
1439 2408 1452 2447 :
1478 2390 1679 2459 Itaque,
1705 2389 1895 2460 inquit,
1922 2390 2126 2460 fratres,
2147 2402 2248 2441 non

648 2492 927 2545 secundum
959 2505 1161 2543 carnem
1193 2487 1419 2541 vivamus
1446 2499 1466 2540 :
1492 2484 1537 2540 si
1571 2483 1705 2538 enim
1738 2482 2014 2538 secundmn
2046 2497 2249 2535 carnem

641 2582 867 2639 vixeritis
892 2580 935 2649 ί,
970 2578 1222 2651 incipietis
1249 2578 1379 2632 mori
1409 2592 1427 2631 :
1455 2576 1498 2631 si
1531 2584 1698 2631 autem
1738 2574 1922 2644 spiritu
1958 2590 2114 2659 opera
2137 2589 2250 2627 car-

650 2678 729 2732 nis
749 2668 1171 2745 mortificaveritis
1190 2681 1238 2739 κ,
1265 2669 1458 2725 vivetis.
1487 2668 1746 2736 Quotquot
1771 2668 1904 2720 enint
1929 2665 2126 2737 Spiritu
2156 2663 2251 2720 Dei

643 2779 884 2842 aguntur,
909 2766 960 2821 hi
988 2766 1085 2837 ﬁlii
1116 2764 1213 2819 Dei
1238 2772 1355 2818 sunt
1400 2760 1575 2833 (Rom.
1625 2774 1739 2826 vnt,
1776 2756 1987 2826 12-14).
2051 2756 2105 2813 Si
2156 2756 2251 2811 filii

644 2862 743 2919 Dei
768 2874 974 2928 sumus,
1004 2859 1050 2914 si
1092 2858 1286 2929 templa
1316 2856 1435 2926 ejus
1459 2868 1580 2910 esse
1612 2851 1725 2922 jam
1752 2850 2036 2921 coepimus,
2066 2849 2131 2917 si,
2158 2863 2248 2904 ac-

640 2963 801 3025 cepto
827 2951 1033 3022 Spiritu
1063 2957 1270 3018 sancto,
1302 2955 1483 3003 sancte
1509 2954 1565 3002 et
1591 2943 1903 3015 Spiritaliter
1930 2941 2180 3008 vivimus,
2206 2939 2252 2996 si

642 3045 711 3102 de
737 3044 893 3101 terris
915 3042 1105 3099 oculos
1143 3041 1212 3097 ad
1242 3040 1439 3097 caelum
1487 3037 1819 3101 sustulimus,
1857 3035 1902 3089 si
1928 3034 1995 3090 ad
2018 3048 2253 3104 superna

642 3114 919 3195 et'divina
972 3135 1188 3206 plenum
1219 3133 1331 3189 Deo
1382 3142 1439 3187 et
1485 3129 1700 3186 Christo
1737 3135 1921 3199 pectus
1958 3125 2247 3214 ereximus,

2331 537 2608 608 Baptismo
2636 537 2932 593 secundum
2958 537 3188 593 hominis
3214 539 3418 608 antiqui
3448 549 3666 609 peccata
3701 541 3941 597 carnalia

2330 643 2386 687 et
2415 632 2609 687 mortui
2640 636 2655 682 t
2687 641 2742 687 et
2789 631 2983 703 sepulti
3014 645 3220 699 sumus,
3260 633 3350 703 qui
3388 635 3795 704 regeneratione
3821 648 3943 690 ete-

2332 724 2451 780 lcsti
2477 724 2693 779 Christo
2720 724 3185 793 consurreximus,
3226 741 3346 795 qua:
3378 734 3507 781 sunt
3536 725 3733 781 Christi
3763 732 3817 781 et
3843 741 3940 782 co—

2334 817 2562 886 gitemus
2581 815 2781 886 pariter
2807 825 2861 871 et
2892 831 3166 886 geramus,
3190 815 3336 872 sicut
3356 816 3495 872 idem
3516 817 3805 888 Apostolus
3831 819 3939 874 do-

2336 918 2421 965 cet
2450 924 2637 965 rursus
2675 917 2731 966 et
2779 919 2964 965 monet
2999 910 3223 966 dicens:
3256 911 3470 966 Primus
3498 912 3648 967 homo
3690 914 3753 966 de
3792 924 3945 969 terra:

2338 1003 2480 1067 limo,
2497 990 2763 1057 secundus
2784 1003 2935 1057 homo
2962 1003 3025 1058 de
3049 1005 3196 1059 creto.
3232 1004 3414 1070 Qualis
3437 1005 3526 1060 illc
3557 1006 3619 1059 de
3646 1006 3788 1072 (into,
3815 1006 3945 1061 tales

2339 1106 2384 1151 et
2411 1096 2499 1168 qui
2526 1097 2589 1151 de
2610 1096 2767 1160 limo;
2798 1105 2845 1150 et
2871 1096 3036 1165 qualis
3061 1097 3298 1162 cwlestis,
3320 1098 3444 1152 tales
3467 1106 3513 1153 et
3533 1098 3778 1153 ralestes.
3798 1098 3943 1164 Quo-

2340 1187 2491 1241 modo
2513 1186 2825 1257 portavimns
2859 1187 3133 1258 imaginem
3162 1189 3274 1258 ejus
3300 1189 3387 1259 qui
3410 1190 3474 1243 de
3498 1190 3618 1244 limo
3644 1199 3738 1255 cst,
3765 1198 3940 1261 porte-

2346 1294 2457 1332 mns
2501 1288 2549 1333 et
2601 1276 2877 1348 imaginem
2919 1277 3032 1343 eius
3060 1268 3148 1348 qui
3191 1278 3256 1333 de
3284 1279 3413 1334 caelo
3454 1290 3529 1334 cst
3571 1278 3791 1351 (lCor.
3832 1297 3941 1350 xv,

2342 1368 2557 1439 47-19).
2587 1369 2878 1439 Imaginem
2906 1378 3089 1424 autem
3128 1370 3403 1427 caelestem
3440 1385 3652 1443 portare
3683 1388 3787 1427 non
3818 1388 3947 1444 pos-

2344 1474 2550 1524 sumus,
2583 1460 2763 1531 nisiin
2797 1476 2861 1516 eo
2896 1460 3036 1530 quod
3082 1476 3205 1533 esse
3226 1462 3337 1532 jam
3368 1464 3631 1534 cmpitnus
3661 1462 3712 1532 κ,
3740 1464 3942 1522 Christi

2345 1549 2749 1606 similitudinem
2781 1553 3133 1622 praebeamus.

2419 1642 2536 1696 XV.
2566 1643 2682 1699 lloc
2708 1652 2790 1699 est
2814 1645 2956 1700 enim
2986 1655 3224 1703 mutasse
3253 1650 3394 1720 quod
3431 1649 3690 1727 fueraset
3716 1652 3943 1724 cmpisse

2348 1750 2468 1791 esse
2500 1736 2642 1806 quod
2672 1752 2777 1792 non
2814 1751 2968 1805 eras,
3000 1750 3058 1793 ut
3088 1740 3138 1793 in
3172 1750 3225 1797 te
3256 1742 3437 1799 divina
3471 1746 3719 1803 nativitas
3747 1745 3941 1814 luceat,

2274 1840 2323 1899 Β
2350 1836 2410 1884 ιιι
2434 1828 2501 1883 ad
2533 1829 2741 1885 Patrem
2771 1831 2937 1887 Deum
2964 1830 3155 1888 deitica
3199 1833 3482 1906 disciplina
3513 1838 3855 1907 respondeat,
3886 1845 3949 1894 ut

2351 1922 2556 1978 honore
2597 1934 2649 1978 et
2680 1924 2839 1980 laude
2868 1926 3082 1983 vivendi
3114 1929 3257 1984 Deus
3302 1931 3355 1985 in
3407 1932 3625 1987 homine
3662 1933 3946 2003 clarescat,

2350 2015 2468 2085 ipso
2501 2017 2821 2074 exhortante
2845 2027 2900 2074 et
2929 2032 3183 2077 monente
3228 2030 3284 2078 et
3325 2023 3404 2077 eis
3445 2023 3534 2093 qui
3563 2037 3622 2079 se
3646 2024 3953 2081 clarificant

2350 2108 2523 2164 vicem
2547 2118 2782 2164 mutuam
2815 2111 3103 2181 pollicente
3132 2129 3147 2166 :
3177 2112 3300 2180 Eos,
3333 2114 3522 2183 inquit,
3551 2114 3639 2184 qui
3657 2115 3954 2183 clariﬁcant

2351 2219 2431 2256 me
2477 2203 2814 2272 clariﬁcabo;
2868 2212 2915 2258 et
2956 2205 3042 2275 qui
3080 2207 3271 2274 spernit
3315 2222 3394 2259 me
3434 2216 3701 2277 spcrnetur
3741 2206 3789 2278 (Ι
3814 2205 3949 2279 Reg.

2364 2310 2423 2363 ιι,
2457 2294 2573 2367 30).
2605 2295 2686 2350 Ad
2731 2311 2891 2367 quam
2935 2296 3372 2354 clarificationem
3400 2296 3420 2336 1
3467 2298 3707 2354 formans
3750 2314 3850 2355 nos
3885 2314 3955 2356 ac

2353 2402 2668 2458 praeparans
2696 2388 2955 2446 Dominus
2981 2398 3035 2445 et
3058 2389 3225 2446 Filius
3257 2389 3355 2446 Dei
3398 2390 3807 2449 similitudinem
3855 2391 3954 2449 Dei

2354 2480 2530 2536 Patris
2558 2470 2837 2539 insinuans
2863 2483 2917 2537 in
2934 2483 3229 2554 Evangelio
3253 2497 3353 2540 suo
3380 2482 3510 2538 dicit
3538 2501 3551 2538 :
3582 2483 3810 2538 Audistis
3834 2485 3955 2555 quia

2355 2575 2546 2628 dictum
2569 2583 2642 2629 est
2670 2590 2690 2629 :
2718 2575 2918 2647 Diliges
2958 2568 3364 2646 proximum'tibi
3386 2584 3448 2643 ιη,
3480 2584 3528 2631 et
3562 2575 3679 2631 odio
3700 2576 3901 2632 habebis
3920 2586 3951 2614 ιι

2354 2666 2617 2721 inimicum
2646 2667 2755 2721 tibi.
2785 2665 2899 2739 Ego
2929 2679 3100 2724 autem
3124 2668 3239 2724 dico
3262 2668 3402 2724 vobis
3430 2684 3449 2722 :
3474 2667 3684 2741 Diligite
3724 2669 3953 2725 inimicos

2355 2769 2561 2827 vestros,
2589 2770 2635 2814 et
2663 2769 2807 2814 orate
2846 2776 2939 2830 pro
2961 2761 3040 2815 Itis
3068 2761 3159 2831 qui
3180 2778 3268 2816 vos
3312 2771 3705 2833 persequuntur,
3748 2773 3802 2817 ut
3837 2762 3947 2818 sitis

2357 2853 2454 2922 ﬁlii
2478 2852 2653 2917 Patris
2676 2853 2825 2907 vestri
2849 2863 2873 2889 ο
2898 2854 2985 2925 qui
3010 2855 3064 2909 in
3085 2856 3224 2910 caelis
3248 2864 3341 2923 est,
3372 2856 3462 2926 qui
3484 2856 3643 2911 solem
3665 2872 3812 2912 suum
3828 2856 3952 2911 oriri

2357 2947 2480 3017 facit
2501 2962 2653 3015 super
2680 2946 2838 3001 bonos
2859 2956 2905 3001 et
2932 2947 3117 3012 malos,
3160 2957 3206 3002 et
3231 2950 3366 3019 pluit
3395 2965 3550 3020 super
3568 2949 3742 3018 justas
3781 2960 3827 3003 et
3866 2950 3948 3003 iu-

2348 3039 2520 3108 justos
2553 3036 2736 3107 (Leuit.
2784 3055 2913 3104 xix;
2950 3037 3142 3093 Matth.
3185 3053 3242 3105 v,
3295 3039 3516 3109 43-45).
3551 3039 3609 3095 Si
3648 3039 3952 3096 hominibus

2358 3131 2538 3186 latium
2565 3141 2649 3186 est
2690 3140 2745 3187 et
2773 3131 3069 3202 gloriosum
3103 3131 3240 3187 filios
3272 3132 3471 3189 habere
3515 3133 3828 3188 consimiles
3848 3175 3863 3199 ,
3889 3141 3947 3188 ct
4017 3148 4021 3151 ·

645 3247 753 3288 non
775 3231 879 3287 nisi
899 3244 1018 3301 quae
1036 3238 1162 3285 sunt
1185 3228 1295 3282 Deo
1319 3233 1372 3282 et
1392 3225 1608 3282 Christo
1633 3224 1792 3295 digna
1816 3222 2091 3290 faciamus,
2115 3222 2253 3276 sicut
2279 3232 2326 3296 ρ
2359 3232 2484 3278 tunc
2512 3224 2681 3294 magis
2710 3226 3013 3295 generasse
3039 3223 3271 3291 delectat
3325 3224 3370 3280 si
3418 3224 3484 3280 ad
3527 3233 3733 3295 patrem
3777 3226 3948 3281 linea-

643 3330 698 3378 et
728 3320 1019 3392 Apostolus
1056 3319 1256 3374 excitat
1289 3325 1344 3373 et
1368 3316 1617 3371 hortatur
1648 3333 1661 3370 :
1692 3314 1754 3370 Si
1778 3314 2165 3393 consurrexistis
2194 3312 2241 3383 h,

643 3407 835 3481 inquit,
865 3426 980 3465 cum
1024 3409 1259 3478 Christo,
1306 3423 1421 3479 qua:
1454 3423 1659 3462 sursum
1708 3415 1825 3463 sunt
1871 3406 2109 3478 quaerite,
2164 3406 2249 3462 ubi

646 3501 880 3558 Christus
905 3511 980 3557 est
1002 3502 1055 3555 in
1080 3501 1288 3557 dextera
1305 3498 1405 3556 Dei
1427 3499 1605 3555 sedens
1625 3517 1646 3566 ;
1665 3515 1779 3570 qua:
1798 3515 1999 3554 sursum
2019 3508 2138 3554 sunt
2165 3512 2249 3555 sa-

646 3596 768 3665 pite,
798 3596 868 3628 ¹⁶⁰
896 3611 996 3650 non
1022 3609 1135 3666 qua:
1169 3610 1323 3666 super
1348 3603 1535 3649 terram
1569 3591 1611 3649 ί.
1660 3592 1856 3648 Mortui
1876 3593 2009 3648 enim
2035 3594 2172 3660 estis,
2204 3603 2251 3649 et

643 3690 749 3745 vita
773 3697 939 3746 vestra
963 3688 1262 3744 abscondita
1289 3697 1360 3744 est
1386 3704 1501 3742 cum
1527 3685 1732 3742 Christo
1755 3687 1809 3741 in
1841 3686 1969 3742 Deo.
2003 3686 2133 3743 Cum
2155 3704 2251 3743 au-

654 3792 757 3840 tem
784 3784 1016 3842 Christus
1043 3783 1337 3855 apparuerit
1362 3781 1465 3836 vita
1493 3791 1677 3850 vestra,
1709 3789 1826 3836 tunc
1847 3790 1894 3837 et
1922 3797 2010 3837 vos
2033 3798 2253 3854 appare-

2348 3314 2544 3371 mentis
2570 3314 2787 3385 paribus
2810 3314 3026 3371 soboles
3051 3315 3320 3371 subsiciva
3342 3326 3369 3365 ιι
3388 3315 3730 3387 respondeat,
3747 3326 3949 3389 quanto

2354 3411 2527 3481 major
2557 3417 2607 3465 in
2640 3411 2749 3467 Deo
2777 3410 2937 3467 Patre
2977 3410 3161 3465 lmtitia
3200 3420 3283 3466 est
3308 3426 3434 3466 cum
3460 3411 3579 3481 quis
3621 3412 3702 3467 sic
3731 3411 3950 3482 spirita-

2355 3503 2478 3559 liter
2509 3503 2768 3572 nascitur,
2798 3512 2859 3558 ut
2894 3503 2947 3558 in
2976 3503 3184 3560 actibus
3230 3506 3349 3576 ejus
3395 3514 3453 3561 et
3494 3504 3740 3562 laudibus
3767 3505 3945 3560 divina

2353 3596 2686 3665 generositas
2706 3604 2733 3643 (ι
2750 3593 3104 3665 praedicetur?
3127 3595 3256 3663 Qua:
3274 3596 3497 3667 justitia:
3516 3595 3690 3667 palma
3711 3604 3812 3663 est,
3828 3611 3951 3667 qua:

2354 3692 2577 3751 corona,
2606 3700 2727 3743 esse
2754 3700 2814 3742 se
2846 3686 3006 3742 talem
3042 3698 3063 3724 τ
3096 3688 3164 3743 de
3187 3702 3295 3758 quo
3328 3688 3469 3744 Deus
3499 3702 3608 3743 non
3635 3687 3777 3743 dicat
3810 3704 3824 3741 :
3854 3686 3951 3742 Fi-

2356 3779 2453 3835 lios
2477 3779 2711 3852 generavi
2743 3788 2764 3815 ³
2796 3787 2842 3833 et
2871 3778 3114 3849 exaltavi,
3157 3779 3259 3851 ipsi
3301 3788 3473 3835 autem
3515 3788 3807 3851 spreverunt
3849 3795 3949 3835 me.

1896 3873 2280 3934 LECTIONES
2315 3871 2734 3934 VARIANTES.

707 3974 734 4035 _'
769 3973 855 4035 Sic
875 3972 1000 4025 Bod.
1020 3973 1068 4035 1,
1086 3972 1194 4034 2,3,
1210 3970 1260 4035 4.
1280 3968 1403 4035 Τὴιι,
1422 3968 1750 4035 Confessionis
1763 3970 2069 4035 autmartyrii
2085 3971 2246 4035 onn.

708 4032 739 4071 ιι
771 4034 857 4103 sic
890 4040 981 4103 ᾼζ.
1008 4031 1311 4103 ιάῃιιέςθον.
1344 4031 1450 4103 ιλιι.
1479 4032 1609 4103 Βρφ
1631 4032 1678 4103 ι,
1705 4033 1754 4091 2,
1778 4033 1835 4103 a1
1853 4033 1902 4081 4.
1935 4031 2058 4083 Tha.
2096 4032 2246 4085 Lacte

646 4110 734 4148 vos
748 4099 904 4148 cibari
929 4098 1052 4146 Bod.
1081 4098 1125 4146 1.
1151 4096 1322 4146 Escam
1344 4094 1379 4144 l.
1407 4111 1456 4143 ιιι
1483 4094 1549 4145 ad
1577 4094 1714 4155 Quir.
1739 4106 1786 4142 c.
1806 4095 1854 4143 3.

711 4160 735 4189 ο
771 4159 990 4210 Potestis
1011 4159 1174 4208 cibum
1207 4155 1343 4207 ferre
1373 4161 1513 4208 Voss.
1542 4155 1591 4204 1.

708 4219 737 4260 ἀ
769 4221 966 4272 Etenim
987 4221 1118 4271 inter
1141 4232 1229 4270 vos
1251 4219 1358 4270 ΝΟ.
1384 4219 1433 4268 1.
1460 4219 1597 4268 Lam.
1623 4215 1747 4267 Bod.
1773 4215 1821 4265 2.

711 4286 737 4314 ⁸
770 4282 1072 4334 Providente
1093 4284 1185 4332 Ar.
1213 4280 1400 4332 Bod.2.

709 4341 733 4382 ί
770 4346 948 4397 Vivitis
972 4342 1097 4395 Bod.
1120 4346 1169 4407 5,
1195 4342 1245 4392 4.
1279 4351 1408 4395 Voss.
1434 4342 1483 4392 1.
1514 4343 1634 4394 Ver.
1662 4342 1782 4394 Ben.
1809 4340 2087 4394 Moriemini
2113 4344 2238 4395 Bod.

644 4407 696 4458 3.
728 4411 866 4461 Voss.
894 4408 941 4459 1.

710 4473 738 4512 8
773 4470 1067 4522 Mortificatis
1091 4472 1209 4522 Ver.

705 4533 738 4596 ll
765 4534 1171 4593 Consurrexistis,
1184 4532 1356 4596 inquit,
1369 4529 1560 4596 Christo
1570 4530 1694 4596 tier;
1702 4528 2108 4596 consurreximus
2117 4529 2243 4582 Thu.

708 4595 729 4635 ί
766 4596 872 4646 Νοιι
896 4608 1006 4660 qua:
1026 4601 1226 4646 terrena
1249 4592 1339 4645 Άν.
1370 4592 1493 4646 Bod.
1520 4593 1568 4657 1,
1592 4592 1640 4655 2,
1665 4592 1713 4656 5,
1738 4593 1786 4643 4.
1822 4596 1939 4644 Ver.
1969 4594 2091 4644 Ben.

710 4657 726 4711 i
758 4657 981 4711 Emortui
1002 4659 1092 4709 Ar.

2266 4637 2321 4700 D

2415 3972 2444 4008 ιι
2478 3968 2726 4031 capimus
2744 3979 3126 4031 perseveremus
3143 3969 3281 4020 Voss.
3309 3966 3355 4018 1.

2418 4031 2438 4070 1
2476 4029 2879 4083 Clariticationem
2903 4029 3205 4082 conformans
3238 4035 3374 4083 Voss.
3399 4032 3448 4082 1.

2414 4095 2454 4122 π’
2485 4094 2770 4144 Proximum
2789 4097 2926 4142 tuum
2946 4094 3039 4143 Ar.

2414 4157 2443 4185 ιι
2477 4131 3039 4205 ἑίὶῖιῖἔέῑῖεὶἷιῗῖνόἓὲἷ
3064 4156 3264 4206 1.Bod.
3294 4157 3340 4206 1.
3370 4156 3420 4207 δ.

2358 4218 2673 4333 Τίαείιιιὶιθε
2694 4217 2825 4268 Patri
2842 4218 2933 4267 Ar.
2950 4215 3175 4270 Lin.NC.
3190 4219 3317 4270 Bod.
3334 4219 3385 4270 2.
3405 4220 3451 4271 1.
3474 4218 3524 4283 3,
3548 4218 3597 4270 4.
3622 4218 3759 4272 Patri
3780 4227 3949 4273 vestro

2414 4347 2443 4386 P
2476 4343 2740 4404 Succisiva,
2764 4341 2950 4394 Bod.3.
2975 4341 3228 4395 Succidlva
3257 4341 3383 4397 Vict.

2412 4409 2441 4450 εἰ
2475 4405 2744 4457 Generatio
2766 4406 2857 4455 Ar.
2880 4405 3005 4454 Bod.
3027 4406 3073 4455 2.

2359 4468 2597 4583 "geram
2620 4466 2769 4518 talem
2792 4470 2882 4518 Ar.
2911 4466 3036 4519 Bod.
3062 4469 3109 4517 2.
3144 4468 3372 4522 Tetalem
3413 4471 3522 4523 NG.
3550 4473 3596 4523 1.
3621 4472 3776 4523 Drur.
3804 4473 3851 4523 1.
3892 4471 3946 4523 2.

2412 4579 2558 4645 i"Sic
2581 4591 2708 4644 Bod.
2735 4591 2783 4642 1.
2810 4592 2859 4654 3,
2884 4592 2931 4642 4.
2959 4579 3120 4645 Genui
3144 4596 3302 4648 Oxon.

1897 4736 2136 4794 STEPll.
2180 4735 2454 4795 BALUZII
2488 4736 2718 4795 ΝΟΤΛΕ.

718 4836 1051 4904 Carnalibus,
1083 4845 1360 4907 tamquam.
1386 4834 1444 4890 In
1475 4830 1717 4907 Apostoli
1746 4839 1879 4907 ῥήσει
1915 4846 2077 4907 voces
2112 4848 2232 4907 car-

647 4909 868 4975 nalibus,
895 4902 1151 4978 tamquam
1170 4902 1335 4977 {quae
1360 4920 1390 4960 a
1412 4902 1558 4961 textu
1599 4904 1886 4960 Baluziano
1922 4902 2058 4960 forte
2081 4903 2232 4961 exci-

645 4980 856 5047 derant,
885 4980 1118 5036 restitui.
1149 4978 1360 5033 Ilou'rn.
1644 5045 1651 5047 Α
1753 5045 1773 5047 _
1884 5012 1889 5015 _

714 5044 854 5107 X111.
882 5049 1295 5120 —Confessoris
1338 5056 1387 5102 et
1440 5045 1722 5120 martyris,
1752 5045 1842 5120 Ita
1885 5044 2231 5101 scribendum

647 5137 768 5180 esse
792 5117 1116 5182 existimavi,
1149 5134 1246 5190 pro
1271 5133 1338 5175 eo
1359 5117 1683 5190 quodantea
1712 5117 2008 5190 legebatur,
2037 5120 2234 5190 confes-

645 5194 802 5249 sionis
830 5205 876 5248 et
896 5187 1165 5264 martyrii,
1178 5191 1302 5264 quia
1322 5187 1395 5244 ita
1423 5189 1681 5264 scriptum
1708 5187 1812 5264 vidi
1845 5189 1896 5264 in
1932 5187 2238 5264 septemde-

646 5267 751 5321 cim
782 5264 934 5320 libris
956 5259 1155 5320 nostris
1183 5259 1237 5317 et
1264 5259 1321 5315 in
1346 5268 1574 5331 quatuor
1599 5260 1928 5331 Anglicanis.
1961 5259 2052 5331 Sic
2076 5261 2236 5331 etiam

647 5336 843 5393 legisse
894 5350 954 5392 se
994 5335 1046 5391 itt
1084 5330 1505 5390 Camberonensi
1553 5330 1779 5386 testatur
1826 5330 2116 5385 Pamelius.
2170 5330 2227 5385 In

645 5402 881 5463 editione
904 5422 1023 5478 quae
1049 5405 1249 5478 dicitur
1276 5402 1681 5478 Gravii__legi_tur
1719 5403 1998 5471 confessori
2018 5410 2064 5454 et
2094 5417 2232 5478 mar-

645 5479 765 5549 tyri.
794 5472 940 5547 Qua!
953 5478 1113 5534 lectio
1134 5474 1287 5532 valde
1312 5473 1615 5549 ac_cedit_ad’
1635 5488 1754 5528 eam
1782 5487 1943 5543 quam
1972 5488 2071 5543 ego
2100 5472 2232 5549 s_nh_-

641 5543 959 5606 stitui.Dcto
982 5557 1163 5605 vetera
1175 5546 1503 5617 exemplaria
1524 5544 1850 5617 habenteam
1865 5558 2024 5614 quam
2047 5543 2231 5617 rejeci.

715 5619 1025 5690 Infantibus.
1057 5618 1180 5674 Tria
1204 5615 1383 5690 vetera
1408 5615 1737 5690 exemplaria
1766 5615 1963 5690 habent
1987 5615 2233 5690 parvulis.

644 5691 704 5750 In
736 5685 874 5748 libro
898 5708 955 5747 ιιι
983 5689 1409 5745 Testimoniorum
1436 5687 1695 5756 scriptum
1721 5695 1803 5756 est
1827 5685 2129 5756 infantibus.

718 5760 874 5816 Lacte
896 5777 984 5816 vos
1009 5761 1197 5830 potavi.
1228 5760 1401 5815 Antea
1431 5755 1726 5830 legebatur.
1758 5755 1865 5811 Lac
1886 5755 2037 5811 vobis
2065 5766 2241 5825 potum

644 5831 783 5899 dedi,
809 5847 912 5888 non
932 5826 1116 5887 cibum.
1133 5830 1390 5897 Quamvis
1412 5843 1474 5885 ea
1489 5826 1652 5886 lectio
1663 5826 1800 5883 bona
1821 5830 1911 5897 sit,
1929 5841 2047 5883 eam
2064 5837 2242 5885 tamen

2339 4832 2582 4960 praeferri
2609 4832 2807 4917 debere
2844 4834 3269 4919 arbitratussum
3286 4851 3448 4921 quam
3473 4836 3731 4895 exhibent
3760 4839 3947 4923 viginti

2363 4905 2460 4960 tbrt
2491 4913 2658 4960 nostri
2674 4914 2728 4960 et
2741 4914 2864 4960 octo
2876 4906 3175 4960 Anglicani.
3193 4917 3302 4960 tum
3317 4917 3475 4960 etiam
3501 4910 3947 4960 CambemnenSts

2363 4905 2460 4978 ibri
2491 4904 2658 4978 nostri
2674 4914 2728 4961 et
2741 4914 2864 4978 octo
2876 4906 3175 4978 Anglicani,
3193 4904 3475 4965 tum'etiam
3501 4904 3950 4967 Camberonensis

2338 4991 2368 5031 a
2396 4976 2631 5033 Pamelio
2648 4977 2911 5044 laudatus,
2928 4976 3244 5048 etexeerpta
3264 4979 3433 5035 Flori.
3458 4980 3631 5036 Aliam
3650 4980 3849 5037 habent
3861 4983 3950 5037 ali-

2343 5058 2472 5117 qnot
2497 5048 2619 5104 libri
2649 5058 2859 5105 veteres
2888 5058 2943 5104 et
2974 5049 3258 5105 editiones.
3287 5050 3495 5107 lnlibro
3521 5067 3581 5107 ιιι
3609 5050 3948 5108 Testimonio-

2340 5134 2476 5191 rum,
2499 5134 2619 5191 cap.
2638 5121 2692 5187 '5,
2717 5119 2908 5191 legitur
2931 5137 2944 5173 :
2968 5120 3073 5174 Lac
3101 5122 3237 5175 vobis
3264 5132 3433 5190 potum
3462 5123 3602 5190 dedi,
3629 5139 3731 5177 non
3760 5140 3948 5180 escam.

2423 5189 2556 5263 XV._
2588 5219 2662 5263 ——_
2708 5189 2993 5246 subsiciva.
3022 5189 3313 5263 iBigaltius
3359 5193 3592 5248 malebat
3641 5197 3941 5249 successive.

2345 5259 2515 5327 Quam
2539 5261 2826 5334 lectionem
2871 5276 2975 5334 ego
3003 5259 3332 5334 deprehendi
3379 5265 3433 5319 in
3477 5264 3682 5334 aliquot
3722 5266 3947 5322 vetustis

2340 5332 2754 5405 exemplaribus.
2775 5334 2829 5387 In
2847 5332 3035 5405 codice
3045 5333 3298 5390 Beccensi
3317 5332 3671 5405 scriptum'est
3684 5338 3947 5392 succidua.

2425 5402 2987 5490 Generavi._Quantvis
3019 5405 3186 5490 lectio
3222 5421 3342 5490 quae
3384 5402 3547 5488 habet
3586 5409 3757 5490 genuit
3808 5409 3950 5490 bona

2344 5474 2450 5541 sit,
2477 5474 2889 5548 __istam__tame_n
2942 5475 3198 5548 reducere
3240 5474 3468 5548 placuit,
3518 5474 3639 5545 quia
3671 5487 3846 5534 exstat
3890 5480 3950 5535 itt

2342 5544 2945 5619 onmibuseditionibus
2971 5563 3089 5619 qua:
3120 5544 3480 5619 Pamelianam
3504 5544 3944 5616 antecesserunt,

2344 5614 2397 5670 in
2424 5630 2554 5691 xxtu
2584 5615 2737 5691 libris
2772 5614 3016 5691 nostris,
3044 5628 3097 5675 et
3124 5617 3181 5673 itt
3209 5619 3381 5679 tribus
3409 5621 3734 5691 Anglicanis.
3770 5614 3952 5678 Aliattt

2346 5701 2454 5741 non
2484 5688 2662 5742 inveni
2688 5688 2788 5743 nisi
2826 5688 2878 5743 in
2909 5690 3100 5745 tribus.

2418 5756 2830 5838 Sicnspiritaliter
2853 5761 3115 5838 nascitur.
3157 5761 3384 5838 Reliqua
3422 5760 3582 5836 hujus
3604 5761 3729 5822 ltbri
3752 5760 3955 5825 desunt

2346 5827 2401 5886 in
2429 5827 2615 5888 codiCe
2640 5831 2807 5889 sancti
2839 5832 3122 5905 Arnulphi.
