4230 6282
315 306 423 363 649

1462 298 1669 356 LIBER
1704 298 1793 356 DE
1831 295 2011 355 ΖΕιο
2050 297 2136 354 ΕΤ
2176 296 2454 355 LIVOItE.

3516 301 3622 359 cso

318 415 450 489 (Isa.
482 431 521 483 ι,
552 412 631 485 9.).
661 411 940 471 Collaudet
966 418 1018 469 te
1042 412 1220 482 ponus
1247 420 1271 448 ει
1292 408 1540 466 Christus
1567 419 1622 467 et
1653 411 1920 467 invitetad
1947 411 1995 472 Α
2025 425 2151 467 suos
2180 412 2370 483 diligit,
2401 410 2704 467 dilectionis
2742 418 2797 467 et
2833 413 2982 483 pacis
3031 413 3257 482 prmmio
3300 413 3620 472 honoratur.

315 508 600 583 pratmium
627 508 814 566 dicens
841 525 855 562 :
896 506 1093 576 Venite,
1126 506 1371 561 benedicti
1396 504 1573 560 Patris
1611 505 1730 574 ntei,
1759 505 1922 577 perci-
1992 561 1999 565 .
2024 503 2084 559 In
2106 504 2208 560 hoc
2236 504 2493 559 virtutum
2522 503 2696 560 stadio
2714 505 2955 575 quotidie
2975 506 3265 572 currimus,
3298 506 3363 562 ad
3394 507 3489 563 bas
3508 509 3625 577 jus-

321 603 427 673 pite
468 617 680 672 regnum
705 600 844 672 quod
870 598 1008 654 vobis
1034 608 1268 671 paratum
1293 607 1364 654 est
1403 598 1464 653 ab
1508 598 1701 671 origine
1739 597 1921 653 mundi

324 691 539 765 (Matth.
581 709 708 760 xxv,
741 690 854 765 54).
882 718 890 725 ·

394 783 537 840 XVI.
572 784 667 841 His
715 784 1153 842 meditationibus
1205 785 1638 843 corroborandus
1685 792 1770 841 est
1811 785 1926 838 ani-

334 894 479 948 mus,
513 878 706 934 fratres
745 877 1116 944 dilectissimi,
1152 878 1417 949 ejusmodi
1447 876 1926 935 exercitationibus

334 983 521 1031 eontra
553 972 731 1027 omnia
776 971 973 1028 diaboli
998 971 1177 1042 jacula
1207 971 1525 1027 ﬁrmandus.
1555 971 1636 1028 Sit
1663 970 1719 1024 in
1740 969 1924 1025 ‘mani-

329 1065 430 1121 bus
458 1063 636 1120 divina
664 1064 844 1132 lectio,
868 1062 922 1119 in
936 1063 1183 1120 sensibus
1212 1064 1484 1120 Dominica
1504 1061 1756 1133 cogitatio
1780 1075 1930 1116 :ora-

331 1159 406 1213 tio
424 1157 568 1230 jugis
598 1158 818 1213 omnino
849 1171 957 1212 non
1008 1163 1188 1213 cesset
1217 1177 1229 1212 :
1264 1156 1511 1212 salutaris
1539 1156 1781 1227 operatio
1807 1169 1930 1224 per-

333 1260 566 1307 severet.
606 1250 951 1322 Spiritalibus
980 1265 1196 1321 semper
1234 1251 1445 1307 actibus
1490 1264 1844 1319 occupcmur,
1876 1257 1932 1303 ut

336 1346 787 1416 quotiescumque
815 1345 1066 1400 inimicus
1091 1343 1399 1413 accesserit,
1431 1344 1641 1413 quoties
1656 1341 1803 1397 adire
1820 1349 1936 1397 ten-

336 1438 551 1507 taverit,
582 1448 634 1495 et
663 1437 901 1493 clausum
948 1436 1237 1493 adversum
1281 1451 1342 1493 se
1379 1445 1568 1507 pectus
1596 1434 1834 1491 inveniat
1884 1443 1941 1489 et

336 1541 626 1588 armatum.
660 1530 777 1587 Non
808 1530 951 1587 enim
981 1528 1265 1586 christiani
1311 1526 1546 1585 hominis
1584 1543 1783 1585 corona
1829 1541 1939 1583 una

340 1632 423 1680 est
468 1640 586 1696 qua:
631 1632 872 1694 tempore
913 1604 1305 1694 persecutionis
1348 1621 1648 1693 accipitur:
1679 1621 1844 1677 habet
1889 1631 1943 1677 et

340 1732 441 1787 pax
472 1731 699 1773 coronas
732 1730 877 1782 suas,
901 1715 1095 1788 quibus
1123 1715 1193 1771 de
1222 1715 1367 1770 varia
1396 1726 1452 1770 et
1495 1714 1776 1784 multiplici
1805 1728 1941 1770 con-

2027 596 2157 652 titite
2189 596 2393 666 palmas
2432 606 2487 653 et
2533 610 2767 653 coronas
2787 596 2905 654 sine
2932 596 3331 655 intermissione
3361 601 3622 671 temporis

2028 693 2396 762 pervenimus.

2102 781 2264 837 XVII.
2299 781 2380 837 Ad
2405 796 2539 854 quas
2566 791 2625 837 ut
2659 784 2945 854 pervenire
2988 794 3048 841 tu
3090 785 3251 843 etiam
3301 789 3495 859 possis,
3537 788 3630 860 qui

2033 874 2215 931 fueras
2241 876 2358 931 zelo
2383 885 2439 931 et
2478 876 2650 932 livore
2700 892 3003 947 possessus,
3038 894 3255 937 omnem
3288 882 3433 937 illam
3480 883 3630 938 mali-

2034 969 2275 1038 tiamqua
2303 970 2451 1039 prius
2465 970 2734 1026 tenebaris
2756 970 2927 1041 abjice
2948 982 2992 1038 α,
3019 972 3085 1026 ad
3108 974 3245 1028 viam
3267 976 3391 1030 vitae
3415 985 3634 1031 aeternae

2036 1062 2273 1133 vestigiis
2302 1062 2623 1119 salutaribus
2649 1061 2967 1119 reformare.
3001 1065 3069 1098 ἐί
3101 1065 3283 1121 Evelle
3307 1066 3371 1122 de
3418 1077 3640 1137 pectore

2036 1164 2126 1211 tuo
2152 1156 2335 1226 spinas
2357 1164 2412 1211 et
2440 1155 2685 1221 tribulos,
2711 1164 2768 1210 ut
2795 1166 2845 1212 te
2867 1157 3201 1213 Dominicum
3222 1173 3407 1214 semen
3431 1159 3592 1216 fertili
3611 1156 3639 1195 ί¹

2038 1249 2189 1321 fruge
2234 1250 2551 1321 locupletet,
2582 1261 2640 1305 ut
2666 1250 2844 1305 divina
2885 1260 2938 1306 et
2980 1252 3236 1321 spiritalis
3265 1268 3419 1323 seges
3461 1255 3517 1308 in
3544 1270 3635 1309 co-

2040 1344 2183 1414 piam
2209 1342 2476 1399 foecundae
2505 1342 2699 1399 messis
2719 1344 2996 1399 exuberet.
3014 1343 3232 1400 Venena
3260 1343 3400 1401 fellis
3419 1360 3635 1411 evome,

2041 1434 2433 1492 discordiarum
2478 1435 2627 1489 virus
2670 1434 2913 1501 exclude,
2963 1446 3219 1507 purgetur
3271 1452 3423 1493 mens
3474 1454 3643 1507 quam

2044 1528 2392 1600 serpentinus
2413 1527 2551 1582 livor
2575 1527 3188 1594 inlecerat,‘amaritudo
3206 1531 3380 1585 onmis
3406 1545 3527 1601 quae
3557 1516 3640 1585 in—

2048 1628 2133 1676 tus
2158 1620 2431 1676 insederat
2453 1620 2652 1677 Christi
2680 1619 2965 1675 dulcedine
2992 1620 3242 1677 leniatur.
3272 1622 3329 1678 Si
3350 1623 3417 1679 de
3448 1637 3631 1679 saera-

2048 1721 2231 1769 mento
2257 1714 2435 1769 crucis
2465 1722 2519 1769 et
2544 1713 2720 1769 cibum
2748 1714 2918 1770 sumis
2947 1725 3001 1769 et
3029 1724 3231 1784 patum,
3260 1714 3460 1786 lignum
3490 1717 3638 1787 quod

339 1809 622 1880 gressione
672 1809 924 1875 victores,
957 1814 1229 1880 prostrato
1260 1817 1314 1864 et
1352 1807 1578 1863 subacto
1608 1806 1940 1876 adversario,
1973 1814 2022 1874 B
2048 1805 2190 1877 apud
2216 1806 2485 1861 merrham
2522 1816 2545 1843 υ
2578 1806 2805 1877 profecit
2832 1808 2884 1862 in
2916 1807 3166 1879 imagine,
3201 1808 3268 1863 ad
3298 1808 3504 1879 saporis
3528 1809 3651 1865 dul-

340 1911 692 1958 coronantur.
726 1900 1031 1958 Libidinem
1078 1900 1361 1971 subegisse
1386 1900 1736 1956 continentiae
1764 1900 1939 1970 palma

341 2003 443 2049 est.
477 1991 674 2048 Contra
705 1994 858 2060 iram,
890 2001 1075 2049 contra
1102 1991 1352 2063 injuriam
1381 2006 1710 2063 repugnasse
1735 2007 1936 2048 corona
1966 2030 1970 2034 Α

341 2085 612 2157 patientia:
660 2094 763 2141 est.
822 2086 898 2141 De
950 2084 1173 2139 avaritia
1211 2084 1518 2154 triumphus
1552 2093 1635 2139 est
1663 2085 1943 2154 pecuniam

344 2189 621 2248 Sperncrc.
656 2176 798 2232 Laus
841 2187 923 2232 est
972 2176 1097 2232 lidei
1124 2176 1317 2231 Iidueia
1371 2176 1675 2231 futurorum
1701 2174 1729 2213 δ
1763 2175 1947 2232 mundi

346 2268 570 2325 adversa
604 2269 851 2326 tolerare.
897 2268 965 2324 Et
1000 2268 1091 2339 qui
1128 2267 1393 2339 superbus
1443 2268 1494 2322 in
1537 2269 1809 2339 prosperis
1835 2284 1943 2323 non

348 2371 450 2431 est,
479 2363 707 2435 gloriam
752 2361 822 2418 de
871 2359 1173 2416 humilitate
1216 2362 1586 2431 consequitur.
1633 2359 1700 2414 Et
1734 2359 1829 2431 qui
1875 2359 1944 2414 ad

350 2470 646 2527 pauperum
703 2452 1056 2511 fovendorum
1115 2451 1542 2507 misericordiam
1581 2466 1786 2522 pronus
1840 2460 1940 2519 est,

349 2548 754 2605 retributionem
803 2546 1038 2602 thesauri
1081 2544 1315 2602 cmlestis
1366 2543 1699 2614 adipiscitur.
1751 2544 1822 2600 Et
1858 2545 1948 2615 qui

352 2641 530 2699 zelare
559 2656 666 2700 non
693 2641 859 2710 novit,
887 2641 1104 2713 quique,
1142 2639 1409 2695 unanimis
1453 2648 1507 2695 et
1534 2638 1701 2705 mitis,
1755 2637 1949 2695 fratres

2046 1895 2290 1952 cedinem
2324 1898 2418 1953 tibi
2445 1898 2499 1953 in
2528 1898 2753 1954 veritate
2783 1898 3026 1967 proficiat
3055 1899 3122 1955 ad
3153 1899 3426 1955 mulcendi
3453 1908 3644 1971 pecto-

2048 1991 2125 2046 ris
2153 1991 2445 2058 lenitatem,
2505 2006 2607 2048 nec
2645 1992 2713 2047 ad
2739 1992 3003 2047 medelam
3046 1993 3430 2063 prosperanda:
3459 1994 3655 2047 valitu-

2057 2083 2198 2139 dinis
2219 2084 2512 2143 laborabis.
2542 2085 2696 2141 Unde
2725 2086 3037 2142 vulneratus
3059 2085 3257 2153 fueras,
3290 2086 3415 2142 inde
3435 2101 3648 2143 curare.

2055 2177 2189 2231 Ama
2212 2191 2306 2231 eos
2333 2191 2468 2248 quos
2495 2186 2621 2232 ante
2648 2177 2860 2243 oderas,
2892 2176 3053 2247 dilige
3076 2176 3197 2232 illos
3223 2177 3418 2248 quibus
3440 2178 3653 2247 injustis

2054 2268 2535 2325 obtrectationibus
2576 2269 2872 2326 invidebas.
2905 2269 3081 2325 Bonos
3121 2269 3351 2336 imitare,
3390 2271 3434 2326 si
3461 2271 3657 2326 sectari

2053 2368 2209 2431 potes
2240 2360 2285 2417 ί.
2332 2360 2388 2417 Si
2432 2370 2612 2418 autem
2652 2376 2747 2417 eos
2781 2361 2977 2417 sectari
3015 2376 3120 2416 non
3167 2372 3345 2430 potes,
3382 2362 3659 2416 coll-.etare

2052 2463 2199 2511 certe
2224 2464 2279 2511 et
2306 2456 2681 2526 congratulare
2708 2466 2733 2503 ε
2765 2455 3088 2511 melioribus.
3128 2455 3232 2511 Fac
3278 2466 3329 2512 te
3377 2456 3485 2511 illis
3526 2456 3666 2510 adu.

2053 2558 2177 2603 nata
2203 2547 2493 2604 dilectione
2523 2548 2860 2619 participem,
2890 2546 2974 2603 iac
2997 2558 3047 2604 te
3072 2549 3345 2604 consortio
3372 2546 3649 2603 cbaritatis

2057 2650 2112 2697 et
2137 2640 2489 2698 fraternitatis
2515 2642 2732 2699 vinculo
2757 2642 3139 2700 cohaerentem.
3185 2644 3529 2701 Dimittentur
3568 2642 3661 2698 tibi

1632 2751 2013 2812 LECTlONES
2048 2754 2469 2812 VABIAN'I‘ES.

421 2850 447 2913 β
480 2848 588 2913 Me;
613 2848 858 2901 collaudet
881 2855 932 2899 te
956 2848 1117 2913 potius
1137 2849 1237 2913 ᾼι·ἒ
1259 2845 1385 2913 B_od.
1408 2846 1455 2908 1,
1478 2844 1525 2907 2,
1549 2844 1596 2905 3,
1624 2844 1669 2893 4.

415 2909 445 2950 δ
478 2908 776 2964 Futurorum
799 2908 1035 2960 bonorum
1062 2910 1185 2973 Βοᾴ.
1210 2908 1257 2973 Ξ,
1283 2911 1334 2960 5.

418 2980 442 3008 °
480 2976 781 3026 Tenebraris
800 2974 947 3033 abige
978 2972 1104 3022 Bod.
1130 2972 1176 3021 2.

419 3039 447 3078 (ι
481 3039 668 3089 Semen
688 3035 838 3088 feraci
865 3034 990 3087 Bod.
1014 3036 1057 3084 1.

2129 2851 2153 2911 '3
2187 2846 2330 2911 {apud
2353 2859 2560 2897 marram
2590 2852 2702 2899 Ver.
2732 2849 2867 2899 Mara
2890 2853 3047 2902 Oxon.

2128 2906 2150 2975 ζ
2187 2906 2248 2975 Si
2269 2912 2447 2975 sectari
2471 2924 2567 2959 non
2591 2911 2881 2975 potes_Bod.
2909 2914 2955 2973 1,
2982 2914 3029 2971 2,
3052 2916 3103 2963 5.
3126 2914 3174 2963 4.
3209 2918 3326 2966 Ver.

2127 2973 2153 3013 8
2189 2970 2445 3023 Gratulare
2476 2970 2613 3025 Voss.
2641 2975 2687 3024 1.
2721 2970 3074 3036 Congratulare
3098 2977 3230 3041 Imp.

1605 3114 1851 3175 STEPH.
1895 3115 2166 3177 BALUZII
2213 3119 2443 3179 NOTAE.

306 3265 310 3268 ·
364 3282 367 3283 ν
429 3243 571 3300 XVI.
597 3242 776 3317 —_Sit
829 3243 884 3295 in
925 3238 1179 3294 manibus.
1222 3235 1586 3317 ’Miror__hanc
1639 3233 1949 3317 lectionem,
1979 3236 2024 3299 C
2059 3233 2295 3317 cap._20_
2329 3257 2342 3317 ς
2382 3236 2678 3317 _Plurintum
2724 3242 2893 3313 itaque
2939 3245 3143 3317 prodest
3196 3248 3468 3317 unicuique
3515 3253 3658 3309 bonis

357 3331 518 3387 quam
555 3313 849 3387 praeferunt
888 3326 1076 3387 omnes
1107 3317 1332 3387 veteres
1356 3307 1622 3387 editiones
1658 3315 1723 3387 et
1765 3321 1954 3363 omnes

357 3378 481 3443 libri
505 3378 730 3460 veteres,
764 3384 1023 3460 reiectam
1048 3381 1267 3460 fuissea
1295 3378 1553 3444 Pamelio,
1581 3378 1671 3448 qui
1699 3392 1834 3460 cum.
1851 3392 1955 3460 pu-

358 3468 496 3515 taret
533 3458 676 3513 hunc
719 3448 897 3511 locum
943 3453 1065 3509 es‘se
1107 3451 1375 3515 mutilum,
1427 3465 1550 3504 eum
1595 3448 1864 3519 supplevit
1889 3464 1957 3504 ex

357 3538 592 3601 quatuor
626 3525 1006 3601 manuscriptis
1033 3534 1104 3601 _et
1148 3522 1325 3593 posuit
1348 3538 1370 3601 ε.
1397 3519 1479 3601 Sit
1519 3519 1850 3601 ante-oculos
1877 3520 1957 3601 di-

358 3590 478 3657 vina
508 3598 675 3661 lectio,
701 3600 754 3653 in
771 3590 1002 3651 manibus
1027 3590 1161 3649 bona
1176 3591 1423 3664 operatio,
1444 3591 1506 3664 in
1527 3591 1752 3664 sensibus
1776 3590 1958 3645 Domi-

359 3673 477 3726 nica
503 3670 760 3742 cogitatio.
791 3669 904 3742 Ego
930 3662 1413 3742 repos_ui_veterem
1443 3662 1753 3742 lectiopem:
1898 3730 1935 3742 Γ

435 3730 602 3797 Habet
631 3752 677 3796 et
715 3730 1243 3811 pax.'Supra_Epi_st_.
1271 3750 1396 3811 vni,
1417 3748 1537 3803 pag.
1572 3732 1640 3787 l8
1674 3750 1686 3786 :
1720 3730 1961 3811 [nucleo

358 3815 517 3871 stibus
555 3803 735 3867 castris
762 3826 865 3883 pas:
908 3803 1330 3883 et'_aci_es’l“tabent
1355 3806 1510 3883 [lares
1537 3819 1675 3859 suos.
1725 3803 1961 3883 Hi_I_arius

362 3886 646 3957 episcopus
678 3873 1019 3957 Arelatensis
1058 3880 1112 3934 in
1143 3873 1389 3934 Sermone
1432 3875 1732 3957 densancto
1780 3873 1962 3956 Hono-

361 3944 480 4013 rato
523 3944 749 4010 {Habet
796 3964 842 4008 et
886 3968 989 4024 paa:
1024 3944 1874 4024 martyres__suo_s._Hieronymus_
1906 3945 1962 3999 in

362 4028 605 4098 Epistola
648 4026 715 4080 ad
740 4015 1133 4098 Demetriadem
1159 4015 1239 4076 de
1282 4018 1600 4098 Virginitate
1645 4015 1911 4098 servanda
1946 4034 1958 4068 ε

364 4086 533 4153 Habet
562 4108 609 4154 et
645 4096 890 4168 pudicitia
918 4102 1122 4168 servata
1132 4086 1457 4168 martyrium
1485 4104 1651 4168 suum.
1692 4087 1825 4168 Vide
1858 4086 1963 4141 llo-

364 4170 569 4226 miliam
621 4156 793 4224 sancti
835 4166 1059 4222 Joannis
1084 4156 1561 4233 Chryso'stomi_qin
1596 4156 1964 4233 laudationem

364 4250 568 4297 sancta:
596 4236 1006 4309 protomartyris
1041 4243 1105 4309 et
1143 4229 1402 4309 apostolae
1446 4229 1681 4309 T_heclze.
1719 4229 1968 4284 Commo-

365 4301 863 4379 dianusflnstruct.
889 4301 997 4363 itm
1025 4324 1039 4361 :
1063 4301 1264 4360 Bellum
1290 4303 1447 4368 abest,
1475 4301 1529 4355 in
1555 4317 1683 4371 pace
1720 4308 1966 4370 martyres

368 4383 531 4438 ibant.

455 4455 678 4509 Victores
717 4460 991 4523 prostrato.
1030 4447 1213 4523 codex
1249 4444 1799 4523 Gratianopolitanus,
1847 4459 1969 4497 con-

369 4527 627 4601 gressione
650 4516 903 4597 prostrato
934 4530 978 4577 et
1007 4520 1215 4577 subacto
1237 4517 1555 4586 adversario,
1578 4516 1787 4571 victores
1817 4530 1966 4569 coro-

370 4608 576 4654 nantur.

782 4666 954 4736 Quam
997 4661 1309 4736 Fulgentius
1342 4657 1619 4717 Placiades
1653 4657 1746 4714 lib.
1773 4672 1809 4711 ιι
1845 4654 1967 4726 Hy-
1994 4632 2048 4694 D

373 4742 501 4799 tltol.
529 4751 685 4797 vocat
714 4738 987 4810 honestatis
1013 4750 1299 4810 novercam.
1514 4809 1517 4810 ν
1774 4797 1786 4809 .

444 4812 610 4870 XVII.
638 4842 709 4851 —-
736 4809 1019 4865 Merrham.
1060 4807 1138 4862 Ita
1173 4805 1371 4860 habent
1399 4809 1628 4873 quatuor
1666 4798 1789 4873 libri
1821 4806 1967 4853 vete—

374 4898 465 4943 res
492 4883 699 4954 Optimi,
724 4876 1258 4954 etiam_Veronensis.
1285 4873 1375 4930 Sic
1401 4870 1564 4954 etiam
1590 4870 1850 4954 scripturn
1881 4876 1967 4950 est

372 4939 711 5014 inversione
749 4968 850 5009 Lxx
891 4952 1269 5020 Interpretum,
1295 4939 1966 5020 apud-0rigenem.bomi-

374 5011 448 5083 lia
477 5011 552 5084 vn
582 5026 636 5081 in
658 5024 930 5096 Exedunt;
958 5011 1101 5096 apud
1151 5011 1396 5096 sanetum
1430 5011 1688 5096 Cyrillum
1730 5011 1963 5096 Alexan-

375 5098 592 5155 drinum
637 5096 731 5152 lib.
778 5111 812 5149 v
858 5092 935 5166 de
964 5090 1274 5166 Aderatione
1308 5091 1367 5166 in
1402 5090 1671 5166 spirjtudet
1702 5091 1962 5166 .verttgvte;

377 5150 790 5240 Sbiiii‘gin’cium
820 5162 1162 5240 Ambrosium
1187 5174 1308 5240 cap.
1338 5158 1371 5213 5
1398 5150 1813 5240 de‘lnstitut‘ione
1838 5150 1963 5240 Vir;

377 5222 531 5322 ginis,
556 5222 611 5322 et
636 5237 790 5322 apud
803 5242 1048 5318 sanctum
1074 5222 1551 5322 Augustinum!

378 5293 715 5366 iactatu»).
748 5307 817 5363 Et
841 5307 921 5378 sic
949 5293 1713 5378 omnino'scribendumreete
1737 5293 1973 5378 ostendit

378 5365 679 5439 cotelerius
705 5380 773 5435 ad
800 5377 1095 5449 librumqu,
1121 5388 1240 5444 cap.
1268 5367 1807 5449 I9,__Constitutionum
1833 5365 1974 5449 ᾼροτ

378 5436 698 5511 stolicarum.
754 5448 889 5505 Vide
938 5436 1099 5503 etiam
1148 5436 1305 5501 notas
1344 5436 1640 5511 Frontonis
1686 5436 1885 5511 Ducazi
1909 5436 1977 5489 ad

380 5505 562 5598 poema
585 5505 697 5579 xvu
724 5522 894 5598 sancti
916 5517 1147 5598 Paulini.
1172 5517 1394 5598 ttulimus
1415 5512 1467 5566 in
1492 5510 1780 5598 Psalegmv
1800 5505 1981 5598 stipi:

381 5580 482 5650 rita
510 5604 583 5650 est
629 5595 819 5664 species
858 5590 1007 5646 valde
1056 5585 1363 5664 amarq,___de
1390 5599 1491 5653 qua
1540 5580 1748 5651 ungitur
1796 5594 1984 5651 corpus

384 5667 597 5733 mortui,
614 5656 668 5719 ui
688 5680 787 5736 non
815 5670 1088 5736 putrescat,
1113 5668 1159 5714 et
1186 5656 1335 5736 pellit
1347 5670 1557 5736 vcanes.

461 5723 635 5791 Bonos
684 5723 903 5790 imitare.
962 5723 1337 5788 Notum-illud
1374 5743 1387 5779 :
1424 5724 1501 5778 Tu
1552 5723 1766 5780 vivendo
1811 5723 1989 5787 bonos,

394 5807 659 5868 scribendo
694 5821 907 5878 sequare
945 5805 1156 5873 peritos.
1211 5796 1527 5854 Ambrosius
1568 5797 1662 5850 lib.
1694 5812 1729 5851 ιι
1766 5794 1994 5867 Oﬂicior.

839 5900 1119 5964 Parnm"
1165 5893 1274 5958 IV.
1322 5890 1384 5955 S.
1417 5887 1719 5953 Cyrnus.

2060 3311 2224 3391 iungi.
2258 3311 2673 3392 Adulescentibus
2699 3311 2896 3392 quoque
2914 3311 3038 3392 utile
3060 3327 3115 3371 ut
3142 3318 3305 3392 claros
3332 3311 3659 3392 et'sapienles

2059 3381 2511 3453 virosrsequantur.
2544 3381 2836 3453 GregOrius
2853 3386 3218 3443 Nazianzenus
3246 3391 3298 3444 in
3326 3381 3563 3449 carmine
3589 3397 3660 3450 ad

2062 3450 2488 3535 Nicobulumait
2526 3450 2804 3525 prudentis
2844 3464 2917 3535 et_
2940 3458 3270 3535 cordatisviri
3316 3477 3437 3517 esse
3465 3481 3658 3535 magna

2061 3538 2315 3607 mensura
2348 3528 2703 3607 vit.ain_suam
2747 3528 2941 3595 metiri,
2977 3538 3136 3600 atque
3168 3530 3235 3586 ad
3276 3528 3657 3607 excellentium

2062 3597 2300 3671 virorum
2348 3597 2702 3671 imitationem
2749 3614 2871 3654 sese
2914 3597 3255 3670 componere.
3297 3603 3658 3671 Quintilianus

2064 3665 2157 3721 lib.
2193 3683 2229 3732 ι,
2262 3681 2382 3737 cap.
2430 3667 2504 3722 6:
2542 3667 2676 3737 It‘rgo
2721 3665 3133 3724 consuetudinem
3180 3665 3427 3727 sermonis
3473 3679 3657 3731 vocabo

2063 3753 2365 3791 consensum
2401 3739 2736 3807 eruditorum,
2777 3742 2909 3794 sicut
2934 3742 3132 3794 vivendi
3173 3758 3474 3797 consensum
3502 3747 3658 3801 bono-

2064 3823 2201 3862 rum.
2223 3809 2289 3842 ω
2331 3808 2638 3864 Lactantius
2660 3810 2696 3864 Ι.
2728 3827 2763 3874 ι,
2804 3825 2854 3865 c.
2883 3812 2905 3864 1
2941 3829 2953 3864 :
2981 3810 3233 3876 Quoniam
3256 3812 3378 3868 bene
3402 3816 3566 3871 dicere
3589 3821 3658 3872 ad

2065 3894 2258 4003 raucos
2282 3880 2515 3948 pertinet,
2549 3883 2671 3934 bene
2697 3890 2866 3935 autem
2891 3881 3052 3937 vivere
3096 3883 3163 3936 ad
3187 3900 3378 3939 omnes.
3409 3886 3660 3944 Ruricius

2088 3950 2160 4003 ib.
2207 3964 2264 4003 ll.
2297 3948 2469 4003 Epist.
2511 3966 2562 4003 ιν
2595 3970 2607 4003 :
2639 3951 2783 4003 Sicut
2816 3953 2979 4003 vivere
3007 3969 3269 4003 commune
3295 3966 3366 4003 est
3409 3962 3633 4003 omnium

2088 3950 2160 4004 ib.
2207 3964 2264 4017 ll,
2297 3948 2469 4029 Epist.
2511 3966 2562 4004 iv
2595 3951 2987 4029 :_Sicut_vivere_
3007 3969 3269 4029 commune
3295 3966 3366 4010 est
3409 3962 3656 4029 omnimn,

2069 4020 2191 4075 bene
2218 4036 2334 4075 vero
2364 4022 2526 4101 vivere
2550 4031 2595 4077 et
2618 4023 2745 4101 bene
2771 4023 3071 4101 descendere
3108 4026 3170 4101 de
3187 4027 3304 4101 ΔΙιαε
3334 4029 3435 4082 vita
3461 4020 3656 4101 pauco;

2068 4107 2186 4171 rum
2227 4102 2319 4146 est.
2365 4092 2567 4171 Seneca
2616 4095 2788 4171 Epist.
2820 4111 2895 4150 vn
2927 4113 2939 4150 :
2970 4094 3223 4171 (_Junt___ltis
3264 4092 3471 4171 versare
3498 4104 3584 4171 qui
3612 4114 3659 4159 te

2004 4226 2005 4229 η
2068 4163 2331 4238 meliorem
2356 4163 2544 4238 facturi
2561 4163 2695 4220 sunt.
2723 4165 3076 4238 Symmachus
3098 4168 3191 4223 lib.
3222 4184 3275 4233 v,
3303 4169 3473 4238 Epist.
3500 4163 3655 4228 ixrv:

2071 4232 2365 4307 _bglaximum’
2384 4236 2584 4290 lucrum
2613 4248 2684 4291 est
2709 4232 2932 4307 qua’rere
2958 4232 3363 4307 familiaritatem
3388 4241 3654 4297 bonorum.

2072 4305 2430 4398 Hieronymus
2457 4307 2507 4360 in
2549 4305 2783 4398 [Epistula
2824 4310 2900 4391 ad.
2928 4305 3207 4398 Rusticum
3237 4328 3249 4363 :
3279 4308 3429 4398 Intjer'
3447 4312 3656 4398 clericos

2070 4387 2265 4433 sectare
2292 4378 2543 4433 meliores.
2568 4378 2719 4434 Fecit
2743 4380 3040 4450 Cyprianus
3069 4379 3211 4450 quod
3247 4380 3523 4437 suadebat.
3558 4384 3664 4439 Bo-

2072 4464 2172 4505 nos
2200 4464 2417 4519 semper
2450 4448 2887 4505 imitabaturﬁSie
2917 4450 3061 4504 enim
3088 4448 3276 4504 scribit
3302 4449 3523 4505 Pontius
3546 4455 3659 4508 dia-

2072 4535 2240 4576 conus
2268 4518 2331 4591 in’
2350 4518 2468 4574 Vita
2492 4520 2606 4591 ejus
2632 4539 2645 4573 :
2679 4520 2742 4573 Et
2768 4522 2841 4573 sic
2870 4537 2960 4591 per
2986 4521 3230 4579 bonarum
3251 4522 3476 4576 omnium
3503 4524 3663 4578 docn-

2073 4602 2242 4647 menta
2267 4590 2557 4656 decurrens,
2590 4592 2711 4645 dum
2736 4590 2969 4644 meliores
3007 4607 3204 4658 semper
3231 4592 3478 4659 imitatur,
3506 4597 3662 4650 etiam

2074 4665 2182 4735 ipse
2210 4680 2263 4718 se
2287 4664 2405 4733 fecit
2443 4663 2765 4735 imitandum}
2808 4660 3081 4735 Ennodius
3123 4661 3215 4717 lib.
3235 4678 3306 4735 3',
3344 4662 3515 4733 Epist.
3545 4683 3617 4722 xx
3641 4685 3659 4721 :

2077 4733 2258 4789 Totum
2290 4732 2354 4787 te
2394 4735 2564 4788 studia
2617 4732 2825 4788 honesta
2875 4733 3175 4803 suscipiant.
3224 4732 3434 4789 Festina
3483 4742 3538 4791 ut
3590 4740 3662 4792 ad

2072 4821 2283 4861 messem
2332 4806 2553 4873 patriam
2596 4803 2765 4859 venias
2788 4843 2803 4867 ,
2856 4803 3101 4876 linguam,
3132 4805 3357 4859 lectionis
3407 4808 3611 4864 sarculo
3643 4852 3659 4876 ,

2070 4892 2235 5004 gare:
2261 4876 2523 4931 bonorum'
2542 4876 2826 4931 imitatione
2866 4875 3156 4947 purgando.
3202 4876 3451 4933 Horatius
3482 4878 3572 4936 lib.
3607 4875 3658 4946 1,

2121 4963 2200 5004 ms
2225 4986 2240 5003 .
2260 4962 2392 5003 xvm
2426 4964 2440 5002 :

2118 4962 2240 5019 plet.
2260 4962 2392 5003 xvm
2426 4964 2440 5002 :

2196 5124 2331 5175 Inter
2353 5122 2505 5173 multa
2524 5121 2670 5187 leges
2692 5129 2747 5173 et
2778 5113 3167 5187 percunctabere
3188 5123 3379 5186 doctos,

2198 5188 2303 5247 Qua
2324 5187 2516 5237 ratione
2537 5186 2692 5250 queas
2714 5186 2974 5239 traducere
2998 5186 3179 5239 leniter
3202 5200 3382 5240 aevum.

2079 5360 2298 5418 Tacitus
2324 5360 2506 5435 laudat
2533 5359 2838 5432 Agricolam
2866 5358 3011 5430 quod
3038 5360 3280 5418 studeret
3303 5361 3498 5421 discere
3531 5376 3563 5418 a
3588 5379 3676 5435 ped

2078 5435 2213 5503 ritis,
2233 5434 2371 5503 sequi
2396 5432 2628 5502 optimos.
2886 5501 2898 5503 _
2968 5502 2974 5503 γ
3061 5458 3069 5465 -

2154 5501 2518 5559 Cohaérentem.
2552 5502 2678 5559 Haec
2707 5501 3036 5567 emendatio,
3067 5519 3227 5574 quam
3271 5506 3447 5561 inveni
3476 5507 3528 5561 in
3575 5507 3676 5562 tri-

2084 5578 2186 5634 bus
2210 5575 2443 5645 antiquis
2462 5574 2743 5630 codicibus
2763 5583 2818 5629 et
2841 5574 2895 5628 in
2918 5574 3151 5645 antiquis
3171 5576 3514 5644 editionibus,
3544 5578 3680 5632 mihi

2090 5644 2300 5719 videtur
2321 5644 2487 5719 certa.
2507 5646 2576 5719 Et
2599 5649 2776 5719 tamen
2806 5659 2996 5719 omnes
3017 5644 3131 5701 fere
3159 5646 3279 5719 libri
3308 5656 3518 5704 veteres
3540 5664 3684 5719 pra:—

2096 5717 2277 5790 l‘erunt
2318 5717 2652 5773 cohceredem.
2699 5715 3221 5790 Haecdiscrepantia
3252 5729 3383 5790 _orta
3432 5715 3558 5776 hinc
3604 5726 3690 5790 est

2102 5788 2245 5862 quod
2285 5789 2336 5849 in
2379 5790 2611 5863 quodam
2642 5790 2808 5847 veteri
2844 5788 3003 5858 libro,
3046 5788 3106 5845 ut
3142 5790 3197 5844 in
3223 5788 3519 5860 Victorino,
3562 5789 3693 5848 scri-

3112 5882 3186 5947 21
