4230 6282
338 352 444 413 653
1531 346 1861 413 EPISTOLA
1898 353 1990 413 AD
2028 353 2520 420 FORTUNATUM.
3546 372 3653 435 654

339 478 463 532 hem
493 473 723 529 classico
763 476 965 529 nostrae
992 472 1140 529 vocis
1163 473 1442 545 erigimus,
1472 448 1574 530 nisi
1597 476 1936 533 credentium
1964 475 2017 538 A
2044 479 2173 535 utile
2203 488 2259 536 et
2311 479 2525 535 salubre
2552 480 2805 554 prOSpexi
2830 521 2845 548 ,
2880 480 2933 537 in
2992 480 3373 544 exhortatione
3414 495 3524 547 tam
3557 509 3652 550 ne-

342 569 502 625 ﬁtlem
564 576 617 622 ct
644 566 873 621 dicatam
931 566 1045 623 Deo
1075 567 1429 637 devotamque
1471 568 1717 624 virtutem
1769 569 1949 626 divina
2052 572 2285 626 cessaria
2311 587 2431 641 quae
2460 581 2723 644 martyres
2754 572 2935 640 faciat,
2966 578 3318 646 amputandos
3358 595 3479 639 esse
3524 601 3654 642 ver-

343 660 579 716 lectione
605 658 905 715 ﬁrmemus.

411 752 476 807 ll.
495 750 634 818 Quid
653 758 830 806 autem
853 750 1029 820 potius
1056 759 1151 805 aut
1167 751 1338 820 majus
1366 766 1509 806 curae
1530 760 1726 808 nostrae
1752 768 1816 809 ac
1839 755 1951 809 sol-

342 843 598 901 licitudini
618 843 886 915 congruit,
905 859 1062 913 quam
1084 853 1142 898 ut
1166 845 1515 901 commissum
1543 846 1612 878 ’θ’
1629 847 1784 903 nobis
1814 847 1949 903 divi-

339 939 484 994 nitus
506 936 762 1007 populum
786 948 844 991 et
866 936 1165 992 exercitum
1180 937 1235 990 in
1265 937 1457 991 castris
1477 938 1783 993 caelestibus
1815 953 1949 994 coni.

341 1030 584 1087 stitutum
615 1029 876 1085 adversus
899 1027 1096 1083 diaboli
1126 1028 1231 1084 tela
1269 1030 1515 1098 etjacula
1566 1030 1951 1087 exhortationi-

339 1124 439 1182 bus
475 1124 702 1179 assiduis
720 1137 1083 1196 praeparemus
1108 1131 1132 1159 ει
1158 1122 1182 1175 ?
1221 1121 1404 1192 Neque
1431 1124 1574 1178 enim
1601 1124 1823 1180 idoneus
1848 1139 1945 1194 po-

340 1227 443 1274 test
472 1231 594 1273 esse
641 1214 797 1271 miles
828 1214 895 1269 ad
934 1214 1134 1269 bellum
1162 1215 1250 1284 qui
1296 1220 1403 1270 non
1430 1216 1758 1271 exercitatus
1800 1216 1947 1287 prius

342 1309 395 1364 iu
423 1321 614 1376 eampo
644 1305 821 1374 fuerit,
836 1314 924 1361 aut
952 1305 1042 1376 qui
1065 1303 1092 1342 ι)
1116 1305 1465 1375 agonisticam
1489 1307 1951 1377 coronamquaerit

340 1399 560 1470 adipisci
583 1398 635 1453 in
648 1397 825 1453 stadio
840 1396 1208 1461 coronabitur,
1230 1395 1330 1450 nisi
1349 1411 1501 1451 usum
1528 1405 1586 1453 et
1608 1397 1854 1467 peritiam
1868 1398 1949 1453 vi-

342 1491 482 1546 rium
522 1499 644 1544 ante
683 1488 991 1545 meditetur.
1021 1487 1375 1544 Adversarius
1406 1498 1558 1545 vetus
1591 1500 1751 1547 estet
1776 1490 1948 1546 hostis

339 1584 590 1654 antiquus
612 1597 737 1638 cum
759 1596 867 1653 quo
894 1581 1132 1652 praelium
1169 1583 1407 1654 gerimus
1438 1594 1459 1621 ο
1487 1600 1501 1648 ;
1534 1598 1626 1639 se:
1656 1583 1816 1638 millia
1848 1598 1947 1639 an—

340 1693 530 1733 norum
543 1677 652 1747 jam
679 1691 812 1745 pene
830 1676 1170 1746 complentur
1184 1691 1250 1732 ex
1272 1691 1380 1746 quo
1409 1677 1681 1733 hominem
1705 1676 1948 1733 diabolus

341 1769 634 1841 impugnat.
664 1769 853 1824 Omnia
887 1783 1081 1840 genera
1114 1768 1352 1823 tentandi
1384 1778 1437 1823 et
1463 1778 1605 1824 artes
1633 1777 1791 1838 atque
1822 1768 1949 1823 insi-

2055 661 2243 717 borum
2279 672 2583 719 nostrorum
2636 680 2816 721 moras
2856 674 2910 720 et
2938 666 3236 737 tarditates,
3264 680 3424 743 atque
3468 678 3655 734 amba-

2053 767 2147 824 ges
2174 754 2437 810 sermonis
2466 753 2682 810 humani
2710 754 3128 824 subtrahendas,
3152 762 3396 831 ponenda
3419 768 3533 822 sola
3563 768 3657 827 illa

2053 860 2175 915 qua:
2205 846 2346 901 Daus
2376 846 2636 917 loquitur,
2666 846 2861 916 quibus
2884 862 3073 905 servos
3094 867 3222 908 suos
3237 854 3302 909 ad
3332 860 3655 931 martyrium

2052 937 2302 993 Christus
2338 937 2601 993 hortatur.
2634 938 2905 1009 Prareepta
2946 941 3058 1010 ipsa
3109 943 3284 999 divina
3327 947 3471 1004 velut
3500 965 3655 1010 arma

2056 1032 2419 1101 pugnantibus
2446 1032 2777 1102 suggerenda
2801 1043 2944 1087 sunt.
2977 1034 3069 1089 Illa
3096 1036 3205 1092 sint
3234 1039 3480 1100 militaris
3509 1045 3653 1103 tubae

2052 1123 2412 1191 hortamenta,
2439 1124 2526 1179 illa
2550 1125 2914 1195 pugnantibus
2939 1126 3183 1188 classica.
3210 1131 3337 1189 Inde
3365 1150 3523 1193 aures
3545 1141 3655 1196 eri-t

2052 1225 2262 1287 gantur,
2287 1214 2410 1272 inde
2432 1217 2764 1273 instruantur
2793 1225 3022 1285 mentes,
3044 1220 3166 1277 inde
3191 1231 3248 1278 et
3272 1224 3435 1282 animi
3456 1240 3511 1285 et
3530 1246 3654 1287 cor-

2052 1308 2197 1378 poris
2236 1308 2379 1364 vires
2427 1308 2493 1363 ad
2546 1323 2762 1365 omnem
2812 1311 3079 1380 passionis
3122 1313 3463 1376 tolerantiam
3492 1325 3655 1380 robo-

2051 1400 2379 1457 rentur.Nos
2401 1409 2602 1456 tantum
2627 1402 2743 1472 qui,
2768 1402 2997 1460 Domino
3019 1408 3382 1477 permittente,
3416 1416 3653 1485 primum

2050 1490 2322 1561 Baptisma
2363 1491 2707 1550 credentibus
2737 1494 3006 1563 dedimus,
3030 1498 3096 1554 ad
3122 1501 3264 1557 aliud
3298 1518 3509 1577 quoque
3536 1511 3653 1565 sin-

2050 1583 2203 1653 gulos
2230 1599 2614 1655 praeparemus,
2636 1587 3043 1647 insinuanteset
3068 1592 3320 1651 docentes
3354 1595 3378 1634 ’ί
3402 1598 3504 1657 hoc
3528 1615 3652 1659 esse

2051 1676 2322 1747 Baptisma
2354 1678 2408 1733 in
2437 1679 2605 1748 gratia
2655 1679 2851 1759 majus,
2894 1680 2947 1736 in
2971 1691 3233 1752 potestate
3260 1687 3563 1760 sublimius,
3593 1694 3653 1751 in
3684 1710 3704 1734 ν

2052 1768 2259 1826 honore
2290 1771 2595 1840 pretiosius,
2622 1771 2891 1843 Baptisms
2915 1772 2969 1829 in
2999 1790 3105 1845 quo
3138 1778 3322 1850 Angcli
3354 1782 3650 1855 baptizant,

340 1862 454 1920 dias
473 1861 756 1933 dejiciendi
780 1876 876 1953 usu
897 1858 1324 1953 ipsoivetustatis
1345 1857 1587 1916 edidicit.
1618 1860 1675 1917 Si
1704 1859 1942 1953 impara-
1974 1869 2022 1929 Β
2050 1862 2325 1933 Baptisma
2362 1862 2379 1900 1
2418 1868 2468 1919 lu
2487 1880 2594 1936 quo
2624 1866 2765 1923 Deus
2817 1877 2873 1923 et
2922 1868 3167 1927 Christus
3212 1872 3329 1944 ejus
3381 1878 3651 1953 exultant,

341 1962 452 2010 tum
476 1953 740 2009 invenerit
760 1952 981 2010 milith
1002 1952 1225 2019 Christi,
1256 1953 1302 2007 si
1332 1953 1522 2009 rudem
1550 1993 1565 2020 ,
1593 1953 1636 2008 si
1666 1968 1770 2009 non
1827 1952 1939 2007 δοι-

340 2051 546 2107 licitum
579 2048 604 2086 τι
629 2064 692 2105 ac
730 2057 843 2105 toto
891 2047 1056 2104 corde
1085 2048 1416 2119 vigilantem,
1458 2047 1813 2104 circumvenit
1843 2062 1936 2102 ne-

339 2145 532 2211 scium,
558 2144 691 2199 fallit
736 2143 1031 2211 incautum,
1062 2142 1265 2213 decipit
1304 2142 1608 2213 imperitum
1640 2152 1685 2197 ε.
1715 2143 1769 2199 Si
1803 2157 1935 2200 vero

342 2237 462 2308 quis
505 2235 780 2291 Dominica
812 2245 1080 2306 praecepta
1117 2234 1428 2291 custodiens
1462 2244 1517 2291 et
1542 2235 1752 2292 fortiter
1776 2234 1938 2291 Chri-

342 2337 426 2384 sto
456 2327 734 2382 adhmrens
768 2325 786 2364 τ
820 2335 1007 2382 contra
1032 2342 1155 2383 eum
1182 2327 1412 2392 steterit,
1443 2327 1687 2382 vincatur
1716 2340 1940 2382 necesse

343 2427 425 2475 cst
453 2462 468 2486 ,
495 2420 617 2490 quia
648 2418 912 2484 Christus,
942 2435 1098 2489 quem
1132 2418 1439 2486 confitetur,
1480 2419 1711 2475 invictus
1737 2429 1841 2479 est.

414 2511 502 2566 lli.
536 2513 635 2578 Ac,
661 2527 726 2567 ne
757 2512 808 2566 iu
857 2512 1071 2581 longum
1104 2526 1409 2568 sermonem
1461 2527 1639 2569 meum
1683 2512 1941 2569 extende-

344 2621 481 2671 rem,
529 2605 695 2661 frater
735 2606 1069 2673 charissime,
1100 2615 1157 2663 et
1195 2606 1497 2669 audientem
1536 2607 1621 2663 vel
1667 2606 1939 2678 legentem

342 2701 467 2773 styli
501 2700 703 2756 latioris
735 2700 885 2771 copia
925 2700 1226 2771 fatigarem,
1258 2699 1638 2771 compendium
1688 2698 1786 2755 feci
1813 2717 1825 2767 ;
1856 2709 1936 2766 ut,

342 2793 629 2863 propositis
673 2793 860 2857 titulis,
890 2807 1028 2863 quos
1073 2794 1192 2863 quis
1223 2802 1247 2839 ἓ
1277 2801 1330 2848 et
1369 2807 1531 2849 nosse
1558 2792 1751 2848 debeat
1771 2800 1831 2848 et
1858 2800 1938 2848 te-

342 2897 497 2949 nere,
520 2883 747 2954 capitula
774 2884 1046 2940 Dominica
1078 2884 1452 2939 subuecterem
1478 2890 1535 2938 et
1562 2881 1615 2937 id
1642 2883 1783 2963 quod
1817 2897 1940 2953 pro-

336 2989 622 3045 posueram
652 2976 852 3031 divinre
909 2975 1157 3032 lectionis
1185 2976 1503 3032 aueloritate
1532 2975 1843 3043 solidarem,
1877 2983 1935 3030 ut

341 3081 447 3122 non
480 3076 587 3122 tam
616 3075 902 3123 tractatum
940 3083 1116 3123 meum
1156 3067 1342 3122 videar
1383 3067 1478 3123 tibi
1521 3066 1734 3123 misisse
1775 3080 1937 3137 quam

348 3161 625 3216 materiam
676 3161 1025 3217 tractantibus
1067 3160 1377 3232 praebuisse.
1404 3159 1535 3228 Quae
1566 3175 1653 3216 res
1692 3159 1747 3215 in
1780 3174 1934 3215 usum

2044 1955 2314 2025 Baptisma
2337 1966 2465 2028 post
2489 1958 2632 2028 quod
2668 1974 2829 2015 nemo
2853 1960 2963 2030 jam
2986 1973 3191 2032 peccat,
3219 1965 3489 2037 Baptisma
3504 1970 3654 2042 quod

2044 2047 2167 2104 fidei
2200 2058 2400 2105 nostrae
2428 2050 2763 2106 incrementa
2817 2063 3179 2123 consummat,
3210 2056 3479 2129 Baptisma
3506 2061 3655 2132 quod.

2044 2154 2143 2195 nos
2169 2140 2238 2197 de
2266 2141 2466 2199 nitiade
2485 2143 2799 2199 recedentes
2820 2146 3004 2200 statim
3028 2147 3139 2203 Deo
3159 2151 3393 2221 copulat.
3418 2153 3474 2208 lu
3495 2169 3654 2227 aqua:

2031 2230 2318 2302 .Baptismo
2356 2234 2630 2305 accipitur
2651 2247 2996 2306 peccatorum
3024 2242 3268 2309 remissa,
3292 2243 3346 2297 in
3375 2249 3655 2318 sanguinis

2050 2322 2327 2395 Baptismo
2347 2341 2552 2382 corona
2590 2327 2867 2383 virtutum.
2918 2331 3301 2401 Amplectenda
3354 2351 3440 2392 res
3488 2346 3654 2396 estet

2042 2416 2275 2487 optanda
2302 2426 2360 2474 et
2382 2418 2639 2476 omnibus
2667 2421 3086 2490 postulationum
3120 2433 3425 2483 nostrarum
3476 2432 3653 2499 preci-

2042 2509 2144 2564 bus
2185 2510 2512 2581 expetenda,
2565 2521 2620 2568 ut
2650 2514 2741 2585 qui
2782 2515 2924 2571 servi
2964 2515 3059 2571 Dei
3087 2531 3272 2575 sumus
3301 2528 3362 2589 ω,
3395 2521 3562 2580 simus
3590 2531 3649 2581 et

2042 2616 2218 2659 amtor.

2454 2757 2713 2799 CAPITULA
2751 2758 2892 2801 LIBRI
2931 2762 3236 2811 SEQUENTIS.

2114 2871 2155 2928 I.
2189 2871 2246 2928 In
2271 2873 2619 2933 exhortandis
2640 2878 2818 2950 itaque
2845 2896 2906 2936 ac
2934 2886 3301 2955 praeparandis
3329 2897 3355 2924 ιι
3383 2888 3644 2949 fratribus

2043 2966 2260 3033 nostris,
2280 2978 2334 3023 et
2354 2968 2567 3024 virtutis
2591 2984 2652 3025 ac
2678 2972 2797 3027 ﬁdei
2822 2972 3073 3030 ﬁrmitate
3103 2977 3168 3031 ad
3188 2980 3511 3047 praeconium
3538 2983 3643 3038 Do—

2042 3057 2255 3115 mihiea:
2303 3060 2661 3118 confessionis
2711 3076 2871 3135 atque
2917 3066 2983 3120 ad
3032 3069 3276 3136 praelium
3311 3075 3647 3143 persecutio-

2042 3152 2124 3208 nis
2144 3161 2200 3208 et
2229 3154 2492 3224 passionis
2536 3156 2809 3213 armandis
2841 3166 2888 3225 ο,
2920 3159 3095 3228 primo
3128 3161 3180 3216 in
3211 3162 3329 3218 loco
3356 3150 3645 3226 dicendum

338 3252 560 3323 singulis
602 3254 809 3324 proficit
852 3254 1078 3310 utilitate
1109 3254 1332 3325 majore.
1366 3252 1519 3321 Nam,
1544 3253 1589 3308 si
1637 3252 1937 3309 confectam
1964 3259 2009 3322 C
2041 3254 2125 3301 εει
2153 3246 2291 3303 idola
2331 3247 2462 3305 deos
2510 3263 2616 3305 non
2650 3264 2791 3319 esse,
2822 3267 2940 3322 quae
2964 3251 3126 3309 homo
3160 3254 3260 3310 sibi
3288 3254 3429 3313 facit.
3456 3258 3646 3333 Neque

338 3352 391 3398 et
421 3354 656 3413 paratam
704 3344 812 3415 jam
863 3354 1063 3401 vestem
1092 3343 1118 3381 ιι
1166 3345 1373 3410 darem,
1403 3344 1568 3400 vestis
1599 3352 1744 3400 esset
1792 3359 1931 3412 mea,

336 3453 437 3507 qua
483 3439 620 3495 alius
677 3448 942 3508 uteretur,
970 3438 1266 3521 etforsitan
1320 3454 1424 3495 non
1476 3455 1575 3511 pro
1622 3439 1935 3497 habitudine

335 3542 554 3589 staturae
586 3532 602 3571 ί
635 3541 690 3590 et
708 3534 949 3606 corporis
967 3550 1053 3590 res
1074 3533 1228 3591 alteri
1252 3534 1391 3590 facta
1418 3535 1595 3590 minus
1623 3546 1932 3605 congruens

335 3623 645 3688 haberetur.
680 3626 832 3683 Nunc
861 3643 989 3683 vero
1036 3628 1106 3683 de
1143 3642 1282 3699 agno
1321 3642 1419 3698 per
1462 3642 1619 3699 quem
1670 3626 1934 3694 redempti

335 3730 399 3772 ac
428 3716 680 3773 vivificati
707 3732 914 3785 sumus,
946 3719 1120 3775 lanam
1168 3720 1335 3789 ipsam
1368 3728 1422 3775 et
1448 3734 1735 3790 purpuram
1764 3720 1884 3776 misi
1912 3735 1927 3786 ;

335 3824 497 3876 quam
523 3824 648 3865 cum
676 3812 969 3883 acceperis,
993 3814 1225 3868 tunicam
1255 3812 1346 3868 tibi
1374 3827 1471 3883 pro
1501 3813 1773 3871 voluntate
1799 3829 1931 3871 con-

338 3901 506 3968 ficies,
536 3913 588 3958 et
608 3905 729 3973 plus
756 3912 817 3959 ut
866 3904 918 3959 in
952 3902 964 3955 i
998 3903 1292 3961 domestica
1337 3913 1422 3961 tua
1451 3915 1608 3976 atque
1636 3906 1688 3961 in
1718 3907 1930 3978 propria

337 4000 484 4047 veste
510 3992 801 4061 lzetaberis,
829 4003 884 4052 et
908 3996 1121 4052 caneris
1140 4011 1355 4068 quoque
1377 4005 1432 4052 ut
1458 3996 1725 4053 conficere
1746 4005 1801 4052 et
1827 3997 1928 4068 ipsi

337 4099 435 4154 pro
466 4085 688 4143 arbitrio
724 4102 822 4144 suo
848 4089 1054 4160 possint
1082 4088 1223 4160 quod
1249 4090 1491 4145 misimus
1519 4089 1817 4154 exhibebis.
1850 4098 1929 4158 ut,

336 4187 517 4234 vetere
544 4179 635 4234 illa
684 4181 922 4238 nuditate
948 4192 1219 4251 contecta,
1253 4181 1527 4254 perferant
1563 4197 1751 4239 omnes
1776 4182 1932 4238 indu-

334 4279 514 4336 menta
537 4271 755 4341 Christi,
784 4274 1021 4335 calentis
1045 4277 1232 4347 gratiae
1272 4276 1700 4334 sanctiﬁcatione
1726 4276 1924 4333 vestiti.

406 4362 497 4419 1V.
538 4363 756 4423 Necnon
800 4376 856 4423 et
902 4367 1032 4425 illud
1061 4369 1365 4439 consilium,
1395 4369 1561 4427 frater
1588 4368 1921 4435 charissima,

2040 3341 2183 3397 enim
2232 3358 2351 3412 qua:
2407 3344 2539 3399 fiunt
2572 3343 2779 3401 factore
2822 3360 2920 3401 suo
2968 3355 3022 3402 et
3069 3345 3392 3407 fabricatore
3436 3354 3642 3426 majora

2039 3433 2113 3465 ’⁵⁸
2140 3442 2286 3504 sunt,
2317 3443 2407 3490 aut
2437 3445 2718 3508 protegere
2745 3445 2800 3493 et
2826 3452 3043 3495 servare
3068 3454 3388 3514 quemquam
3417 3456 3646 3516 possunt

2035 3543 2156 3599 quae
2186 3528 2297 3599 ipsa
2346 3528 2415 3585 de
2452 3531 2666 3601 templis
2717 3532 2829 3587 suis
2875 3542 3119 3602 pereunt,
3152 3534 3255 3591 nisi
3305 3536 3374 3592 ab
3420 3537 3641 3596 homine

2035 3629 2337 3677 serventur.
2362 3620 2473 3677 Sed
2525 3638 2625 3678 nec
2674 3622 2939 3679 elementa
2969 3623 3194 3680 colenda
3241 3642 3363 3684 esse
3394 3646 3513 3701 qua:
3537 3632 3639 3689 ho~

2038 3711 2188 3778 mini,
2223 3712 2517 3768 secundum
2571 3714 2977 3784 dispositionem
3032 3724 3086 3770 et
3139 3729 3466 3790 praeceptum
3513 3722 3633 3795 Dei,

2036 3805 2275 3861 serviunt
2299 3817 2343 3862 Ρ.

2110 3897 2172 3951 ll.
2210 3897 2511 3954 Destructis
2536 3896 2715 3965 idolis,
2746 3906 2800 3955 et
2822 3899 3213 3977 elementorum
3241 3905 3448 3963 ratione
3479 3923 3635 3967 mou-

2036 3999 2202 4047 strata
2250 4002 2300 4059 q,
2332 3991 2726 4049 ostendendum
2753 3993 2920 4051 Deum
2950 3995 3122 4051 solum
3146 3998 3432 4059 colendum
3460 4020 3600 4064 esse.
3630 4008 3644 4078 ξ

2108 4083 2193 4140 IlI.
2230 4083 2383 4140 Tunc
2428 4084 2729 4142 addendum
2769 4101 2889 4158 qua?
2929 4088 3276 4147 comminatio
3308 4093 3400 4151 Dei
3431 4096 3502 4153 sit
3538 4097 3636 4155 atl-

2037 4191 2227 4234 versus
2250 4191 2348 4235 eos
2371 4178 2463 4249 qui
2486 4177 2644 4235 idolis
2674 4180 2981 4238 sacrificant
3013 4192 3057 4236 τ.

2110 4273 2199 4328 IV.
2265 4274 2534 4332 Praeterea
2591 4273 2889 4333 docendum
2953 4294 3060 4335 non
3136 4280 3291 4341 facile
3353 4284 3634 4356 ignoscere

2032 4366 2198 4423 Deum
2220 4365 2534 4424 idololatris.

1563 4500 1948 4562 LECTIONES
1985 4500 2402 4559 VARIANTES.

398 4623 601 4690 EQuam
625 4625 951 4690 commissum,
998 4631 1113 4687 etc.,
1153 4634 1433 4689 praeparare
1476 4620 1619 4675 Ebur.
1650 4622 1784 4671 Lam.
1818 4615 1922 4671 Litt.
1950 4619 2005 4683 1)
2088 4615 2116 4690 ,ξ
2144 4615 2211 4690 Et
2230 4617 2339 4681 plus
2354 4617 2403 4665 in
2425 4615 2549 4689 Berl.
2578 4616 2625 4690 ξ,
2646 4617 2692 4666 4.

336 4685 443 4735 N0.
480 4685 836 4749 l.Voss.l,2.
933 4685 943 4690 '
1099 4685 1102 4687 '
1157 4685 1165 4688 ‘

398 4743 676 4824 fetet-quis
698 4748 823 4824 Bod.
854 4750 963 4824 1.“
1156 4812 1165 4821 _

399 4812 420 4874 εξ
447 4809 640 4860 Bellum
665 4815 889 4874 gerimus
909 4809 1013 4861 Litt.
1059 4812 1251 4874 geritur
1276 4809 1400 4861 Bod.
1430 4811 1476 4861 1.

395 4871 422 4910 (ἶ
446 4874 498 4923 Si
522 4888 617 4924 non
639 4871 847 4926 sollicito
869 4876 959 4923 Ar.
986 4871 1120 4925 Lam.
1140 4872 1283 4927 Ebor.
1318 4875 1433 4923 Ver.
1462 4874 1598 4925 Voss.
1623 4873 1671 4923 5.

398 4937 422 5000 ῗ
447 4934 641 5000 Decipit
666 4938 962 5000 imparatum,
978 4937 1110 4987 Lam.
1152 4937 1261 4987 NG.
1289 4938 1334 4987 1.
1356 4938 1502 4989 Ebor.
1530 4937 1643 4987 ΜΒ.

397 4993 421 5072 ξ
441 4993 621 5072 causa
648 4993 884 5072 vestigiis
892 4999 1153 5072 adhaerens
1173 5000 1330 5053 Oxon.

396 5069 422 5135 β
446 5062 577 5135 Quos
595 5058 820 5135 quisquis
844 5058 1039 5135 Βοάεοί,
1058 5063 1105 5111 5.

395 5128 425 5166 h
450 5124 653 5175 Vestem
678 5124 921 5174 misissem
943 5125 1060 5175 Ver.

395 5190 413 5232 ί
442 5186 623 5239 Habitu
639 5194 836 5239 staturae
866 5190 1005 5239 Voss.
1030 5187 1078 5248 1,
1101 5188 1147 5237 5.

2088 4677 2118 4741 ξ
2144 4677 2483 4741 Praeparemus
2515 4680 2819 4729 instruentes
2843 4681 2959 4729 Ver.

2097 4739 2123 4812 1Δ
2141 4739 2390 4812 Baptism;
2412 4742 2647 4812 passionis
2670 4743 2720 4812 in
2742 4755 2848 4812 quo
2869 4742 3007 4812 Deus
3033 4750 3085 4812 et
3107 4744 3325 4812 Christus
3350 4749 3459 4812 ejus
3483 4754 3626 4805 exul~

2029 4809 2133 4853 tant
2155 4803 2286 4853 Laut.
2314 4803 2460 4853 Ebor.
2489 4803 2659 4862 NCJ,
2684 4804 2775 4852 Ar.
2808 4804 2927 4853 Ben.
2952 4806 3078 4857 Bod.
3110 4808 3152 4856 1.
3376 4803 3394 4812 ”

2086 4867 2125 4938 ιξξ
2147 4865 2290 4938 §ervi
2312 4864 2607 4938 Dei_l'uimus
2636 4874 2744 4915 Ver.
2770 4868 2893 4938 gert:
2916 4869 3094 4938 Rodii,
3119 4871 3166 4934 2,
3193 4873 3242 4934 3,
3269 4874 3316 4924 ι.
3339 4878 3453 4932 HR.

2095 4926 2514 4998 ffarandisfer.
2540 4927 2830 4998 reparandis
2852 4931 3065 4998 Voss}.

2095 4992 2120 5019 ο
2145 4990 2514 5040 Persecutionis
2533 4989 2774 5041 armandis
2798 4992 2889 5041 Ar.
2917 4994 3024 5045 NG.
3048 4994 3093 5045 1.
3121 4996 3255 5050 Lam.
3273 4998 3423 5052 Ebor.

2093 5055 2120 5094 Ρ
2145 5052 2379 5102 Serviunt
2402 5052 2448 5099 ei
2473 5053 2563 5100 Ar.

2096 5117 2125 5157 tt
2149 5114 2398 5163 Prostrata
2420 5114 2482 5162 Δ.
2506 5115 2627 5163 Ben.

2095 5179 2116 5208 τ
2145 5176 2380 5227 Serviunt
2400 5184 2531 5227 Voss.
2547 5177 2598 5225 5.

1540 5308 1784 5369 STEPH.
1842 5301 2113 5363 BALUZII
2153 5298 2386 5357 NOTAE.

400 5433 892 5508 lle—Impurata»:
917 5434 1148 5491 militem.
1181 5431 1463 5492 Petronius
1503 5450 1517 5488 :
1564 5429 1759 5487 Parata
1785 5428 1929 5484 miles

327 5527 472 5565 arma
498 5506 600 5565 non
626 5506 802 5563 habui.

400 5642 601 5699 Christo
627 5640 1078 5697 adherens.’ll:nc
1098 5639 1256 5696 lectio
1285 5649 1535 5695 constans
1557 5637 1711 5693 estin
1746 5635 1923 5691 omni-

329 5715 429 5787 bus
450 5713 690 5787 antiquis
729 5713 1054 5787 editionibus
1082 5721 1137 5767 et
1180 5712 1233 5787 in
1270 5710 1515 5787 omnibus
1546 5709 1779 5777 antiquis
1807 5706 1923 5787 edi-

331 5784 566 5839 tiouibus
617 5793 671 5839 et
725 5786 777 5839 in
819 5785 1067 5840 omnibus
1110 5783 1342 5852 antiquis
1370 5780 1519 5837 libris
1564 5791 1669 5835 tam
1722 5780 1921 5852 nostris

273 5891 277 5895 ν
329 5870 493 5930 quam
522 5855 846 5928 Anglicauis.
877 5856 1054 5925 Quare
1085 5848 1471 5926 tuirorAuglos
1498 5852 1791 5909 editionem
1822 5848 1921 5906 Pa-

2036 5421 2204 5499 melii,
2235 5437 2351 5492 quce
2378 5421 2521 5499 bona
2546 5438 2653 5479 non
2684 5434 2795 5499 est,
2825 5427 3130 5496 retinuisse,
3162 5443 3350 5493 contra
3380 5446 3625 5499 veterum

2030 5495 2284 5550 librorum
2315 5501 2369 5548 et
2395 5492 2690 5549 editionum
2719 5492 2900 5554 fidem.

2100 5561 2737 5656 12--.13srfttr91tsirz
2760 5568 2831 5656 tis
2879 5580 2961 5629 οει
2990 5572 3261 5647 Baptism
3312 5584 3623 5656 sanguinis.

2029 5636 2169 5708 quod
2195 5635 2494 5708 explicatur
2523 5635 2681 5705 paulo
2713 5647 2852 5708 post.

2102 5707 2383 5795 βιβψεῃςᾳ.
2408 5706 2654 5795 Quinque
2676 5706 2793 5795 libri
2816 5721 3032 5795 veteres
3055 5726 3106 5773 et
3135 5719 3302 5795 editio
3328 5723 3623 5795 Auglicana

2027 5779 2228 5859 addunt
2272 5778 2384 5859 .viee
2428 5778 2656 5859 deorum.
2701 5781 2854 5850 Quod
2886 5787 3048 5841 etiam
3102 5806 3221 5847 mox
3284 5778 3622 5858 nubilar}?

2029 5851 2178 5906 initio
2206 5849 2361 5921 primi
2388 5850 2628 5922 capituli.
2684 5889 2702 5925 Σ.
2733 5849 2736 5850 ⁷
3540 5868 3547 5873 .
