4230 6282
575 339 682 397 635

579 478 585 511 ε
653 458 718 514 V.
744 457 815 513 Et
840 455 980 528 quod
1007 456 1085 512 sic
1112 453 1424 511 idololatriae
1450 452 1758 526 indignetur
1778 454 1937 523 Deus,
1959 462 2012 509 ut
2039 468 2176 523 ιιι-ιιι⁸
2204 456 2249 515 Α

578 553 783 625 ceperit
828 550 989 607 etiam
1018 563 1137 605 teos
1188 547 1413 604 interﬁci
1442 549 1535 620 qui
1563 549 1864 606 sacriﬁcare
1890 556 1944 605 ct
1972 546 2175 604 servire

575 647 736 703 idolis
760 644 1045 700 suaserint.

652 737 738 792 VI.
758 735 1201 807 Subjnngendum
1234 745 1356 808 post
1381 736 1518 806 haec,
1544 736 1708 810 quod,
1730 736 1992 808 redempti
2014 750 2077 792 ac
2095 734 2174 789 vi-

580 831 787 886 viticati
815 827 1014 886 Christi
1037 830 1317 901 sanguine,
1337 830 1472 886 nihil
1495 830 1712 888 Christo
1742 844 2057 902 praeponere
2082 827 2175 884 de-

573 922 824 991 beamus,
851 922 975 993 quia
996 936 1098 978 nec
1128 922 1218 979 ille
1245 922 1526 994 quicquam
1544 922 1704 979 nobis
1728 920 2100 992 praeposuerit,
2122 928 2178 976 et

572 1013 668 1070 ille
699 1022 723 1049 "
758 1023 977 1084 propter
1024 1028 1125 1070 nos
1158 1013 1297 1069 mala
1327 1014 1483 1071 bonis
1527 1013 1840 1085 praetulerit,
1893 1021 2176 1084 pauperta-

578 1114 689 1161 tem
731 1104 960 1174 divitiis,
1016 1106 1332 1163 servitutem
1382 1106 1763 1172 dominationi,
1812 1114 2042 1160 mortem
2077 1105 2179 1159 im-

575 1197 889 1255 mortalitati
913 1213 1040 1266 ;nos
1068 1207 1255 1254 contra
1283 1199 1334 1253 in
1361 1197 1701 1269 passiouibus
1723 1197 1919 1253 nostris
1950 1210 2178 1267 pauper-

563 1291 674 1346 tati
720 1291 965 1346 saeculari
1020 1291 1252 1362 paradisi
1298 1290 1511 1346 divitias
1566 1299 1621 1347 et
1656 1290 1878 1346 delicias
1926 1288 2178 1360 praefera-

575 1398 700 1440 mus
729 1380 778 1448 ιι,
809 1382 1137 1437 dominatum
1178 1392 1232 1438 et
1288 1398 1515 1453 regnum
1546 1391 1805 1438 aeternum
1836 1381 2177 1457 temporarja:

574 1472 845 1541 servituti,
894 1461 1354 1530 immortalitatem
1397 1475 1593 1544 morti,
1624 1475 1792 1531 Deum
1824 1481 1880 1530 et
1907 1473 2174 1559 Christum

575 1567 793 1625 diabolo
819 1578 872 1624 et
893 1568 1230 1625 antichristo.

652 1658 764 1714 Vll.
794 1659 1179 1716 Insinuandum
1228 1675 1442 1732 quoque
1485 1675 1575 1729 ne,
1603 1661 1773 1732 erepti
1813 1660 1881 1716 de
1935 1660 2178 1717 faucibus

1986 334 2123 392 DIVI
2160 332 2486 392 CYPRIANI

3777 335 3885 396 656

2352 454 2443 510 IX.
2480 454 2558 509 Ad
2606 454 2708 511 hoc
2735 453 2878 510 enim
2935 465 3219 525 pressat-as
3246 460 3301 510 et
3330 453 3736 525 persecutiones
3765 453 3882 511 ﬁeri

2281 555 2338 602 ut
2365 546 2675 617 probemur.

2352 638 2420 694 X.
2452 639 2561 696 Nec
2592 639 2858 697 timendas
2901 654 3023 697 esse
3081 639 3307 710 injurias
3327 649 3382 697 et
3410 655 3598 713 poenas
3624 655 3877 713 perseeu-

2281 733 2482 788 tionum
2511 773 2527 799 ,
2559 733 2681 804 quia
2724 731 2900 804 major
2936 742 3018 789 est
3051 732 3310 790 Dominus
3352 733 3422 790 ad
3463 733 3874 806 protegendum,

2280 838 2437 895 quam
2476 824 2723 881 diabolus
2751 825 2819 881 ad
2850 826 3298 898 impugnandum.
3429 883 3435 887 _

2351 916 2448 972 XI.
2471 918 2572 987 Ae,
2593 933 2662 974 ne
2683 929 3004 989 expavescat
3029 919 3150 990 quis
3170 930 3228 976 et
3254 921 3608 978 conturbetur
3636 923 3702 978 ad
3731 938 3880 994 prcs-

2280 1024 2436 1067 suras
2464 1020 2519 1067 et
2548 1011 2953 1082 persecutiones
3003 1027 3136 1082 quas
3190 1014 3426 1084 patimur
3453 1015 3505 1069 in
3529 1014 3633 1071 isto
3654 1015 3877 1082 mundo,

2280 1102 2616 1173 probandum
2642 1113 2769 1159 ante
2794 1102 3109 1174 praedictum
3136 1118 3259 1160 esse
3294 1114 3317 1141 θ
3340 1105 3481 1175 quod
3513 1120 3613 1162 nos
3650 1106 3882 1161 mundus

2280 1193 2405 1249 odio
2447 1192 2731 1250 habiturus
2754 1201 2935 1262 esset,
2972 1194 3197 1265 etquod
3253 1195 3658 1271 persecutiones
3700 1195 3882 1252 adver-

2280 1302 2398 1343 sum
2432 1303 2530 1344 nos
2549 1289 2828 1355 excitaret,
2854 1296 2993 1342 utex
3010 1286 3114 1342 hoc
3132 1286 3149 1325 ί
3168 1288 3442 1359 ipsoquod
3469 1288 3585 1344 haec
3612 1288 3741 1344 ﬁant
3765 1304 3881 1344 ma-

2281 1382 2474 1438 nifesta
2504 1383 2576 1438 sit
2601 1382 2736 1438 ﬁdes
2776 1381 2973 1438 divina:
3005 1382 3410 1453 pollicitationis
3439 1383 3493 1438 in
3541 1382 3880 1439 mercedibus

2280 1482 2336 1530 et
2367 1476 2601 1545 praemiis
2638 1463 2979 1546 postmodum
3020 1476 3308 1543 secuturis,
3353 1490 3453 1531 nec
3507 1491 3704 1531 novum
3750 1475 3879 1547 quid

2280 1565 2491 1621 accidat
2548 1565 2905 1633 Christianis,
2941 1565 3157 1637 quando
3213 1566 3283 1620 ab
3339 1566 3493 1621 initio
3522 1566 3707 1623 mundi
3753 1566 3881 1623 boni

2284 1657 2646 1715 laboraverint
2671 1702 2688 1729 ,
2719 1668 2776 1716 et
2821 1660 3073 1730 oppressi
3124 1670 3288 1731 atque
3346 1659 3511 1716 occisi
3550 1660 3658 1715 sint
3682 1658 3749 1715 ab
3792 1659 3879 1715 in-

574 1751 773 1808 diaboli
793 1762 848 1807 et
874 1752 942 1808 de
974 1753 1178 1823 laqueis
1203 1752 1382 1807 Saeculi
1441 1752 1673 1820 liberati,
1704 1754 1751 1809 si
1804 1753 1856 1807 in
1914 1754 2178 1824 angustiis
2276 1750 2457 1823 justis.

573 1854 630 1903 et
653 1846 922 1917 pressuris
952 1859 1072 1901 esse
1105 1856 1127 1883 ο
1153 1844 1437 1915 coeperint,
1473 1845 1684 1916 regredi
1713 1846 1889 1901 denuo
1914 1845 1980 1901 ad
2009 1860 2177 1901 saecu-
2205 1855 2253 1915 Β
2354 1843 2470 1898 XII.
2498 1844 2553 1899 In
2598 1845 2892 1901 novissima
2922 1855 3071 1916 parte
3087 1845 3397 1917 ponendum
3420 1855 3505 1904 est
3529 1862 3649 1919 qua:
3677 1861 3804 1918 Spes
3829 1856 3881 1903 et

571 1937 686 1996 lum
718 1940 885 1994 velint
907 1946 962 1995 et
985 1937 1213 2008 perdant
1241 1936 1385 2009 quod
1418 1938 1708 1993 evaserint.

650 2030 786 2087 VIII.
814 2014 1174 2085 lusistendum
1207 2028 1388 2099 potius
1421 2043 1541 2085 esse
1563 2040 1617 2085 ct
1643 2029 2095 2099 perseverandum
2120 2030 2172 2083 in

570 2124 681 2187 lidc
704 2134 758 2180 et
801 2124 997 2179 virtute
1026 2121 1053 2160 ά
1096 2132 1152 2179 et
1189 2123 1424 2179 caelestis
1448 2138 1512 2179 ac
1550 2124 1802 2195 spiritalis
1828 2126 2014 2197 gratiae
2055 2140 2179 2181 con-

570 2215 955 2285 summatione,
984 2224 1043 2271 ut
1071 2215 1137 2271 ad
1169 2214 1401 2287 palmam
1443 2223 1499 2273 et
1549 2230 1801 2273 coronam
1855 2218 2027 2287 possit
2051 2232 2173 2287 per-

570 2324 763 2367 venirt.
954 2358 962 2383 ,

1701 2437 2197 2475 ——-—-====

2204 2436 2255 2476 θ

2278 1952 2397 2007 quae
2416 1952 2621 1993 merces
2651 1948 2865 1993 maneat
2883 1938 3062 2009 justos
3085 1948 3143 1994 et
3168 1949 3430 2012 martyres
3460 1951 3580 2012 post
3599 1940 3880 1996 conﬂicta-

2282 2029 2455 2086 tiones
2482 2030 2638 2101 hujus
2671 2030 2926 2102 temporis
2951 2038 3005 2085 et
3030 2030 3325 2100 passiones,
3342 2043 3396 2087 et
3415 2031 3555 2101 quod
3583 2034 3701 2102 plus
3718 2048 3880 2088 acce-

2280 2124 2423 2195 pturi
2458 2123 2629 2179 simus
2681 2124 2733 2178 in
2768 2122 3035 2194 passionis
3062 2123 3490 2180 remuneratione
3540 2138 3697 2194 quam
3726 2124 3873 2194 quod

2281 2220 2369 2276 hic
2393 2219 2721 2277 sustinemus
2749 2218 2802 2275 in
2826 2216 2940 2289 ipsa
2963 2218 3226 2289 passione.

2263 2439 2756 2475 aﬂ-I———o—-o

1291 2604 1453 2698 DE
1508 2613 2470 2699 EXHORTATIONE
2527 2611 3151 2696 MARTYRII.

570 2860 689 2903 CAP.
733 2863 771 2912 ι,
806 2875 873 2887 ·--
908 2859 1048 2911 QUOD
1105 2859 1262 2901 ιιιοιΑ
1300 2860 1372 2900 DII
1427 2859 1531 2902 NON
1586 2859 1723 2913 SINT,
1764 2861 1833 2900 ET
1888 2860 2025 2910 QUOD
2075 2859 2177 2902 NEC

855 2955 1138 2995 ειειιειιτΑ
1172 2954 1298 2995 γιοΕ
1323 2951 1538 2995 ιιεοιιιιιι
1553 2953 1793 2995 COLENDA
1823 2954 1961 2996 MNT.

642 3117 951 3177 Ostenditur
989 3118 1040 3175 in
1102 3117 1316 3176 Psalmo
1373 3135 1500 3176 cxtn
1552 3138 1566 3174 :
1621 3117 1775 3177 ldola
1823 3122 2046 3192 gentium
2090 3136 2176 3173 ar-

568 3226 778 3287 gentum
800 3224 846 3269 et
875 3231 1081 3280 aurum,
1121 3231 1279 3284 opera
1310 3225 1334 3261 Β
1376 3230 1622 3269 manuum
1648 3215 1931 3269 hominum.
1956 3213 2027 3269 0s
2076 3214 2170 3267 ha-
2202 3256 2247 3319 Ο

569 3306 684 3363 bent
713 3318 759 3362 et
786 3325 885 3362 non
913 3310 1208 3378 loquuntur,
1227 3309 1406 3363 oculos
1436 3309 1619 3364 habent
1650 3319 1696 3364 et
1725 3327 1825 3364 non
1857 3311 2046 3373 vident,
2075 3326 2174 3363 au-

569 3415 651 3452 res
674 3397 854 3451 habent
880 3409 927 3451 et
957 3414 1057 3451 non
1083 3399 1301 3452 audiunt
1324 3395 1378 3452 1‘.
1414 3397 1596 3470 Neque
1622 3402 1756 3454 enim
1783 3410 1858 3455 est
1882 3401 2093 3470 spiritus
2122 3403 2176 3456 in

568 3505 657 3543 ore
676 3490 926 3558 ipsorum.
955 3488 1163 3544 Similes
1187 3490 1292 3543 illis
1314 3490 1441 3557 ﬁant
1482 3488 1497 3526 ί
1528 3492 1617 3561 qui
1642 3493 1837 3563 faciunt
1865 3508 1922 3546 ea
1953 3493 2001 3547 ι.
2043 3493 2172 3549 Item

567 3582 627 3637 in
667 3580 937 3652 Sapientia
984 3582 1336 3639 Salomonis:
1399 3582 1584 3639 Omnia
1639 3585 1778 3641 idola
1806 3586 2072 3641 nationum
2099 3603 2173 3642 te-

568 3676 902 3731 stimaverunt
943 3674 1063 3731 deos
1087 3692 1108 3742 ;
1134 3677 1315 3747 quibus
1358 3693 1519 3748 neque
1545 3678 1810 3733 oculorum
1836 3695 1958 3735 usus
2003 3690 2076 3734 est
2105 3680 2175 3734 ad

567 3771 863 3838 videndum,
898 3787 1057 3841 neque
1101 3788 1249 3827 nares
1298 3771 1368 3825 ad
1417 3772 1798 3843 percipiendum
1844 3774 2080 3843 spiritum
2119 3772 2171 3842 ιι,

566 3880 730 3935 neque
757 3881 906 3920 aures
930 3865 999 3918 ad
1026 3848 1359 3929 audiendum,
1388 3882 1547 3938 neque
1579 3867 1726 3938 digiti
1753 3867 1804 3921 in
1836 3867 2066 3923 manibus
2108 3868 2176 3922 ad

569 3956 918 4021 tractandum,
948 3955 1038 4010 sed
1062 3964 1107 4010 et
1138 3956 1288 4028 pedes
1313 3972 1492 4011 eorum
1520 3957 1652 4028 pigri
1690 3957 1758 4011 ad
1784 3957 2173 4013 ambulandum.

573 4044 745 4101 Homo
765 4047 899 4102 enim
920 4048 1036 4118 fecit
1061 4048 1201 4116 illos,
1218 4058 1265 4103 et
1294 4049 1378 4119 qui
1404 4049 1640 4119 spiritum
1666 4059 1918 4106 mutuatus
1940 4061 2009 4129 est
2027 4052 2177 4122 ﬁnxit

2282 2844 2399 2901 illos
2430 2842 2473 2898 ι.
2507 2843 2674 2900 Nemo
2716 2855 2883 2900 autem
2930 2845 3025 2901 sibi
3068 2843 3285 2900 similem
3315 2843 3466 2898 homo
3510 2842 3689 2913 poterit
3725 2841 3877 2895 deum

2282 2940 2507 3011 fingere:
2534 2956 2651 2995 cum
2670 2941 2735 2995 sit
2761 2940 2895 2995 enim
2924 2938 3174 3006 mortalis,
3192 2948 3449 2993 mortuum
3471 2935 3619 3007 ﬁngit
3646 2934 3876 2989 manibus

2279 3032 2485 3104 iniquis.
2521 3031 2708 3088 Melior
2750 3041 2823 3088 est
2848 3041 3018 3087 autem
3042 3032 3150 3102 ipse
3193 3031 3256 3085 iis
3292 3045 3420 3100 quos
3468 3028 3609 3093 colit,
3637 3027 3877 3098 quoniam

2280 3126 2388 3198 ipse
2414 3125 2617 3197 quidem
2652 3126 2777 3181 vixit
2800 3167 2815 3192 ,
2844 3125 2921 3179 illi
2952 3133 3119 3179 autem
3149 3138 3423 3189 numquam
3454 3119 3608 3195 (Sap.
3658 3134 3752 3183 xv,
3778 3117 3878 3173 I5—

2281 3219 2392 3287 17).
2424 3218 2555 3274 Item
2583 3218 2634 3273 in
2662 3215 2882 3273 Exodo:
2917 3214 3039 3271 Non
3066 3216 3224 3288 facies
3246 3215 3334 3270 tibi
3360 3213 3555 3268 idolum
3582 3228 3672 3266 nec
3696 3212 3874 3282 cujus-

2279 3326 2434 3384 quam
2454 3310 2839 3367 similitudinem
2861 3306 3057 3380 (Exod.
3079 3323 3171 3372 xx,
3195 3305 3274 3377 Is).
3308 3306 3438 3361 Item
3468 3303 3607 3375 apud
3631 3302 3873 3359 Salomo-

2282 3418 2405 3459 nem
2443 3402 2511 3459 de
2535 3402 2857 3457 elementis:
2902 3398 3083 3472 Neque
3119 3414 3277 3469 opera
3319 3396 3634 3452 attendentes
3661 3410 3876 3467 agnoue‘

2280 3506 2397 3551 runt
2417 3496 2529 3567 quis
2557 3504 2684 3551 esset
2720 3494 2927 3565 artifex,
2956 3491 3055 3547 sed
3072 3502 3158 3546 aut
3180 3491 3370 3562 ignem,
3392 3501 3480 3544 aut
3509 3489 3764 3559 spiritum,
3787 3495 3877 3541 aut

2279 3588 2487 3651 citatum
2507 3601 2693 3650 aerem,
2711 3596 2798 3640 aut
2815 3601 2997 3657 gyrum
3017 3584 3301 3649 stellarum,
3323 3591 3412 3636 aut
3437 3581 3648 3635 nimiam
3667 3595 3874 3651 aquam,

2279 3689 2367 3736 aut
2388 3679 2547 3735 solem
2573 3690 2664 3734 aut
2693 3679 2868 3733 lunam
2920 3678 3040 3733 deos
3067 3686 3388 3748 putaverunt.
3437 3673 3665 3741 Quorum
3688 3673 3732 3726 si
3754 3687 3877 3741 pro-

2279 3781 2391 3843 pter
2409 3771 2623 3841 speciem
2654 3770 2749 3823 hoc
2768 3769 3160 3835 wstimaverunt,
3186 3767 3347 3824 sciant
3375 3775 3563 3837 quanto
3585 3764 3646 3818 iis
3668 3762 3736 3794 ’⁸³
3762 3760 3877 3815 Do-

2280 3862 2450 3919 minus
2485 3865 2549 3920 sit
2599 3862 2894 3933 speciosior.
2927 3861 3027 3916 Aut
3073 3861 3117 3916 si
3160 3861 3363 3931 virtutes
3402 3868 3448 3914 et
3496 3874 3657 3929 opera
3705 3871 3880 3910 eorum

2281 3957 2454 4012 mirati
2481 3963 2622 4023 sunt,
2653 3954 2938 4025 intelligant
2964 3953 3027 4008 ab
3064 3952 3189 4025 ipsis
3226 3952 3467 4023 quoniant
3487 3950 3574 4021 qui
3625 3952 3735 4005 hazc
3756 3966 3879 4006 con-

2282 4050 2443 4105 stituit
2472 4050 2630 4121 [ortia
2659 4047 2841 4118 fortior
2871 4056 2942 4102 est
2968 4046 3082 4108 illis.
3103 4045 3256 4120 (Sap.
3291 4062 3410 4115 xm,
3446 4045 3590 4117 1-4).

1814 4165 2195 4226 LECTIONES
2234 4165 2647 4223 VARIANTES.

637 4280 662 4307 ⁰
689 4279 751 4330 Et.
773 4279 854 4330 hic
871 4276 977 4330 Lin.

634 4334 666 4377 ³⁵
695 4344 1039 4405 Ρνοιιοηιιιιιιιε.
1075 4343 1192 4393 Ver.

638 4408 664 4470 (ξ
694 4405 935 4470 μυεῖ-ιιι,
966 4408 1016 4470 in
1038 4404 1278 4467 angustiis
1300 4411 1351 4456 et
1374 4408 1619 4469 pressuris
1633 4419 1746 4459 esse
1770 4420 1879 4460 cum
1901 4408 2027 4460 Bod.
2052 4408 2100 4470 5,
2118 4407 2165 4457 4.

638 4466 666 4505 ιῐ
692 4465 815 4516 Fide
842 4474 895 4515 et
916 4465 1127 4518 veritate
1156 4470 1266 4518 Vat.

564 4531 571 4581 ξ
639 4529 956 4593 ςρῑριιειιιιιιι
982 4530 1085 4592 jam
1110 4536 1163 4580 et
1183 4530 1467 4593 praedictum
1512 4531 1632 4582 Bod.
1658 4532 1705 4582 4.

637 4588 660 4627 f
686 4590 747 4640 Et
768 4590 860 4639 hoc
885 4588 1022 4642 Voss.
1048 4594 1099 4642 5.

2339 4280 2371 4319 h
2391 4281 2626 4337 Audiunt.
2649 4293 2797 4331 nares
2809 4281 2994 4331 habent
3017 4285 3070 4330 et
3083 4291 3180 4331 non
3198 4278 3492 4341 odorabunt,
3505 4292 3681 4331 manus
3696 4279 3880 4330 habent

2279 4352 2443 4407 etnon
2467 4344 2753 4407 palpabunt.
2778 4357 2872 4393 non
2888 4342 3168 4407 clamabunt
3191 4343 3240 4391 in
3262 4350 3465 4404 gutture
3480 4356 3570 4407 suo
3594 4342 3699 4394 Lin.

2341 4404 2358 4445 i
2382 4404 2484 4456 Illis
2499 4404 2597 4457 sint
2622 4408 2740 4456 Ben.
2769 4407 2888 4455 Ver.
2917 4405 3051 4454 Lam.
3073 4404 3219 4455 Ebor.
3241 4411 3357 4454 sunt
3387 4408 3521 4456 Voss.
3547 4405 3597 4454 2.

2344 4468 2358 4519 ι
2392 4468 2597 4519 Faciunt
2622 4482 2699 4526 ea,
2723 4474 2777 4517 et
2798 4479 2973 4517 omnes
2994 4468 3077 4528 qui
3099 4467 3344 4517 conﬁdunt
3371 4468 3421 4517 in
3445 4469 3519 4518 eis
3542 4468 3669 4519 Bod.
3697 4470 3746 4518 5.

2343 4531 2372 4595 ts
2391 4530 2744 4595 accipiendum
2761 4530 2986 4590 spiritum
3012 4528 3122 4581 Bod
3147 4528 3195 4577 4.

2344 4592 2361 4630 1
2391 4592 2441 4642 Is
2458 4592 2595 4642 ﬁnxit
2616 4592 2727 4642 illos
2753 4596 2890 4641 Voss.

636 4655 662 4695 ε
689 4652 824 4717 Opus
848 4640 1157 4706 m:m~.
1186 4655 1310 4706 Bod.
1340 4656 1385 4720 ι,
1411 4655 1458 4718 e,
1486 4657 1535 4719 δ,
1561 4657 1608 4708 ι.
1634 4655 1741 4708 Lin.
1759 4659 1867 4711 NC.
1895 4658 1941 4719 ι,
1966 4658 2015 4707 ιε.
2048 4660 2169 4709 rer.

2338 4656 2379 4684 ω
2394 4640 2796 4707 Ἡιὲἷξόιιειίιξιιιι
2820 4640 2987 4705 tbrtior
3013 4660 3088 4706 est
3118 4653 3214 4707 illis
3237 4655 3365 4707 Bod.
3391 4655 3443 4717 4,
3468 4656 3517 4718 2,
3540 4655 3589 4704 4.

834 4742 837 4745 ’
1788 4729 2032 4819 suae".
2073 4760 2348 4820 BALUZII
2384 4760 2612 4818 NOTIE.

646 4877 717 4939 Χ.
755 4914 828 4924 -
852 4880 1083 4953 Injurias
1128 4889 1173 4953 et
1194 4952 1197 4953 ν
1219 4895 1412 4953 plenas.
1438 4878 1618 4953 Codex
1647 4879 2173 4953 Gratian‘opolitanus

573 4956 873 5028 injurias_et
902 4946 1239 5028 pugnas.
1262 4952 1422 5028 etiam
1454 4950 1623 5005 codex
1650 4951 1819 5006 sancti
1849 4946 2132 5028 Arnttlplti.

653 5028 781 5081 CAP.
805 5020 931 5080 I.-—l
962 5020 1110 5090 Quod
1127 5021 1285 5075 idola.
1304 5021 1525 5075 Multum
1556 5020 2085 5093 peccaveruntAngli
2121 5024 2171 5077 in

577 5100 683 5153 hoc
711 5098 829 5153 loco
850 5100 906 5151 ‘et
936 5096 987 5150 in
1021 5093 1184 5148 initiis
1214 5092 1453 5146 oittnium
1484 5092 1837 5161 capitulorum
1868 5092 2033 5162 hujus
2057 5094 2174 5148 libri

579 5179 636 5225 et
664 5183 849 5224 eorum
880 5180 999 5238 qua:
1026 5173 1173 5238 sunt
1199 5163 1267 5216 ad
1293 5162 1581 5227 Quirinum.
1616 5163 1914 5238 lfosuernnt
1943 5164 2170 5238 euinrin

579 5240 824 5311 margine
844 5233 1320 5311 capitulaquortnn
1338 5241 1516 5303 postea
1544 5233 1886 5311 probationes
1903 5252 1965 5289 ex
1991 5235 2173 5305 Scrip-

578 5304 885 5380 tura'atfert
913 5304 1258 5380 Cyprianus.
1282 5304 1353 5358 Ea
1390 5320 1516 5359 vero
1563 5306 1684 5375 quis
1724 5306 1964 5380 divinare
1994 5304 2175 5380 posset

578 5396 704 5438 esse
729 5374 1155 5453 Cypriani,'cum
1186 5377 1261 5432 illi
1293 5391 1507 5446 semper
1555 5374 1845 5446 apponere
1871 5374 2080 5453 soleant
2118 5378 2170 5433 in

578 5449 827 5522 margine
870 5449 1159 5505 summai-ia
1205 5463 1391 5522 earum
1431 5462 1628 5522 rerum
1654 5464 1772 5518 qua:
1801 5449 2010 5522 suntdin
2039 5464 2173 5522 conf

582 5519 730 5579 textu
762 5539 780 5586 ξ
810 5522 1097 5576 summaria
1149 5535 1297 5574 vero.
1321 5521 1556 5591 ipsorum
1588 5519 1695 5573 sint
1719 5562 1732 5583 ,
1754 5538 1759 5545 ·
1780 5535 1884 5573 non
1917 5519 2172 5591 Cypriani

583 5611 686 5650 nec
721 5606 956 5648 veterum
1004 5591 1339 5645 librariorum
1364 5590 1387 5643 ?
1414 5589 1564 5644 Adde
1618 5591 1758 5659 quod
1809 5589 2044 5660 ineptum
2067 5632 2082 5657 ,
2117 5602 2175 5646 ut

585 5666 718 5721 mihi
750 5665 976 5728 videtur,
1009 5663 1215 5716 in‘tinm
1245 5662 1395 5716 istius
1423 5661 1539 5714 libri
1573 5672 1882 5731 posuerunt,
1913 5662 2173 5731 incipien-

586 5744 671 5787 tes
708 5735 955 5803 avrrhu
1004 5732 1315 5786 Ostenditur.
1365 5733 1602 5785 Pnelive
1657 5742 1799 5786 esset
1842 5734 2175 5803 interrogare

585 5804 712 5873 quid
760 5802 868 5873 hoc
917 5803 1457 5873 loetrsignilicutyox
1510 5802 1830 5873 Qstenditur,
1860 5819 1978 5873 qua)
2014 5802 2175 5859 debet

589 5871 775 5924 referri
807 5870 871 5921 ad
904 5870 1099 5937 aliquid
1127 5869 1474 5924 antetedcns.
1509 5869 1616 5923 Ntzs
1658 5869 1993 5943 reposuimus
2029 5877 2172 5929 suin-

1533 5993 1560 6011 ο

2280 4878 2449 4935 maria
2491 4877 2723 4950 capitum
2754 4878 2805 4934 in
2835 4888 3110 4946 contextu,
3133 4881 3207 4936 uti
3237 4896 3331 4950 par
3351 4891 3485 4945 erat,
3506 4881 3877 4939 existimantes

2279 4949 2669 5021 explodendam
2693 4965 2816 5008 es5e
2836 4950 2974 5007 hanc
2999 4949 3293 5008 novitatem
3325 4994 3339 5018 ,
3386 4953 3721 5009 retinendam
3750 4970 3877 5011 esse

2278 5023 2669 5094 antiquitatem.
2688 5022 2813 5078 Ilaec
2831 5023 2974 5078 enim
2997 5024 3287 5094 summaria
3317 5035 3442 5079 sunt
3474 5024 3648 5094 potius
3672 5024 3875 5091 theses,

2278 5092 2345 5147 ad
2373 5108 2594 5163 quarum
2618 5094 2987 5165 probationem
3009 5092 3309 5165 Cyprianus
3330 5092 3549 5151 adducit
3572 5096 3877 5151 testimonia

2277 5165 2557 5237 sequentia
2580 5180 2645 5220 ex
2679 5180 2831 5237 sacra
2856 5163 3153 5237 Scriptura.
3185 5164 3416 5237 Ideoque
3467 5167 3519 5220 in
3555 5166 3875 5236 quihusdam

2278 5234 2428 5308 libris
2452 5236 2686 5308 antiquis
2718 5235 2835 5291 haec
2863 5236 3155 5292 summaria
3182 5234 3383 5307 scripta
3411 5245 3539 5293 sunt
3564 5234 3878 5308 inajusculis

2278 5305 2705 5362 characteribus.

2352 5378 2452 5432 Aut
2476 5378 2669 5432 lunam.
2704 5377 2980 5433 Pamelius
3006 5378 3204 5446 adjecit
3226 5390 3446 5435 rectores
3462 5380 3597 5435 orbis
3624 5389 3877 5435 terrarum

2279 5462 2345 5523 ex
2377 5448 2483 5523 ﬁde
2507 5450 2734 5523 duorum
2767 5459 3013 5523 ueterum
3040 5450 3325 5523 librorum,
3358 5459 3412 5505 et
3439 5452 3575 5523 quia
3592 5452 3670 5506 sic
3688 5452 3881 5523 legitur

2281 5519 2333 5595 in
2356 5522 2533 5595 capite
2550 5536 2640 5595 xm
2659 5519 2779 5595 libri
2808 5519 3167 5595 Sapientiteet
3192 5524 3331 5592 apud
3357 5519 3535 5595 ipsum
3550 5519 3877 5595 Cyprianum

2279 5590 2376 5646 lib.
2404 5607 2459 5663 tn
2491 5590 2915 5646 Testimoniorum
2942 5607 3062 5663 cap.
3091 5592 3163 5648 ‘29
3186 5635 3200 5659 ,
3230 5590 3321 5649 ubi
3356 5590 3495 5648 idem
3529 5590 3679 5649 locus
3710 5593 3880 5650 refcr-

2280 5671 2384 5715 tur.
2418 5660 2487 5716 At
2517 5677 2639 5732 ego,
2669 5677 2789 5716 cum
2821 5663 2908 5717 illa
2940 5660 3049 5719 non
3079 5665 3372 5720 invenerim
3417 5665 3469 5719 in
3503 5667 3651 5721 nullo
3691 5680 3879 5721 eorum

2278 5741 2520 5805 veterum
2547 5734 2931 5805 exemplarium
2979 5734 3171 5805 quibus
3197 5746 3319 5790 utor
3344 5777 3359 5802 ,
3400 5735 3577 5791 desint
3604 5746 3780 5792 autem
3822 5737 3881 5792 in

2278 5804 2539 5880 omnibus
2583 5804 2910 5880 editionihus
2959 5804 3270 5864 Pameliana
3334 5807 3766 5880 antiquioribus,
3814 5825 3881 5866 ea

2275 5877 2464 5932 suStuli
2492 5875 2560 5933 ab
2590 5874 2692 5933 hoc
2719 5877 2859 5934 loco.
