4230 6282
347 334 453 392 657

457 464 576 503 CAP.
619 463 676 503 ll.
719 478 789 490 --
826 463 977 513 QUOD‘
1002 465 1133 508 διευς
1196 468 1356 510 εοιιιε
1407 469 1677 512 εοιεικυυε
1715 472 1815 514 SIT.

418 565 566 622 Sicut
593 566 850 638 scriptum
874 578 956 623 est
986 568 1052 624 είς
1085 566 1362 625 Dominum
1386 570 1546 626 Deum
1581 582 1724 628 tuum
1759 574 1946 631 adora-

347 658 441 723 bis,
464 667 509 712 et
526 659 604 713 illi
619 659 714 712 soli
738 660 921 714 servies
940 659 1113 733 (Deut.
1139 662 1332 734 νι,15).
1350 661 1479 717 Item
1509 665 1559 719 in
1586 665 1799 721 Exodo:
1822 666 1943 723 Non

345 760 491 806 erunt
519 751 607 805 tibi
626 750 698 805 dii
713 752 804 806 alii
825 752 1012 823 absque
1036 770 1115 808 me
1132 753 1257 824 (Ex.
1274 772 1347 822 γι,
1366 756 1475 827 15).
1501 758 1630 813 Item
1655 760 1759 817 illic
1771 760 1798 799 δ
1819 783 1832 817 :
1857 761 1944 818 Vi-

345 844 478 905 dete,
502 842 661 898 videte
691 844 813 913 quia
845 860 936 915 ego
957 861 1069 899 sum
1096 856 1142 912 ι’,
1166 854 1212 899 et
1236 863 1337 900 non
1369 857 1439 903 est
1467 847 1605 905 Deus
1630 862 1813 922 printer
1842 872 1939 910 me.

345 934 459 1006 Ego
470 934 755 989 interimam
768 932 795 972 ι¹
809 944 856 990 et
872 938 1033 991 vivere
1048 937 1254 1009 faciam,
1272 942 1545 1009 percutiant
1563 952 1611 996 et
1624 960 1714 1014 ego
1727 947 1938 1014 sanabo,

344 1037 391 1083 et
416 1043 516 1082 non
535 1035 608 1081 est
631 1028 717 1097 qui
740 1029 922 1098 eripiat
942 1030 1005 1083 de
1024 1030 1253 1086 manibus
1274 1032 1395 1086 meis
1409 1041 1432 1069 θ
1452 1032 1630 1106 (Deut.
1647 1036 1935 1110 xxxn,59).

343 1123 474 1178 Item
515 1122 568 1177 in
600 1122 922 1194 Apocalypsi
949 1137 962 1176 :
985 1122 1053 1177 Et
1082 1123 1185 1178 vidi
1215 1124 1374 1180 alium
1411 1127 1661 1198 Angelum
1690 1130 1938 1185 volantem

341 1218 397 1272 in
421 1216 587 1271 medio
614 1216 763 1284 caelo,
796 1216 1061 1272 habentem
1108 1214 1445 1290 Evangelium
1479 1230 1740 1288 teternum,
1763 1233 1822 1277 ut
1846 1241 1940 1279 an-

342 1311 599 1364 nuntiaret
624 1326 777 1380 super
800 1320 985 1364 terram
998 1319 1043 1364 et
1054 1326 1210 1380 super
1224 1327 1397 1368 onmes
1410 1316 1639 1369 nationes
1666 1314 1683 1352 ῖ
1708 1324 1753 1369 et
1779 1317 1938 1372 tribus

341 1411 388 1458 et
431 1403 634 1474 linguas
669 1412 717 1457 et
756 1403 990 1474 populos,
1019 1402 1267 1460 dicentem
1315 1422 1434 1461 voce
1476 1424 1660 1478 magna
1683 1426 1702 1465 :
1726 1408 1939 1465 Metuile

341 1495 511 1565 potius
550 1493 714 1548 Deum
747 1505 792 1560 κ,
840 1505 887 1550 et
927 1495 1044 1550 date
1083 1497 1163 1551 illi
1213 1499 1777 1573 claritatem,quoniam
1804 1505 1936 1559 venit

338 1586 468 1641 liora
504 1586 693 1657 judicii
737 1587 889 1656 ejus;
921 1596 967 1641 et
993 1588 1206 1642 adorate
1256 1606 1370 1644 emn
1416 1594 1504 1662 qui
1533 1594 1649 1665 fecit
1679 1596 1861 1650 ctelum
1888 1607 1936 1652 et

337 1687 525 1733 terram
551 1689 600 1734 et
624 1696 764 1734 amre
777 1688 822 1733 et
838 1683 1134 1753 omniaqua:
1148 1684 1201 1737 in
1215 1684 1286 1738 eis
1308 1685 1623 1755 sunt(Apoc.
1646 1702 1757 1755 XIV,
1783 1688 1837 1756 6,
1856 1689 1930 1761 '7).

335 1769 426 1828 Sic
477 1780 532 1827 et
581 1772 840 1828 Dominus
901 1774 953 1829 in
1006 1774 1299 1847 Evangelio
1367 1783 1930 1837 commemorationem

334 1863 459 1921 facit
498 1866 655 1935 primi
685 1876 742 1922 ct
782 1867 1005 1924 secundi
1034 1872 1287 1942 praecepti
1318 1866 1503 1929 dicens
1532 1890 1547 1929 :
1577 1874 1712 1929 Audi
1739 1875 1925 1932 Israel.
1959 1858 2008 1918 Β

329 1954 583 2013 Dominus
606 1958 740 2014 Deus
764 1969 880 2015 tuus
899 1959 1042 2017 Deus
1062 1980 1196 2019 unus
1220 1973 1409 2031 est;et:
1430 1965 1625 2038 Diliges
1654 1968 1930 2024 Dominum

332 2064 476 2111 tuum
527 2057 592 2111 de
634 2066 738 2112 toto
762 2058 916 2113 corde
945 2068 1030 2113 tuo
1050 2068 1097 2114 et
1126 2059 1189 2114 de
1208 2067 1312 2114 tota
1337 2061 1510 2116 quinta
1539 2073 1627 2117 tua
1649 2073 1711 2125 et.
1730 2065 1793 2119 de
1823 2074 1929 2119 tota

328 2152 514 2205 virtute
541 2159 650 2205 tua.
668 2149 786 2205 Hoc
815 2153 1057 2221 primum,
1088 2159 1134 2206 et
1159 2154 1436 2208 secundum
1466 2156 1631 2209 simile
1656 2157 1773 2210 lmic
1793 2174 1812 2211 :
1840 2156 1929 2211 Di-

328 2243 451 2314 liges
476 2248 764 2313 proximum
796 2253 940 2298 tuum
968 2241 992 2280 ίι
1019 2253 1277 2315 tamquam
1294 2255 1358 2300 te.
1382 2244 1450 2299 In
1488 2247 1565 2302 Itis
1586 2247 1780 2303 duobus
1795 2266 1928 2319 ρι’ωο

328 2339 484 2408 ceptis
500 2346 604 2392 tota
628 2340 711 2393 lex
735 2337 915 2408 pendet
941 2348 988 2392 et
1006 2338 1516 2419 Prop/tette(illatth.
1550 2357 1679 2408 χχιι,
1699 2342 1787 2409 59,
1806 2341 1921 2412 40).

326 2431 391 2486 Ει
425 2432 615 2486 iterum
644 2448 658 2486 :
695 2430 819 2486 llazc
847 2441 922 2486 est
948 2441 1114 2486 autem
1152 2433 1254 2487 vita
1280 2442 1489 2501 (eterna,
1518 2444 1573 2487 ut
1619 2448 1925 2505 cognoscant

328 2533 374 2577 te
403 2525 564 2577 solum
589 2534 637 2578 et
678 2539 851 2578 verum
876 2524 1038 2579 Deum
1074 2533 1119 2579 et
1171 2541 1320 2595 quem
1347 2526 1527 2580 misisti
1567 2525 1745 2581 Iesum
1774 2528 1924 2584 Cirri-

325 2627 457 2673 stum
497 2616 676 2688 (Joan.
700 2634 825 2687 xm,
857 2618 933 2691 5).

326 2770 445 2811 CAP.
478 2771 556 2812 Ill.
582 2773 796 2821 --QU£
857 2772 1191 2815 COHMIXATIO
1249 2776 1336 2816 DEI
1392 2777 1475 2817 SIT
1516 2778 1783 2819 ADVERSUS
1825 2776 1920 2818 EOS

737 2865 823 2914 QUI
865 2866 1030 2908 IDOLIS
1056 2866 1398 2911 SACl‘sll-‘ICAN'I‘
1408 2894 1424 2911 ο

394 2965 451 3021 In
482 2965 666 3023 Exodo
704 2965 715 3003 ί
751 2985 764 3021 :
800 2967 1116 3036 Sacriﬁcans
1160 2969 1258 3023 diis
1284 2970 1646 3042 eradicabitur,
1677 2973 1777 3027 nisi
1812 2971 1921 3027 Do-

323 3060 461 3113 mino
482 3058 577 3113 soli
605 3056 799 3129 (Exod.
822 3075 951 3126 χχιι,
974 3059 1080 3131 19).
1114 3060 1242 3116 Item
1270 3066 1320 3117 in
1340 3063 1751 3119 Deuteronomio
1775 3081 1788 3119 :
1816 3065 1919 3120 Sa-

323 3153 676 3222 cri/icaverunt
727 3153 1010 3219 da'moniis,
1054 3162 1100 3208 et
1130 3171 1231 3209 non
1260 3154 1369 3210 Deo
1405 3154 1585 3229 (Deut.
1609 3173 1777 3225 xxx",
1802 3158 1912 3231 17).

323 3243 455 3299 Item
475 3244 612 3315 apud
642 3243 853 3299 ESaiam
892 3261 903 3298 :
947 3245 1297 3300 Adoraverunt
1322 3264 1404 3303 eos
1423 3264 1547 3317 quos
1569 3251 1795 3322 fecerunt
1824 3250 1909 3303 di-
1940 3250 1984 3313 C

319 3338 411 3407 gili
432 3352 626 3402 eorum,
656 3345 703 3390 et
724 3346 963 3391 curvatus
983 3346 1057 3391 est
1101 3340 1271 3405 homo,
1307 3349 1352 3393 et
1385 3340 1680 3395 lutmiliatus
1706 3350 1778 3395 est
1817 3343 1911 3410 vir,

319 3436 365 3481 et
387 3443 487 3482 non
517 3427 699 3482 laxabo
721 3428 824 3482 illis
851 3429 864 3479 i
913 3427 1045 3501 (lsa.
1071 3445 1130 3494 ιι,
1159 3428 1238 3499 8).
1273 3430 1341 3485 Et
1377 3430 1567 3486 iterum
1596 3449 1608 3485 :
1636 3430 1752 3487 Illis
1775 3433 1914 3503 fudi-

319 3520 410 3573 stis
459 3518 717 3583 libamina,
752 3530 799 3574 et
824 3519 928 3575 illis
973 3520 1280 3591 imposuistis
1308 3522 1581 3591 sacriﬁcia.
1615 3523 1785 3595 Super
1808 3524 1915 3579 Ιιίεσ

321 3625 440 3681 ergo
501 3626 603 3663 non
658 3610 977 3682 indignabor,
1008 3611 1132 3666 dicit
1175 3611 1423 3668 Dominus
1450 3614 1586 3685 (Isa.
1613 3632 1652 3681 ι,
1680 3632 1779 3681 vn,
1810 3617 1916 3687 6)?

320 3701 450 3757 Item
500 3700 637 3772 apud
703 3700 1023 3757 Hieremiam
1067 3702 1292 3759 :Nolite
1338 3706 1599 3761 ambulare
1644 3719 1757 3780 post
1794 3709 1916 3764 deos

323 3794 517 3850 alienos
539 3804 590 3848 ut
620 3796 850 3850 serviatis
876 3797 967 3863 eis,
1002 3806 1048 3851 et
1076 3813 1138 3852 ne
1162 3798 1495 3854 adoraveritis
1532 3816 1635 3866 eos,
1675 3810 1721 3856 et
1747 3819 1808 3856 ne
1836 3803 1915 3857 in-

319 3886 483 3941 citetis
506 3903 585 3941 me
611 3889 662 3941 in
706 3888 943 3958 operibus
990 3906 1236 3944 manuum
1284 3900 1564 3946 vestrarum
1603 3894 1670 3947 ad
1720 3896 1917 3966 disper-

321 3977 511 4033 dendos
535 3977 558 4015 κ
594 3995 679 4033 vos
708 3978 879 4049 (Hier.
926 3997 1060 4046 xxv,
1092 3981 1167 4049 6).
1222 3983 1353 4038 Item
1386 3985 1438 4038 in
1462 3982 1785 4058 Apocalypsi
1817 4004 1829 4040 :
1858 3988 1919 4044 Si

318 4074 429 4147 quis
442 4074 623 4128 adorat
653 4071 671 4112 Ι
702 4073 908 4131 bestiam
929 4084 974 4129 et
1017 4075 1289 4146 imaginem
1316 4077 1444 4146 ejus,
1480 4086 1527 4131 et
1554 4081 1738 4149 accipit
1759 4090 1797 4116 ω
1827 4098 1919 4136 no-

1543 4213 1926 4275 LECTIONES

386 4334 411 4360 ιι
430 4330 670 4393 Scriptum
696 4338 772 4380 est
794 4332 840 4380 in
874 4331 1248 4382 deuteronomio
1272 4332 1430 4383 Oxon.
1460 4335 1591 4384 Lam.
1618 4334 1766 4386 Ebor.
1804 4333 1909 4387 Lin.

327 4401 457 4442 Voss.
488 4392 685 4443 1.’Bod.
716 4394 760 4449 1,
790 4394 837 4451 2,
863 4394 909 4451 5,
934 4394 977 4442 4.

327 4518 360 4526 __
380 4452 569 4526 b‘ltenl
586 4456 642 4526 in
661 4454 1043 4526 Denteronomio
1064 4457 1224 4509 Oxon.
1252 4460 1390 4507 Voss.
1416 4459 1557 4508 Lam.
1604 4456 1710 4509 Lin.
1737 4460 1845 4511 ΝΟ.
1865 4461 1910 4510 1.

318 4516 444 4566 Bod.
471 4518 515 4578 1,
541 4517 588 4574 2,
613 4520 661 4577 5,
687 4518 734 4565 4.
758 4518 958 4578 Optime.

382 4582 403 4610 ο
422 4580 528 4641 Ego
551 4579 905 4629 sumDomiuus
926 4582 1060 4629 Lam.
1084 4580 1228 4632 Ebor.
1265 4582 1372 4633 ΝΟ.
1391 4581 1435 4632 1.
1461 4581 1588 4633 Bod.
1607 4584 1653 4633 2.

382 4641 409 4680 '1
428 4642 531 4703 Ego
574 4643 787 4691 occidam
830 4643 955 4694 Bod.
984 4644 1027 4703 1,
1047 4643 1095 4701 5,
1120 4644 1167 4693 4.

382 4707 405 4769 ‘f
434 4705 527 4769 Qui
551 4708 703 4765 possit
720 4717 903 4755 eruere
919 4707 985 4755 de
1005 4718 1149 4754 manu
1171 4719 1284 4755 mea
1312 4709 1453 4758 Voss.
1480 4709 1524 4769 1,
1549 4709 1596 4758 5.

382 4763 402 4800 ί
434 4766 530 4814 l’er
551 4763 724 4815 omnes
746 4768 969 4817 nationes
989 4768 1109 4817 Ben.
1142 4770 1259 4819 Ver.

383 4829 410 4890 β
434 4827 633 4890 §ervite
653 4831 814 4890 potius
837 4828 1047 4878 Domino
1078 4832 1215 4881 Voss.
1245 4831 1288 4879 1.
1319 4832 1443 4883 Bod.
1465 4833 1513 4883 5.
1545 4835 1681 4885 Voss.
1708 4833 1756 4882 5.

382 4887 409 4928 ιι
435 4887 718 4940 Proximum
738 4891 825 4940 tibi
849 4892 984 4941 Lam.
1007 4890 1151 4943 Ebor.
1178 4894 1282 4943 ΝΟ.
1301 4895 1345 4943 1.

1492 342 1828 402 EPISTULA
1866 346 1959 403 AD
1996 347 2488 409 FORTUNATUM.

1940 4653 1994 4712 D

3546 364 3655 421 658

1974 464 2020 521 A
2053 471 2157 518 tam
2215 467 2268 520 in
2324 470 2491 538 fronte
2528 485 2622 525 sua
2664 479 2751 526 aut
2800 472 2855 527 in
2883 487 3058 540 manu,
3091 472 3219 529 bibet
3240 483 3288 529 et
3315 474 3423 543 ipse
3450 475 3515 530 de
3538 477 3654 532 vino

2048 557 2140 611 ira:
2180 557 2276 613 Dei
2322 562 2479 616 mixto
2508 564 2561 617 in
2588 565 2769 634 poculo
2810 565 2901 620 irte
2936 568 3067 637 ejus,
3099 575 3145 622 et
3187 568 3426 638 punietur
3454 570 3571 641 igne
3604 581 3652 626 et

2046 651 2293 720 sulphure
2319 655 2413 708 sub
2436 657 2593 711 oculis
2613 667 2906 712 sanctorum
2941 659 3251 731 Angelorum
3280 671 3327 715 et
3364 661 3455 717 sub
3485 664 3650 718 oculis

2048 743 2276 814 Agni:et
2301 747 2472 817 fumus
2514 746 2578 802 de
2624 749 2885 804 tormentis
2931 766 3104 805 eorum
3133 751 3187 805 in
3216 754 3403 808 sa’cula
3431 758 3645 812 saeculo-

2045 850 2193 888 ruma
2210 837 2412 892 scendet
2427 855 2445 904 ;
2463 855 2552 892 nec
2578 838 2826 893 habebunt
2846 842 3065 911 requiem
3079 843 3161 897 die
3179 859 3240 897 ac
3257 853 3399 899 nocte
3416 847 3646 916 quicum-

2044 951 2137 1003 que
2151 935 2589 991 adorantbestiam
2618 946 2665 992 et
2690 938 2959 1008 imaginem
2983 939 3095 1009 ejus
3112 938 3297 1010 (Apoc.
3333 957 3428 1008 xv,
3455 942 3640 1015 9-11).

2044 1061 2163 1101 CAP.
2199 1062 2357 1101 lV.—
2382 1062 2484 1102 NON
2524 1063 2709 1104 FACILE
2749 1063 3038 1105 IGNOSCEBE
3081 1066 3225 1105 DEUM
3266 1066 3639 1110 IDOI.OLA'I'R|S.

2114 1162 2324 1235 Moyses
2354 1165 2404 1218 in
2438 1165 2625 1219 Exodo
2652 1179 2748 1235 pro
2776 1165 2975 1235 populo
3024 1174 3201 1235 rogat,
3229 1182 3330 1222 nec
3367 1167 3640 1240 impetrat.

2042 1255 2273 1321 Precor,
2320 1257 2412 1323 ait,
2468 1255 2711 1323 Domine,
2770 1256 2982 1327 deliquit
3011 1258 3230 1327 papulus
3270 1258 3355 1311 hic
3401 1259 3642 1313 delictum
3698 1248 3706 1255 ’

2040 1350 2252 1420 grande.
2288 1347 2541 1404 Fecerunt
2587 1349 2683 1403 sibi
2716 1350 2836 1403 deos
2861 1365 3042 1404 aureos
3071 1358 3118 1403 η.
3149 1348 3217 1403 Et
3243 1366 3377 1404 nunc
3402 1351 3446 1405 si
3470 1351 3641 1404 dimit-

2041 1440 2104 1494 tis
2129 1440 2234 1494 illis
2263 1440 2525 1505 delictum,
2551 1440 2767 1496 dimitte.
2803 1439 2900 1496 Sin
2929 1449 3119 1505 autem,
3153 1442 3265 1509 dele
3304 1458 3383 1495 me
3420 1442 3483 1495 de
3510 1443 3638 1496 libro

2038 1547 2184 1600 quem
2225 1532 2491 1602 scripsisti.
2528 1531 2589 1585 Et
2620 1531 2749 1587 dixit
2780 1530 3031 1586 Dominus
3058 1533 3126 1585 ad
3155 1530 3368 1603 Moysen
3400 1551 3412 1587 :
3443 1531 3506 1587 Si
3524 1535 3638 1603 quis

2039 1622 2249 1688 deliquit
2293 1631 2411 1676 ante
2448 1639 2545 1687 me,
2597 1622 2794 1676 deleam
2843 1638 2956 1677 eum
3001 1623 3065 1675 de
3114 1624 3241 1677 libro
3292 1639 3401 1676 meo
3434 1622 3630 1696 (Exod.

2039 1730 2206 1780 mm,
2237 1715 2300 1769 51
2342 1714 2458 1783 55).
2506 1715 2639 1770 Item
2687 1730 2807 1771 cum
2841 1716 3138 1772 Hieremias
3194 1732 3289 1787 pro
3320 1717 3516 1788 populo
3540 1718 3638 1774 dc-

2039 1814 2369 1876 precaretur,
2408 1807 2666 1861 Dominus
2707 1806 2775 1861 ad
2805 1822 2926 1864 eum
2961 1807 3197 1878 loquitur
3220 1808 3405 1864 dicens
3440 1808 3548 1864 :Et
3578 1820 3635 1864 tu

2035 1899 2140 1953 noli
2164 1915 2312 1953 orare
2336 1915 2430 1970 pro
2451 1899 2644 1970 populo
2670 1901 2786 1967 hoc,
2816 1911 2861 1955 et
2888 1901 2993 1955 noli
3023 1902 3284 1971 postulare
3310 1918 3401 1972 pro
3425 1903 3549 1974 ipsis
3577 1904 3635 1957 in

2032 2006 2178 2060 prece
2206 1998 2251 2043 et
2274 1992 2500 2045 oratione
2527 2031 2541 2055 ,
2592 1992 2712 2061 quia
2754 2008 2853 2046 non
2895 1994 3168 2047 exaudiam
3193 1993 3245 2046 in
3286 2002 3509 2065 tempore
3531 2011 3632 2064 quo

2029 2083 2331 2136 invocabant
2370 2098 2469 2148 me,
2502 2084 2555 2136 in
2583 2093 2808 2154 tempore
2845 2085 3129 2155 aﬂlictionis
3176 2101 3284 2139 sua:
3336 2084 3513 2159 (Hier.
3545 2103 3624 2151 χι,

2030 2173 2141 2245 14).
2174 2175 2421 2231 Ezechiel
2448 2191 2660 2247 quoque
2691 2176 2828 2232 hanc
2881 2178 3127 2233 eamdem
3182 2177 3461 2235 denuntiat
3490 2179 3627 2235 indi-

2028 2270 2331 2340 gnationem
2358 2270 2451 2327 Dei
2471 2270 2553 2326 his
2581 2271 2670 2341 qui
2700 2272 2752 2326 in
2800 2272 2965 2327 Deum
2987 2271 3303 2342 delinquunt
3333 2282 3378 2325 0:
3412 2270 3476 2324 Et
3505 2275 3625 2343 fuit,

2029 2363 2219 2433 inquit,
2256 2363 2461 2417 verbum
2509 2363 2718 2418 Domini
2762 2365 2831 2419 ad
2868 2382 2948 2420 me
2992 2365 3164 2420 dicens
3192 2364 3339 2419 :Fili
3381 2366 3624 2430 hominis.

2028 2464 2163 2509 terra
2196 2472 2524 2526 quaecumque
2552 2457 2833 2527 peccaverit
2853 2456 2980 2510 mihi
3000 2466 3050 2508 ut
3076 2456 3334 2526 delinquat
3360 2456 3621 2521 delictum,

2025 2546 2298 2601 extendam
2329 2563 2539 2601 manum
2579 2563 2743 2601 meam
2792 2564 2946 2617 super
2968 2563 3098 2613 eam,
3130 2558 3175 2602 et
3198 2547 3421 2603 obteram
3463 2548 3626 2603 stabi-

2025 2638 2285 2692 limentum
2317 2640 2465 2706 panis
2496 2649 2542 2705 ι),
2577 2649 2623 2693 ει
2673 2639 2941 2694 immittam
2969 2641 3022 2694 in
3064 2656 3176 2694 eam
3206 2640 3427 2710 famem,
3458 2649 3507 2696 et
3531 2656 3634 2694 au-

2024 2738 2187 2806 feram
2211 2733 2274 2788 de
2298 2749 2355 2788 ea
2386 2733 2638 2789 hominem
2670 2744 2717 2788 et
2759 2750 2964 2802 pecora.
2999 2733 3065 2788 Et
3093 2733 3139 2790 si
3173 2736 3366 2807 fuerint
3404 2745 3503 2790 tres
3530 2736 3630 2789 viri

2023 2828 2077 2882 lii
2106 2828 2159 2881 in
2189 2826 2355 2881 medio
2397 2828 2527 2898 ejus,
2563 2826 2698 2892 Noe,
2738 2825 2923 2881 Daniel
2963 2836 3008 2881 et
3055 2825 3174 2893 Job,
3209 2842 3310 2881 non
3337 2825 3627 2881 liberabunt

2022 2920 2159 2992 ﬁlios
2183 2937 2339 2990 neque
2368 2920 2524 2989 ﬁlias,
2554 2921 2655 2991 ipsi
2674 2919 2771 2973 soli
2795 2919 2924 2973 salvi
2952 2929 3098 2972 erunt
3152 2918 3363 2988 (Ezeclt.
3392 2934 3506 2985 xw,
3533 2919 3627 2984 12,

2024 3012 2251 3085 14,16).
2288 3013 2417 3067 Item
2456 3013 2509 3066 in
2556 3010 2690 3065 libro
2721 3010 3027 3079 Regnorum
3081 3008 3257 3076 primo
3292 3025 3307 3060 :
3360 3007 3423 3061 Si
3450 3006 3623 3061 delin-

2019 3108 2218 3182 quendo
2240 3114 2408 3177 peccet
2438 3106 2513 3159 vir
2541 3104 2785 3159 adversus
2832 3102 3017 3168 virum,
3049 3099 3262 3154 orabunt
3285 3116 3379 3170 pro
3423 3116 3481 3154 eo
3504 3097 3622 3153 Do-

2019 3202 2235 3255 minum.
2261 3198 2322 3254 Si
2346 3207 2513 3253 autem
2544 3197 2596 3252 in
2618 3194 2782 3251 Deum
2813 3203 2979 3266 peccet
3011 3193 3183 3255 homo,
3206 3192 3318 3264 quis
3346 3191 3508 3246 orabit
3525 3209 3620 3262 pro

2018 3309 2076 3347 eo
2104 3291 2144 3362 (Ι
2168 3292 2295 3362 Reg.
2326 3306 2383 3358 ιι,
2414 3288 2553 3360 25)?

2019 3426 2137 3466 ων.
2165 3405 2547 3473 v.—""Quon
2577 3420 2656 3460 διε
2697 3418 3067 3461 ιυοιοιλτιιιάῑ
3107 3416 3425 3459 morsuum
3463 3417 3619 3469 unus,

2093 3517 2161 3557 UT
2210 3514 2550 3555 PRAECEPEBIT
2602 3511 2764 3553 ΕἸΊΛΜ
2804 3510 2900 3552 EOS
2942 3510 3210 3552 INTEBHCI
3251 3511 3340 3561 QUI
3389 3510 3624 3553 SACRIFI-

2086 3609 2225 3649 CARE
2248 3610 2313 3648 ET
2344 3607 2570 3648 SERVIRE
2595 3606 2766 3647 IDOLIS
2795 3603 3108 3644 SUASERINT.

2090 3706 2148 3759 In
2179 3704 2592 3760 Deuteronomio
2620 3719 2634 3758 :
2668 3702 2819 3767 Quod
2844 3703 2889 3756 si
2915 3703 3165 3772 rogaverit
3186 3710 3234 3756 te
3266 3706 3425 3773 frater
3461 3711 3614 3768 tuus,

2020 3808 2109 3853 aut
2134 3798 2273 3867 ﬁlius
2302 3809 2448 3862 tuus,
2482 3805 2571 3849 aut
2608 3796 2719 3862 ﬁlia
2757 3805 2842 3847 tua
2862 3837 2876 3860 ,
2913 3804 3001 3848 aut
3031 3810 3164 3848 uxor
3201 3804 3291 3848 tua
3322 3810 3439 3865 qua:
3460 3806 3534 3851 est
3564 3798 3618 3850 in

2020 3892 2134 3944 sinu
2161 3901 2245 3943 tuo
2262 3930 2276 3955 ,
2299 3898 2386 3943 aut
2414 3889 2607 3942 amicus
2638 3897 2783 3953 tuus,
2810 3889 2896 3958 qui
2933 3886 3143 3958 wqualis
3172 3897 3244 3942 est
3271 3888 3456 3943 anima:
3480 3899 3581 3945 tua:
3598 3933 3613 3957 ,

2022 3988 2235 4041 latenter
2256 3982 2426 4037 dicens
2455 3996 2474 4035 :
2510 3999 2529 4032 ‹
2553 3980 2747 4036 Eamus
2776 3990 2821 4035 et
2850 3981 3127 4036 serviamus
3150 3980 3250 4035 diis
3283 3980 3401 4035 aliis
3429 3991 3475 4047 (ι,
3520 3982 3619 4036 diis

2024 4070 2285 4153 gentium;
2314 4098 2333 4131 ι
2360 4095 2462 4133 non
2499 4076 2778 4132 consenties
2807 4076 2853 4131 ei
2878 4118 2891 4142 ,
2913 4084 2961 4129 et
2990 4091 3095 4129 non
3120 4075 3358 4130 exaudies
3396 4090 3543 4143 eum,
3573 4084 3621 4131 et

1990 4217 2293 4275 VARIANT
2297 4217 2398 4274 ES.

2082 4333 2099 4370 i
2130 4332 2216 4383 Sic
2237 4332 2361 4382 Bod.
2390 4332 2437 4392 1,
2460 4331 2510 4392 2,
2533 4331 2581 4390 5,
2618 4331 2667 4380 4.
2691 4332 2782 4382 Ar.
2825 4330 2957 4380 Lam.
3000 4328 3145 4381 Ebor.
3190 4329 3294 4378 Lin.
3321 4326 3533 4389 Legitur
3573 4332 3624 4379 in

2016 4396 2146 4445 Ima.
2181 4397 2321 4445 Voss.
2345 4397 2393 4445 5.
2908 4443 2913 4445 Α

2048 4408 2146 4447 mo.
2181 4397 2321 4447 Voss.
2345 4397 2393 4445 5.
2908 4443 2913 4446 .

2080 4408 2324 4508 ipiaﬁiifa
2343 4408 2463 4517 iiiis,
2480 4456 2596 4505 dicit
2612 4454 2849 4503 Dominus
2867 4443 2957 4503 Α’ν.
2973 4453 3080 4503 uc.
3098 4454 3140 4502 ι.
3170 4453 3303 4501 Lam.
3322 4450 3468 4502 Ebor.
3493 4453 3619 4502 Bod.

2077 4520 2106 4584 ξι
2131 4519 2503 4584 Dispergendos
2531 4518 2733 4584 Voss}.

2084 4581 2099 4619 ι
2126 4579 2419 4633 Adoraverit
2440 4579 2562 4631 Bod.
2592 4581 2637 4639 1,
2663 4579 2711 4639 3,
2736 4580 2783 4627 4.

2080 4643 2120 4671 ¹¹³
2140 4645 2345 4707 Accepit
2366 4644 2493 4694 Bod.
2514 4644 2559 4693 1.

2082 4707 2110 4734 ¹¹
2135 4699 2328 4756 Aureos
2345 4713 2397 4755 et
2418 4709 2686 4767 argenteos
2706 4705 2796 4752 Ar.
2827 4699 3024 4767 Bod.}.

2087 4770 2111 4797 ο
2136 4767 2392 4819 Dominum
2415 4764 2764 4827 derelinquant
2796 4767 2933 4815 Voss.
2956 4764 3006 4812 5.
3084 4780 3103 4820 ιι

2085 4834 2113 4872 1’
2137 4831 2283 4894 Panis
2307 4832 2415 4894 ejus
2452 4826 2575 4894 B_od.
2599 4826 2648 4876 5.

2082 4897 2111 4938 ς
2144 4886 2450 4944 ΔιίριιὶἐΔιο.
2474 4892 2608 4941 Lam.
2633 4886 2775 4939 Ebor.

1549 5021 1792 5078 STEPH.
1845 5019 2116 5080 BALUZII
2143 5064 2149 5069 .
2168 5020 2395 5078 NOTE.
2462 5032 2468 5037 '

386 5132 516 5188 CAP.
533 5131 828 5200 II.—Quod
846 5132 986 5189 Deus
1012 5135 1177 5190 solus.
1192 5133 1314 5189 Tria
1344 5143 1467 5190 sunt
1495 5134 1642 5190 initia
1664 5136 1815 5193 istius
1834 5152 1915 5193 ca-

314 5204 441 5274 pitis
461 5204 513 5257 in
540 5205 770 5273 antiquis
787 5220 940 5259 exem
984 5206 1202 5261 laribus.
1227 5206 1480 5271 Quaadam
1503 5208 1644 5262 enim
1676 5207 1874 5264 habent
1898 5227 1911 5263 :

316 5274 469 5328 Quod
494 5273 631 5328 Deus
652 5275 792 5328 solus
813 5276 896 5328 sit.
931 5222 994 5328 l'it
1028 5275 1232 5328 Exodo:
1263 5276 1383 5328 Non
1412 5288 1575 5328 erunt.
1606 5278 1722 5328 Alia
1752 5294 1909 5328 vero:

316 5274 469 5341 Quod
494 5273 631 5328 Deus
652 5275 792 5329 solus
813 5276 896 5330 sit.
931 5273 994 5329 In
1028 5275 1232 5331 Exodo:
1263 5276 1383 5330 Non
1412 5288 1575 5331 erunt.
1605 5278 1722 5333 Alia
1752 5294 1909 5334 vero:

316 5344 468 5413 Quod
514 5344 651 5399 Deus
694 5346 833 5400 solus
872 5347 1112 5401 colendus
1160 5348 1244 5403 sit.
1275 5347 1340 5401 In
1372 5347 1595 5403 Exodo:
1636 5347 1913 5403 Dominum

314 5414 481 5469 Deum
524 5426 687 5470 tuum.
720 5417 836 5471 Alia
878 5417 1107 5487 denique
1134 5436 1146 5471 :
1174 5418 1325 5486 Quod
1371 5417 1511 5473 Deus
1536 5421 1775 5475 colendus
1801 5429 1911 5485 est,

312 5487 443 5560 sicut
484 5488 731 5556 scriptum
761 5498 833 5560 est
868 5505 880 5542 :
920 5487 1087 5542 Deum
1133 5498 1275 5543 luunt
1306 5489 1566 5544 adorabis.
1608 5491 1783 5559 Atque
1816 5504 1915 5560 ego

315 5558 454 5611 lianc
478 5569 802 5632 postremam
822 5557 1105 5615 lectionem
1134 5562 1409 5630 amplexus
1426 5576 1574 5632 (sum,
1592 5557 1713 5632 quia
1733 5557 1916 5615 nititur

312 5629 633 5701 auctoritate
677 5639 922 5684 veterum
952 5629 1362 5701 exemplarium.
1414 5631 1554 5687 Sane
1602 5629 1645 5686 si
1674 5633 1913 5687 locorum

314 5711 484 5770 sacra:
514 5698 803 5770 Scriptum
831 5717 950 5770 qua:
981 5698 1433 5756 istic'rel'eruntur
1481 5701 1723 5758 habenda
1772 5710 1916 5757 esset

313 5768 474 5841 ratio,
507 5767 727 5841 dubium
778 5767 880 5825 non
909 5782 1055 5827 esset
1080 5773 1206 5841 quin
1239 5773 1514 5827 retinenda
1551 5773 1705 5827 fuerit
1726 5788 1913 5828 cmen-

313 5836 463 5895 datio
490 5840 844 5909 posteriorum
868 5836 1153 5898 editorum.
1183 5841 1453 5897 Interdum
1481 5844 1676 5914 quippe
1704 5853 1914 5898 veteres

2018 5136 2309 5204 scriptores
2336 5149 2433 5206 per
2457 5133 2666 5206 lapsum
2681 5133 2959 5190 memoria:
2987 5134 3107 5206 loco
3129 5133 3624 5206 sacraeScriptura:

2018 5207 2237 5262 laudant
2262 5222 2329 5262 ex
2345 5205 2461 5261 aliis
2503 5205 2635 5277 locis
2657 5247 2673 5271 ,
2726 5220 2887 5277 quam
2925 5206 2988 5260 iis
3016 5205 3105 5260 ubi
3141 5220 3269 5261 vere
3307 5205 3570 5261 habentur
3602 5248 3618 5267 .

2020 5293 2120 5333 nec
2149 5293 2211 5333 ea
2254 5277 2380 5343 licet
2424 5276 2713 5332 emendare
2746 5276 2962 5343 absque
3001 5277 3323 5331 auctoritate
3371 5286 3613 5332 veterum

2020 5349 2302 5415 librorum,
2329 5356 2386 5402 ut
2407 5347 2666 5418 exemplis
2693 5346 3041 5403 ostendemus
3075 5346 3127 5401 in
3158 5346 3302 5418 notis
3323 5346 3391 5418 ad
3424 5346 3620 5402 librum

2019 5434 2345 5491 anonymum
2374 5418 2437 5491 de
2458 5417 2833 5489 rebaptismate.
2853 5418 3040 5491 Itaque
3060 5417 3304 5473 securius
3330 5417 3504 5473 visum
3532 5428 3617 5471 est

2018 5489 2249 5545 retinere
2280 5489 2569 5543 lectionem
2598 5489 3102 5557 manuscriplorum.

2095 5560 2306 5614 Metuite
2334 5559 2518 5629 potius.
2548 5558 2625 5613 Ita
2648 5558 2812 5613 editio
2855 5556 3146 5628 Spirensis.
3171 5557 3425 5628 Plerique
3471 5556 3621 5612 codi-

2021 5644 2111 5685 ces
2156 5632 2354 5684 habent
2376 5630 2560 5683 timete.
2602 5629 2656 5683 ln
2683 5640 2913 5699 quatuor
2956 5629 3217 5699 scriptum
3269 5637 3351 5683 est
3397 5629 3621 5683 :Audite

2022 5702 2189 5770 potius
2218 5700 2514 5757 Dominum.
2545 5699 2599 5755 In
2629 5700 2882 5756 Bccccnsi
2920 5699 3112 5754 Videte.

2091 5770 2220 5826 CAP.
2249 5770 2339 5826 IV.
2373 5802 2442 5811 —
2471 5770 2607 5826 Deos
2635 5787 2835 5825 aureos.
2863 5770 3109 5840 Quinque
3138 5769 3261 5825 libri
3294 5779 3503 5828 veteres
3523 5770 3618 5827 ad—
3693 5787 3696 5791 ‘

2021 5841 2152 5897 dunt
2179 5852 2225 5896 et
2252 5852 2534 5915 argenteos.
2570 5841 2701 5898 Vide
2732 5852 2886 5898 notas
2906 5842 2972 5898 ad
2993 5842 3188 5898 librum
3218 5843 3279 5897 de
3304 5841 3507 5913 Lapsis.
