  <div class='ocr_page' id='page_1' title='image "/cluster/home/n/w/nwhite01/storage/ocr_20150623/4/hvd.32044048207708/335.png"; bbox 0 0 4272 6278; ppageno 0'>
   <div class='ocr_carea' id='block_1_1' title="bbox 569 242 674 336">
    <p class='ocr_par' dir='ltr' id='par_1_1' title="bbox 569 242 674 336">
     <span class='ocr_line' id='line_1_1' title="bbox 569 242 674 336; baseline -0.038 1"><span class='ocrx_word' id='word_1_1' title='bbox 569 242 674 336; x_wconf 68' lang='lat'><strong>639</strong></span> 
     </span>
    </p>
   </div>
   <div class='ocr_carea' id='block_1_2' title="bbox 1972 266 2469 327">
    <p class='ocr_par' dir='ltr' id='par_1_2' title="bbox 1972 266 2469 327">
     <span class='ocr_line' id='line_1_2' title="bbox 1972 266 2469 327; baseline -0.008 -1"><span class='ocrx_word' id='word_1_2' title='bbox 1972 268 2111 326; x_wconf 64' lang='grc' dir='ltr'>»ιιι</span> <span class='ocrx_word' id='word_1_3' title='bbox 2145 266 2469 327; x_wconf 71' lang='lat' dir='ltr'><strong>CYPRIANI</strong></span> 
     </span>
    </p>
   </div>
   <div class='ocr_carea' id='block_1_3' title="bbox 3767 256 3883 323">
    <p class='ocr_par' dir='ltr' id='par_1_3' title="bbox 3767 256 3883 323">
     <span class='ocr_line' id='line_1_3' title="bbox 3767 256 3883 323; baseline 0 -4"><span class='ocrx_word' id='word_1_4' title='bbox 3767 256 3883 323; x_wconf 76' lang='lat'><strong>660</strong></span> 
     </span>
    </p>
   </div>
   <div class='ocr_carea' id='block_1_4' title="bbox 564 374 3877 464">
    <p class='ocr_par' dir='ltr' id='par_1_4' title="bbox 564 374 3877 464">
     <span class='ocr_line' id='line_1_4' title="bbox 564 374 3877 464; baseline -0.005 -15"><span class='ocrx_word' id='word_1_5' title='bbox 564 410 670 449; x_wconf 74' lang='lat' dir='ltr'><strong>non</strong></span> <span class='ocrx_word' id='word_1_6' title='bbox 692 399 861 464; x_wconf 88' lang='lat' dir='ltr'><strong>parcet</strong></span> <span class='ocrx_word' id='word_1_7' title='bbox 888 389 1065 447; x_wconf 84' lang='lat' dir='ltr'><strong>oculus</strong></span> <span class='ocrx_word' id='word_1_8' title='bbox 1098 396 1215 446; x_wconf 87' lang='lat' dir='ltr'><strong>tuus</strong></span> <span class='ocrx_word' id='word_1_9' title='bbox 1241 403 1396 459; x_wconf 88' lang='lat' dir='ltr'><strong>super</strong></span> <span class='ocrx_word' id='word_1_10' title='bbox 1418 403 1532 443; x_wconf 89' lang='lat' dir='ltr'><strong>eum</strong></span> <span class='ocrx_word' id='word_1_11' title='bbox 1548 427 1564 454; x_wconf 93' lang='lat'><strong>,</strong></span> <span class='ocrx_word' id='word_1_12' title='bbox 1597 393 1646 445; x_wconf 90' lang='lat' dir='ltr'><strong>et</strong></span> <span class='ocrx_word' id='word_1_13' title='bbox 1672 402 1778 445; x_wconf 83' lang='lat' dir='ltr'><strong>non</strong></span> <span class='ocrx_word' id='word_1_14' title='bbox 1803 385 1990 443; x_wconf 86' lang='lat' dir='ltr'><strong>celabis</strong></span> <span class='ocrx_word' id='word_1_15' title='bbox 2015 402 2164 452; x_wconf 89' lang='lat' dir='ltr'><strong>eum,</strong></span> <span class='ocrx_word' id='word_1_16' title='bbox 2193 394 2248 455; x_wconf 72' lang='grc' dir='ltr'>Α</span> <span class='ocrx_word' id='word_1_17' title='bbox 2271 393 2441 439; x_wconf 88' lang='lat' dir='ltr'><strong>autem</strong></span> <span class='ocrx_word' id='word_1_18' title='bbox 2468 392 2491 419; x_wconf 75' lang='grc' dir='ltr'>θ</span> <span class='ocrx_word' id='word_1_19' title='bbox 2519 396 2620 436; x_wconf 85' lang='lat' dir='ltr'><strong>nou</strong></span> <span class='ocrx_word' id='word_1_20' title='bbox 2649 386 2859 450; x_wconf 83' lang='lat' dir='ltr'><strong>possunt</strong></span> <span class='ocrx_word' id='word_1_21' title='bbox 2882 379 3130 436; x_wconf 80' lang='lat' dir='ltr'><strong>occidere.</strong></span> <span class='ocrx_word' id='word_1_22' title='bbox 3156 374 3512 449; x_wconf 28' lang='lat' dir='ltr'><strong>Magis‘autem</strong></span> <span class='ocrx_word' id='word_1_23' title='bbox 3538 374 3743 432; x_wconf 83' lang='lat' dir='ltr'><strong>metuite</strong></span> <span class='ocrx_word' id='word_1_24' title='bbox 3765 392 3877 433; x_wconf 84' lang='lat' dir='ltr'><strong>eum</strong></span> 
     </span>
    </p>
   </div>
   <div class='ocr_carea' id='block_1_5' title="bbox 562 477 2163 549">
    <p class='ocr_par' dir='ltr' id='par_1_5' title="bbox 562 477 2163 549">
     <span class='ocr_line' id='line_1_5' title="bbox 562 477 2163 549; baseline -0.006 -7"><span class='ocrx_word' id='word_1_25' title='bbox 562 486 877 541; x_wconf 86' lang='lat' dir='ltr'><strong>annuntians</strong></span> <span class='ocrx_word' id='word_1_26' title='bbox 905 478 1228 537; x_wconf 85' lang='lat' dir='ltr'><strong>annuntiabis</strong></span> <span class='ocrx_word' id='word_1_27' title='bbox 1275 478 1339 535; x_wconf 84' lang='lat' dir='ltr'><strong>de</strong></span> <span class='ocrx_word' id='word_1_28' title='bbox 1364 478 1477 543; x_wconf 81' lang='lat' dir='ltr'><strong>illo.</strong></span> <span class='ocrx_word' id='word_1_29' title='bbox 1526 477 1717 539; x_wconf 77' lang='lat' dir='ltr'><strong>Manus</strong></span> <span class='ocrx_word' id='word_1_30' title='bbox 1754 488 1841 537; x_wconf 81' lang='lat' dir='ltr'><strong>tua</strong></span> <span class='ocrx_word' id='word_1_31' title='bbox 1878 479 1972 533; x_wconf 86' lang='lat' dir='ltr'><strong>erit</strong></span> <span class='ocrx_word' id='word_1_32' title='bbox 2013 494 2163 549; x_wconf 87' lang='lat' dir='ltr'><strong>super</strong></span> 
     </span>
    </p>
   </div>
   <div class='ocr_carea' id='block_1_6' title="bbox 564 562 2165 646">
    <p class='ocr_par' dir='ltr' id='par_1_6' title="bbox 564 562 2165 646">
     <span class='ocr_line' id='line_1_6' title="bbox 564 562 2165 646; baseline -0.005 -12"><span class='ocrx_word' id='word_1_33' title='bbox 564 595 681 634; x_wconf 87' lang='lat' dir='ltr'><strong>eum</strong></span> <span class='ocrx_word' id='word_1_34' title='bbox 701 619 715 642; x_wconf 93' lang='lat'><strong>,</strong></span> <span class='ocrx_word' id='word_1_35' title='bbox 746 577 799 631; x_wconf 88' lang='lat' dir='ltr'><strong>in</strong></span> <span class='ocrx_word' id='word_1_36' title='bbox 824 574 1000 646; x_wconf 79' lang='lat' dir='ltr'><strong>primis</strong></span> <span class='ocrx_word' id='word_1_37' title='bbox 1030 562 1311 642; x_wconf 80' lang='lat' dir='ltr'><strong>interﬁcere</strong></span> <span class='ocrx_word' id='word_1_38' title='bbox 1336 589 1452 631; x_wconf 86' lang='lat' dir='ltr'><strong>eum</strong></span> <span class='ocrx_word' id='word_1_39' title='bbox 1469 613 1487 639; x_wconf 86' lang='lat'><strong>,</strong></span> <span class='ocrx_word' id='word_1_40' title='bbox 1515 581 1563 633; x_wconf 88' lang='lat' dir='ltr'><strong>et</strong></span> <span class='ocrx_word' id='word_1_41' title='bbox 1591 589 1772 635; x_wconf 86' lang='lat' dir='ltr'><strong>manus</strong></span> <span class='ocrx_word' id='word_1_42' title='bbox 1800 573 1963 633; x_wconf 85' lang='lat' dir='ltr'><strong>omnis</strong></span> <span class='ocrx_word' id='word_1_43' title='bbox 1987 573 2165 645; x_wconf 77' lang='lat' dir='ltr'><strong>populi</strong></span> 
     </span>
    </p>
   </div>
   <div class='ocr_carea' id='block_1_7' title="bbox 563 665 2165 743">
    <p class='ocr_par' dir='ltr' id='par_1_7' title="bbox 563 665 2165 743">
     <span class='ocr_line' id='line_1_7' title="bbox 563 665 2165 743; baseline -0.002 -19"><span class='ocrx_word' id='word_1_44' title='bbox 563 679 853 743; x_wconf 84' lang='lat' dir='ltr'><strong>postremo;</strong></span> <span class='ocrx_word' id='word_1_45' title='bbox 906 675 952 721; x_wconf 87' lang='lat' dir='ltr'><strong>et</strong></span> <span class='ocrx_word' id='word_1_46' title='bbox 992 665 1291 736; x_wconf 86' lang='lat' dir='ltr'><strong>lapidabunt</strong></span> <span class='ocrx_word' id='word_1_47' title='bbox 1336 683 1449 721; x_wconf 82' lang='lat' dir='ltr'><strong>eunt</strong></span> <span class='ocrx_word' id='word_1_48' title='bbox 1501 678 1547 723; x_wconf 91' lang='lat' dir='ltr'><strong>et</strong></span> <span class='ocrx_word' id='word_1_49' title='bbox 1600 668 1872 736; x_wconf 85' lang='lat' dir='ltr'><strong>morietur,</strong></span> <span class='ocrx_word' id='word_1_50' title='bbox 1928 668 2165 738; x_wconf 87' lang='lat' dir='ltr'><strong>quoniam</strong></span> 
     </span>
    </p>
   </div>
   <div class='ocr_carea' id='block_1_8' title="bbox 564 756 2163 832">
    <p class='ocr_par' dir='ltr' id='par_1_8' title="bbox 564 756 2163 832">
     <span class='ocr_line' id='line_1_8' title="bbox 564 756 2163 832; baseline -0.003 -17"><span class='ocrx_word' id='word_1_51' title='bbox 564 760 794 832; x_wconf 72' lang='lat' dir='ltr'><strong>quazsirit</strong></span> <span class='ocrx_word' id='word_1_52' title='bbox 829 767 1053 812; x_wconf 77' lang='lat' dir='ltr'><strong>avertere</strong></span> <span class='ocrx_word' id='word_1_53' title='bbox 1083 768 1130 811; x_wconf 85' lang='lat' dir='ltr'><strong>te</strong></span> <span class='ocrx_word' id='word_1_54' title='bbox 1152 775 1182 810; x_wconf 91' lang='lat' dir='ltr'><strong>a</strong></span> <span class='ocrx_word' id='word_1_55' title='bbox 1208 756 1429 813; x_wconf 87' lang='lat' dir='ltr'><strong>Domino</strong></span> <span class='ocrx_word' id='word_1_56' title='bbox 1459 756 1563 813; x_wconf 85' lang='lat' dir='ltr'><strong>Deo</strong></span> <span class='ocrx_word' id='word_1_57' title='bbox 1609 768 1695 813; x_wconf 90' lang='lat' dir='ltr'><strong>tuo</strong></span> <span class='ocrx_word' id='word_1_58' title='bbox 1726 757 1901 827; x_wconf 85' lang='lat' dir='ltr'><strong>(Deut.</strong></span> <span class='ocrx_word' id='word_1_59' title='bbox 1931 774 2057 825; x_wconf 70' lang='lat' dir='ltr'><strong>snt,</strong></span> <span class='ocrx_word' id='word_1_60' title='bbox 2084 756 2163 827; x_wconf 88' lang='lat'><strong>6).</strong></span> 
     </span>
    </p>
   </div>
   <div class='ocr_carea' id='block_1_9' title="bbox 563 850 2168 921">
    <p class='ocr_par' dir='ltr' id='par_1_9' title="bbox 563 850 2168 921">
     <span class='ocr_line' id='line_1_9' title="bbox 563 850 2168 921; baseline -0.002 -12"><span class='ocrx_word' id='word_1_61' title='bbox 563 853 637 909; x_wconf 86' lang='lat' dir='ltr'><strong>Et</strong></span> <span class='ocrx_word' id='word_1_62' title='bbox 666 853 856 907; x_wconf 89' lang='lat' dir='ltr'><strong>iterum</strong></span> <span class='ocrx_word' id='word_1_63' title='bbox 881 851 1115 921; x_wconf 73' lang='lat' dir='ltr'><strong>loquitur</strong></span> <span class='ocrx_word' id='word_1_64' title='bbox 1156 851 1411 907; x_wconf 87' lang='lat' dir='ltr'><strong>Dominus</strong></span> <span class='ocrx_word' id='word_1_65' title='bbox 1442 861 1496 912; x_wconf 85' lang='lat' dir='ltr'><strong>et</strong></span> <span class='ocrx_word' id='word_1_66' title='bbox 1525 850 1657 906; x_wconf 90' lang='lat' dir='ltr'><strong>dicit</strong></span> <span class='ocrx_word' id='word_1_67' title='bbox 1691 866 1789 907; x_wconf 89' lang='lat' dir='ltr'><strong>nec</strong></span> <span class='ocrx_word' id='word_1_68' title='bbox 1814 852 2015 907; x_wconf 89' lang='lat' dir='ltr'><strong>civitati</strong></span> <span class='ocrx_word' id='word_1_69' title='bbox 2049 866 2168 920; x_wconf 88' lang='lat' dir='ltr'><strong>par-</strong></span> 
     </span>
    </p>
   </div>
   <div class='ocr_carea' id='block_1_10' title="bbox 563 942 2166 1006">
    <p class='ocr_par' dir='ltr' id='par_1_10' title="bbox 563 942 2166 1006">
     <span class='ocr_line' id='line_1_10' title="bbox 563 942 2166 1006; baseline -0.001 -5"><span class='ocrx_word' id='word_1_70' title='bbox 563 943 819 1006; x_wconf 82' lang='lat' dir='ltr'><strong>cendum,</strong></span> <span class='ocrx_word' id='word_1_71' title='bbox 837 942 1049 998; x_wconf 88' lang='lat' dir='ltr'><strong>etiamsi</strong></span> <span class='ocrx_word' id='word_1_72' title='bbox 1074 944 1323 999; x_wconf 87' lang='lat' dir='ltr'><strong>universa</strong></span> <span class='ocrx_word' id='word_1_73' title='bbox 1339 944 1752 1000; x_wconf 86' lang='lat' dir='ltr'><strong>consenseritad</strong></span> <span class='ocrx_word' id='word_1_74' title='bbox 1769 944 2123 1000; x_wconf 85' lang='lat' dir='ltr'><strong>idololatriam</strong></span> <span class='ocrx_word' id='word_1_75' title='bbox 2154 963 2166 999; x_wconf 92' lang='lat'><strong>:</strong></span> 
     </span>
    </p>
   </div>
   <div class='ocr_carea' id='block_1_11' title="bbox 564 1030 2169 1106">
    <p class='ocr_par' dir='ltr' id='par_1_11' title="bbox 564 1030 2169 1106">
     <span class='ocr_line' id='line_1_11' title="bbox 564 1030 2169 1106; baseline -0.001 -15"><span class='ocrx_word' id='word_1_76' title='bbox 564 1039 672 1091; x_wconf 83' lang='lat' dir='ltr'><strong>Aut</strong></span> <span class='ocrx_word' id='word_1_77' title='bbox 714 1035 755 1088; x_wconf 86' lang='lat' dir='ltr'><strong>sl</strong></span> <span class='ocrx_word' id='word_1_78' title='bbox 800 1032 1023 1088; x_wconf 86' lang='lat' dir='ltr'><strong>audieris</strong></span> <span class='ocrx_word' id='word_1_79' title='bbox 1059 1033 1113 1088; x_wconf 83' lang='lat' dir='ltr'><strong>tn</strong></span> <span class='ocrx_word' id='word_1_80' title='bbox 1154 1048 1259 1088; x_wconf 89' lang='lat' dir='ltr'><strong>una</strong></span> <span class='ocrx_word' id='word_1_81' title='bbox 1315 1051 1378 1089; x_wconf 80' lang='lat' dir='ltr'><strong>ea:</strong></span> <span class='ocrx_word' id='word_1_82' title='bbox 1424 1030 1707 1089; x_wconf 84' lang='lat' dir='ltr'><strong>civitatibus</strong></span> <span class='ocrx_word' id='word_1_83' title='bbox 1750 1053 1874 1106; x_wconf 87' lang='lat' dir='ltr'><strong>quas</strong></span> <span class='ocrx_word' id='word_1_84' title='bbox 1924 1030 2169 1091; x_wconf 82' lang='lat' dir='ltr'><strong>Dominus</strong></span> 
     </span>
    </p>
   </div>
   <div class='ocr_carea' id='block_1_12' title="bbox 572 1126 2168 1195">
    <p class='ocr_par' dir='ltr' id='par_1_12' title="bbox 572 1126 2168 1195">
     <span class='ocr_line' id='line_1_12' title="bbox 572 1126 2168 1195; baseline -0.002 -10"><span class='ocrx_word' id='word_1_85' title='bbox 572 1129 715 1185; x_wconf 82' lang='lat' dir='ltr'><strong>Deus</strong></span> <span class='ocrx_word' id='word_1_86' title='bbox 742 1136 860 1183; x_wconf 77' lang='lat' dir='ltr'><strong>tuus</strong></span> <span class='ocrx_word' id='word_1_87' title='bbox 884 1126 1022 1181; x_wconf 81' lang='lat' dir='ltr'><strong>dabit</strong></span> <span class='ocrx_word' id='word_1_88' title='bbox 1059 1126 1150 1181; x_wconf 83' lang='lat' dir='ltr'><strong>tibi</strong></span> <span class='ocrx_word' id='word_1_89' title='bbox 1178 1127 1464 1183; x_wconf 71' lang='lat' dir='ltr'><strong>inhabitare</strong></span> <span class='ocrx_word' id='word_1_90' title='bbox 1490 1136 1539 1182; x_wconf 86' lang='lat' dir='ltr'><strong>te</strong></span> <span class='ocrx_word' id='word_1_91' title='bbox 1566 1128 1693 1195; x_wconf 83' lang='lat' dir='ltr'><strong>illic,</strong></span> <span class='ocrx_word' id='word_1_92' title='bbox 1714 1128 1937 1183; x_wconf 77' lang='lat' dir='ltr'><strong>dicentes</strong></span> <span class='ocrx_word' id='word_1_93' title='bbox 1968 1146 1980 1182; x_wconf 87' lang='lat'><strong>:</strong></span> <span class='ocrx_word' id='word_1_94' title='bbox 2016 1146 2035 1180; x_wconf 80' lang='grc' dir='ltr'><strong>ι</strong></span> <span class='ocrx_word' id='word_1_95' title='bbox 2064 1127 2168 1182; x_wconf 82' lang='lat' dir='ltr'><strong>Ea-</strong></span> 
     </span>
    </p>
   </div>
   <div class='ocr_carea' id='block_1_13' title="bbox 566 1219 2174 1291">
    <p class='ocr_par' dir='ltr' id='par_1_13' title="bbox 566 1219 2174 1291">
     <span class='ocr_line' id='line_1_13' title="bbox 566 1219 2174 1291; baseline 0 -15"><span class='ocrx_word' id='word_1_96' title='bbox 566 1237 683 1276; x_wconf 85' lang='lat' dir='ltr'><strong>mus</strong></span> <span class='ocrx_word' id='word_1_97' title='bbox 712 1220 759 1274; x_wconf 87' lang='lat' dir='ltr'><strong>et</strong></span> <span class='ocrx_word' id='word_1_98' title='bbox 796 1219 1073 1274; x_wconf 75' lang='lat' dir='ltr'><strong>serviamus</strong></span> <span class='ocrx_word' id='word_1_99' title='bbox 1112 1220 1213 1275; x_wconf 84' lang='lat' dir='ltr'><strong>diis</strong></span> <span class='ocrx_word' id='word_1_100' title='bbox 1242 1221 1376 1283; x_wconf 87' lang='lat' dir='ltr'><strong>aliis,</strong></span> <span class='ocrx_word' id='word_1_101' title='bbox 1414 1239 1433 1272; x_wconf 71' lang='grc' dir='ltr'><strong>ι</strong></span> <span class='ocrx_word' id='word_1_102' title='bbox 1463 1235 1587 1291; x_wconf 85' lang='lat' dir='ltr'><strong>quos</strong></span> <span class='ocrx_word' id='word_1_103' title='bbox 1609 1234 1711 1274; x_wconf 87' lang='lat' dir='ltr'><strong>non</strong></span> <span class='ocrx_word' id='word_1_104' title='bbox 1741 1222 1875 1275; x_wconf 81' lang='lat' dir='ltr'><strong>nosti</strong></span> <span class='ocrx_word' id='word_1_105' title='bbox 1906 1230 1954 1288; x_wconf 66' lang='grc' dir='ltr'><strong>ει,</strong></span> <span class='ocrx_word' id='word_1_106' title='bbox 1976 1222 2174 1289; x_wconf 84' lang='lat' dir='ltr'><strong>inter/i-</strong></span> 
     </span>
    </p>
   </div>
   <div class='ocr_carea' id='block_1_14' title="bbox 568 1311 2175 1384">
    <p class='ocr_par' dir='ltr' id='par_1_14' title="bbox 568 1311 2175 1384">
     <span class='ocr_line' id='line_1_14' title="bbox 568 1311 2175 1384; baseline 0.001 -17"><span class='ocrx_word' id='word_1_107' title='bbox 568 1315 706 1367; x_wconf 82' lang='lat' dir='ltr'><strong>ciens</strong></span> <span class='ocrx_word' id='word_1_108' title='bbox 734 1311 937 1366; x_wconf 77' lang='lat' dir='ltr'><strong>necabis</strong></span> <span class='ocrx_word' id='word_1_109' title='bbox 962 1327 1133 1366; x_wconf 86' lang='lat' dir='ltr'><strong>omnes</strong></span> <span class='ocrx_word' id='word_1_110' title='bbox 1166 1314 1251 1381; x_wconf 86' lang='lat' dir='ltr'><strong>qui</strong></span> <span class='ocrx_word' id='word_1_111' title='bbox 1289 1319 1409 1366; x_wconf 84' lang='lat' dir='ltr'><strong>sunt</strong></span> <span class='ocrx_word' id='word_1_112' title='bbox 1441 1314 1495 1367; x_wconf 86' lang='lat' dir='ltr'><strong>in</strong></span> <span class='ocrx_word' id='word_1_113' title='bbox 1519 1312 1718 1367; x_wconf 81' lang='lat' dir='ltr'><strong>civitate</strong></span> <span class='ocrx_word' id='word_1_114' title='bbox 1742 1313 1880 1367; x_wconf 72' lang='lat' dir='ltr'><strong>ccede</strong></span> <span class='ocrx_word' id='word_1_115' title='bbox 1904 1314 2098 1384; x_wconf 90' lang='lat' dir='ltr'><strong>gladii,</strong></span> <span class='ocrx_word' id='word_1_116' title='bbox 2128 1318 2175 1368; x_wconf 86' lang='lat' dir='ltr'><strong>et</strong></span> 
     </span>
    </p>
   </div>
   <div class='ocr_carea' id='block_1_15' title="bbox 566 1402 2177 1475">
    <p class='ocr_par' dir='ltr' id='par_1_15' title="bbox 566 1402 2177 1475">
     <span class='ocr_line' id='line_1_15' title="bbox 566 1402 2177 1475; baseline -0.001 -14"><span class='ocrx_word' id='word_1_117' title='bbox 566 1405 809 1461; x_wconf 74' lang='lat' dir='ltr'><strong>incendes</strong></span> <span class='ocrx_word' id='word_1_118' title='bbox 834 1405 1084 1459; x_wconf 84' lang='lat' dir='ltr'><strong>civitatem</strong></span> <span class='ocrx_word' id='word_1_119' title='bbox 1122 1404 1262 1475; x_wconf 87' lang='lat' dir='ltr'><strong>igni,</strong></span> <span class='ocrx_word' id='word_1_120' title='bbox 1292 1410 1341 1458; x_wconf 87' lang='lat' dir='ltr'><strong>et</strong></span> <span class='ocrx_word' id='word_1_121' title='bbox 1372 1405 1464 1458; x_wconf 89' lang='lat' dir='ltr'><strong>erit</strong></span> <span class='ocrx_word' id='word_1_122' title='bbox 1490 1404 1598 1459; x_wconf 83' lang='lat' dir='ltr'><strong>sine</strong></span> <span class='ocrx_word' id='word_1_123' title='bbox 1634 1402 1926 1459; x_wconf 86' lang='lat' dir='ltr'><strong>habitacula</strong></span> <span class='ocrx_word' id='word_1_124' title='bbox 1950 1406 2004 1459; x_wconf 87' lang='lat' dir='ltr'><strong>in</strong></span> <span class='ocrx_word' id='word_1_125' title='bbox 2029 1415 2177 1461; x_wconf 63' lang='lat' dir='ltr'><strong>aster-</strong></span> 
     </span>
    </p>
   </div>
   <div class='ocr_carea' id='block_1_16' title="bbox 568 1494 2177 1566">
    <p class='ocr_par' dir='ltr' id='par_1_16' title="bbox 568 1494 2177 1566">
     <span class='ocr_line' id='line_1_16' title="bbox 568 1494 2177 1566; baseline -0.001 -13"><span class='ocrx_word' id='word_1_126' title='bbox 568 1516 714 1553; x_wconf 76' lang='lat' dir='ltr'><strong>num.</strong></span> <span class='ocrx_word' id='word_1_127' title='bbox 749 1494 868 1551; x_wconf 77' lang='lat' dir='ltr'><strong>Non</strong></span> <span class='ocrx_word' id='word_1_128' title='bbox 892 1497 1291 1566; x_wconf 79' lang='lat' dir='ltr'><strong>retediﬁcabitur</strong></span> <span class='ocrx_word' id='word_1_129' title='bbox 1317 1498 1467 1550; x_wconf 88' lang='lat' dir='ltr'><strong>etiam</strong></span> <span class='ocrx_word' id='word_1_130' title='bbox 1502 1506 1666 1563; x_wconf 83' lang='lat' dir='ltr'><strong>nunc,</strong></span> <span class='ocrx_word' id='word_1_131' title='bbox 1699 1507 1754 1550; x_wconf 90' lang='lat' dir='ltr'><strong>ut</strong></span> <span class='ocrx_word' id='word_1_132' title='bbox 1781 1506 2036 1551; x_wconf 82' lang='lat' dir='ltr'><strong>avertatur</strong></span> <span class='ocrx_word' id='word_1_133' title='bbox 2071 1496 2177 1551; x_wconf 90' lang='lat' dir='ltr'><strong>Do-</strong></span> 
     </span>
    </p>
   </div>
   <div class='ocr_carea' id='block_1_17' title="bbox 570 1589 2176 1660">
    <p class='ocr_par' dir='ltr' id='par_1_17' title="bbox 570 1589 2176 1660">
     <span class='ocr_line' id='line_1_17' title="bbox 570 1589 2176 1660; baseline -0.001 -14"><span class='ocrx_word' id='word_1_134' title='bbox 570 1592 742 1646; x_wconf 83' lang='lat' dir='ltr'><strong>minus</strong></span> <span class='ocrx_word' id='word_1_135' title='bbox 765 1591 826 1645; x_wconf 82' lang='lat' dir='ltr'><strong>ab</strong></span> <span class='ocrx_word' id='word_1_136' title='bbox 856 1590 1204 1660; x_wconf 81' lang='lat' dir='ltr'><strong>indignatione</strong></span> <span class='ocrx_word' id='word_1_137' title='bbox 1241 1590 1333 1644; x_wconf 77' lang='lat' dir='ltr'><strong>ira:</strong></span> <span class='ocrx_word' id='word_1_138' title='bbox 1359 1598 1483 1645; x_wconf 68' lang='lat' dir='ltr'><strong>sum.</strong></span> <span class='ocrx_word' id='word_1_139' title='bbox 1517 1589 1583 1644; x_wconf 79' lang='lat' dir='ltr'><strong>Et</strong></span> <span class='ocrx_word' id='word_1_140' title='bbox 1608 1590 1748 1644; x_wconf 85' lang='lat' dir='ltr'><strong>dabit</strong></span> <span class='ocrx_word' id='word_1_141' title='bbox 1774 1589 1863 1644; x_wconf 87' lang='lat' dir='ltr'><strong>tibi</strong></span> <span class='ocrx_word' id='word_1_142' title='bbox 1889 1590 2176 1645; x_wconf 79' lang='lat' dir='ltr'><strong>misericor-</strong></span> 
     </span>
    </p>
   </div>
   <div class='ocr_carea' id='block_1_18' title="bbox 575 1666 2180 1750">
    <p class='ocr_par' dir='ltr' id='par_1_18' title="bbox 575 1666 2180 1750">
     <span class='ocr_line' id='line_1_18' title="bbox 575 1666 2180 1750; baseline -0.001 -13"><span class='ocrx_word' id='word_1_143' title='bbox 575 1684 716 1737; x_wconf 89' lang='lat' dir='ltr'><strong>diam</strong></span> <span class='ocrx_word' id='word_1_144' title='bbox 745 1692 790 1737; x_wconf 90' lang='lat' dir='ltr'><strong>et</strong></span> <span class='ocrx_word' id='word_1_145' title='bbox 833 1682 1150 1737; x_wconf 83' lang='lat' dir='ltr'><strong>miserebitur</strong></span> <span class='ocrx_word' id='word_1_146' title='bbox 1176 1666 1299 1746; x_wconf 87' lang='lat' dir='ltr'><strong>tui,</strong></span> <span class='ocrx_word' id='word_1_147' title='bbox 1348 1689 1395 1735; x_wconf 91' lang='lat' dir='ltr'><strong>et</strong></span> <span class='ocrx_word' id='word_1_148' title='bbox 1441 1680 1794 1750; x_wconf 83' lang='lat' dir='ltr'><strong>multiplicabit</strong></span> <span class='ocrx_word' id='word_1_149' title='bbox 1831 1690 1907 1748; x_wconf 93' lang='lat' dir='ltr'><strong>te,</strong></span> <span class='ocrx_word' id='word_1_150' title='bbox 1940 1683 1987 1736; x_wconf 85' lang='lat' dir='ltr'><strong>si</strong></span> <span class='ocrx_word' id='word_1_151' title='bbox 2024 1697 2180 1737; x_wconf 73' lang='lat' dir='ltr'><strong>exau-</strong></span> 
     </span>
    </p>
   </div>
   <div class='ocr_carea' id='block_1_19' title="bbox 578 1771 2603 1885">
    <p class='ocr_par' dir='ltr' id='par_1_19' title="bbox 578 1771 2603 1885">
     <span class='ocr_line' id='line_1_19' title="bbox 578 1771 2601 1885; baseline -0 -55"><span class='ocrx_word' id='word_1_152' title='bbox 578 1776 735 1832; x_wconf 88' lang='lat' dir='ltr'><strong>dieris</strong></span> <span class='ocrx_word' id='word_1_153' title='bbox 761 1790 931 1831; x_wconf 78' lang='lat' dir='ltr'><strong>vocem</strong></span> <span class='ocrx_word' id='word_1_154' title='bbox 961 1771 1170 1828; x_wconf 86' lang='lat' dir='ltr'><strong>Domini</strong></span> <span class='ocrx_word' id='word_1_155' title='bbox 1205 1773 1294 1828; x_wconf 86' lang='lat' dir='ltr'><strong>Dei</strong></span> <span class='ocrx_word' id='word_1_156' title='bbox 1334 1774 1442 1840; x_wconf 84' lang='lat' dir='ltr'><strong>tui,</strong></span> <span class='ocrx_word' id='word_1_157' title='bbox 1489 1781 1536 1828; x_wconf 85' lang='lat' dir='ltr'><strong>et</strong></span> <span class='ocrx_word' id='word_1_158' title='bbox 1562 1772 1898 1829; x_wconf 79' lang='lat' dir='ltr'><strong>observaveris</strong></span> <span class='ocrx_word' id='word_1_159' title='bbox 1927 1782 2178 1845; x_wconf 70' lang='lat' dir='ltr'><strong>prmeepta</strong></span> <span class='ocrx_word' id='word_1_160' title='bbox 2208 1789 2256 1850; x_wconf 76' lang='grc' dir='ltr'><strong>Β</strong></span> <span class='ocrx_word' id='word_1_161' title='bbox 2284 1771 2601 1885; x_wconf 54' lang='grc' dir='ltr'>Ξ</span> 
     </span>
     <span class='ocr_line' id='line_1_20' title="bbox 621 1855 2603 1885; baseline 0 0"><span class='ocrx_word' id='word_1_162' title='bbox 621 1869 633 1880; x_wconf 78' lang='grc' dir='ltr'><strong><em>ο</em></strong></span> <span class='ocrx_word' id='word_1_163' title='bbox 748 1866 903 1885; x_wconf 46' lang='grc' dir='ltr'><strong>ιηη..</strong></span> <span class='ocrx_word' id='word_1_164' title='bbox 962 1880 1055 1885; x_wconf 63' lang='lat'><em>___,_</em></span> <span class='ocrx_word' id='word_1_165' title='bbox 1124 1864 1207 1885; x_wconf 72' lang='lat' dir='ltr'><strong>nm\</strong></span> <span class='ocrx_word' id='word_1_166' title='bbox 1271 1864 1431 1885; x_wconf 50' lang='lat' dir='ltr'><strong>nne---</strong></span> <span class='ocrx_word' id='word_1_167' title='bbox 1478 1865 1727 1885; x_wconf 63' lang='lat' dir='ltr'><strong>...-._._--n</strong></span> <span class='ocrx_word' id='word_1_168' title='bbox 1760 1873 1806 1885; x_wconf 75' lang='grc' dir='ltr'><strong>..ι</strong></span> <span class='ocrx_word' id='word_1_169' title='bbox 1838 1863 2031 1885; x_wconf 68' lang='grc' dir='ltr'><strong>-ε,.--ε..</strong></span> <span class='ocrx_word' id='word_1_170' title='bbox 2062 1880 2143 1885; x_wconf 67' lang='lat'><strong>.__-</strong></span> <span class='ocrx_word' id='word_1_171' title='bbox 2467 1855 2482 1880; x_wconf 71' lang='grc'><strong>9</strong></span> <span class='ocrx_word' id='word_1_172' title='bbox 2589 1855 2603 1870; x_wconf 92' lang='grc'>⁶</span> 
     </span>
    </p>
   </div>
   <div class='ocr_carea' id='block_1_20' title="bbox 583 1863 2177 1939">
    <p class='ocr_par' dir='ltr' id='par_1_20' title="bbox 583 1863 2177 1939">
     <span class='ocr_line' id='line_1_21' title="bbox 583 1863 2177 1939; baseline -0.002 -16"><span class='ocrx_word' id='word_1_173' title='bbox 583 1869 695 1936; x_wconf 85' lang='lat' dir='ltr'><strong>ejus</strong></span> <span class='ocrx_word' id='word_1_174' title='bbox 745 1866 922 1939; x_wconf 87' lang='lat' dir='ltr'><strong>(Deut.</strong></span> <span class='ocrx_word' id='word_1_175' title='bbox 962 1880 1085 1929; x_wconf 84' lang='lat' dir='ltr'><strong>xm,</strong></span> <span class='ocrx_word' id='word_1_176' title='bbox 1120 1864 1233 1937; x_wconf 68' lang='grc' dir='ltr'>ιιι).</span> <span class='ocrx_word' id='word_1_177' title='bbox 1271 1864 1434 1934; x_wconf 84' lang='lat' dir='ltr'><strong>Cujus</strong></span> <span class='ocrx_word' id='word_1_178' title='bbox 1478 1865 1727 1935; x_wconf 79' lang='lat' dir='ltr'><strong>praecepti</strong></span> <span class='ocrx_word' id='word_1_179' title='bbox 1755 1873 1806 1920; x_wconf 89' lang='lat' dir='ltr'><strong>et</strong></span> <span class='ocrx_word' id='word_1_180' title='bbox 1838 1863 2032 1936; x_wconf 79' lang='lat' dir='ltr'><strong>vigoris</strong></span> <span class='ocrx_word' id='word_1_181' title='bbox 2059 1880 2177 1920; x_wconf 87' lang='lat' dir='ltr'><strong>me-</strong></span> 
     </span>
    </p>
   </div>
   <div class='ocr_carea' id='block_1_21' title="bbox 573 1956 2180 2028">
    <p class='ocr_par' dir='ltr' id='par_1_21' title="bbox 573 1956 2180 2028">
     <span class='ocr_line' id='line_1_22' title="bbox 573 1956 2180 2028; baseline -0.001 -12"><span class='ocrx_word' id='word_1_182' title='bbox 573 1974 700 2016; x_wconf 89' lang='lat' dir='ltr'><strong>mor</strong></span> <span class='ocrx_word' id='word_1_183' title='bbox 727 1958 1031 2014; x_wconf 78' lang='lat' dir='ltr'><strong>Mattatliias</strong></span> <span class='ocrx_word' id='word_1_184' title='bbox 1062 1956 1329 2012; x_wconf 79' lang='lat' dir='ltr'><strong>interfecit</strong></span> <span class='ocrx_word' id='word_1_185' title='bbox 1355 1970 1478 2013; x_wconf 89' lang='lat' dir='ltr'><strong>eum</strong></span> <span class='ocrx_word' id='word_1_186' title='bbox 1509 1958 1597 2028; x_wconf 89' lang='lat' dir='ltr'><strong>qui</strong></span> <span class='ocrx_word' id='word_1_187' title='bbox 1624 1956 1691 2013; x_wconf 88' lang='lat' dir='ltr'><strong>ad</strong></span> <span class='ocrx_word' id='word_1_188' title='bbox 1719 1971 1865 2012; x_wconf 87' lang='lat' dir='ltr'><strong>aram</strong></span> <span class='ocrx_word' id='word_1_189' title='bbox 1911 1957 2180 2014; x_wconf 81' lang='lat' dir='ltr'><strong>sacriﬁca-</strong></span> 
     </span>
    </p>
   </div>
   <div class='ocr_carea' id='block_1_22' title="bbox 576 2046 2183 2121">
    <p class='ocr_par' dir='ltr' id='par_1_22' title="bbox 576 2046 2183 2121">
     <span class='ocr_line' id='line_1_23' title="bbox 576 2046 2183 2121; baseline -0.001 -12"><span class='ocrx_word' id='word_1_190' title='bbox 576 2061 733 2109; x_wconf 81' lang='lat' dir='ltr'><strong>turus</strong></span> <span class='ocrx_word' id='word_1_191' title='bbox 784 2056 1084 2107; x_wconf 85' lang='lat' dir='ltr'><strong>acccssera‘t</strong></span> <span class='ocrx_word' id='word_1_192' title='bbox 1107 2048 1135 2087; x_wconf 73' lang='grc' dir='ltr'>δ</span> <span class='ocrx_word' id='word_1_193' title='bbox 1171 2047 1213 2121; x_wconf 86' lang='lat' dir='ltr'><strong>(l</strong></span> <span class='ocrx_word' id='word_1_194' title='bbox 1244 2048 1484 2105; x_wconf 78' lang='lat' dir='ltr'><strong>Mus/tab.</strong></span> <span class='ocrx_word' id='word_1_195' title='bbox 1516 2066 1586 2119; x_wconf 87' lang='grc' dir='ltr'>ιι,</span> <span class='ocrx_word' id='word_1_196' title='bbox 1620 2049 1736 2120; x_wconf 75' lang='lat' dir='ltr'><strong>2t).</strong></span> <span class='ocrx_word' id='word_1_197' title='bbox 1762 2046 1916 2120; x_wconf 82' lang='lat' dir='ltr'><strong>Quod</strong></span> <span class='ocrx_word' id='word_1_198' title='bbox 1967 2050 2013 2106; x_wconf 88' lang='lat' dir='ltr'><strong><em>si</em></strong></span> <span class='ocrx_word' id='word_1_199' title='bbox 2058 2059 2183 2108; x_wconf 89' lang='lat' dir='ltr'><strong>ante</strong></span> 
     </span>
    </p>
   </div>
   <div class='ocr_carea' id='block_1_23' title="bbox 579 2146 2182 2207">
    <p class='ocr_par' dir='ltr' id='par_1_23' title="bbox 579 2146 2182 2207">
     <span class='ocr_line' id='line_1_24' title="bbox 579 2146 2182 2207; baseline 0.001 -2"><span class='ocrx_word' id='word_1_200' title='bbox 579 2149 869 2205; x_wconf 75' lang='lat' dir='ltr'><strong>adventum</strong></span> <span class='ocrx_word' id='word_1_201' title='bbox 932 2148 1131 2204; x_wconf 85' lang='lat' dir='ltr'><strong>Christi</strong></span> <span class='ocrx_word' id='word_1_202' title='bbox 1183 2148 1324 2204; x_wconf 86' lang='lat' dir='ltr'><strong>circa</strong></span> <span class='ocrx_word' id='word_1_203' title='bbox 1377 2150 1543 2206; x_wconf 88' lang='lat' dir='ltr'><strong>Deum</strong></span> <span class='ocrx_word' id='word_1_204' title='bbox 1591 2146 1876 2206; x_wconf 88' lang='lat' dir='ltr'><strong>colendum</strong></span> <span class='ocrx_word' id='word_1_205' title='bbox 1930 2158 1985 2207; x_wconf 91' lang='lat' dir='ltr'><strong>et</strong></span> <span class='ocrx_word' id='word_1_206' title='bbox 2040 2149 2182 2207; x_wconf 91' lang='lat' dir='ltr'><strong>idola</strong></span> 
     </span>
    </p>
   </div>
   <div class='ocr_carea' id='block_1_24' title="bbox 581 2241 2185 2315">
    <p class='ocr_par' dir='ltr' id='par_1_24' title="bbox 581 2241 2185 2315">
     <span class='ocr_line' id='line_1_25' title="bbox 581 2241 2185 2315; baseline 0.001 -15"><span class='ocrx_word' id='word_1_207' title='bbox 581 2242 885 2314; x_wconf 85' lang='lat' dir='ltr'><strong>spernenda</strong></span> <span class='ocrx_word' id='word_1_208' title='bbox 912 2253 933 2281; x_wconf 75' lang='grc' dir='ltr'><em>ε</em></span> <span class='ocrx_word' id='word_1_209' title='bbox 970 2241 1083 2298; x_wconf 64' lang='lat' dir='ltr'><strong>haec</strong></span> <span class='ocrx_word' id='word_1_210' title='bbox 1109 2249 1377 2313; x_wconf 64' lang='lat' dir='ltr'><strong>praecepta</strong></span> <span class='ocrx_word' id='word_1_211' title='bbox 1406 2248 1614 2299; x_wconf 85' lang='lat' dir='ltr'><strong>servata</strong></span> <span class='ocrx_word' id='word_1_212' title='bbox 1645 2250 1769 2299; x_wconf 85' lang='lat' dir='ltr'><strong>sunt</strong></span> <span class='ocrx_word' id='word_1_213' title='bbox 1797 2286 1811 2312; x_wconf 93' lang='lat'><strong>,</strong></span> <span class='ocrx_word' id='word_1_214' title='bbox 1844 2253 2043 2315; x_wconf 90' lang='lat' dir='ltr'><strong>quanto</strong></span> <span class='ocrx_word' id='word_1_215' title='bbox 2070 2261 2185 2301; x_wconf 85' lang='lat' dir='ltr'><strong>ma-</strong></span> 
     </span>
    </p>
   </div>
   <div class='ocr_carea' id='block_1_25' title="bbox 582 2328 2186 2408">
    <p class='ocr_par' dir='ltr' id='par_1_25' title="bbox 582 2328 2186 2408">
     <span class='ocr_line' id='line_1_26' title="bbox 582 2328 2186 2408; baseline 0.004 -20"><span class='ocrx_word' id='word_1_216' title='bbox 582 2336 666 2405; x_wconf 81' lang='lat' dir='ltr'><strong>gis</strong></span> <span class='ocrx_word' id='word_1_217' title='bbox 691 2344 809 2404; x_wconf 90' lang='lat' dir='ltr'><strong>post</strong></span> <span class='ocrx_word' id='word_1_218' title='bbox 838 2328 1125 2390; x_wconf 79' lang='lat' dir='ltr'><strong>adventum</strong></span> <span class='ocrx_word' id='word_1_219' title='bbox 1149 2332 1347 2390; x_wconf 87' lang='lat' dir='ltr'><strong>Christi</strong></span> <span class='ocrx_word' id='word_1_220' title='bbox 1374 2334 1635 2391; x_wconf 85' lang='lat' dir='ltr'><strong>servanda</strong></span> <span class='ocrx_word' id='word_1_221' title='bbox 1673 2343 1825 2401; x_wconf 89' lang='lat' dir='ltr'><strong>sunt;</strong></span> <span class='ocrx_word' id='word_1_222' title='bbox 1856 2338 2067 2408; x_wconf 81' lang='lat' dir='ltr'><strong>quando</strong></span> <span class='ocrx_word' id='word_1_223' title='bbox 2099 2336 2186 2395; x_wconf 88' lang='lat' dir='ltr'><strong>ille</strong></span> 
     </span>
    </p>
   </div>
   <div class='ocr_carea' id='block_1_26' title="bbox 580 2425 2187 2497">
    <p class='ocr_par' dir='ltr' id='par_1_26' title="bbox 580 2425 2187 2497">
     <span class='ocr_line' id='line_1_27' title="bbox 580 2425 2187 2497; baseline 0.005 -17"><span class='ocrx_word' id='word_1_224' title='bbox 580 2425 811 2480; x_wconf 84' lang='lat' dir='ltr'><strong>veniens</strong></span> <span class='ocrx_word' id='word_1_225' title='bbox 857 2440 962 2481; x_wconf 88' lang='lat' dir='ltr'><strong>non</strong></span> <span class='ocrx_word' id='word_1_226' title='bbox 1004 2425 1188 2482; x_wconf 87' lang='lat' dir='ltr'><strong>verbis</strong></span> <span class='ocrx_word' id='word_1_227' title='bbox 1222 2434 1423 2483; x_wconf 83' lang='lat' dir='ltr'><strong>tantum</strong></span> <span class='ocrx_word' id='word_1_228' title='bbox 1453 2438 1550 2482; x_wconf 90' lang='lat' dir='ltr'><strong>uos</strong></span> <span class='ocrx_word' id='word_1_229' title='bbox 1601 2426 1848 2485; x_wconf 87' lang='lat' dir='ltr'><strong>hortatus</strong></span> <span class='ocrx_word' id='word_1_230' title='bbox 1876 2431 1975 2497; x_wconf 88' lang='lat' dir='ltr'><strong>sit,</strong></span> <span class='ocrx_word' id='word_1_231' title='bbox 2008 2430 2103 2487; x_wconf 86' lang='lat' dir='ltr'><strong>sed</strong></span> <span class='ocrx_word' id='word_1_232' title='bbox 2125 2440 2187 2487; x_wconf 81' lang='lat' dir='ltr'><strong>et.</strong></span> 
     </span>
    </p>
   </div>
   <div class='ocr_carea' id='block_1_27' title="bbox 582 2518 2189 2596">
    <p class='ocr_par' dir='ltr' id='par_1_27' title="bbox 582 2518 2189 2596">
     <span class='ocr_line' id='line_1_28' title="bbox 582 2518 2189 2596; baseline 0.005 -23"><span class='ocrx_word' id='word_1_233' title='bbox 582 2518 761 2584; x_wconf 77' lang='lat' dir='ltr'><strong>factis,</strong></span> <span class='ocrx_word' id='word_1_234' title='bbox 796 2528 914 2589; x_wconf 80' lang='lat' dir='ltr'><strong>post</strong></span> <span class='ocrx_word' id='word_1_235' title='bbox 936 2533 1123 2576; x_wconf 89' lang='lat' dir='ltr'><strong>omnes</strong></span> <span class='ocrx_word' id='word_1_236' title='bbox 1146 2519 1366 2591; x_wconf 81' lang='lat' dir='ltr'><strong>injurias</strong></span> <span class='ocrx_word' id='word_1_237' title='bbox 1392 2528 1446 2577; x_wconf 91' lang='lat' dir='ltr'><strong>et</strong></span> <span class='ocrx_word' id='word_1_238' title='bbox 1473 2522 1827 2578; x_wconf 89' lang='lat' dir='ltr'><strong>contumelias</strong></span> <span class='ocrx_word' id='word_1_239' title='bbox 1855 2534 2040 2595; x_wconf 91' lang='lat' dir='ltr'><strong>passus</strong></span> <span class='ocrx_word' id='word_1_240' title='bbox 2065 2534 2189 2596; x_wconf 85' lang='lat' dir='ltr'><strong>quo-</strong></span> 
     </span>
    </p>
   </div>
   <div class='ocr_carea' id='block_1_28' title="bbox 585 2610 2187 2686">
    <p class='ocr_par' dir='ltr' id='par_1_28' title="bbox 585 2610 2187 2686">
     <span class='ocr_line' id='line_1_29' title="bbox 585 2610 2187 2686; baseline 0.003 -20"><span class='ocrx_word' id='word_1_241' title='bbox 585 2626 694 2683; x_wconf 89' lang='lat' dir='ltr'><strong>que</strong></span> <span class='ocrx_word' id='word_1_242' title='bbox 723 2620 776 2666; x_wconf 89' lang='lat' dir='ltr'><strong>et</strong></span> <span class='ocrx_word' id='word_1_243' title='bbox 803 2610 1093 2666; x_wconf 80' lang='lat' dir='ltr'><strong>cruciﬁxus</strong></span> <span class='ocrx_word' id='word_1_244' title='bbox 1115 2655 1128 2679; x_wconf 91' lang='lat'><strong>,</strong></span> <span class='ocrx_word' id='word_1_245' title='bbox 1160 2621 1219 2668; x_wconf 89' lang='lat' dir='ltr'><strong>ut</strong></span> <span class='ocrx_word' id='word_1_246' title='bbox 1250 2627 1346 2667; x_wconf 90' lang='lat' dir='ltr'><strong>nos</strong></span> <span class='ocrx_word' id='word_1_247' title='bbox 1378 2614 1483 2683; x_wconf 85' lang='lat' dir='ltr'><strong>pati</strong></span> <span class='ocrx_word' id='word_1_248' title='bbox 1533 2622 1588 2669; x_wconf 89' lang='lat' dir='ltr'><strong>et</strong></span> <span class='ocrx_word' id='word_1_249' title='bbox 1632 2616 1767 2669; x_wconf 91' lang='lat' dir='ltr'><strong>mori</strong></span> <span class='ocrx_word' id='word_1_250' title='bbox 1813 2616 2059 2686; x_wconf 80' lang='lat' dir='ltr'><strong>exemplo</strong></span> <span class='ocrx_word' id='word_1_251' title='bbox 2089 2628 2187 2671; x_wconf 86' lang='lat' dir='ltr'><strong>suo</strong></span> 
     </span>
    </p>
   </div>
   <div class='ocr_carea' id='block_1_29' title="bbox 588 2703 2187 2777">
    <p class='ocr_par' dir='ltr' id='par_1_29' title="bbox 588 2703 2187 2777">
     <span class='ocr_line' id='line_1_30' title="bbox 588 2703 2187 2777; baseline 0.003 -18"><span class='ocrx_word' id='word_1_252' title='bbox 588 2703 844 2777; x_wconf 80' lang='lat' dir='ltr'><strong>doceret,</strong></span> <span class='ocrx_word' id='word_1_253' title='bbox 885 2712 943 2758; x_wconf 88' lang='lat' dir='ltr'><strong>ut</strong></span> <span class='ocrx_word' id='word_1_254' title='bbox 986 2704 1130 2759; x_wconf 86' lang='lat' dir='ltr'><strong>nulla</strong></span> <span class='ocrx_word' id='word_1_255' title='bbox 1172 2705 1238 2760; x_wconf 90' lang='lat' dir='ltr'><strong>sit</strong></span> <span class='ocrx_word' id='word_1_256' title='bbox 1286 2703 1486 2760; x_wconf 84' lang='lat' dir='ltr'><strong>homini</strong></span> <span class='ocrx_word' id='word_1_257' title='bbox 1526 2704 1802 2761; x_wconf 85' lang='lat' dir='ltr'><strong>excusatio</strong></span> <span class='ocrx_word' id='word_1_258' title='bbox 1846 2720 1941 2776; x_wconf 88' lang='lat' dir='ltr'><strong>pro</strong></span> <span class='ocrx_word' id='word_1_259' title='bbox 1991 2718 2051 2763; x_wconf 88' lang='lat' dir='ltr'><strong>se</strong></span> <span class='ocrx_word' id='word_1_260' title='bbox 2079 2720 2187 2764; x_wconf 88' lang='lat' dir='ltr'><strong>non</strong></span> 
     </span>
    </p>
   </div>
   <div class='ocr_carea' id='block_1_30' title="bbox 587 2794 2190 2868">
    <p class='ocr_par' dir='ltr' id='par_1_30' title="bbox 587 2794 2190 2868">
     <span class='ocr_line' id='line_1_31' title="bbox 587 2794 2190 2868; baseline 0.002 -18"><span class='ocrx_word' id='word_1_261' title='bbox 587 2794 848 2866; x_wconf 83' lang='lat' dir='ltr'><strong>patienti,</strong></span> <span class='ocrx_word' id='word_1_262' title='bbox 877 2806 999 2851; x_wconf 89' lang='lat' dir='ltr'><strong>cum</strong></span> <span class='ocrx_word' id='word_1_263' title='bbox 1028 2808 1219 2866; x_wconf 85' lang='lat' dir='ltr'><strong>passus</strong></span> <span class='ocrx_word' id='word_1_264' title='bbox 1260 2796 1330 2851; x_wconf 84' lang='lat' dir='ltr'><strong>sit</strong></span> <span class='ocrx_word' id='word_1_265' title='bbox 1373 2795 1462 2851; x_wconf 90' lang='lat' dir='ltr'><strong>ille</strong></span> <span class='ocrx_word' id='word_1_266' title='bbox 1506 2806 1601 2867; x_wconf 84' lang='lat' dir='ltr'><strong>pro</strong></span> <span class='ocrx_word' id='word_1_267' title='bbox 1630 2796 1822 2868; x_wconf 73' lang='lat' dir='ltr'><strong>nobis;</strong></span> <span class='ocrx_word' id='word_1_268' title='bbox 1848 2804 1904 2852; x_wconf 86' lang='lat' dir='ltr'><strong>et</strong></span> <span class='ocrx_word' id='word_1_269' title='bbox 1930 2811 2050 2853; x_wconf 88' lang='lat' dir='ltr'><strong>cum</strong></span> <span class='ocrx_word' id='word_1_270' title='bbox 2100 2800 2190 2855; x_wconf 86' lang='lat' dir='ltr'><strong>ille</strong></span> 
     </span>
    </p>
   </div>
   <div class='ocr_carea' id='block_1_31' title="bbox 584 2887 2191 2963">
    <p class='ocr_par' dir='ltr' id='par_1_31' title="bbox 584 2887 2191 2963">
     <span class='ocr_line' id='line_1_32' title="bbox 584 2887 2191 2963; baseline 0.003 -20"><span class='ocrx_word' id='word_1_271' title='bbox 584 2902 779 2959; x_wconf 86' lang='lat' dir='ltr'><strong>passus</strong></span> <span class='ocrx_word' id='word_1_272' title='bbox 803 2887 872 2944; x_wconf 90' lang='lat' dir='ltr'><strong>sit</strong></span> <span class='ocrx_word' id='word_1_273' title='bbox 899 2900 997 2960; x_wconf 89' lang='lat' dir='ltr'><strong>pro</strong></span> <span class='ocrx_word' id='word_1_274' title='bbox 1023 2888 1211 2945; x_wconf 87' lang='lat' dir='ltr'><strong>alienis</strong></span> <span class='ocrx_word' id='word_1_275' title='bbox 1240 2888 1499 2959; x_wconf 81' lang='lat' dir='ltr'><strong>peccatis,</strong></span> <span class='ocrx_word' id='word_1_276' title='bbox 1541 2888 1709 2944; x_wconf 86' lang='lat' dir='ltr'><strong>multo</strong></span> <span class='ocrx_word' id='word_1_277' title='bbox 1735 2891 1904 2960; x_wconf 80' lang='lat' dir='ltr'><strong>magis</strong></span> <span class='ocrx_word' id='word_1_278' title='bbox 1940 2902 2037 2961; x_wconf 87' lang='lat' dir='ltr'><strong>pro</strong></span> <span class='ocrx_word' id='word_1_279' title='bbox 2068 2905 2191 2963; x_wconf 87' lang='lat' dir='ltr'><strong>pec-</strong></span> 
     </span>
    </p>
   </div>
   <div class='ocr_carea' id='block_1_32' title="bbox 593 2980 2188 3056">
    <p class='ocr_par' dir='ltr' id='par_1_32' title="bbox 593 2980 2188 3056">
     <span class='ocr_line' id='line_1_33' title="bbox 593 2980 2188 3056; baseline 0.006 -20"><span class='ocrx_word' id='word_1_280' title='bbox 593 2980 727 3036; x_wconf 87' lang='lat' dir='ltr'><strong>catis</strong></span> <span class='ocrx_word' id='word_1_281' title='bbox 754 2981 866 3037; x_wconf 84' lang='lat' dir='ltr'><strong>suis</strong></span> <span class='ocrx_word' id='word_1_282' title='bbox 916 2982 1021 3054; x_wconf 86' lang='lat' dir='ltr'><strong>pati</strong></span> <span class='ocrx_word' id='word_1_283' title='bbox 1072 2997 1508 3056; x_wconf 76' lang='lat' dir='ltr'><strong>unumquemque</strong></span> <span class='ocrx_word' id='word_1_284' title='bbox 1551 2982 1793 3041; x_wconf 84' lang='lat' dir='ltr'><strong>debere?</strong></span> <span class='ocrx_word' id='word_1_285' title='bbox 1845 2984 1910 3040; x_wconf 86' lang='lat' dir='ltr'><strong>Et</strong></span> <span class='ocrx_word' id='word_1_286' title='bbox 1961 2986 2084 3044; x_wconf 88' lang='lat' dir='ltr'><strong>ideo</strong></span> <span class='ocrx_word' id='word_1_287' title='bbox 2135 2990 2188 3046; x_wconf 92' lang='lat' dir='ltr'><strong>in</strong></span> 
     </span>
    </p>
   </div>
   <div class='ocr_carea' id='block_1_33' title="bbox 594 3073 2191 3155">
    <p class='ocr_par' dir='ltr' id='par_1_33' title="bbox 594 3073 2191 3155">
     <span class='ocr_line' id='line_1_34' title="bbox 594 3073 2191 3155; baseline 0.008 -27"><span class='ocrx_word' id='word_1_288' title='bbox 594 3073 888 3146; x_wconf 77' lang='lat' dir='ltr'><strong>Evangelia</strong></span> <span class='ocrx_word' id='word_1_289' title='bbox 917 3077 1275 3133; x_wconf 85' lang='lat' dir='ltr'><strong>comminatur</strong></span> <span class='ocrx_word' id='word_1_290' title='bbox 1301 3086 1353 3134; x_wconf 89' lang='lat' dir='ltr'><strong>et</strong></span> <span class='ocrx_word' id='word_1_291' title='bbox 1381 3078 1507 3135; x_wconf 86' lang='lat' dir='ltr'><strong>dicit</strong></span> <span class='ocrx_word' id='word_1_292' title='bbox 1537 3098 1548 3133; x_wconf 90' lang='lat'>:</span> <span class='ocrx_word' id='word_1_293' title='bbox 1582 3076 1898 3152; x_wconf 81' lang='lat' dir='ltr'><strong>Quicumque</strong></span> <span class='ocrx_word' id='word_1_294' title='bbox 1930 3087 2191 3155; x_wconf 78' lang='lat' dir='ltr'><strong>confessus</strong></span> 
     </span>
    </p>
   </div>
   <div class='ocr_carea' id='block_1_34' title="bbox 592 3166 2263 3243">
    <p class='ocr_par' dir='ltr' id='par_1_34' title="bbox 592 3166 2263 3243">
     <span class='ocr_line' id='line_1_35' title="bbox 592 3166 2263 3243; baseline 0.007 -24"><span class='ocrx_word' id='word_1_295' title='bbox 592 3167 747 3236; x_wconf 79' lang='lat' dir='ltr'><strong>fuerit</strong></span> <span class='ocrx_word' id='word_1_296' title='bbox 770 3182 848 3223; x_wconf 87' lang='lat' dir='ltr'><strong>me</strong></span> <span class='ocrx_word' id='word_1_297' title='bbox 873 3178 1043 3224; x_wconf 84' lang='lat' dir='ltr'><strong>coram</strong></span> <span class='ocrx_word' id='word_1_298' title='bbox 1066 3166 1347 3226; x_wconf 85' lang='lat' dir='ltr'><strong>hominibus</strong></span> <span class='ocrx_word' id='word_1_299' title='bbox 1368 3214 1383 3239; x_wconf 92' lang='lat'><strong>,</strong></span> <span class='ocrx_word' id='word_1_300' title='bbox 1415 3176 1463 3226; x_wconf 87' lang='lat' dir='ltr'><strong>et</strong></span> <span class='ocrx_word' id='word_1_301' title='bbox 1487 3187 1579 3243; x_wconf 89' lang='lat' dir='ltr'><strong>ego</strong></span> <span class='ocrx_word' id='word_1_302' title='bbox 1613 3170 1889 3241; x_wconf 82' lang='lat' dir='ltr'><strong>conﬁtebor</strong></span> <span class='ocrx_word' id='word_1_303' title='bbox 1909 3188 2019 3228; x_wconf 88' lang='lat' dir='ltr'><strong>eum</strong></span> <span class='ocrx_word' id='word_1_304' title='bbox 2050 3173 2075 3211; x_wconf 75' lang='grc' dir='ltr'><em>ά</em></span> <span class='ocrx_word' id='word_1_305' title='bbox 2104 3188 2190 3231; x_wconf 84' lang='lat' dir='ltr'><strong>co-</strong></span> <span class='ocrx_word' id='word_1_306' title='bbox 2217 3180 2263 3243; x_wconf 75' lang='grc' dir='ltr'>Ο</span> 
     </span>
    </p>
   </div>
   <div class='ocr_carea' id='block_1_35' title="bbox 595 3259 2191 3339">
    <p class='ocr_par' dir='ltr' id='par_1_35' title="bbox 595 3259 2191 3339">
     <span class='ocr_line' id='line_1_36' title="bbox 595 3259 2191 3339; baseline 0.008 -29"><span class='ocrx_word' id='word_1_307' title='bbox 595 3276 708 3312; x_wconf 88' lang='lat' dir='ltr'><strong>ram</strong></span> <span class='ocrx_word' id='word_1_308' title='bbox 747 3259 904 3313; x_wconf 73' lang='lat' dir='ltr'><strong>I’atre</strong></span> <span class='ocrx_word' id='word_1_309' title='bbox 933 3277 1063 3327; x_wconf 88' lang='lat' dir='ltr'><strong>meo,</strong></span> <span class='ocrx_word' id='word_1_310' title='bbox 1093 3265 1176 3329; x_wconf 92' lang='lat' dir='ltr'><strong>qui</strong></span> <span class='ocrx_word' id='word_1_311' title='bbox 1202 3264 1255 3316; x_wconf 90' lang='lat' dir='ltr'><strong>in</strong></span> <span class='ocrx_word' id='word_1_312' title='bbox 1283 3263 1420 3319; x_wconf 74' lang='lat' dir='ltr'><strong>uelis</strong></span> <span class='ocrx_word' id='word_1_313' title='bbox 1460 3274 1530 3318; x_wconf 88' lang='lat' dir='ltr'><strong>est</strong></span> <span class='ocrx_word' id='word_1_314' title='bbox 1560 3280 1580 3329; x_wconf 94' lang='lat'><em>;</em></span> <span class='ocrx_word' id='word_1_315' title='bbox 1631 3265 1717 3335; x_wconf 90' lang='lat' dir='ltr'><strong>qui</strong></span> <span class='ocrx_word' id='word_1_316' title='bbox 1744 3274 1909 3320; x_wconf 71' lang='lat' dir='ltr'><strong>autem</strong></span> <span class='ocrx_word' id='word_1_317' title='bbox 1939 3268 2191 3339; x_wconf 83' lang='lat' dir='ltr'><strong>negaverit</strong></span> 
     </span>
    </p>
   </div>
   <div class='ocr_carea' id='block_1_36' title="bbox 601 3352 2193 3427">
    <p class='ocr_par' dir='ltr' id='par_1_36' title="bbox 601 3352 2193 3427">
     <span class='ocr_line' id='line_1_37' title="bbox 601 3352 2193 3427; baseline 0.004 -18"><span class='ocrx_word' id='word_1_318' title='bbox 601 3368 688 3409; x_wconf 88' lang='lat' dir='ltr'><strong>me</strong></span> <span class='ocrx_word' id='word_1_319' title='bbox 715 3368 887 3406; x_wconf 82' lang='lat' dir='ltr'><strong>coram</strong></span> <span class='ocrx_word' id='word_1_320' title='bbox 914 3352 1225 3422; x_wconf 82' lang='lat' dir='ltr'><strong>hominibus,</strong></span> <span class='ocrx_word' id='word_1_321' title='bbox 1270 3365 1316 3410; x_wconf 87' lang='lat' dir='ltr'><strong>et</strong></span> <span class='ocrx_word' id='word_1_322' title='bbox 1340 3371 1432 3424; x_wconf 85' lang='lat' dir='ltr'><strong>ego</strong></span> <span class='ocrx_word' id='word_1_323' title='bbox 1475 3358 1668 3427; x_wconf 77' lang='lat' dir='ltr'><strong>negabo</strong></span> <span class='ocrx_word' id='word_1_324' title='bbox 1693 3370 1806 3412; x_wconf 84' lang='lat' dir='ltr'><strong>sum</strong></span> <span class='ocrx_word' id='word_1_325' title='bbox 1832 3374 2006 3414; x_wconf 78' lang='lat' dir='ltr'><strong>eorum</strong></span> <span class='ocrx_word' id='word_1_326' title='bbox 2032 3359 2193 3415; x_wconf 81' lang='lat' dir='ltr'><strong>Patre</strong></span> 
     </span>
    </p>
   </div>
   <div class='ocr_carea' id='block_1_37' title="bbox 594 3444 2192 3523">
    <p class='ocr_par' dir='ltr' id='par_1_37' title="bbox 594 3444 2192 3523">
     <span class='ocr_line' id='line_1_38' title="bbox 594 3444 2192 3523; baseline 0.008 -26"><span class='ocrx_word' id='word_1_327' title='bbox 594 3459 729 3509; x_wconf 85' lang='lat' dir='ltr'><strong>meo,</strong></span> <span class='ocrx_word' id='word_1_328' title='bbox 755 3444 841 3514; x_wconf 82' lang='lat' dir='ltr'><strong>qui</strong></span> <span class='ocrx_word' id='word_1_329' title='bbox 870 3445 919 3497; x_wconf 90' lang='lat' dir='ltr'><strong>in</strong></span> <span class='ocrx_word' id='word_1_330' title='bbox 947 3444 1086 3499; x_wconf 74' lang='lat' dir='ltr'><strong>swh‘s</strong></span> <span class='ocrx_word' id='word_1_331' title='bbox 1121 3456 1192 3499; x_wconf 85' lang='lat' dir='ltr'><strong>est</strong></span> <span class='ocrx_word' id='word_1_332' title='bbox 1244 3446 1457 3518; x_wconf 79' lang='lat' dir='ltr'><strong>(Matth.</strong></span> <span class='ocrx_word' id='word_1_333' title='bbox 1488 3463 1549 3513; x_wconf 75' lang='grc' dir='ltr'>ι,</span> <span class='ocrx_word' id='word_1_334' title='bbox 1580 3448 1693 3522; x_wconf 74' lang='grc'>55).</span> <span class='ocrx_word' id='word_1_335' title='bbox 1741 3450 1873 3505; x_wconf 87' lang='lat' dir='ltr'><strong>Item</strong></span> <span class='ocrx_word' id='word_1_336' title='bbox 1905 3453 2192 3523; x_wconf 72' lang='lat' dir='ltr'><strong>Apostolus</strong></span> 
     </span>
    </p>
   </div>
   <div class='ocr_carea' id='block_1_38' title="bbox 596 3532 2190 3610">
    <p class='ocr_par' dir='ltr' id='par_1_38' title="bbox 596 3532 2190 3610">
     <span class='ocr_line' id='line_1_39' title="bbox 596 3532 2190 3610; baseline 0.008 -21"><span class='ocrx_word' id='word_1_337' title='bbox 596 3532 795 3589; x_wconf 83' lang='lat' dir='ltr'><strong>Paulus</strong></span> <span class='ocrx_word' id='word_1_338' title='bbox 827 3555 839 3590; x_wconf 87' lang='lat'><strong>:</strong></span> <span class='ocrx_word' id='word_1_339' title='bbox 877 3535 937 3590; x_wconf 88' lang='lat' dir='ltr'><strong>Si</strong></span> <span class='ocrx_word' id='word_1_340' title='bbox 964 3537 1093 3590; x_wconf 86' lang='lat' dir='ltr'><strong>enim</strong></span> <span class='ocrx_word' id='word_1_341' title='bbox 1120 3541 1497 3604; x_wconf 88' lang='lat' dir='ltr'><strong>commorimur,</strong></span> <span class='ocrx_word' id='word_1_342' title='bbox 1531 3541 1723 3610; x_wconf 82' lang='lat' dir='ltr'><strong>inquit,</strong></span> <span class='ocrx_word' id='word_1_343' title='bbox 1754 3553 1799 3596; x_wconf 86' lang='lat' dir='ltr'><strong>et</strong></span> <span class='ocrx_word' id='word_1_344' title='bbox 1834 3544 2149 3601; x_wconf 85' lang='lat' dir='ltr'><strong>convivemus</strong></span> <span class='ocrx_word' id='word_1_345' title='bbox 2172 3564 2190 3601; x_wconf 92' lang='lat'><strong><em>:</em></strong></span> 
     </span>
    </p>
   </div>
   <div class='ocr_carea' id='block_1_39' title="bbox 594 3629 2193 3708">
    <p class='ocr_par' dir='ltr' id='par_1_39' title="bbox 594 3629 2193 3708">
     <span class='ocr_line' id='line_1_40' title="bbox 594 3629 2193 3708; baseline 0.006 -26"><span class='ocrx_word' id='word_1_346' title='bbox 594 3630 640 3682; x_wconf 91' lang='lat' dir='ltr'><strong>si</strong></span> <span class='ocrx_word' id='word_1_347' title='bbox 666 3629 970 3694; x_wconf 74' lang='lat' dir='ltr'><strong>toleramus,</strong></span> <span class='ocrx_word' id='word_1_348' title='bbox 1005 3640 1052 3684; x_wconf 90' lang='lat' dir='ltr'><strong>et</strong></span> <span class='ocrx_word' id='word_1_349' title='bbox 1078 3632 1496 3704; x_wconf 78' lang='lat' dir='ltr'><strong>conregnabimus</strong></span> <span class='ocrx_word' id='word_1_350' title='bbox 1523 3649 1541 3686; x_wconf 67' lang='grc' dir='ltr'><em>ε</em></span> <span class='ocrx_word' id='word_1_351' title='bbox 1574 3634 1619 3688; x_wconf 91' lang='lat' dir='ltr'><strong>si</strong></span> <span class='ocrx_word' id='word_1_352' title='bbox 1658 3635 1980 3705; x_wconf 85' lang='lat' dir='ltr'><strong>negabimus,</strong></span> <span class='ocrx_word' id='word_1_353' title='bbox 2010 3646 2058 3691; x_wconf 91' lang='lat' dir='ltr'><strong>et</strong></span> <span class='ocrx_word' id='word_1_354' title='bbox 2083 3638 2193 3708; x_wconf 85' lang='lat' dir='ltr'><strong>ipse</strong></span> 
     </span>
    </p>
   </div>
   <div class='ocr_carea' id='block_1_40' title="bbox 597 3719 2198 3798">
    <p class='ocr_par' dir='ltr' id='par_1_40' title="bbox 597 3719 2198 3798">
     <span class='ocr_line' id='line_1_41' title="bbox 597 3719 2198 3798; baseline 0.006 -26"><span class='ocrx_word' id='word_1_355' title='bbox 597 3720 798 3790; x_wconf 75' lang='lat' dir='ltr'><strong>negabit</strong></span> <span class='ocrx_word' id='word_1_356' title='bbox 825 3736 916 3779; x_wconf 81' lang='lat' dir='ltr'><strong>nos</strong></span> <span class='ocrx_word' id='word_1_357' title='bbox 955 3720 997 3793; x_wconf 88' lang='grc'><strong>(1</strong></span> <span class='ocrx_word' id='word_1_358' title='bbox 1028 3719 1161 3775; x_wconf 88' lang='lat' dir='ltr'><strong>Tim.</strong></span> <span class='ocrx_word' id='word_1_359' title='bbox 1210 3737 1284 3790; x_wconf 83' lang='grc' dir='ltr'>ιι,</span> <span class='ocrx_word' id='word_1_360' title='bbox 1314 3720 1424 3784; x_wconf 64' lang='lat' dir='ltr'><strong>l2).</strong></span> <span class='ocrx_word' id='word_1_361' title='bbox 1454 3721 1586 3778; x_wconf 84' lang='lat' dir='ltr'><strong>Item</strong></span> <span class='ocrx_word' id='word_1_362' title='bbox 1612 3722 1847 3780; x_wconf 82' lang='lat' dir='ltr'><strong>Joannes</strong></span> <span class='ocrx_word' id='word_1_363' title='bbox 1877 3743 1889 3773; x_wconf 79' lang='grc' dir='ltr'><strong><em>τ</em></strong></span> <span class='ocrx_word' id='word_1_364' title='bbox 1924 3724 2024 3794; x_wconf 85' lang='lat' dir='ltr'><strong>Qui</strong></span> <span class='ocrx_word' id='word_1_365' title='bbox 2049 3738 2198 3798; x_wconf 87' lang='lat' dir='ltr'><strong>negat</strong></span> 
     </span>
    </p>
   </div>
   <div class='ocr_carea' id='block_1_41' title="bbox 598 3810 2198 3887">
    <p class='ocr_par' dir='ltr' id='par_1_41' title="bbox 598 3810 2198 3887">
     <span class='ocr_line' id='line_1_42' title="bbox 598 3810 2198 3887; baseline 0.005 -21"><span class='ocrx_word' id='word_1_366' title='bbox 598 3810 823 3877; x_wconf 82' lang='lat' dir='ltr'><strong>Filium,</strong></span> <span class='ocrx_word' id='word_1_367' title='bbox 856 3829 1014 3884; x_wconf 82' lang='lat' dir='ltr'><strong>neque</strong></span> <span class='ocrx_word' id='word_1_368' title='bbox 1047 3812 1251 3869; x_wconf 80' lang='lat' dir='ltr'><strong>Patrem</strong></span> <span class='ocrx_word' id='word_1_369' title='bbox 1275 3815 1460 3870; x_wconf 90' lang='lat' dir='ltr'><strong>habet:</strong></span> <span class='ocrx_word' id='word_1_370' title='bbox 1486 3817 1574 3886; x_wconf 87' lang='lat' dir='ltr'><strong>qui</strong></span> <span class='ocrx_word' id='word_1_371' title='bbox 1600 3818 1865 3885; x_wconf 77' lang='lat' dir='ltr'><strong>conﬁtetur</strong></span> <span class='ocrx_word' id='word_1_372' title='bbox 1892 3817 2084 3873; x_wconf 83' lang='lat' dir='ltr'><strong>Filium</strong></span> <span class='ocrx_word' id='word_1_373' title='bbox 2104 3861 2120 3887; x_wconf 88' lang='lat'><strong>,</strong></span> <span class='ocrx_word' id='word_1_374' title='bbox 2150 3830 2198 3874; x_wconf 82' lang='lat' dir='ltr'><strong>et</strong></span> 
     </span>
    </p>
   </div>
   <div class='ocr_carea' id='block_1_42' title="bbox 598 3902 2198 3979">
    <p class='ocr_par' dir='ltr' id='par_1_42' title="bbox 598 3902 2198 3979">
     <span class='ocr_line' id='line_1_43' title="bbox 598 3902 2198 3979; baseline 0.007 -24"><span class='ocrx_word' id='word_1_375' title='bbox 598 3902 796 3956; x_wconf 64' lang='lat' dir='ltr'><strong>Filium</strong></span> <span class='ocrx_word' id='word_1_376' title='bbox 816 3914 860 3957; x_wconf 85' lang='lat' dir='ltr'><strong>ct</strong></span> <span class='ocrx_word' id='word_1_377' title='bbox 886 3903 1090 3958; x_wconf 83' lang='lat' dir='ltr'><strong>Patrem</strong></span> <span class='ocrx_word' id='word_1_378' title='bbox 1110 3907 1254 3961; x_wconf 83' lang='lat' dir='ltr'><strong>habet</strong></span> <span class='ocrx_word' id='word_1_379' title='bbox 1279 3906 1321 3979; x_wconf 89' lang='lat' dir='ltr'><strong>(l</strong></span> <span class='ocrx_word' id='word_1_380' title='bbox 1348 3906 1431 3960; x_wconf 85' lang='lat' dir='ltr'><strong>Jo.</strong></span> <span class='ocrx_word' id='word_1_381' title='bbox 1465 3922 1521 3973; x_wconf 86' lang='grc' dir='ltr'>ιι,</span> <span class='ocrx_word' id='word_1_382' title='bbox 1540 3908 1656 3977; x_wconf 73' lang='grc'><strong>25).</strong></span> <span class='ocrx_word' id='word_1_383' title='bbox 1676 3907 1828 3964; x_wconf 84' lang='lat' dir='ltr'><strong>Unde</strong></span> <span class='ocrx_word' id='word_1_384' title='bbox 1857 3924 1955 3965; x_wconf 81' lang='lat' dir='ltr'><strong>nos</strong></span> <span class='ocrx_word' id='word_1_385' title='bbox 1978 3910 2045 3966; x_wconf 86' lang='lat' dir='ltr'><strong>ad</strong></span> <span class='ocrx_word' id='word_1_386' title='bbox 2074 3925 2198 3967; x_wconf 89' lang='lat' dir='ltr'><strong>con-</strong></span> 
     </span>
    </p>
   </div>
   <div class='ocr_carea' id='block_1_43' title="bbox 600 3995 2198 4063">
    <p class='ocr_par' dir='ltr' id='par_1_43' title="bbox 600 3995 2198 4063">
     <span class='ocr_line' id='line_1_44' title="bbox 600 3995 2198 4063; baseline 0.006 -16"><span class='ocrx_word' id='word_1_387' title='bbox 600 4004 860 4063; x_wconf 85' lang='lat' dir='ltr'><strong>temptum</strong></span> <span class='ocrx_word' id='word_1_388' title='bbox 886 3996 1073 4051; x_wconf 84' lang='lat' dir='ltr'><strong>mortis</strong></span> <span class='ocrx_word' id='word_1_389' title='bbox 1102 3995 1344 4051; x_wconf 89' lang='lat' dir='ltr'><strong>hortatur</strong></span> <span class='ocrx_word' id='word_1_390' title='bbox 1371 3998 1622 4055; x_wconf 83' lang='lat' dir='ltr'><strong>Dominus</strong></span> <span class='ocrx_word' id='word_1_391' title='bbox 1663 4008 1717 4055; x_wconf 87' lang='lat' dir='ltr'><strong>et</strong></span> <span class='ocrx_word' id='word_1_392' title='bbox 1758 4002 2071 4059; x_wconf 87' lang='lat' dir='ltr'><strong>corroborat</strong></span> <span class='ocrx_word' id='word_1_393' title='bbox 2113 4000 2198 4057; x_wconf 87' lang='lat' dir='ltr'><strong>di-</strong></span> 
     </span>
    </p>
   </div>
   <div class='ocr_carea' id='block_1_44' title="bbox 608 4085 2194 4166">
    <p class='ocr_par' dir='ltr' id='par_1_44' title="bbox 608 4085 2194 4166">
     <span class='ocr_line' id='line_1_45' title="bbox 608 4085 2194 4166; baseline 0.004 -24"><span class='ocrx_word' id='word_1_394' title='bbox 608 4099 737 4142; x_wconf 89' lang='lat' dir='ltr'><strong>cens</strong></span> <span class='ocrx_word' id='word_1_395' title='bbox 767 4105 778 4140; x_wconf 90' lang='lat'><strong>:</strong></span> <span class='ocrx_word' id='word_1_396' title='bbox 810 4085 987 4143; x_wconf 76' lang='lat' dir='ltr'><strong>Nolite</strong></span> <span class='ocrx_word' id='word_1_397' title='bbox 1012 4088 1184 4144; x_wconf 87' lang='lat' dir='ltr'><strong>timere</strong></span> <span class='ocrx_word' id='word_1_398' title='bbox 1204 4106 1286 4143; x_wconf 86' lang='lat' dir='ltr'><strong>eos</strong></span> <span class='ocrx_word' id='word_1_399' title='bbox 1312 4089 1399 4159; x_wconf 87' lang='lat' dir='ltr'><strong>qui</strong></span> <span class='ocrx_word' id='word_1_400' title='bbox 1436 4092 1668 4147; x_wconf 87' lang='lat' dir='ltr'><strong>occidunt</strong></span> <span class='ocrx_word' id='word_1_401' title='bbox 1709 4110 1923 4166; x_wconf 85' lang='lat' dir='ltr'><strong>corpus,</strong></span> <span class='ocrx_word' id='word_1_402' title='bbox 1970 4095 2194 4149; x_wconf 85' lang='lat' dir='ltr'><strong>animant</strong></span> 
     </span>
    </p>
   </div>
   <div class='ocr_carea' id='block_1_45' title="bbox 2266 469 3878 551">
    <p class='ocr_par' dir='ltr' id='par_1_45' title="bbox 2266 469 3878 551">
     <span class='ocr_line' id='line_1_46' title="bbox 2266 469 3878 551; baseline -0.004 -19"><span class='ocrx_word' id='word_1_403' title='bbox 2266 480 2351 551; x_wconf 87' lang='lat' dir='ltr'><strong>qui</strong></span> <span class='ocrx_word' id='word_1_404' title='bbox 2397 486 2560 549; x_wconf 89' lang='lat' dir='ltr'><strong>potest</strong></span> <span class='ocrx_word' id='word_1_405' title='bbox 2612 480 2837 530; x_wconf 82' lang='lat' dir='ltr'><strong>animant</strong></span> <span class='ocrx_word' id='word_1_406' title='bbox 2887 483 2933 528; x_wconf 87' lang='lat' dir='ltr'><strong>et</strong></span> <span class='ocrx_word' id='word_1_407' title='bbox 2983 489 3172 545; x_wconf 85' lang='lat' dir='ltr'><strong>corpus</strong></span> <span class='ocrx_word' id='word_1_408' title='bbox 3195 469 3426 527; x_wconf 83' lang='lat' dir='ltr'><strong>occidere</strong></span> <span class='ocrx_word' id='word_1_409' title='bbox 3456 469 3475 508; x_wconf 74' lang='grc' dir='ltr'><strong>ί</strong></span> <span class='ocrx_word' id='word_1_410' title='bbox 3502 471 3557 524; x_wconf 86' lang='lat' dir='ltr'><strong>in</strong></span> <span class='ocrx_word' id='word_1_411' title='bbox 3600 471 3878 543; x_wconf 82' lang='lat' dir='ltr'><strong>gehennam</strong></span> 
     </span>
    </p>
   </div>
   <div class='ocr_carea' id='block_1_46' title="bbox 2269 563 3879 641">
    <p class='ocr_par' dir='ltr' id='par_1_46' title="bbox 2269 563 3879 641">
     <span class='ocr_line' id='line_1_47' title="bbox 2269 563 3879 641; baseline -0.004 -18"><span class='ocrx_word' id='word_1_412' title='bbox 2269 566 2482 641; x_wconf 84' lang='lat' dir='ltr'><strong>(Matth.</strong></span> <span class='ocrx_word' id='word_1_413' title='bbox 2524 584 2553 621; x_wconf 80' lang='grc' dir='ltr'><strong>ιι</strong></span> <span class='ocrx_word' id='word_1_414' title='bbox 2576 609 2591 635; x_wconf 86' lang='grc'><strong><em>,</em></strong></span> <span class='ocrx_word' id='word_1_415' title='bbox 2620 564 2732 639; x_wconf 71' lang='lat'><strong>28).</strong></span> <span class='ocrx_word' id='word_1_416' title='bbox 2768 565 2835 621; x_wconf 88' lang='lat' dir='ltr'><strong>Et</strong></span> <span class='ocrx_word' id='word_1_417' title='bbox 2860 568 3050 622; x_wconf 86' lang='lat' dir='ltr'><strong>iterum</strong></span> <span class='ocrx_word' id='word_1_418' title='bbox 3078 582 3090 619; x_wconf 89' lang='lat'><strong>:</strong></span> <span class='ocrx_word' id='word_1_419' title='bbox 3143 564 3245 631; x_wconf 84' lang='lat' dir='ltr'><strong>Qui</strong></span> <span class='ocrx_word' id='word_1_420' title='bbox 3273 572 3412 618; x_wconf 87' lang='lat' dir='ltr'><strong>atnat</strong></span> <span class='ocrx_word' id='word_1_421' title='bbox 3445 563 3671 617; x_wconf 78' lang='lat' dir='ltr'><strong>animum</strong></span> <span class='ocrx_word' id='word_1_422' title='bbox 3696 579 3879 631; x_wconf 85' lang='lat' dir='ltr'><strong>suam,</strong></span> 
     </span>
    </p>
   </div>
   <div class='ocr_carea' id='block_1_47' title="bbox 2270 654 3877 732">
    <p class='ocr_par' dir='ltr' id='par_1_47' title="bbox 2270 654 3877 732">
     <span class='ocr_line' id='line_1_48' title="bbox 2270 654 3877 732; baseline -0.003 -18"><span class='ocrx_word' id='word_1_423' title='bbox 2270 660 2444 732; x_wconf 81' lang='lat' dir='ltr'><strong>perdet</strong></span> <span class='ocrx_word' id='word_1_424' title='bbox 2474 675 2586 714; x_wconf 89' lang='lat' dir='ltr'><strong>eam</strong></span> <span class='ocrx_word' id='word_1_425' title='bbox 2615 677 2627 713; x_wconf 87' lang='lat'>:</span> <span class='ocrx_word' id='word_1_426' title='bbox 2660 668 2707 713; x_wconf 86' lang='lat' dir='ltr'><strong>et</strong></span> <span class='ocrx_word' id='word_1_427' title='bbox 2734 659 2820 728; x_wconf 87' lang='lat' dir='ltr'><strong>qui</strong></span> <span class='ocrx_word' id='word_1_428' title='bbox 2860 658 2968 712; x_wconf 87' lang='lat' dir='ltr'><strong>odit</strong></span> <span class='ocrx_word' id='word_1_429' title='bbox 3000 656 3226 711; x_wconf 88' lang='lat' dir='ltr'><strong>animam</strong></span> <span class='ocrx_word' id='word_1_430' title='bbox 3257 672 3405 710; x_wconf 88' lang='lat' dir='ltr'><strong>suam</strong></span> <span class='ocrx_word' id='word_1_431' title='bbox 3439 654 3491 709; x_wconf 87' lang='lat' dir='ltr'><strong>iu</strong></span> <span class='ocrx_word' id='word_1_432' title='bbox 3522 654 3619 709; x_wconf 82' lang='lat' dir='ltr'><strong>isto</strong></span> <span class='ocrx_word' id='word_1_433' title='bbox 3652 654 3877 726; x_wconf 73' lang='lat' dir='ltr'><strong>steculo,</strong></span> 
     </span>
    </p>
   </div>
   <div class='ocr_carea' id='block_1_48' title="bbox 2270 744 3751 822">
    <p class='ocr_par' dir='ltr' id='par_1_48' title="bbox 2270 744 3751 822">
     <span class='ocr_line' id='line_1_49' title="bbox 2270 744 3751 822; baseline -0.004 -15"><span class='ocrx_word' id='word_1_434' title='bbox 2270 755 2322 808; x_wconf 87' lang='lat' dir='ltr'><strong>in</strong></span> <span class='ocrx_word' id='word_1_435' title='bbox 2346 753 2497 806; x_wconf 88' lang='lat' dir='ltr'><strong>vitam</strong></span> <span class='ocrx_word' id='word_1_436' title='bbox 2519 761 2761 806; x_wconf 72' lang='lat' dir='ltr'><strong>teter-nam</strong></span> <span class='ocrx_word' id='word_1_437' title='bbox 2789 748 3102 804; x_wconf 84' lang='lat' dir='ltr'><strong>conservabit</strong></span> <span class='ocrx_word' id='word_1_438' title='bbox 3131 748 3274 802; x_wconf 83' lang='lat' dir='ltr'><strong>illam</strong></span> <span class='ocrx_word' id='word_1_439' title='bbox 3303 746 3482 822; x_wconf 81' lang='lat' dir='ltr'><strong>(Joan.</strong></span> <span class='ocrx_word' id='word_1_440' title='bbox 3514 762 3609 813; x_wconf 77' lang='lat' dir='ltr'><strong>xu,</strong></span> <span class='ocrx_word' id='word_1_441' title='bbox 3635 744 3751 819; x_wconf 74' lang='lat' dir='ltr'><strong>c25).</strong></span> 
     </span>
    </p>
   </div>
   <div class='ocr_carea' id='block_1_49' title="bbox 2271 863 3885 936">
    <p class='ocr_par' dir='ltr' id='par_1_49' title="bbox 2271 863 3885 936">
     <span class='ocr_line' id='line_1_50' title="bbox 2271 863 3885 936; baseline -0.003 -14"><span class='ocrx_word' id='word_1_442' title='bbox 2271 882 2438 923; x_wconf 78' lang='lat' dir='ltr'><strong>CAPUT</strong></span> <span class='ocrx_word' id='word_1_443' title='bbox 2472 882 2546 920; x_wconf 80' lang='grc' dir='ltr'><strong>γι.</strong></span> <span class='ocrx_word' id='word_1_444' title='bbox 2588 894 2657 905; x_wconf 89' lang='grc'><strong>-·</strong></span> <span class='ocrx_word' id='word_1_445' title='bbox 2694 863 2865 934; x_wconf 77' lang='lat' dir='ltr'><strong>QUOD,</strong></span> <span class='ocrx_word' id='word_1_446' title='bbox 2899 878 3170 936; x_wconf 58' lang='grc' dir='ltr'><strong>Βεθειιιζτι</strong></span> <span class='ocrx_word' id='word_1_447' title='bbox 3223 878 3293 917; x_wconf 79' lang='lat' dir='ltr'><strong>E&#39;l&#39;</strong></span> <span class='ocrx_word' id='word_1_448' title='bbox 3346 876 3638 917; x_wconf 68' lang='grc' dir='ltr'><strong>γινωιωτι</strong></span> <span class='ocrx_word' id='word_1_449' title='bbox 3673 875 3885 917; x_wconf 64' lang='lat' dir='ltr'><strong>CHRISTI</strong></span> 
     </span>
    </p>
   </div>
   <div class='ocr_carea' id='block_1_50' title="bbox 2345 969 3811 1024">
    <p class='ocr_par' dir='ltr' id='par_1_50' title="bbox 2345 969 3811 1024">
     <span class='ocr_line' id='line_1_51' title="bbox 2345 969 3811 1024; baseline -0.003 -11"><span class='ocrx_word' id='word_1_450' title='bbox 2345 972 2637 1024; x_wconf 70' lang='lat' dir='ltr'><strong>SANGUINE,</strong></span> <span class='ocrx_word' id='word_1_451' title='bbox 2666 972 2811 1012; x_wconf 65' lang='lat' dir='ltr'><strong>NIHIL</strong></span> <span class='ocrx_word' id='word_1_452' title='bbox 2858 970 3083 1012; x_wconf 73' lang='lat' dir='ltr'><strong>CHRISTO</strong></span> <span class='ocrx_word' id='word_1_453' title='bbox 3126 969 3453 1011; x_wconf 65' lang='lat' dir='ltr'><strong>PBEPOUBBI</strong></span> <span class='ocrx_word' id='word_1_454' title='bbox 3510 970 3811 1011; x_wconf 65' lang='lat' dir='ltr'><strong>DEBBAIUS.</strong></span> 
     </span>
    </p>
   </div>
   <div class='ocr_carea' id='block_1_51' title="bbox 2348 1068 3889 1145">
    <p class='ocr_par' dir='ltr' id='par_1_51' title="bbox 2348 1068 3889 1145">
     <span class='ocr_line' id='line_1_52' title="bbox 2348 1068 3889 1145; baseline -0.003 -16"><span class='ocrx_word' id='word_1_455' title='bbox 2348 1075 2405 1129; x_wconf 88' lang='lat' dir='ltr'><strong>In</strong></span> <span class='ocrx_word' id='word_1_456' title='bbox 2435 1072 2727 1145; x_wconf 76' lang='lat' dir='ltr'><strong>Evangelia</strong></span> <span class='ocrx_word' id='word_1_457' title='bbox 2751 1072 3009 1127; x_wconf 84' lang='lat' dir='ltr'><strong>Dominus</strong></span> <span class='ocrx_word' id='word_1_458' title='bbox 3038 1071 3274 1142; x_wconf 86' lang='lat' dir='ltr'><strong>loquitur</strong></span> <span class='ocrx_word' id='word_1_459' title='bbox 3294 1081 3349 1125; x_wconf 89' lang='lat' dir='ltr'><strong>et</strong></span> <span class='ocrx_word' id='word_1_460' title='bbox 3374 1068 3508 1125; x_wconf 82' lang='lat' dir='ltr'><strong>dicit</strong></span> <span class='ocrx_word' id='word_1_461' title='bbox 3535 1087 3549 1124; x_wconf 90' lang='lat'><strong>:</strong></span> <span class='ocrx_word' id='word_1_462' title='bbox 3583 1069 3686 1136; x_wconf 89' lang='lat' dir='ltr'><strong>Qui</strong></span> <span class='ocrx_word' id='word_1_463' title='bbox 3708 1070 3889 1141; x_wconf 77' lang='lat' dir='ltr'><strong>diligit</strong></span> 
     </span>
    </p>
   </div>
   <div class='ocr_carea' id='block_1_52' title="bbox 2277 1160 3890 1241">
    <p class='ocr_par' dir='ltr' id='par_1_52' title="bbox 2277 1160 3890 1241">
     <span class='ocr_line' id='line_1_53' title="bbox 2277 1160 3890 1241; baseline -0.004 -18"><span class='ocrx_word' id='word_1_464' title='bbox 2277 1178 2470 1241; x_wconf 88' lang='lat' dir='ltr'><strong>patrem</strong></span> <span class='ocrx_word' id='word_1_465' title='bbox 2500 1177 2589 1221; x_wconf 81' lang='lat' dir='ltr'><strong>aut</strong></span> <span class='ocrx_word' id='word_1_466' title='bbox 2633 1177 2844 1221; x_wconf 85' lang='lat' dir='ltr'><strong>matrem</strong></span> <span class='ocrx_word' id='word_1_467' title='bbox 2866 1180 3018 1237; x_wconf 80' lang='lat' dir='ltr'><strong>super</strong></span> <span class='ocrx_word' id='word_1_468' title='bbox 3047 1180 3127 1218; x_wconf 81' lang='lat' dir='ltr'><strong>me</strong></span> <span class='ocrx_word' id='word_1_469' title='bbox 3152 1174 3201 1231; x_wconf 85' lang='lat'><strong>8,</strong></span> <span class='ocrx_word' id='word_1_470' title='bbox 3240 1179 3345 1218; x_wconf 79' lang='lat' dir='ltr'><strong>non</strong></span> <span class='ocrx_word' id='word_1_471' title='bbox 3378 1171 3452 1217; x_wconf 87' lang='lat' dir='ltr'><strong>est</strong></span> <span class='ocrx_word' id='word_1_472' title='bbox 3475 1166 3557 1217; x_wconf 82' lang='lat' dir='ltr'><strong>nte</strong></span> <span class='ocrx_word' id='word_1_473' title='bbox 3580 1161 3788 1234; x_wconf 77' lang='lat' dir='ltr'><strong>dignus.</strong></span> <span class='ocrx_word' id='word_1_474' title='bbox 3817 1160 3890 1216; x_wconf 79' lang='lat' dir='ltr'><strong>Et</strong></span> 
     </span>
    </p>
   </div>
   <div class='ocr_carea' id='block_1_53' title="bbox 2276 1256 3888 1333">
    <p class='ocr_par' dir='ltr' id='par_1_53' title="bbox 2276 1256 3888 1333">
     <span class='ocr_line' id='line_1_54' title="bbox 2276 1256 3888 1333; baseline -0.003 -18"><span class='ocrx_word' id='word_1_475' title='bbox 2276 1263 2364 1333; x_wconf 79' lang='lat' dir='ltr'><strong>qui</strong></span> <span class='ocrx_word' id='word_1_476' title='bbox 2392 1261 2559 1332; x_wconf 86' lang='lat' dir='ltr'><strong>diligit</strong></span> <span class='ocrx_word' id='word_1_477' title='bbox 2584 1260 2748 1329; x_wconf 76' lang='lat' dir='ltr'><strong>ﬁlium</strong></span> <span class='ocrx_word' id='word_1_478' title='bbox 2774 1268 2862 1313; x_wconf 84' lang='lat' dir='ltr'><strong>aut</strong></span> <span class='ocrx_word' id='word_1_479' title='bbox 2891 1259 3055 1328; x_wconf 76' lang='lat' dir='ltr'><strong>ﬁliam</strong></span> <span class='ocrx_word' id='word_1_480' title='bbox 3081 1273 3234 1326; x_wconf 70' lang='lat' dir='ltr'><strong>super</strong></span> <span class='ocrx_word' id='word_1_481' title='bbox 3277 1272 3359 1311; x_wconf 82' lang='lat' dir='ltr'><strong>me</strong></span> <span class='ocrx_word' id='word_1_482' title='bbox 3377 1296 3391 1323; x_wconf 93' lang='lat'><strong>,</strong></span> <span class='ocrx_word' id='word_1_483' title='bbox 3438 1272 3543 1311; x_wconf 83' lang='lat' dir='ltr'><strong>non</strong></span> <span class='ocrx_word' id='word_1_484' title='bbox 3583 1265 3655 1312; x_wconf 83' lang='lat' dir='ltr'><strong>est</strong></span> <span class='ocrx_word' id='word_1_485' title='bbox 3704 1271 3786 1311; x_wconf 80' lang='lat' dir='ltr'><strong>me</strong></span> <span class='ocrx_word' id='word_1_486' title='bbox 3805 1256 3888 1310; x_wconf 66' lang='grc' dir='ltr'><strong>άὶε</strong></span> 
     </span>
    </p>
   </div>
   <div class='ocr_carea' id='block_1_54' title="bbox 2278 1350 3886 1427">
    <p class='ocr_par' dir='ltr' id='par_1_54' title="bbox 2278 1350 3886 1427">
     <span class='ocr_line' id='line_1_55' title="bbox 2278 1350 3886 1427; baseline -0.002 -18"><span class='ocrx_word' id='word_1_487' title='bbox 2278 1353 2470 1427; x_wconf 71' lang='grc' dir='ltr'>9ηιιειι.</span> <span class='ocrx_word' id='word_1_488' title='bbox 2503 1353 2566 1407; x_wconf 80' lang='lat' dir='ltr'><strong>Et</strong></span> <span class='ocrx_word' id='word_1_489' title='bbox 2592 1354 2677 1423; x_wconf 83' lang='lat' dir='ltr'><strong>qui</strong></span> <span class='ocrx_word' id='word_1_490' title='bbox 2694 1369 2793 1407; x_wconf 87' lang='lat' dir='ltr'><strong>non</strong></span> <span class='ocrx_word' id='word_1_491' title='bbox 2819 1352 3003 1421; x_wconf 78' lang='lat' dir='ltr'><strong>accipit</strong></span> <span class='ocrx_word' id='word_1_492' title='bbox 3020 1366 3217 1406; x_wconf 77' lang='lat' dir='ltr'><strong>errrem</strong></span> <span class='ocrx_word' id='word_1_493' title='bbox 3253 1350 3437 1406; x_wconf 70' lang='lat' dir='ltr'><strong>isuam</strong></span> <span class='ocrx_word' id='word_1_494' title='bbox 3454 1360 3500 1406; x_wconf 89' lang='lat' dir='ltr'><strong>et</strong></span> <span class='ocrx_word' id='word_1_495' title='bbox 3526 1352 3753 1422; x_wconf 69' lang='lat' dir='ltr'><strong>sequitur</strong></span> <span class='ocrx_word' id='word_1_496' title='bbox 3777 1364 3886 1415; x_wconf 81' lang='lat' dir='ltr'><strong>me,</strong></span> 
     </span>
    </p>
   </div>
   <div class='ocr_carea' id='block_1_55' title="bbox 2279 1442 3887 1519">
    <p class='ocr_par' dir='ltr' id='par_1_55' title="bbox 2279 1442 3887 1519">
     <span class='ocr_line' id='line_1_56' title="bbox 2279 1442 3887 1519; baseline -0.002 -17"><span class='ocrx_word' id='word_1_497' title='bbox 2279 1464 2382 1502; x_wconf 87' lang='lat' dir='ltr'><strong>non</strong></span> <span class='ocrx_word' id='word_1_498' title='bbox 2410 1456 2481 1501; x_wconf 84' lang='lat' dir='ltr'><strong>est</strong></span> <span class='ocrx_word' id='word_1_499' title='bbox 2506 1463 2586 1501; x_wconf 90' lang='lat' dir='ltr'><strong>me</strong></span> <span class='ocrx_word' id='word_1_500' title='bbox 2610 1446 2829 1517; x_wconf 76' lang='lat' dir='ltr'><strong>dignust</strong></span> <span class='ocrx_word' id='word_1_501' title='bbox 2860 1443 3073 1519; x_wconf 77' lang='lat' dir='ltr'><strong>(Matth.</strong></span> <span class='ocrx_word' id='word_1_502' title='bbox 3102 1458 3164 1510; x_wconf 72' lang='grc' dir='ltr'>ι,</span> <span class='ocrx_word' id='word_1_503' title='bbox 3194 1442 3309 1515; x_wconf 79' lang='grc'><strong>57).</strong></span> <span class='ocrx_word' id='word_1_504' title='bbox 3340 1443 3429 1499; x_wconf 78' lang='lat' dir='ltr'><strong>Sic</strong></span> <span class='ocrx_word' id='word_1_505' title='bbox 3460 1452 3511 1498; x_wconf 85' lang='lat' dir='ltr'><strong>et</strong></span> <span class='ocrx_word' id='word_1_506' title='bbox 3542 1443 3596 1498; x_wconf 89' lang='lat' dir='ltr'><strong>in</strong></span> <span class='ocrx_word' id='word_1_507' title='bbox 3627 1442 3887 1499; x_wconf 84' lang='lat' dir='ltr'><strong>Dentero—</strong></span> 
     </span>
    </p>
   </div>
   <div class='ocr_carea' id='block_1_56' title="bbox 2282 1533 3892 1608">
    <p class='ocr_par' dir='ltr' id='par_1_56' title="bbox 2282 1533 3892 1608">
     <span class='ocr_line' id='line_1_57' title="bbox 2282 1533 3892 1608; baseline -0.002 -15"><span class='ocrx_word' id='word_1_508' title='bbox 2282 1539 2462 1594; x_wconf 87' lang='lat' dir='ltr'><strong>nomio</strong></span> <span class='ocrx_word' id='word_1_509' title='bbox 2490 1538 2747 1608; x_wconf 80' lang='lat' dir='ltr'><strong>scriptum</strong></span> <span class='ocrx_word' id='word_1_510' title='bbox 2761 1534 2917 1591; x_wconf 55' lang='lat' dir='ltr'><strong>est“:</strong></span> <span class='ocrx_word' id='word_1_511' title='bbox 2955 1534 3054 1602; x_wconf 88' lang='lat' dir='ltr'><strong>Qui</strong></span> <span class='ocrx_word' id='word_1_512' title='bbox 3073 1535 3248 1588; x_wconf 77' lang='lat' dir='ltr'><strong>dicunt</strong></span> <span class='ocrx_word' id='word_1_513' title='bbox 3269 1535 3405 1604; x_wconf 87' lang='lat' dir='ltr'><strong>patri</strong></span> <span class='ocrx_word' id='word_1_514' title='bbox 3429 1542 3480 1589; x_wconf 86' lang='lat' dir='ltr'><strong>et</strong></span> <span class='ocrx_word' id='word_1_515' title='bbox 3510 1534 3682 1600; x_wconf 82' lang='lat' dir='ltr'><strong>matri,</strong></span> <span class='ocrx_word' id='word_1_516' title='bbox 3716 1552 3733 1587; x_wconf 87' lang='grc' dir='ltr'><strong>ι</strong></span> <span class='ocrx_word' id='word_1_517' title='bbox 3768 1533 3892 1589; x_wconf 70' lang='lat' dir='ltr'><strong>Non</strong></span> 
     </span>
    </p>
   </div>
   <div class='ocr_carea' id='block_1_57' title="bbox 2283 1627 3891 1699">
    <p class='ocr_par' dir='ltr' id='par_1_57' title="bbox 2283 1627 3891 1699">
     <span class='ocr_line' id='line_1_58' title="bbox 2283 1627 3891 1699; baseline -0.001 -15"><span class='ocrx_word' id='word_1_518' title='bbox 2283 1634 2400 1686; x_wconf 85' lang='lat' dir='ltr'><strong>novi</strong></span> <span class='ocrx_word' id='word_1_519' title='bbox 2426 1638 2493 1696; x_wconf 89' lang='lat' dir='ltr'><strong>te,</strong></span> <span class='ocrx_word' id='word_1_520' title='bbox 2537 1648 2555 1683; x_wconf 82' lang='grc' dir='ltr'><strong>ι</strong></span> <span class='ocrx_word' id='word_1_521' title='bbox 2591 1639 2638 1684; x_wconf 86' lang='lat' dir='ltr'><strong>et</strong></span> <span class='ocrx_word' id='word_1_522' title='bbox 2668 1630 2803 1699; x_wconf 75' lang='lat' dir='ltr'><strong>ﬁlios</strong></span> <span class='ocrx_word' id='word_1_523' title='bbox 2827 1644 2944 1684; x_wconf 88' lang='lat' dir='ltr'><strong>suos</strong></span> <span class='ocrx_word' id='word_1_524' title='bbox 2972 1644 3076 1682; x_wconf 83' lang='lat' dir='ltr'><strong>non</strong></span> <span class='ocrx_word' id='word_1_525' title='bbox 3101 1636 3433 1699; x_wconf 74' lang='lat' dir='ltr'><strong>agnoverunt,</strong></span> <span class='ocrx_word' id='word_1_526' title='bbox 3464 1627 3519 1680; x_wconf 84' lang='lat' dir='ltr'><strong>hi</strong></span> <span class='ocrx_word' id='word_1_527' title='bbox 3546 1627 3891 1682; x_wconf 73' lang='lat' dir='ltr'><strong>custodierunt</strong></span> 
     </span>
    </p>
   </div>
   <div class='ocr_carea' id='block_1_58' title="bbox 2284 1718 3884 1795">
    <p class='ocr_par' dir='ltr' id='par_1_58' title="bbox 2284 1718 3884 1795">
     <span class='ocr_line' id='line_1_59' title="bbox 2284 1718 3884 1795; baseline 0 -18"><span class='ocrx_word' id='word_1_528' title='bbox 2284 1731 2540 1795; x_wconf 67' lang='lat' dir='ltr'><strong>pracepta</strong></span> <span class='ocrx_word' id='word_1_529' title='bbox 2563 1732 2673 1786; x_wconf 85' lang='lat' dir='ltr'><strong>tua,</strong></span> <span class='ocrx_word' id='word_1_530' title='bbox 2699 1732 2745 1776; x_wconf 88' lang='lat' dir='ltr'><strong>et</strong></span> <span class='ocrx_word' id='word_1_531' title='bbox 2772 1729 3124 1775; x_wconf 81' lang='lat' dir='ltr'><strong>testamentum</strong></span> <span class='ocrx_word' id='word_1_532' title='bbox 3149 1718 3334 1774; x_wconf 80' lang='lat' dir='ltr'><strong>1tuum</strong></span> <span class='ocrx_word' id='word_1_533' title='bbox 3362 1730 3687 1775; x_wconf 79' lang='lat' dir='ltr'><strong>servaverunt</strong></span> <span class='ocrx_word' id='word_1_534' title='bbox 3709 1720 3884 1792; x_wconf 78' lang='lat' dir='ltr'><strong>(Dent.</strong></span> 
     </span>
    </p>
   </div>
   <div class='ocr_carea' id='block_1_59' title="bbox 2631 1810 3889 1884">
    <p class='ocr_par' dir='ltr' id='par_1_59' title="bbox 2631 1810 3889 1884">
     <span class='ocr_line' id='line_1_60' title="bbox 2631 1810 3889 1884; baseline -0.002 -15"><span class='ocrx_word' id='word_1_535' title='bbox 2631 1814 2765 1869; x_wconf 85' lang='lat' dir='ltr'><strong>Item</strong></span> <span class='ocrx_word' id='word_1_536' title='bbox 2791 1813 3068 1884; x_wconf 83' lang='lat' dir='ltr'><strong>apostolus</strong></span> <span class='ocrx_word' id='word_1_537' title='bbox 3094 1812 3330 1867; x_wconf 80' lang='lat' dir='ltr'><strong>Paulus:</strong></span> <span class='ocrx_word' id='word_1_538' title='bbox 3365 1810 3494 1878; x_wconf 81' lang='lat' dir='ltr'><strong>Quis</strong></span> <span class='ocrx_word' id='word_1_539' title='bbox 3530 1828 3643 1878; x_wconf 80' lang='lat' dir='ltr'><strong>nos,</strong></span> <span class='ocrx_word' id='word_1_540' title='bbox 3679 1813 3889 1884; x_wconf 77' lang='lat' dir='ltr'><strong>inquit,</strong></span> 
     </span>
    </p>
   </div>
   <div class='ocr_carea' id='block_1_60' title="bbox 2284 1904 3897 1979">
    <p class='ocr_par' dir='ltr' id='par_1_60' title="bbox 2284 1904 3897 1979">
     <span class='ocr_line' id='line_1_61' title="bbox 2284 1904 3897 1979; baseline -0.001 -17"><span class='ocrx_word' id='word_1_541' title='bbox 2284 1907 2540 1978; x_wconf 75' lang='lat' dir='ltr'><strong>separabit</strong></span> <span class='ocrx_word' id='word_1_542' title='bbox 2565 1924 2597 1962; x_wconf 92' lang='lat' dir='ltr'><strong>a</strong></span> <span class='ocrx_word' id='word_1_543' title='bbox 2623 1907 2873 1961; x_wconf 87' lang='lat' dir='ltr'><strong>charitate</strong></span> <span class='ocrx_word' id='word_1_544' title='bbox 2914 1904 3145 1961; x_wconf 77' lang='lat' dir='ltr'><strong>Christi?</strong></span> <span class='ocrx_word' id='word_1_545' title='bbox 3176 1920 3415 1976; x_wconf 88' lang='lat' dir='ltr'><strong>pressura</strong></span> <span class='ocrx_word' id='word_1_546' title='bbox 3442 1920 3512 1979; x_wconf 86' lang='lat' dir='ltr'><strong>an</strong></span> <span class='ocrx_word' id='word_1_547' title='bbox 3536 1907 3794 1977; x_wconf 77' lang='lat' dir='ltr'><strong>angustia,</strong></span> <span class='ocrx_word' id='word_1_548' title='bbox 3824 1918 3897 1961; x_wconf 77' lang='lat' dir='ltr'><strong>ars</strong></span> 
     </span>
    </p>
   </div>
   <div class='ocr_carea' id='block_1_61' title="bbox 2282 1996 3896 2071">
    <p class='ocr_par' dir='ltr' id='par_1_61' title="bbox 2282 1996 3896 2071">
     <span class='ocr_line' id='line_1_62' title="bbox 2282 1996 3896 2071; baseline -0.002 -16"><span class='ocrx_word' id='word_1_549' title='bbox 2282 2000 2599 2071; x_wconf 81' lang='lat' dir='ltr'><strong>persecutio,</strong></span> <span class='ocrx_word' id='word_1_550' title='bbox 2628 2016 2696 2054; x_wconf 88' lang='lat' dir='ltr'><strong>an</strong></span> <span class='ocrx_word' id='word_1_551' title='bbox 2723 2003 2921 2071; x_wconf 78' lang='lat' dir='ltr'><strong>fames,</strong></span> <span class='ocrx_word' id='word_1_552' title='bbox 2957 2014 3025 2051; x_wconf 87' lang='lat' dir='ltr'><strong>an</strong></span> <span class='ocrx_word' id='word_1_553' title='bbox 3065 1996 3302 2063; x_wconf 77' lang='lat' dir='ltr'><strong>auditas,</strong></span> <span class='ocrx_word' id='word_1_554' title='bbox 3348 2013 3416 2051; x_wconf 85' lang='lat' dir='ltr'><strong>an</strong></span> <span class='ocrx_word' id='word_1_555' title='bbox 3454 1997 3769 2068; x_wconf 79' lang='lat' dir='ltr'><strong>perieulum,</strong></span> <span class='ocrx_word' id='word_1_556' title='bbox 3820 2014 3896 2052; x_wconf 82' lang='lat' dir='ltr'><strong>ars</strong></span> 
     </span>
    </p>
   </div>
   <div class='ocr_carea' id='block_1_62' title="bbox 2286 2090 3889 2164">
    <p class='ocr_par' dir='ltr' id='par_1_62' title="bbox 2286 2090 3889 2164">
     <span class='ocr_line' id='line_1_63' title="bbox 2286 2090 3889 2164; baseline -0.001 -17"><span class='ocrx_word' id='word_1_557' title='bbox 2286 2092 2490 2164; x_wconf 86' lang='lat' dir='ltr'><strong>gladius</strong></span> <span class='ocrx_word' id='word_1_558' title='bbox 2510 2094 2536 2147; x_wconf 74' lang='grc'><strong><em>2</em></strong></span> <span class='ocrx_word' id='word_1_559' title='bbox 2568 2093 2718 2149; x_wconf 80' lang='lat' dir='ltr'><strong>Sicut</strong></span> <span class='ocrx_word' id='word_1_560' title='bbox 2745 2092 2991 2161; x_wconf 87' lang='lat' dir='ltr'><strong>scriptum</strong></span> <span class='ocrx_word' id='word_1_561' title='bbox 3032 2100 3107 2146; x_wconf 85' lang='lat' dir='ltr'><strong>est</strong></span> <span class='ocrx_word' id='word_1_562' title='bbox 3149 2103 3166 2141; x_wconf 89' lang='lat'><em>:</em></span> <span class='ocrx_word' id='word_1_563' title='bbox 3201 2090 3336 2158; x_wconf 88' lang='lat' dir='ltr'><strong>Quia</strong></span> <span class='ocrx_word' id='word_1_564' title='bbox 3365 2100 3571 2161; x_wconf 82' lang='lat' dir='ltr'><strong>propter</strong></span> <span class='ocrx_word' id='word_1_565' title='bbox 3608 2099 3657 2144; x_wconf 84' lang='lat' dir='ltr'><strong>ts</strong></span> <span class='ocrx_word' id='word_1_566' title='bbox 3691 2090 3889 2145; x_wconf 59' lang='lat' dir='ltr'><strong>occidi-</strong></span> 
     </span>
    </p>
   </div>
   <div class='ocr_carea' id='block_1_63' title="bbox 2286 2184 3893 2251">
    <p class='ocr_par' dir='ltr' id='par_1_63' title="bbox 2286 2184 3893 2251">
     <span class='ocr_line' id='line_1_64' title="bbox 2286 2184 3893 2251; baseline 0 -12"><span class='ocrx_word' id='word_1_567' title='bbox 2286 2202 2401 2240; x_wconf 82' lang='lat' dir='ltr'><strong>mur</strong></span> <span class='ocrx_word' id='word_1_568' title='bbox 2426 2195 2530 2241; x_wconf 87' lang='lat' dir='ltr'><strong>tota</strong></span> <span class='ocrx_word' id='word_1_569' title='bbox 2541 2188 2643 2249; x_wconf 82' lang='lat' dir='ltr'><strong>die,</strong></span> <span class='ocrx_word' id='word_1_570' title='bbox 2664 2186 3088 2241; x_wconf 80' lang='lat' dir='ltr'><strong>testintatisumus</strong></span> <span class='ocrx_word' id='word_1_571' title='bbox 3109 2193 3160 2238; x_wconf 81' lang='lat' dir='ltr'><strong>ut</strong></span> <span class='ocrx_word' id='word_1_572' title='bbox 3182 2199 3296 2239; x_wconf 87' lang='lat' dir='ltr'><strong>oves</strong></span> <span class='ocrx_word' id='word_1_573' title='bbox 3312 2185 3522 2240; x_wconf 69' lang='lat' dir='ltr'><strong>victima</strong></span> <span class='ocrx_word' id='word_1_574' title='bbox 3536 2192 3597 2251; x_wconf 75' lang='grc' dir='ltr'><strong>ω,</strong></span> <span class='ocrx_word' id='word_1_575' title='bbox 3615 2184 3709 2238; x_wconf 75' lang='lat' dir='ltr'><strong>sed</strong></span> <span class='ocrx_word' id='word_1_576' title='bbox 3726 2185 3783 2239; x_wconf 80' lang='lat' dir='ltr'><strong>in</strong></span> <span class='ocrx_word' id='word_1_577' title='bbox 3805 2185 3893 2239; x_wconf 85' lang='lat' dir='ltr'><strong>his</strong></span> 
     </span>
    </p>
   </div>
   <div class='ocr_carea' id='block_1_64' title="bbox 2288 2277 3885 2351">
    <p class='ocr_par' dir='ltr' id='par_1_64' title="bbox 2288 2277 3885 2351">
     <span class='ocr_line' id='line_1_65' title="bbox 2288 2277 3885 2351; baseline 0 -17"><span class='ocrx_word' id='word_1_578' title='bbox 2288 2281 2520 2335; x_wconf 85' lang='lat' dir='ltr'><strong>omnibus</strong></span> <span class='ocrx_word' id='word_1_579' title='bbox 2532 2295 2833 2351; x_wconf 85' lang='lat' dir='ltr'><strong>superamus</strong></span> <span class='ocrx_word' id='word_1_580' title='bbox 2850 2287 2877 2315; x_wconf 76' lang='grc' dir='ltr'><strong>ιι</strong></span> <span class='ocrx_word' id='word_1_581' title='bbox 2907 2289 3112 2350; x_wconf 81' lang='lat' dir='ltr'><strong>prepter</strong></span> <span class='ocrx_word' id='word_1_582' title='bbox 3136 2294 3251 2334; x_wconf 88' lang='lat' dir='ltr'><strong>eum</strong></span> <span class='ocrx_word' id='word_1_583' title='bbox 3265 2279 3349 2351; x_wconf 86' lang='lat' dir='ltr'><strong>qui</strong></span> <span class='ocrx_word' id='word_1_584' title='bbox 3374 2278 3549 2333; x_wconf 65' lang='lat' dir='ltr'><strong>dilexit</strong></span> <span class='ocrx_word' id='word_1_585' title='bbox 3571 2293 3666 2332; x_wconf 85' lang='lat' dir='ltr'><strong>nos</strong></span> <span class='ocrx_word' id='word_1_586' title='bbox 3702 2277 3885 2350; x_wconf 81' lang='lat' dir='ltr'><strong>(Rom.</strong></span> 
     </span>
    </p>
   </div>
   <div class='ocr_carea' id='block_1_65' title="bbox 2289 2370 3892 2445">
    <p class='ocr_par' dir='ltr' id='par_1_65' title="bbox 2289 2370 3892 2445">
     <span class='ocr_line' id='line_1_66' title="bbox 2289 2370 3892 2445; baseline -0.001 -19"><span class='ocrx_word' id='word_1_587' title='bbox 2289 2388 2414 2438; x_wconf 82' lang='lat' dir='ltr'><strong>vni,</strong></span> <span class='ocrx_word' id='word_1_588' title='bbox 2462 2372 2577 2445; x_wconf 82' lang='lat'><strong>55).</strong></span> <span class='ocrx_word' id='word_1_589' title='bbox 2626 2373 2693 2428; x_wconf 92' lang='lat' dir='ltr'><strong>Et</strong></span> <span class='ocrx_word' id='word_1_590' title='bbox 2739 2372 2975 2427; x_wconf 83' lang='lat' dir='ltr'><strong>iterum:</strong></span> <span class='ocrx_word' id='word_1_591' title='bbox 3028 2370 3152 2426; x_wconf 86' lang='lat' dir='ltr'><strong>Non</strong></span> <span class='ocrx_word' id='word_1_592' title='bbox 3198 2371 3314 2426; x_wconf 83' lang='lat' dir='ltr'><strong>estis</strong></span> <span class='ocrx_word' id='word_1_593' title='bbox 3352 2370 3499 2425; x_wconf 82' lang='lat' dir='ltr'><strong>vestri</strong></span> <span class='ocrx_word' id='word_1_594' title='bbox 3526 2385 3542 2425; x_wconf 91' lang='lat'><strong><em>:</em></strong></span> <span class='ocrx_word' id='word_1_595' title='bbox 3570 2370 3726 2441; x_wconf 89' lang='lat' dir='ltr'><strong>empti</strong></span> <span class='ocrx_word' id='word_1_596' title='bbox 3754 2371 3892 2425; x_wconf 68' lang='lat' dir='ltr'><strong>sitim</strong></span> 
     </span>
    </p>
   </div>
   <div class='ocr_carea' id='block_1_66' title="bbox 2290 2462 3895 2536">
    <p class='ocr_par' dir='ltr' id='par_1_66' title="bbox 2290 2462 3895 2536">
     <span class='ocr_line' id='line_1_67' title="bbox 2290 2462 3895 2536; baseline -0.001 -16"><span class='ocrx_word' id='word_1_597' title='bbox 2290 2466 2409 2520; x_wconf 89' lang='lat' dir='ltr'><strong>estis</strong></span> <span class='ocrx_word' id='word_1_598' title='bbox 2454 2467 2618 2536; x_wconf 87' lang='lat' dir='ltr'><strong>pretio</strong></span> <span class='ocrx_word' id='word_1_599' title='bbox 2658 2481 2847 2536; x_wconf 83' lang='lat' dir='ltr'><strong>ntagno</strong></span> <span class='ocrx_word' id='word_1_600' title='bbox 2877 2474 2901 2500; x_wconf 86' lang='grc' dir='ltr'><strong>ο</strong></span> <span class='ocrx_word' id='word_1_601' title='bbox 2923 2506 2941 2534; x_wconf 85' lang='grc'>,</span> <span class='ocrx_word' id='word_1_602' title='bbox 2971 2465 3260 2536; x_wconf 80' lang='lat' dir='ltr'><strong>gloriﬁcate</strong></span> <span class='ocrx_word' id='word_1_603' title='bbox 3286 2475 3314 2514; x_wconf 74' lang='grc' dir='ltr'><em>Ρ</em></span> <span class='ocrx_word' id='word_1_604' title='bbox 3345 2474 3389 2519; x_wconf 88' lang='lat' dir='ltr'><strong>et</strong></span> <span class='ocrx_word' id='word_1_605' title='bbox 3420 2472 3616 2533; x_wconf 86' lang='lat' dir='ltr'><strong>portate</strong></span> <span class='ocrx_word' id='word_1_606' title='bbox 3646 2462 3809 2517; x_wconf 72' lang='lat' dir='ltr'><strong>Deum</strong></span> <span class='ocrx_word' id='word_1_607' title='bbox 3837 2465 3895 2518; x_wconf 79' lang='lat' dir='ltr'><strong>in</strong></span> 
     </span>
    </p>
   </div>
   <div class='ocr_carea' id='block_1_67' title="bbox 2292 2552 3897 2629">
    <p class='ocr_par' dir='ltr' id='par_1_67' title="bbox 2292 2552 3897 2629">
     <span class='ocr_line' id='line_1_68' title="bbox 2292 2552 3897 2629; baseline 0.001 -18"><span class='ocrx_word' id='word_1_608' title='bbox 2292 2573 2505 2629; x_wconf 89' lang='lat' dir='ltr'><strong>corpore</strong></span> <span class='ocrx_word' id='word_1_609' title='bbox 2531 2566 2693 2613; x_wconf 87' lang='lat' dir='ltr'><strong>vestro</strong></span> <span class='ocrx_word' id='word_1_610' title='bbox 2724 2557 2770 2627; x_wconf 93' lang='lat' dir='ltr'><strong>(l</strong></span> <span class='ocrx_word' id='word_1_611' title='bbox 2795 2556 2916 2612; x_wconf 89' lang='lat' dir='ltr'><strong>Cor.</strong></span> <span class='ocrx_word' id='word_1_612' title='bbox 2947 2572 3002 2611; x_wconf 79' lang='grc' dir='ltr'>γι</span> <span class='ocrx_word' id='word_1_613' title='bbox 3019 2598 3033 2624; x_wconf 92' lang='grc'><strong><em>,</em></strong></span> <span class='ocrx_word' id='word_1_614' title='bbox 3052 2556 3169 2628; x_wconf 74' lang='grc'><strong>20).</strong></span> <span class='ocrx_word' id='word_1_615' title='bbox 3196 2557 3264 2611; x_wconf 86' lang='grc' dir='ltr'>Ει</span> <span class='ocrx_word' id='word_1_616' title='bbox 3293 2557 3484 2612; x_wconf 88' lang='lat' dir='ltr'><strong>iterum</strong></span> <span class='ocrx_word' id='word_1_617' title='bbox 3503 2571 3520 2611; x_wconf 85' lang='lat'><strong>:</strong></span> <span class='ocrx_word' id='word_1_618' title='bbox 3540 2552 3645 2610; x_wconf 89' lang='lat' dir='ltr'><strong>Pro</strong></span> <span class='ocrx_word' id='word_1_619' title='bbox 3665 2554 3897 2612; x_wconf 76' lang='lat' dir='ltr'><strong>omnibus</strong></span> 
     </span>
    </p>
   </div>
   <div class='ocr_carea' id='block_1_68' title="bbox 2293 2647 3893 2722">
    <p class='ocr_par' dir='ltr' id='par_1_68' title="bbox 2293 2647 3893 2722">
     <span class='ocr_line' id='line_1_69' title="bbox 2293 2647 3893 2722; baseline 0.001 -18"><span class='ocrx_word' id='word_1_620' title='bbox 2293 2660 2524 2706; x_wconf 85' lang='lat' dir='ltr'><strong>mortuus</strong></span> <span class='ocrx_word' id='word_1_621' title='bbox 2553 2662 2624 2705; x_wconf 86' lang='lat' dir='ltr'><strong>est</strong></span> <span class='ocrx_word' id='word_1_622' title='bbox 2665 2651 2734 2682; x_wconf 66' lang='grc'><strong>’⁸⁸</strong></span> <span class='ocrx_word' id='word_1_623' title='bbox 2762 2647 3031 2718; x_wconf 87' lang='lat' dir='ltr'><strong>Christus,</strong></span> <span class='ocrx_word' id='word_1_624' title='bbox 3062 2659 3115 2704; x_wconf 87' lang='lat' dir='ltr'><strong>ut</strong></span> <span class='ocrx_word' id='word_1_625' title='bbox 3160 2660 3206 2705; x_wconf 90' lang='lat' dir='ltr'><strong>et</strong></span> <span class='ocrx_word' id='word_1_626' title='bbox 3250 2651 3337 2722; x_wconf 89' lang='lat' dir='ltr'><strong>qui</strong></span> <span class='ocrx_word' id='word_1_627' title='bbox 3381 2651 3590 2717; x_wconf 82' lang='lat' dir='ltr'><strong>vivunt,</strong></span> <span class='ocrx_word' id='word_1_628' title='bbox 3630 2651 3743 2721; x_wconf 89' lang='lat' dir='ltr'><strong>jam</strong></span> <span class='ocrx_word' id='word_1_629' title='bbox 3793 2668 3893 2706; x_wconf 85' lang='lat' dir='ltr'><strong>non</strong></span> 
     </span>
    </p>
   </div>
   <div class='ocr_carea' id='block_1_69' title="bbox 2292 2745 3894 2825">
    <p class='ocr_par' dir='ltr' id='par_1_69' title="bbox 2292 2745 3894 2825">
     <span class='ocr_line' id='line_1_70' title="bbox 2292 2745 3894 2825; baseline -0.002 -22"><span class='ocrx_word' id='word_1_630' title='bbox 2292 2747 2390 2803; x_wconf 90' lang='lat' dir='ltr'><strong>sibi</strong></span> <span class='ocrx_word' id='word_1_631' title='bbox 2436 2748 2644 2816; x_wconf 89' lang='lat' dir='ltr'><strong>vivant,</strong></span> <span class='ocrx_word' id='word_1_632' title='bbox 2675 2747 2765 2802; x_wconf 88' lang='lat' dir='ltr'><strong>sed</strong></span> <span class='ocrx_word' id='word_1_633' title='bbox 2784 2746 2830 2801; x_wconf 91' lang='lat' dir='ltr'><strong>ei</strong></span> <span class='ocrx_word' id='word_1_634' title='bbox 2853 2747 2940 2825; x_wconf 87' lang='lat' dir='ltr'><strong>qui</strong></span> <span class='ocrx_word' id='word_1_635' title='bbox 2970 2763 3063 2818; x_wconf 87' lang='lat' dir='ltr'><strong>pro</strong></span> <span class='ocrx_word' id='word_1_636' title='bbox 3095 2745 3222 2817; x_wconf 85' lang='lat' dir='ltr'><strong>ipsis</strong></span> <span class='ocrx_word' id='word_1_637' title='bbox 3260 2754 3493 2801; x_wconf 87' lang='lat' dir='ltr'><strong>mortuus</strong></span> <span class='ocrx_word' id='word_1_638' title='bbox 3536 2754 3609 2801; x_wconf 81' lang='lat' dir='ltr'><strong>est</strong></span> <span class='ocrx_word' id='word_1_639' title='bbox 3646 2756 3693 2801; x_wconf 91' lang='lat' dir='ltr'><strong>et</strong></span> <span class='ocrx_word' id='word_1_640' title='bbox 3722 2762 3894 2802; x_wconf 84' lang='lat' dir='ltr'><strong>resur-</strong></span> 
     </span>
    </p>
   </div>
   <div class='ocr_carea' id='block_1_70' title="bbox 2292 2837 2910 2915">
    <p class='ocr_par' dir='ltr' id='par_1_70' title="bbox 2292 2837 2910 2915">
     <span class='ocr_line' id='line_1_71' title="bbox 2292 2837 2910 2915; baseline -0.002 -20"><span class='ocrx_word' id='word_1_641' title='bbox 2292 2848 2422 2897; x_wconf 72' lang='lat' dir='ltr'><strong>rexit</strong></span> <span class='ocrx_word' id='word_1_642' title='bbox 2452 2840 2520 2915; x_wconf 89' lang='lat' dir='ltr'><strong>(ll</strong></span> <span class='ocrx_word' id='word_1_643' title='bbox 2548 2838 2667 2895; x_wconf 86' lang='lat' dir='ltr'><strong>Cor.</strong></span> <span class='ocrx_word' id='word_1_644' title='bbox 2701 2856 2765 2908; x_wconf 85' lang='lat' dir='ltr'><strong>v,</strong></span> <span class='ocrx_word' id='word_1_645' title='bbox 2798 2837 2910 2911; x_wconf 77' lang='grc'><strong>15).</strong></span> 
     </span>
    </p>
   </div>
   <div class='ocr_carea' id='block_1_71' title="bbox 2293 2954 3894 3024">
    <p class='ocr_par' dir='ltr' id='par_1_71' title="bbox 2293 2954 3894 3024">
     <span class='ocr_line' id='line_1_72' title="bbox 2293 2954 3894 3024; baseline -0.004 -7"><span class='ocrx_word' id='word_1_646' title='bbox 2293 2975 2465 3017; x_wconf 76' lang='lat' dir='ltr'><strong>CAPUT</strong></span> <span class='ocrx_word' id='word_1_647' title='bbox 2502 2975 2596 3015; x_wconf 82' lang='grc' dir='ltr'>νιι.</span> <span class='ocrx_word' id='word_1_648' title='bbox 2625 2989 2697 3000; x_wconf 87' lang='grc'><strong>·-</strong></span> <span class='ocrx_word' id='word_1_649' title='bbox 2723 2954 2973 3015; x_wconf 74' lang='lat' dir='ltr'><strong>EREPTOS</strong></span> <span class='ocrx_word' id='word_1_650' title='bbox 3020 2973 3086 3013; x_wconf 80' lang='lat' dir='ltr'><strong>DE</strong></span> <span class='ocrx_word' id='word_1_651' title='bbox 3126 2970 3390 3013; x_wconf 74' lang='lat' dir='ltr'><strong>FAUCIBUS</strong></span> <span class='ocrx_word' id='word_1_652' title='bbox 3437 2971 3685 3024; x_wconf 76' lang='lat' dir='ltr'><strong>DlABOLl,</strong></span> <span class='ocrx_word' id='word_1_653' title='bbox 3733 2972 3797 3011; x_wconf 73' lang='grc' dir='ltr'><strong>ΕΤ</strong></span> <span class='ocrx_word' id='word_1_654' title='bbox 3828 2972 3894 3011; x_wconf 79' lang='lat' dir='ltr'><strong>DE</strong></span> 
     </span>
    </p>
   </div>
   <div class='ocr_carea' id='block_1_72' title="bbox 2367 3064 3896 3120">
    <p class='ocr_par' dir='ltr' id='par_1_72' title="bbox 2367 3064 3896 3120">
     <span class='ocr_line' id='line_1_73' title="bbox 2367 3064 3896 3120; baseline -0.004 -9"><span class='ocrx_word' id='word_1_655' title='bbox 2367 3071 2589 3120; x_wconf 79' lang='lat' dir='ltr'><strong>LAQUEIS</strong></span> <span class='ocrx_word' id='word_1_656' title='bbox 2629 3070 2829 3110; x_wconf 62' lang='lat' dir='ltr'><strong>SECULI</strong></span> <span class='ocrx_word' id='word_1_657' title='bbox 2874 3066 3198 3118; x_wconf 76' lang='lat' dir='ltr'><strong>LIBERATOS,</strong></span> <span class='ocrx_word' id='word_1_658' title='bbox 3232 3067 3334 3107; x_wconf 70' lang='lat' dir='ltr'><strong>NON</strong></span> <span class='ocrx_word' id='word_1_659' title='bbox 3375 3067 3584 3106; x_wconf 74' lang='lat' dir='ltr'><strong>DEBERE</strong></span> <span class='ocrx_word' id='word_1_660' title='bbox 3627 3064 3801 3106; x_wconf 76' lang='grc' dir='ltr'><strong>ΜΞΝυο</strong></span> <span class='ocrx_word' id='word_1_661' title='bbox 3829 3066 3896 3105; x_wconf 78' lang='grc' dir='ltr'><strong>ΔΙ)</strong></span> 
     </span>
    </p>
   </div>
   <div class='ocr_carea' id='block_1_73' title="bbox 2367 3158 3781 3216">
    <p class='ocr_par' dir='ltr' id='par_1_73' title="bbox 2367 3158 3781 3216">
     <span class='ocr_line' id='line_1_74' title="bbox 2367 3158 3781 3216; baseline -0.006 -10"><span class='ocrx_word' id='word_1_662' title='bbox 2367 3165 2626 3207; x_wconf 60' lang='grc' dir='ltr'>εεουιυιιι</span> <span class='ocrx_word' id='word_1_663' title='bbox 2652 3163 2903 3216; x_wconf 74' lang='lat' dir='ltr'><strong>REVERTI,</strong></span> <span class='ocrx_word' id='word_1_664' title='bbox 2934 3162 3001 3200; x_wconf 81' lang='lat' dir='ltr'><strong>NE</strong></span> <span class='ocrx_word' id='word_1_665' title='bbox 3024 3160 3265 3199; x_wconf 75' lang='lat' dir='ltr'><strong>PERDANT</strong></span> <span class='ocrx_word' id='word_1_666' title='bbox 3295 3159 3432 3208; x_wconf 85' lang='lat' dir='ltr'><strong>QUOD</strong></span> <span class='ocrx_word' id='word_1_667' title='bbox 3459 3158 3781 3199; x_wconf 76' lang='lat' dir='ltr'><strong>EVASERINT.</strong></span> 
     </span>
    </p>
   </div>
   <div class='ocr_carea' id='block_1_74' title="bbox 2366 3252 3888 3326">
    <p class='ocr_par' dir='ltr' id='par_1_74' title="bbox 2366 3252 3888 3326">
     <span class='ocr_line' id='line_1_75' title="bbox 2366 3252 3888 3326; baseline -0.008 -8"><span class='ocrx_word' id='word_1_668' title='bbox 2366 3262 2424 3317; x_wconf 85' lang='lat' dir='ltr'><strong>In</strong></span> <span class='ocrx_word' id='word_1_669' title='bbox 2470 3260 2652 3317; x_wconf 83' lang='lat' dir='ltr'><strong>Exodo</strong></span> <span class='ocrx_word' id='word_1_670' title='bbox 2686 3298 2701 3325; x_wconf 91' lang='lat'><strong>,</strong></span> <span class='ocrx_word' id='word_1_671' title='bbox 2750 3257 2999 3313; x_wconf 85' lang='lat' dir='ltr'><strong>Jndaicus</strong></span> <span class='ocrx_word' id='word_1_672' title='bbox 3046 3256 3294 3326; x_wconf 84' lang='lat' dir='ltr'><strong>populus,</strong></span> <span class='ocrx_word' id='word_1_673' title='bbox 3326 3254 3391 3309; x_wconf 89' lang='lat' dir='ltr'><strong>ad</strong></span> <span class='ocrx_word' id='word_1_674' title='bbox 3424 3253 3666 3309; x_wconf 88' lang='lat' dir='ltr'><strong>umbram</strong></span> <span class='ocrx_word' id='word_1_675' title='bbox 3718 3252 3888 3306; x_wconf 89' lang='lat' dir='ltr'><strong>nostri</strong></span> 
     </span>
    </p>
   </div>
   <div class='ocr_carea' id='block_1_75' title="bbox 2294 3345 3894 3423">
    <p class='ocr_par' dir='ltr' id='par_1_75' title="bbox 2294 3345 3894 3423">
     <span class='ocr_line' id='line_1_76' title="bbox 2294 3345 3894 3423; baseline -0.009 -12"><span class='ocrx_word' id='word_1_676' title='bbox 2294 3363 2348 3411; x_wconf 89' lang='lat' dir='ltr'><strong>et</strong></span> <span class='ocrx_word' id='word_1_677' title='bbox 2375 3353 2656 3423; x_wconf 78' lang='lat' dir='ltr'><strong>imaginem</strong></span> <span class='ocrx_word' id='word_1_678' title='bbox 2704 3349 3105 3420; x_wconf 71' lang='lat' dir='ltr'><strong>przeliguratus,</strong></span> <span class='ocrx_word' id='word_1_679' title='bbox 3137 3362 3285 3414; x_wconf 86' lang='lat' dir='ltr'><strong>cum,</strong></span> <span class='ocrx_word' id='word_1_680' title='bbox 3322 3347 3430 3400; x_wconf 90' lang='lat' dir='ltr'><strong>Deo</strong></span> <span class='ocrx_word' id='word_1_681' title='bbox 3461 3352 3639 3400; x_wconf 86' lang='lat' dir='ltr'><strong>tutore</strong></span> <span class='ocrx_word' id='word_1_682' title='bbox 3682 3353 3737 3399; x_wconf 88' lang='lat' dir='ltr'><strong>et</strong></span> <span class='ocrx_word' id='word_1_683' title='bbox 3773 3345 3894 3398; x_wconf 77' lang='lat' dir='ltr'><strong>viu—</strong></span> 
     </span>
    </p>
   </div>
   <div class='ocr_carea' id='block_1_76' title="bbox 2293 3436 3893 3512">
    <p class='ocr_par' dir='ltr' id='par_1_76' title="bbox 2293 3436 3893 3512">
     <span class='ocr_line' id='line_1_77' title="bbox 2293 3436 3893 3512; baseline -0.006 -13"><span class='ocrx_word' id='word_1_684' title='bbox 2293 3447 2431 3512; x_wconf 90' lang='lat' dir='ltr'><strong>dice,</strong></span> <span class='ocrx_word' id='word_1_685' title='bbox 2465 3443 2722 3499; x_wconf 86' lang='lat' dir='ltr'><strong>evasisset</strong></span> <span class='ocrx_word' id='word_1_686' title='bbox 2774 3438 3070 3495; x_wconf 84' lang='lat' dir='ltr'><strong>Pharaonis</strong></span> <span class='ocrx_word' id='word_1_687' title='bbox 3096 3449 3256 3510; x_wconf 84' lang='lat' dir='ltr'><strong>atque</strong></span> <span class='ocrx_word' id='word_1_688' title='bbox 3287 3438 3530 3511; x_wconf 66' lang='lat' dir='ltr'><strong>Egypti,</strong></span> <span class='ocrx_word' id='word_1_689' title='bbox 3560 3437 3613 3492; x_wconf 90' lang='lat' dir='ltr'><strong>id</strong></span> <span class='ocrx_word' id='word_1_690' title='bbox 3650 3445 3736 3492; x_wconf 71' lang='lat' dir='ltr'><strong>est</strong></span> <span class='ocrx_word' id='word_1_691' title='bbox 3772 3436 3893 3490; x_wconf 86' lang='lat' dir='ltr'><strong>dia-</strong></span> 
     </span>
    </p>
   </div>
   <div class='ocr_carea' id='block_1_77' title="bbox 2293 3529 3898 3602">
    <p class='ocr_par' dir='ltr' id='par_1_77' title="bbox 2293 3529 3898 3602">
     <span class='ocr_line' id='line_1_78' title="bbox 2293 3529 3898 3602; baseline -0.007 -8"><span class='ocrx_word' id='word_1_692' title='bbox 2293 3538 2403 3594; x_wconf 87' lang='lat' dir='ltr'><strong>boli</strong></span> <span class='ocrx_word' id='word_1_693' title='bbox 2443 3547 2497 3592; x_wconf 91' lang='lat' dir='ltr'><strong>et</strong></span> <span class='ocrx_word' id='word_1_694' title='bbox 2531 3535 2736 3602; x_wconf 70' lang='lat' dir='ltr'><strong>smculi,</strong></span> <span class='ocrx_word' id='word_1_695' title='bbox 2770 3534 3111 3590; x_wconf 86' lang='lat' dir='ltr'><strong>durissimam</strong></span> <span class='ocrx_word' id='word_1_696' title='bbox 3153 3533 3507 3596; x_wconf 82' lang='lat' dir='ltr'><strong>servitutem;</strong></span> <span class='ocrx_word' id='word_1_697' title='bbox 3555 3531 3700 3585; x_wconf 86' lang='lat' dir='ltr'><strong>circa</strong></span> <span class='ocrx_word' id='word_1_698' title='bbox 3728 3529 3898 3584; x_wconf 87' lang='lat' dir='ltr'><strong>Deum</strong></span> 
     </span>
    </p>
   </div>
   <div class='ocr_carea' id='block_1_78' title="bbox 2298 3622 3896 3703">
    <p class='ocr_par' dir='ltr' id='par_1_78' title="bbox 2298 3622 3896 3703">
     <span class='ocr_line' id='line_1_79' title="bbox 2298 3622 3896 3703; baseline -0.009 -17"><span class='ocrx_word' id='word_1_699' title='bbox 2298 3629 2536 3703; x_wconf 82' lang='lat' dir='ltr'><strong>perﬁdus</strong></span> <span class='ocrx_word' id='word_1_700' title='bbox 2561 3636 2615 3683; x_wconf 87' lang='lat' dir='ltr'><strong>et</strong></span> <span class='ocrx_word' id='word_1_701' title='bbox 2637 3629 2882 3698; x_wconf 71' lang='lat' dir='ltr'><strong>ingratus</strong></span> <span class='ocrx_word' id='word_1_702' title='bbox 2902 3668 2916 3692; x_wconf 95' lang='lat'><strong>,</strong></span> <span class='ocrx_word' id='word_1_703' title='bbox 2947 3625 3207 3680; x_wconf 76' lang='lat' dir='ltr'><strong>adversus</strong></span> <span class='ocrx_word' id='word_1_704' title='bbox 3238 3623 3456 3696; x_wconf 87' lang='lat' dir='ltr'><strong>Moysen</strong></span> <span class='ocrx_word' id='word_1_705' title='bbox 3493 3622 3775 3685; x_wconf 84' lang='lat' dir='ltr'><strong>mussitat,</strong></span> <span class='ocrx_word' id='word_1_706' title='bbox 3806 3635 3896 3673; x_wconf 86' lang='lat' dir='ltr'><strong>re-</strong></span> 
     </span>
    </p>
   </div>
   <div class='ocr_carea' id='block_1_79' title="bbox 2303 3714 3896 3792">
    <p class='ocr_par' dir='ltr' id='par_1_79' title="bbox 2303 3714 3896 3792">
     <span class='ocr_line' id='line_1_80' title="bbox 2303 3714 3896 3792; baseline -0.008 -14"><span class='ocrx_word' id='word_1_707' title='bbox 2303 3721 2540 3792; x_wconf 82' lang='lat' dir='ltr'><strong>spiciens</strong></span> <span class='ocrx_word' id='word_1_708' title='bbox 2567 3719 2873 3774; x_wconf 86' lang='lat' dir='ltr'><strong>solitudinis</strong></span> <span class='ocrx_word' id='word_1_709' title='bbox 2914 3734 2977 3772; x_wconf 90' lang='lat' dir='ltr'><strong>ac</strong></span> <span class='ocrx_word' id='word_1_710' title='bbox 3021 3717 3219 3772; x_wconf 78' lang='lat' dir='ltr'><strong>laboris</strong></span> <span class='ocrx_word' id='word_1_711' title='bbox 3266 3714 3644 3779; x_wconf 81' lang='lat' dir='ltr'><strong>incommoda,</strong></span> <span class='ocrx_word' id='word_1_712' title='bbox 3692 3724 3744 3767; x_wconf 88' lang='lat' dir='ltr'><strong>et</strong></span> <span class='ocrx_word' id='word_1_713' title='bbox 3789 3728 3896 3765; x_wconf 82' lang='lat' dir='ltr'><strong>ttutt</strong></span> 
     </span>
    </p>
   </div>
   <div class='ocr_carea' id='block_1_80' title="bbox 2302 3808 3899 3888">
    <p class='ocr_par' dir='ltr' id='par_1_80' title="bbox 2302 3808 3899 3888">
     <span class='ocr_line' id='line_1_81' title="bbox 2302 3808 3899 3888; baseline -0.01 -14"><span class='ocrx_word' id='word_1_714' title='bbox 2302 3818 2612 3888; x_wconf 72' lang='lat' dir='ltr'><strong>intelligens</strong></span> <span class='ocrx_word' id='word_1_715' title='bbox 2640 3815 2901 3872; x_wconf 79' lang='lat' dir='ltr'><strong>libertatis</strong></span> <span class='ocrx_word' id='word_1_716' title='bbox 2928 3828 2990 3867; x_wconf 86' lang='lat' dir='ltr'><strong>ac</strong></span> <span class='ocrx_word' id='word_1_717' title='bbox 3027 3814 3214 3868; x_wconf 80' lang='lat' dir='ltr'><strong>salutis</strong></span> <span class='ocrx_word' id='word_1_718' title='bbox 3260 3809 3519 3866; x_wconf 84' lang='lat' dir='ltr'><strong>beneﬁcia</strong></span> <span class='ocrx_word' id='word_1_719' title='bbox 3562 3808 3773 3872; x_wconf 89' lang='lat' dir='ltr'><strong>divina,</strong></span> <span class='ocrx_word' id='word_1_720' title='bbox 3816 3821 3899 3860; x_wconf 85' lang='lat' dir='ltr'><strong>re-</strong></span> 
     </span>
    </p>
   </div>
   <div class='ocr_carea' id='block_1_81' title="bbox 2300 3903 3894 3981">
    <p class='ocr_par' dir='ltr' id='par_1_81' title="bbox 2300 3903 3894 3981">
     <span class='ocr_line' id='line_1_82' title="bbox 2300 3903 3894 3981; baseline -0.004 -18"><span class='ocrx_word' id='word_1_721' title='bbox 2300 3912 2437 3966; x_wconf 88' lang='lat' dir='ltr'><strong>verti</strong></span> <span class='ocrx_word' id='word_1_722' title='bbox 2463 3911 2657 3981; x_wconf 78' lang='lat' dir='ltr'><strong>qutnrit</strong></span> <span class='ocrx_word' id='word_1_723' title='bbox 2682 3908 2749 3964; x_wconf 86' lang='lat' dir='ltr'><strong>ad</strong></span> <span class='ocrx_word' id='word_1_724' title='bbox 2768 3907 2981 3981; x_wconf 65' lang='grc' dir='ltr'><strong>Ᾱέεγιιιί</strong></span> <span class='ocrx_word' id='word_1_725' title='bbox 3001 3918 3048 3973; x_wconf 77' lang='grc' dir='ltr'>ιι,</span> <span class='ocrx_word' id='word_1_726' title='bbox 3084 3906 3186 3961; x_wconf 86' lang='lat' dir='ltr'><strong>hoc</strong></span> <span class='ocrx_word' id='word_1_727' title='bbox 3215 3914 3298 3960; x_wconf 88' lang='lat' dir='ltr'><strong>est</strong></span> <span class='ocrx_word' id='word_1_728' title='bbox 3336 3904 3402 3958; x_wconf 90' lang='lat' dir='ltr'><strong>ad</strong></span> <span class='ocrx_word' id='word_1_729' title='bbox 3428 3904 3634 3967; x_wconf 58' lang='lat' dir='ltr'><strong>seculi,</strong></span> <span class='ocrx_word' id='word_1_730' title='bbox 3667 3903 3894 3958; x_wconf 63' lang='lat' dir='ltr'><strong>servitu-</strong></span> 
     </span>
    </p>
   </div>
   <div class='ocr_carea' id='block_1_82' title="bbox 2305 3994 3901 4067">
    <p class='ocr_par' dir='ltr' id='par_1_82' title="bbox 2305 3994 3901 4067">
     <span class='ocr_line' id='line_1_83' title="bbox 2305 3994 3901 4067; baseline -0.006 -10"><span class='ocrx_word' id='word_1_731' title='bbox 2305 4012 2411 4059; x_wconf 87' lang='lat' dir='ltr'><strong>tem</strong></span> <span class='ocrx_word' id='word_1_732' title='bbox 2443 4001 2583 4057; x_wconf 86' lang='lat' dir='ltr'><strong>unde</strong></span> <span class='ocrx_word' id='word_1_733' title='bbox 2610 4000 2779 4057; x_wconf 78' lang='lat' dir='ltr'><strong>fuerat</strong></span> <span class='ocrx_word' id='word_1_734' title='bbox 2807 4011 3000 4056; x_wconf 81' lang='lat' dir='ltr'><strong>exutus</strong></span> <span class='ocrx_word' id='word_1_735' title='bbox 3030 4009 3049 4036; x_wconf 76' lang='grc' dir='ltr'><em>τ</em></span> <span class='ocrx_word' id='word_1_736' title='bbox 3089 4039 3102 4062; x_wconf 88' lang='grc'><strong><em>,</em></strong></span> <span class='ocrx_word' id='word_1_737' title='bbox 3135 4013 3256 4053; x_wconf 83' lang='lat' dir='ltr'><strong>cum</strong></span> <span class='ocrx_word' id='word_1_738' title='bbox 3289 3997 3459 4067; x_wconf 75' lang='lat' dir='ltr'><strong>magis</strong></span> <span class='ocrx_word' id='word_1_739' title='bbox 3488 3996 3654 4050; x_wconf 83' lang='lat' dir='ltr'><strong>lidero</strong></span> <span class='ocrx_word' id='word_1_740' title='bbox 3679 3994 3901 4049; x_wconf 78' lang='lat' dir='ltr'><strong>deberet</strong></span> 
     </span>
    </p>
   </div>
   <div class='ocr_carea' id='block_1_83' title="bbox 2300 4087 3898 4162">
    <p class='ocr_par' dir='ltr' id='par_1_83' title="bbox 2300 4087 3898 4162">
     <span class='ocr_line' id='line_1_84' title="bbox 2300 4087 3898 4162; baseline -0.006 -12"><span class='ocrx_word' id='word_1_741' title='bbox 2300 4099 2354 4150; x_wconf 89' lang='lat' dir='ltr'><strong>in</strong></span> <span class='ocrx_word' id='word_1_742' title='bbox 2398 4095 2566 4150; x_wconf 89' lang='lat' dir='ltr'><strong>Deum</strong></span> <span class='ocrx_word' id='word_1_743' title='bbox 2595 4104 2615 4130; x_wconf 73' lang='grc' dir='ltr'>ε</span> <span class='ocrx_word' id='word_1_744' title='bbox 2642 4101 2695 4148; x_wconf 90' lang='lat' dir='ltr'><strong>ct</strong></span> <span class='ocrx_word' id='word_1_745' title='bbox 2719 4092 2943 4149; x_wconf 83' lang='lat' dir='ltr'><strong>credere</strong></span> <span class='ocrx_word' id='word_1_746' title='bbox 2973 4108 2986 4159; x_wconf 90' lang='lat'><strong>;</strong></span> <span class='ocrx_word' id='word_1_747' title='bbox 3017 4090 3267 4162; x_wconf 82' lang='lat' dir='ltr'><strong>quoniam</strong></span> <span class='ocrx_word' id='word_1_748' title='bbox 3296 4090 3387 4160; x_wconf 89' lang='lat' dir='ltr'><strong>qui</strong></span> <span class='ocrx_word' id='word_1_749' title='bbox 3412 4103 3442 4143; x_wconf 91' lang='lat' dir='ltr'><strong>a</strong></span> <span class='ocrx_word' id='word_1_750' title='bbox 3462 4087 3677 4144; x_wconf 79' lang='lat' dir='ltr'><strong>diabolo</strong></span> <span class='ocrx_word' id='word_1_751' title='bbox 3706 4095 3761 4142; x_wconf 90' lang='lat' dir='ltr'><strong>et</strong></span> <span class='ocrx_word' id='word_1_752' title='bbox 3800 4102 3898 4141; x_wconf 62' lang='lat' dir='ltr'><strong>sse-</strong></span> 
     </span>
    </p>
   </div>
   <div class='ocr_carea' id='block_1_84' title="bbox 1831 4230 2665 4291">
    <p class='ocr_par' dir='ltr' id='par_1_84' title="bbox 1831 4230 2665 4291">
     <span class='ocr_line' id='line_1_85' title="bbox 1831 4230 2665 4291; baseline -0.007 0"><span class='ocrx_word' id='word_1_753' title='bbox 1831 4230 2212 4291; x_wconf 80' lang='lat' dir='ltr'><strong>LECTIONES</strong></span> <span class='ocrx_word' id='word_1_754' title='bbox 2252 4230 2665 4289; x_wconf 79' lang='lat' dir='ltr'><strong>VARIANTES.</strong></span> 
     </span>
    </p>
   </div>
   <div class='ocr_carea' id='block_1_85' title="bbox 670 4316 2202 4407">
    <p class='ocr_par' dir='ltr' id='par_1_85' title="bbox 670 4316 2202 4407">
     <span class='ocr_line' id='line_1_86' title="bbox 670 4316 2202 4407; baseline 0.002 -12"><span class='ocrx_word' id='word_1_755' title='bbox 670 4344 696 4374; x_wconf 76' lang='grc'>⁸</span> <span class='ocrx_word' id='word_1_756' title='bbox 721 4344 878 4407; x_wconf 65' lang='lat' dir='ltr'><strong>Oxon.</strong></span> <span class='ocrx_word' id='word_1_757' title='bbox 914 4342 1053 4407; x_wconf 83' lang='lat' dir='ltr'><strong>addit</strong></span> <span class='ocrx_word' id='word_1_758' title='bbox 1077 4356 1095 4394; x_wconf 88' lang='lat'><strong><em>:</em></strong></span> <span class='ocrx_word' id='word_1_759' title='bbox 1119 4343 1324 4407; x_wconf 68' lang='lat' dir='ltr'><strong>Quaeres</strong></span> <span class='ocrx_word' id='word_1_760' title='bbox 1345 4316 1569 4407; x_wconf 44' lang='lat' dir='ltr'><strong>sollicite:</strong></span> <span class='ocrx_word' id='word_1_761' title='bbox 1595 4352 1646 4398; x_wconf 88' lang='lat' dir='ltr'><strong>et</strong></span> <span class='ocrx_word' id='word_1_762' title='bbox 1669 4347 1710 4397; x_wconf 89' lang='lat' dir='ltr'><strong>si</strong></span> <span class='ocrx_word' id='word_1_763' title='bbox 1733 4347 1988 4399; x_wconf 80' lang='lat' dir='ltr'><strong>inveneris</strong></span> <span class='ocrx_word' id='word_1_764' title='bbox 2009 4355 2202 4399; x_wconf 85' lang='lat' dir='ltr'><strong>certum</strong></span> 
     </span>
    </p>
   </div>
   <div class='ocr_carea' id='block_1_86' title="bbox 606 4406 1089 4470">
    <p class='ocr_par' dir='ltr' id='par_1_86' title="bbox 606 4406 1089 4470">
     <span class='ocr_line' id='line_1_87' title="bbox 606 4406 1089 4470; baseline -0.006 -13"><span class='ocrx_word' id='word_1_765' title='bbox 606 4417 720 4470; x_wconf 80' lang='lat' dir='ltr'><strong>esse</strong></span> <span class='ocrx_word' id='word_1_766' title='bbox 742 4406 871 4470; x_wconf 86' lang='lat' dir='ltr'><strong>quod</strong></span> <span class='ocrx_word' id='word_1_767' title='bbox 893 4406 1089 4457; x_wconf 80' lang='lat' dir='ltr'><strong>dicitur.</strong></span> 
     </span>
    </p>
   </div>
   <div class='ocr_carea' id='block_1_87' title="bbox 664 4467 1256 4521">
    <p class='ocr_par' dir='ltr' id='par_1_87' title="bbox 664 4467 1256 4521">
     <span class='ocr_line' id='line_1_88' title="bbox 664 4467 1256 4521; baseline -0.002 -1"><span class='ocrx_word' id='word_1_768' title='bbox 664 4467 695 4504; x_wconf 72' lang='grc'><strong>³)</strong></span> <span class='ocrx_word' id='word_1_769' title='bbox 727 4467 1035 4521; x_wconf 62' lang='lat' dir='ltr'><strong>A&#39;scenderat</strong></span> <span class='ocrx_word' id='word_1_770' title='bbox 1054 4469 1181 4521; x_wconf 89' lang='lat' dir='ltr'><strong>Bod.</strong></span> <span class='ocrx_word' id='word_1_771' title='bbox 1208 4472 1256 4520; x_wconf 81' lang='grc'><strong>1.</strong></span> 
     </span>
    </p>
   </div>
   <div class='ocr_carea' id='block_1_88' title="bbox 667 4531 1360 4584">
    <p class='ocr_par' dir='ltr' id='par_1_88' title="bbox 667 4531 1360 4584">
     <span class='ocr_line' id='line_1_89' title="bbox 667 4531 1360 4584; baseline 0.001 -2"><span class='ocrx_word' id='word_1_772' title='bbox 667 4532 692 4562; x_wconf 79' lang='lat'><em>°</em></span> <span class='ocrx_word' id='word_1_773' title='bbox 728 4532 861 4582; x_wconf 87' lang='lat' dir='ltr'><strong>Idola</strong></span> <span class='ocrx_word' id='word_1_774' title='bbox 874 4534 1140 4583; x_wconf 87' lang='lat' dir='ltr'><strong>sternenda</strong></span> <span class='ocrx_word' id='word_1_775' title='bbox 1161 4531 1288 4584; x_wconf 81' lang='lat' dir='ltr'><strong>Bod.</strong></span> <span class='ocrx_word' id='word_1_776' title='bbox 1312 4534 1360 4583; x_wconf 91' lang='grc'><strong>1.</strong></span> 
     </span>
    </p>
   </div>
   <div class='ocr_carea' id='block_1_89' title="bbox 668 4593 1549 4659">
    <p class='ocr_par' dir='ltr' id='par_1_89' title="bbox 668 4593 1549 4659">
     <span class='ocr_line' id='line_1_90' title="bbox 668 4593 1549 4659; baseline 0.005 -17"><span class='ocrx_word' id='word_1_777' title='bbox 668 4593 698 4630; x_wconf 76' lang='grc' dir='ltr'><strong>ιι</strong></span> <span class='ocrx_word' id='word_1_778' title='bbox 722 4594 1000 4659; x_wconf 64' lang='lat' dir='ltr'><strong>gonﬁtebor</strong></span> <span class='ocrx_word' id='word_1_779' title='bbox 1020 4596 1071 4645; x_wconf 90' lang='lat' dir='ltr'><strong>in</strong></span> <span class='ocrx_word' id='word_1_780' title='bbox 1096 4598 1311 4659; x_wconf 17' lang='lat' dir='ltr'><strong>ipsoiAr.</strong></span> <span class='ocrx_word' id='word_1_781' title='bbox 1347 4598 1483 4648; x_wconf 78' lang='lat' dir='ltr'><strong>Voss.</strong></span> <span class='ocrx_word' id='word_1_782' title='bbox 1506 4598 1549 4648; x_wconf 91' lang='grc'><strong>1.</strong></span> 
     </span>
    </p>
   </div>
   <div class='ocr_carea' id='block_1_90' title="bbox 675 4655 1241 4710">
    <p class='ocr_par' dir='ltr' id='par_1_90' title="bbox 675 4655 1241 4710">
     <span class='ocr_line' id='line_1_91' title="bbox 675 4655 1241 4710; baseline 0.005 -6"><span class='ocrx_word' id='word_1_783' title='bbox 675 4660 700 4687; x_wconf 72' lang='grc' dir='ltr'>ι’</span> <span class='ocrx_word' id='word_1_784' title='bbox 729 4655 789 4705; x_wconf 85' lang='lat' dir='ltr'><strong>Et</strong></span> <span class='ocrx_word' id='word_1_785' title='bbox 811 4659 1016 4706; x_wconf 88' lang='lat' dir='ltr'><strong>animam</strong></span> <span class='ocrx_word' id='word_1_786' title='bbox 1041 4655 1170 4710; x_wconf 76' lang='lat' dir='ltr'><strong>Bod.</strong></span> <span class='ocrx_word' id='word_1_787' title='bbox 1193 4658 1241 4708; x_wconf 75' lang='lat'><strong>2.</strong></span> 
     </span>
    </p>
   </div>
   <div class='ocr_carea' id='block_1_91' title="bbox 628 4714 1683 4782">
    <p class='ocr_par' dir='ltr' id='par_1_91' title="bbox 628 4714 1683 4782">
     <span class='ocr_line' id='line_1_92' title="bbox 628 4714 1683 4782; baseline 0 -9"><span class='ocrx_word' id='word_1_788' title='bbox 628 4720 641 4731; x_wconf 75' lang='grc'><strong>“</strong></span> <span class='ocrx_word' id='word_1_789' title='bbox 679 4714 705 4782; x_wconf 56' lang='grc' dir='ltr'><strong><em>ἲ</em></strong></span> <span class='ocrx_word' id='word_1_790' title='bbox 733 4718 931 4782; x_wconf 69' lang='lat' dir='ltr'><strong>_(_30rpus</strong></span> <span class='ocrx_word' id='word_1_791' title='bbox 951 4722 1168 4782; x_wconf 83' lang='lat' dir='ltr'><strong>perdere</strong></span> <span class='ocrx_word' id='word_1_792' title='bbox 1191 4723 1283 4771; x_wconf 75' lang='lat' dir='ltr'><strong>Ar.</strong></span> <span class='ocrx_word' id='word_1_793' title='bbox 1314 4722 1446 4772; x_wconf 80' lang='lat' dir='ltr'><strong>Lam.</strong></span> <span class='ocrx_word' id='word_1_794' title='bbox 1473 4720 1601 4772; x_wconf 82' lang='lat' dir='ltr'><strong>Bod.</strong></span> <span class='ocrx_word' id='word_1_795' title='bbox 1626 4722 1683 4774; x_wconf 74' lang='grc'><strong>2.</strong></span> 
     </span>
    </p>
   </div>
   <div class='ocr_carea' id='block_1_92' title="bbox 672 4779 1827 4842">
    <p class='ocr_par' dir='ltr' id='par_1_92' title="bbox 672 4779 1827 4842">
     <span class='ocr_line' id='line_1_93' title="bbox 672 4779 1827 4842; baseline 0.002 -14"><span class='ocrx_word' id='word_1_796' title='bbox 672 4780 699 4842; x_wconf 59' lang='grc' dir='ltr'><strong>β</strong></span> <span class='ocrx_word' id='word_1_797' title='bbox 732 4779 938 4842; x_wconf 60' lang='lat' dir='ltr'><strong>Matrem</strong></span> <span class='ocrx_word' id='word_1_798' title='bbox 954 4779 1067 4842; x_wconf 73' lang='lat' dir='ltr'><strong>plus</strong></span> <span class='ocrx_word' id='word_1_799' title='bbox 1088 4796 1233 4842; x_wconf 89' lang='lat' dir='ltr'><strong>quam</strong></span> <span class='ocrx_word' id='word_1_800' title='bbox 1256 4796 1338 4833; x_wconf 86' lang='lat' dir='ltr'><strong>me</strong></span> <span class='ocrx_word' id='word_1_801' title='bbox 1362 4782 1465 4834; x_wconf 87' lang='lat' dir='ltr'><strong>Lin.</strong></span> <span class='ocrx_word' id='word_1_802' title='bbox 1486 4784 1632 4835; x_wconf 84' lang='lat' dir='ltr'><strong>Ebor.</strong></span> <span class='ocrx_word' id='word_1_803' title='bbox 1653 4780 1761 4834; x_wconf 77' lang='lat' dir='ltr'><strong>NG.</strong></span> <span class='ocrx_word' id='word_1_804' title='bbox 1782 4785 1827 4833; x_wconf 86' lang='grc'><strong>1.</strong></span> 
     </span>
    </p>
   </div>
   <div class='ocr_carea' id='block_1_93' title="bbox 670 4839 2216 4910">
    <p class='ocr_par' dir='ltr' id='par_1_93' title="bbox 670 4839 2216 4910">
     <span class='ocr_line' id='line_1_94' title="bbox 670 4839 2216 4910; baseline 0.002 -19"><span class='ocrx_word' id='word_1_805' title='bbox 670 4839 702 4878; x_wconf 71' lang='lat'><strong>11</strong></span> <span class='ocrx_word' id='word_1_806' title='bbox 736 4840 897 4910; x_wconf 67' lang='lat' dir='ltr'><strong>thui</strong></span> <span class='ocrx_word' id='word_1_807' title='bbox 920 4839 1085 4910; x_wconf 63' lang='lat' dir='ltr'><strong>diligit</strong></span> <span class='ocrx_word' id='word_1_808' title='bbox 1107 4839 1361 4910; x_wconf 25' lang='lat' dir='ltr'><strong>lilium‘aut</strong></span> <span class='ocrx_word' id='word_1_809' title='bbox 1376 4845 1519 4910; x_wconf 83' lang='lat' dir='ltr'><strong>ﬁliam</strong></span> <span class='ocrx_word' id='word_1_810' title='bbox 1540 4854 1694 4910; x_wconf 75' lang='lat' dir='ltr'><strong>super</strong></span> <span class='ocrx_word' id='word_1_811' title='bbox 1716 4856 1799 4910; x_wconf 80' lang='lat' dir='ltr'><strong>me</strong></span> <span class='ocrx_word' id='word_1_812' title='bbox 1822 4855 1918 4895; x_wconf 85' lang='lat' dir='ltr'><strong>non</strong></span> <span class='ocrx_word' id='word_1_813' title='bbox 1938 4849 2013 4895; x_wconf 82' lang='lat' dir='ltr'><strong>est</strong></span> <span class='ocrx_word' id='word_1_814' title='bbox 2036 4856 2115 4895; x_wconf 85' lang='lat' dir='ltr'><strong>me</strong></span> <span class='ocrx_word' id='word_1_815' title='bbox 2139 4844 2216 4894; x_wconf 83' lang='lat' dir='ltr'><strong>di-</strong></span> 
     </span>
    </p>
   </div>
   <div class='ocr_carea' id='block_1_94' title="bbox 625 4905 1956 4973">
    <p class='ocr_par' dir='ltr' id='par_1_94' title="bbox 625 4905 1956 4973">
     <span class='ocr_line' id='line_1_95' title="bbox 625 4905 1956 4973; baseline 0.004 -22"><span class='ocrx_word' id='word_1_816' title='bbox 625 4905 914 4973; x_wconf 34' lang='grc' dir='ltr'><strong>εηιιιξ-ιριη.</strong></span> <span class='ocrx_word' id='word_1_817' title='bbox 940 4905 1086 4955; x_wconf 78' lang='lat' dir='ltr'><strong>Ebur.</strong></span> <span class='ocrx_word' id='word_1_818' title='bbox 1106 4907 1236 4973; x_wconf 63' lang='grc' dir='ltr'><strong>Βραἶ</strong></span> <span class='ocrx_word' id='word_1_819' title='bbox 1261 4907 1310 4973; x_wconf 69' lang='lat'><strong>1,</strong></span> <span class='ocrx_word' id='word_1_820' title='bbox 1334 4906 1383 4969; x_wconf 76' lang='lat'><strong>2,</strong></span> <span class='ocrx_word' id='word_1_821' title='bbox 1399 4910 1448 4969; x_wconf 81' lang='grc'><strong>5,</strong></span> <span class='ocrx_word' id='word_1_822' title='bbox 1464 4908 1510 4958; x_wconf 78' lang='grc'><strong>4.</strong></span> <span class='ocrx_word' id='word_1_823' title='bbox 1530 4905 1712 4960; x_wconf 72' lang='lat' dir='ltr'><strong>Desunt</strong></span> <span class='ocrx_word' id='word_1_824' title='bbox 1732 4906 1780 4958; x_wconf 83' lang='lat' dir='ltr'><strong>in</strong></span> <span class='ocrx_word' id='word_1_825' title='bbox 1801 4910 1956 4973; x_wconf 88' lang='lat' dir='ltr'><strong>Impr.</strong></span> 
     </span>
    </p>
   </div>
   <div class='ocr_carea' id='block_1_95' title="bbox 687 4964 1329 5018">
    <p class='ocr_par' dir='ltr' id='par_1_95' title="bbox 687 4964 1329 5018">
     <span class='ocr_line' id='line_1_96' title="bbox 687 4964 1329 5018; baseline 0.003 -4"><span class='ocrx_word' id='word_1_826' title='bbox 687 4965 703 5003; x_wconf 76' lang='grc' dir='ltr'><strong>ί</strong></span> <span class='ocrx_word' id='word_1_827' title='bbox 735 4964 881 5016; x_wconf 83' lang='lat' dir='ltr'><strong>Tollit.</strong></span> <span class='ocrx_word' id='word_1_828' title='bbox 904 4979 1104 5018; x_wconf 84' lang='lat' dir='ltr'><strong>crucem</strong></span> <span class='ocrx_word' id='word_1_829' title='bbox 1127 4967 1255 5018; x_wconf 87' lang='lat' dir='ltr'><strong>Bod.</strong></span> <span class='ocrx_word' id='word_1_830' title='bbox 1282 4970 1329 5017; x_wconf 71' lang='grc'><strong>4.</strong></span> 
     </span>
    </p>
   </div>
   <div class='ocr_carea' id='block_1_96' title="bbox 2377 4343 3197 4407">
    <p class='ocr_par' dir='ltr' id='par_1_96' title="bbox 2377 4343 3197 4407">
     <span class='ocr_line' id='line_1_97' title="bbox 2377 4343 3197 4407; baseline -0.007 -10"><span class='ocrx_word' id='word_1_831' title='bbox 2377 4348 2390 4397; x_wconf 87' lang='lat' dir='ltr'><strong>i</strong></span> <span class='ocrx_word' id='word_1_832' title='bbox 2434 4346 2541 4396; x_wconf 86' lang='lat' dir='ltr'><strong>Non</strong></span> <span class='ocrx_word' id='word_1_833' title='bbox 2561 4350 2639 4396; x_wconf 78' lang='lat' dir='ltr'><strong>est</strong></span> <span class='ocrx_word' id='word_1_834' title='bbox 2662 4358 2804 4396; x_wconf 89' lang='lat' dir='ltr'><strong>meus</strong></span> <span class='ocrx_word' id='word_1_835' title='bbox 2826 4343 3091 4407; x_wconf 84' lang='lat' dir='ltr'><strong>discipulus</strong></span> <span class='ocrx_word' id='word_1_836' title='bbox 3108 4346 3197 4393; x_wconf 83' lang='lat' dir='ltr'><strong>Ar.</strong></span> 
     </span>
    </p>
   </div>
   <div class='ocr_carea' id='block_1_97' title="bbox 2368 4403 3374 4470">
    <p class='ocr_par' dir='ltr' id='par_1_97' title="bbox 2368 4403 3374 4470">
     <span class='ocr_line' id='line_1_98' title="bbox 2368 4403 3374 4470; baseline -0.006 -11"><span class='ocrx_word' id='word_1_837' title='bbox 2368 4411 2399 4449; x_wconf 78' lang='grc' dir='ltr'><strong>ιι</strong></span> <span class='ocrx_word' id='word_1_838' title='bbox 2422 4407 2810 4459; x_wconf 86' lang='lat' dir='ltr'><strong>Deuteronomio</strong></span> <span class='ocrx_word' id='word_1_839' title='bbox 2828 4403 3042 4470; x_wconf 76' lang='lat' dir='ltr'><strong>positum</strong></span> <span class='ocrx_word' id='word_1_840' title='bbox 3076 4406 3151 4456; x_wconf 79' lang='lat' dir='ltr'><strong>est</strong></span> <span class='ocrx_word' id='word_1_841' title='bbox 3176 4403 3374 4470; x_wconf 53' lang='lat' dir='ltr'><strong>Bod.}.</strong></span> 
     </span>
    </p>
   </div>
   <div class='ocr_carea' id='block_1_98' title="bbox 2377 4467 3339 4522">
    <p class='ocr_par' dir='ltr' id='par_1_98' title="bbox 2377 4467 3339 4522">
     <span class='ocr_line' id='line_1_99' title="bbox 2377 4467 3339 4522; baseline -0.007 1"><span class='ocrx_word' id='word_1_842' title='bbox 2377 4470 2394 4508; x_wconf 82' lang='lat'>1</span> <span class='ocrx_word' id='word_1_843' title='bbox 2430 4473 2491 4522; x_wconf 87' lang='lat' dir='ltr'><strong>Et</strong></span> <span class='ocrx_word' id='word_1_844' title='bbox 2512 4471 2793 4521; x_wconf 87' lang='lat' dir='ltr'><strong>mandatum</strong></span> <span class='ocrx_word' id='word_1_845' title='bbox 2819 4467 2953 4519; x_wconf 80' lang='lat' dir='ltr'><strong>Lam.</strong></span> <span class='ocrx_word' id='word_1_846' title='bbox 2982 4467 3126 4518; x_wconf 86' lang='lat' dir='ltr'><strong>Ebor.</strong></span> <span class='ocrx_word' id='word_1_847' title='bbox 3152 4469 3277 4518; x_wconf 87' lang='lat' dir='ltr'><strong>Bod.</strong></span> <span class='ocrx_word' id='word_1_848' title='bbox 3294 4468 3339 4516; x_wconf 72' lang='lat'><strong>2.</strong></span> 
     </span>
    </p>
   </div>
   <div class='ocr_carea' id='block_1_99' title="bbox 2376 4522 3396 4585">
    <p class='ocr_par' dir='ltr' id='par_1_99' title="bbox 2376 4522 3396 4585">
     <span class='ocr_line' id='line_1_100' title="bbox 2376 4522 3396 4585; baseline -0.005 0"><span class='ocrx_word' id='word_1_849' title='bbox 2376 4534 2418 4563; x_wconf 81' lang='grc'><strong>¹¹³</strong></span> <span class='ocrx_word' id='word_1_850' title='bbox 2442 4534 2575 4585; x_wconf 83' lang='lat' dir='ltr'><strong>Oves</strong></span> <span class='ocrx_word' id='word_1_851' title='bbox 2597 4535 2850 4583; x_wconf 72' lang='lat' dir='ltr'><strong>occisionis</strong></span> <span class='ocrx_word' id='word_1_852' title='bbox 2868 4526 2959 4582; x_wconf 71' lang='lat' dir='ltr'><strong>Ar.</strong></span> <span class='ocrx_word' id='word_1_853' title='bbox 2986 4531 3095 4581; x_wconf 77' lang='grc' dir='ltr'><strong>ΝΟ.</strong></span> <span class='ocrx_word' id='word_1_854' title='bbox 3122 4525 3171 4579; x_wconf 61' lang='lat' dir='ltr'><strong>ﬁ.</strong></span> <span class='ocrx_word' id='word_1_855' title='bbox 3200 4522 3324 4580; x_wconf 87' lang='lat' dir='ltr'><strong>Bod.</strong></span> <span class='ocrx_word' id='word_1_856' title='bbox 3350 4529 3396 4580; x_wconf 66' lang='grc' dir='ltr'><strong>ι</strong></span> 
     </span>
    </p>
   </div>
   <div class='ocr_carea' id='block_1_100' title="bbox 2323 4584 3897 4709">
    <p class='ocr_par' dir='ltr' id='par_1_100' title="bbox 2323 4584 3897 4709">
     <span class='ocr_line' id='line_1_101' title="bbox 2323 4584 3897 4709; baseline -0.006 -62"><span class='ocrx_word' id='word_1_857' title='bbox 2323 4661 2359 4709; x_wconf 75' lang='grc' dir='ltr'><strong>Β</strong></span> <span class='ocrx_word' id='word_1_858' title='bbox 2376 4596 2587 4709; x_wconf 43' lang='grc' dir='ltr'>υάιιὶιιξ</span> <span class='ocrx_word' id='word_1_859' title='bbox 2606 4597 2831 4707; x_wconf 51' lang='grc' dir='ltr'>ἓωιιίῢιιε</span> <span class='ocrx_word' id='word_1_860' title='bbox 2855 4593 3245 4659; x_wconf 83' lang='lat' dir='ltr'><strong>supervincimus</strong></span> <span class='ocrx_word' id='word_1_861' title='bbox 3266 4593 3383 4642; x_wconf 88' lang='lat' dir='ltr'><strong>Ber.</strong></span> <span class='ocrx_word' id='word_1_862' title='bbox 3400 4591 3497 4642; x_wconf 89' lang='lat' dir='ltr'><strong>Pro</strong></span> <span class='ocrx_word' id='word_1_863' title='bbox 3520 4602 3581 4640; x_wconf 84' lang='lat' dir='ltr'><strong>eo</strong></span> <span class='ocrx_word' id='word_1_864' title='bbox 3607 4590 3735 4638; x_wconf 84' lang='lat' dir='ltr'><strong>Lam.</strong></span> <span class='ocrx_word' id='word_1_865' title='bbox 3758 4584 3897 4638; x_wconf 83' lang='lat' dir='ltr'><strong>Ebur.</strong></span> 
     </span>
     <span class='ocr_line' id='line_1_102' title="bbox 2363 4670 2658 4709; baseline -0.007 -1"><span class='ocrx_word' id='word_1_866' title='bbox 2363 4670 2392 4708; x_wconf 93' lang='lat' dir='ltr'><strong>o</strong></span> <span class='ocrx_word' id='word_1_867' title='bbox 2434 4696 2444 4706; x_wconf 94' lang='lat'><strong>.</strong></span> <span class='ocrx_word' id='word_1_868' title='bbox 2508 4696 2521 4709; x_wconf 94' lang='lat'><strong>.</strong></span> <span class='ocrx_word' id='word_1_869' title='bbox 2574 4695 2588 4709; x_wconf 93' lang='lat'><strong>.</strong></span> <span class='ocrx_word' id='word_1_870' title='bbox 2647 4692 2658 4706; x_wconf 90' lang='lat'><strong>.</strong></span> 
     </span>
    </p>
   </div>
   <div class='ocr_carea' id='block_1_101' title="bbox 2376 4695 3755 4781">
    <p class='ocr_par' dir='ltr' id='par_1_101' title="bbox 2376 4695 3755 4781">
     <span class='ocr_line' id='line_1_103' title="bbox 2376 4695 3755 4781; baseline -0.007 -10"><span class='ocrx_word' id='word_1_871' title='bbox 2376 4695 2693 4772; x_wconf 46' lang='lat' dir='ltr'><strong>intimus</strong></span> <span class='ocrx_word' id='word_1_872' title='bbox 2708 4732 2885 4781; x_wconf 82' lang='lat' dir='ltr'><strong>magno</strong></span> <span class='ocrx_word' id='word_1_873' title='bbox 2908 4719 3023 4769; x_wconf 87' lang='lat' dir='ltr'><strong>Ber.</strong></span> <span class='ocrx_word' id='word_1_874' title='bbox 3052 4712 3180 4768; x_wconf 81' lang='lat' dir='ltr'><strong>Lam.</strong></span> <span class='ocrx_word' id='word_1_875' title='bbox 3206 4714 3349 4768; x_wconf 78' lang='lat' dir='ltr'><strong>Ebor.</strong></span> <span class='ocrx_word' id='word_1_876' title='bbox 3375 4718 3420 4768; x_wconf 85' lang='grc' dir='ltr'><strong><em>Ν</em></strong></span> <span class='ocrx_word' id='word_1_877' title='bbox 3429 4716 3482 4767; x_wconf 85' lang='lat' dir='ltr'><strong>C.</strong></span> <span class='ocrx_word' id='word_1_878' title='bbox 3504 4717 3548 4767; x_wconf 88' lang='grc'><strong>1.</strong></span> <span class='ocrx_word' id='word_1_879' title='bbox 3574 4712 3755 4765; x_wconf 75' lang='lat' dir='ltr'><strong>Bod.3.</strong></span> 
     </span>
    </p>
   </div>
   <div class='ocr_carea' id='block_1_102' title="bbox 2231 4766 2845 4834">
    <p class='ocr_par' dir='ltr' id='par_1_102' title="bbox 2231 4766 2845 4834">
     <span class='ocr_line' id='line_1_104' title="bbox 2231 4766 2845 4834; baseline -0.011 2"><span class='ocrx_word' id='word_1_880' title='bbox 2231 4766 2287 4827; x_wconf 83' lang='lat' dir='ltr'><strong>D</strong></span> <span class='ocrx_word' id='word_1_881' title='bbox 2376 4786 2404 4825; x_wconf 83' lang='lat' dir='ltr'><strong>P</strong></span> <span class='ocrx_word' id='word_1_882' title='bbox 2426 4766 2845 4834; x_wconf 55' lang='lat' dir='ltr'><strong>cessauere-1</strong></span> 
     </span>
    </p>
   </div>
   <div class='ocr_carea' id='block_1_103' title="bbox 2382 4840 3903 4979">
    <p class='ocr_par' dir='ltr' id='par_1_103' title="bbox 2382 4840 3903 4979">
     <span class='ocr_line' id='line_1_105' title="bbox 2382 4840 3903 4979; baseline -0.008 -21"><span class='ocrx_word' id='word_1_883' title='bbox 2382 4840 3556 4979; x_wconf 41' lang='lat' dir='ltr'><strong>:1ﬁdg‘gulgél’gsigglufiﬁd?’33,:bslraclus</strong></span> <span class='ocrx_word' id='word_1_884' title='bbox 3579 4899 3712 4964; x_wconf 69' lang='lat' dir='ltr'><strong>Spir.</strong></span> <span class='ocrx_word' id='word_1_885' title='bbox 3734 4896 3903 4949; x_wconf 72' lang='lat' dir='ltr'><strong>Morel.</strong></span> 
     </span>
    </p>
   </div>
   <div class='ocr_carea' id='block_1_104' title="bbox 2385 4968 3141 5020">
    <p class='ocr_par' dir='ltr' id='par_1_104' title="bbox 2385 4968 3141 5020">
     <span class='ocr_line' id='line_1_106' title="bbox 2385 4968 3141 5020; baseline -0.007 0"><span class='ocrx_word' id='word_1_886' title='bbox 2385 4972 2408 5003; x_wconf 78' lang='grc'>⁸</span> <span class='ocrx_word' id='word_1_887' title='bbox 2433 4968 2605 5019; x_wconf 82' lang='lat' dir='ltr'><strong>Fidem</strong></span> <span class='ocrx_word' id='word_1_888' title='bbox 2624 4970 2671 5019; x_wconf 91' lang='lat' dir='ltr'><strong>in</strong></span> <span class='ocrx_word' id='word_1_889' title='bbox 2693 4968 2804 5020; x_wconf 92' lang='lat' dir='ltr'><strong>Deo</strong></span> <span class='ocrx_word' id='word_1_890' title='bbox 2825 4968 3013 5017; x_wconf 83' lang='lat' dir='ltr'><strong>habere</strong></span> <span class='ocrx_word' id='word_1_891' title='bbox 3037 4968 3141 5017; x_wconf 85' lang='lat' dir='ltr'><strong>Lin.</strong></span> 
     </span>
    </p>
   </div>
   <div class='ocr_carea' id='block_1_105' title="bbox 1820 5074 2667 5134">
    <p class='ocr_par' dir='ltr' id='par_1_105' title="bbox 1820 5074 2667 5134">
     <span class='ocr_line' id='line_1_107' title="bbox 1820 5074 2667 5134; baseline -0.005 0"><span class='ocrx_word' id='word_1_892' title='bbox 1820 5076 2063 5134; x_wconf 75' lang='lat' dir='ltr'><strong>STEPH.</strong></span> <span class='ocrx_word' id='word_1_893' title='bbox 2118 5075 2391 5134; x_wconf 81' lang='lat' dir='ltr'><strong>DALUZII</strong></span> <span class='ocrx_word' id='word_1_894' title='bbox 2440 5074 2667 5131; x_wconf 68' lang='lat' dir='ltr'><strong>NOTAE.</strong></span> 
     </span>
    </p>
   </div>
   <div class='ocr_carea' id='block_1_106' title="bbox 678 5185 2202 5245">
    <p class='ocr_par' dir='ltr' id='par_1_106' title="bbox 678 5185 2202 5245">
     <span class='ocr_line' id='line_1_108' title="bbox 678 5185 2202 5245; baseline 0.001 -3"><span class='ocrx_word' id='word_1_895' title='bbox 678 5185 879 5243; x_wconf 72' lang='lat' dir='ltr'><strong>CAP.V.</strong></span> <span class='ocrx_word' id='word_1_896' title='bbox 893 5186 1029 5243; x_wconf 86' lang='lat' dir='ltr'><strong>—-Si</strong></span> <span class='ocrx_word' id='word_1_897' title='bbox 1043 5187 1263 5243; x_wconf 88' lang='lat' dir='ltr'><strong>audieris</strong></span> <span class='ocrx_word' id='word_1_898' title='bbox 1276 5187 1328 5242; x_wconf 91' lang='lat' dir='ltr'><strong>in</strong></span> <span class='ocrx_word' id='word_1_899' title='bbox 1343 5202 1463 5243; x_wconf 86' lang='lat' dir='ltr'><strong>una.</strong></span> <span class='ocrx_word' id='word_1_900' title='bbox 1479 5186 1580 5245; x_wconf 82' lang='lat' dir='ltr'><strong>llic</strong></span> <span class='ocrx_word' id='word_1_901' title='bbox 1601 5189 1752 5245; x_wconf 88' lang='lat' dir='ltr'><strong>locus</strong></span> <span class='ocrx_word' id='word_1_902' title='bbox 1773 5188 2004 5245; x_wconf 79' lang='lat' dir='ltr'><strong>refertur</strong></span> <span class='ocrx_word' id='word_1_903' title='bbox 2019 5205 2045 5241; x_wconf 89' lang='lat' dir='ltr'><strong>a</strong></span> <span class='ocrx_word' id='word_1_904' title='bbox 2069 5189 2202 5245; x_wconf 85' lang='lat' dir='ltr'><strong>Gra-</strong></span> 
     </span>
    </p>
   </div>
   <div class='ocr_carea' id='block_1_107' title="bbox 598 5257 2200 5333">
    <p class='ocr_par' dir='ltr' id='par_1_107' title="bbox 598 5257 2200 5333">
     <span class='ocr_line' id='line_1_109' title="bbox 598 5257 2200 5333; baseline 0.002 -20"><span class='ocrx_word' id='word_1_905' title='bbox 598 5258 751 5333; x_wconf 68' lang='lat' dir='ltr'><strong>tiano</strong></span> <span class='ocrx_word' id='word_1_906' title='bbox 776 5272 907 5333; x_wconf 66' lang='lat' dir='ltr'><strong>mn</strong></span> <span class='ocrx_word' id='word_1_907' title='bbox 937 5273 988 5330; x_wconf 88' lang='lat' dir='ltr'><strong>q.</strong></span> <span class='ocrx_word' id='word_1_908' title='bbox 1010 5258 1074 5314; x_wconf 82' lang='lat'><strong>5:</strong></span> <span class='ocrx_word' id='word_1_909' title='bbox 1096 5257 1157 5314; x_wconf 82' lang='lat' dir='ltr'><strong>Si</strong></span> <span class='ocrx_word' id='word_1_910' title='bbox 1182 5259 1544 5333; x_wconf 75' lang='lat' dir='ltr'><strong>audieris.llbi</strong></span> <span class='ocrx_word' id='word_1_911' title='bbox 1572 5261 1749 5333; x_wconf 76' lang='lat' dir='ltr'><strong>glossa</strong></span> <span class='ocrx_word' id='word_1_912' title='bbox 1780 5261 1851 5315; x_wconf 85' lang='lat' dir='ltr'><strong>ait</strong></span> <span class='ocrx_word' id='word_1_913' title='bbox 1872 5260 2200 5333; x_wconf 79' lang='lat' dir='ltr'><strong>Cyprianum</strong></span> 
     </span>
    </p>
   </div>
   <div class='ocr_carea' id='block_1_108' title="bbox 591 5326 2199 5401">
    <p class='ocr_par' dir='ltr' id='par_1_108' title="bbox 591 5326 2199 5401">
     <span class='ocr_line' id='line_1_110' title="bbox 591 5326 2199 5401; baseline 0.001 -17"><span class='ocrx_word' id='word_1_914' title='bbox 591 5329 760 5401; x_wconf 74' lang='lat' dir='ltr'><strong>fuisse</strong></span> <span class='ocrx_word' id='word_1_915' title='bbox 806 5326 1187 5401; x_wconf 75' lang='lat' dir='ltr'><strong>interrogatum</strong></span> <span class='ocrx_word' id='word_1_916' title='bbox 1232 5344 1297 5384; x_wconf 89' lang='lat' dir='ltr'><strong>an</strong></span> <span class='ocrx_word' id='word_1_917' title='bbox 1336 5328 1459 5385; x_wconf 89' lang='lat' dir='ltr'><strong>mali</strong></span> <span class='ocrx_word' id='word_1_918' title='bbox 1508 5326 1630 5401; x_wconf 74' lang='lat' dir='ltr'><strong>post</strong></span> <span class='ocrx_word' id='word_1_919' title='bbox 1674 5326 1967 5387; x_wconf 76' lang='lat' dir='ltr'><strong>adventum</strong></span> <span class='ocrx_word' id='word_1_920' title='bbox 1995 5331 2199 5386; x_wconf 79' lang='lat' dir='ltr'><strong>llouiui</strong></span> 
     </span>
    </p>
   </div>
   <div class='ocr_carea' id='block_1_109' title="bbox 587 5399 2201 5474">
    <p class='ocr_par' dir='ltr' id='par_1_109' title="bbox 587 5399 2201 5474">
     <span class='ocr_line' id='line_1_111' title="bbox 587 5399 2201 5474; baseline 0.001 -19"><span class='ocrx_word' id='word_1_921' title='bbox 587 5400 648 5455; x_wconf 88' lang='lat' dir='ltr'><strong>in</strong></span> <span class='ocrx_word' id='word_1_922' title='bbox 672 5399 812 5474; x_wconf 81' lang='lat' dir='ltr'><strong>hunc</strong></span> <span class='ocrx_word' id='word_1_923' title='bbox 855 5399 1112 5474; x_wconf 84' lang='lat' dir='ltr'><strong>mundum</strong></span> <span class='ocrx_word' id='word_1_924' title='bbox 1142 5409 1314 5474; x_wconf 88' lang='lat' dir='ltr'><strong>morte</strong></span> <span class='ocrx_word' id='word_1_925' title='bbox 1360 5402 1467 5474; x_wconf 86' lang='lat' dir='ltr'><strong>sint</strong></span> <span class='ocrx_word' id='word_1_926' title='bbox 1512 5399 1787 5474; x_wconf 76' lang='lat' dir='ltr'><strong>puniendi,</strong></span> <span class='ocrx_word' id='word_1_927' title='bbox 1820 5409 1874 5456; x_wconf 85' lang='lat' dir='ltr'><strong>et</strong></span> <span class='ocrx_word' id='word_1_928' title='bbox 1905 5403 2049 5457; x_wconf 87' lang='lat' dir='ltr'><strong>illum</strong></span> <span class='ocrx_word' id='word_1_929' title='bbox 2087 5418 2201 5474; x_wconf 83' lang='lat' dir='ltr'><strong>res-</strong></span> 
     </span>
    </p>
   </div>
   <div class='ocr_carea' id='block_1_110' title="bbox 593 5470 2189 5541">
    <p class='ocr_par' dir='ltr' id='par_1_110' title="bbox 593 5470 2189 5541">
     <span class='ocr_line' id='line_1_112' title="bbox 593 5470 2189 5541; baseline 0.002 -17"><span class='ocrx_word' id='word_1_930' title='bbox 593 5470 850 5539; x_wconf 89' lang='lat' dir='ltr'><strong>pondisse</strong></span> <span class='ocrx_word' id='word_1_931' title='bbox 878 5471 1021 5541; x_wconf 88' lang='lat' dir='ltr'><strong>quod</strong></span> <span class='ocrx_word' id='word_1_932' title='bbox 1050 5472 1147 5537; x_wconf 88' lang='lat' dir='ltr'><strong>sic,</strong></span> <span class='ocrx_word' id='word_1_933' title='bbox 1182 5473 1303 5540; x_wconf 88' lang='lat' dir='ltr'><strong>quia</strong></span> <span class='ocrx_word' id='word_1_934' title='bbox 1328 5473 1370 5528; x_wconf 89' lang='lat' dir='ltr'><strong>si</strong></span> <span class='ocrx_word' id='word_1_935' title='bbox 1399 5470 1527 5529; x_wconf 79' lang='lat' dir='ltr'><strong>ante</strong></span> <span class='ocrx_word' id='word_1_936' title='bbox 1547 5475 1836 5529; x_wconf 82' lang='lat' dir='ltr'><strong>adventum</strong></span> <span class='ocrx_word' id='word_1_937' title='bbox 1859 5473 2055 5528; x_wconf 78' lang='lat' dir='ltr'><strong>Christi</strong></span> <span class='ocrx_word' id='word_1_938' title='bbox 2086 5471 2189 5527; x_wconf 85' lang='lat' dir='ltr'><strong>hoc</strong></span> 
     </span>
    </p>
   </div>
   <div class='ocr_carea' id='block_1_111' title="bbox 586 5541 2186 5611">
    <p class='ocr_par' dir='ltr' id='par_1_111' title="bbox 586 5541 2186 5611">
     <span class='ocr_line' id='line_1_113' title="bbox 586 5541 2186 5611; baseline 0.003 -17"><span class='ocrx_word' id='word_1_939' title='bbox 586 5541 704 5611; x_wconf 80' lang='lat' dir='ltr'><strong>liat,</strong></span> <span class='ocrx_word' id='word_1_940' title='bbox 728 5551 785 5595; x_wconf 90' lang='lat' dir='ltr'><strong>ut</strong></span> <span class='ocrx_word' id='word_1_941' title='bbox 806 5542 1063 5610; x_wconf 86' lang='lat' dir='ltr'><strong>probatur</strong></span> <span class='ocrx_word' id='word_1_942' title='bbox 1082 5544 1397 5597; x_wconf 89' lang='lat' dir='ltr'><strong>auctoritate</strong></span> <span class='ocrx_word' id='word_1_943' title='bbox 1429 5544 1825 5600; x_wconf 72' lang='lat' dir='ltr'><strong>Denterunomii</strong></span> <span class='ocrx_word' id='word_1_944' title='bbox 1854 5555 1905 5599; x_wconf 89' lang='lat' dir='ltr'><strong>et</strong></span> <span class='ocrx_word' id='word_1_945' title='bbox 1934 5543 2186 5611; x_wconf 78' lang='lat' dir='ltr'><strong>exetiiplo</strong></span> 
     </span>
    </p>
   </div>
   <div class='ocr_carea' id='block_1_112' title="bbox 585 5609 2181 5684">
    <p class='ocr_par' dir='ltr' id='par_1_112' title="bbox 585 5609 2181 5684">
     <span class='ocr_line' id='line_1_114' title="bbox 585 5609 2181 5684; baseline 0.004 -20"><span class='ocrx_word' id='word_1_946' title='bbox 585 5609 1075 5684; x_wconf 59' lang='lat' dir='ltr'><strong>Malacltiaemiulto</strong></span> <span class='ocrx_word' id='word_1_947' title='bbox 1124 5614 1300 5683; x_wconf 90' lang='lat' dir='ltr'><strong>potius</strong></span> <span class='ocrx_word' id='word_1_948' title='bbox 1348 5625 1466 5684; x_wconf 70' lang='lat' dir='ltr'><strong>post</strong></span> <span class='ocrx_word' id='word_1_949' title='bbox 1501 5614 1788 5671; x_wconf 87' lang='lat' dir='ltr'><strong>adventum</strong></span> <span class='ocrx_word' id='word_1_950' title='bbox 1835 5613 2033 5669; x_wconf 86' lang='lat' dir='ltr'><strong>Christi</strong></span> <span class='ocrx_word' id='word_1_951' title='bbox 2078 5609 2181 5671; x_wconf 88' lang='lat' dir='ltr'><strong>hoc</strong></span> 
     </span>
    </p>
   </div>
   <div class='ocr_carea' id='block_1_113' title="bbox 584 5680 2179 5742">
    <p class='ocr_par' dir='ltr' id='par_1_113' title="bbox 584 5680 2179 5742">
     <span class='ocr_line' id='line_1_115' title="bbox 584 5680 2179 5742; baseline 0.003 -7"><span class='ocrx_word' id='word_1_952' title='bbox 584 5680 702 5736; x_wconf 78' lang='lat' dir='ltr'><strong>ﬁeri</strong></span> <span class='ocrx_word' id='word_1_953' title='bbox 729 5680 907 5737; x_wconf 84' lang='lat' dir='ltr'><strong>debet.</strong></span> <span class='ocrx_word' id='word_1_954' title='bbox 937 5680 1172 5739; x_wconf 75' lang='lat' dir='ltr'><strong>Joannes</strong></span> <span class='ocrx_word' id='word_1_955' title='bbox 1201 5699 1329 5739; x_wconf 86' lang='lat' dir='ltr'><strong>vero</strong></span> <span class='ocrx_word' id='word_1_956' title='bbox 1348 5680 1423 5740; x_wconf 54' lang='lat' dir='ltr'><strong>&#39;de</strong></span> <span class='ocrx_word' id='word_1_957' title='bbox 1445 5684 1618 5742; x_wconf 86' lang='lat' dir='ltr'><strong>Turre</strong></span> <span class='ocrx_word' id='word_1_958' title='bbox 1646 5693 1881 5741; x_wconf 87' lang='lat' dir='ltr'><strong>cremata</strong></span> <span class='ocrx_word' id='word_1_959' title='bbox 1916 5685 2040 5740; x_wconf 86' lang='lat' dir='ltr'><strong>hinc</strong></span> <span class='ocrx_word' id='word_1_960' title='bbox 2069 5685 2179 5739; x_wconf 86' lang='lat' dir='ltr'><strong>eul—</strong></span> 
     </span>
    </p>
   </div>
   <div class='ocr_carea' id='block_1_114' title="bbox 582 5749 2175 5826">
    <p class='ocr_par' dir='ltr' id='par_1_114' title="bbox 582 5749 2175 5826">
     <span class='ocr_line' id='line_1_116' title="bbox 582 5749 2175 5826; baseline 0.004 -20"><span class='ocrx_word' id='word_1_961' title='bbox 582 5749 712 5817; x_wconf 70' lang='lat' dir='ltr'><strong>legit</strong></span> <span class='ocrx_word' id='word_1_962' title='bbox 758 5766 862 5805; x_wconf 90' lang='lat' dir='ltr'><strong>non</strong></span> <span class='ocrx_word' id='word_1_963' title='bbox 908 5767 1028 5808; x_wconf 74' lang='lat' dir='ltr'><strong>esse</strong></span> <span class='ocrx_word' id='word_1_964' title='bbox 1084 5752 1408 5824; x_wconf 85' lang='lat' dir='ltr'><strong>parcendum</strong></span> <span class='ocrx_word' id='word_1_965' title='bbox 1450 5756 1606 5812; x_wconf 86' lang='lat' dir='ltr'><strong>malis</strong></span> <span class='ocrx_word' id='word_1_966' title='bbox 1648 5757 1738 5826; x_wconf 90' lang='lat' dir='ltr'><strong>qui</strong></span> <span class='ocrx_word' id='word_1_967' title='bbox 1783 5756 2175 5813; x_wconf 85' lang='lat' dir='ltr'><strong>multitudinem</strong></span> 
     </span>
    </p>
   </div>
   <div class='ocr_carea' id='block_1_115' title="bbox 2307 5182 3904 5259">
    <p class='ocr_par' dir='ltr' id='par_1_115' title="bbox 2307 5182 3904 5259">
     <span class='ocr_line' id='line_1_117' title="bbox 2307 5182 3904 5259; baseline -0.004 -14"><span class='ocrx_word' id='word_1_968' title='bbox 2307 5197 2678 5259; x_wconf 82' lang='lat' dir='ltr'><strong>corrumpunt.</strong></span> <span class='ocrx_word' id='word_1_969' title='bbox 2710 5189 2911 5245; x_wconf 83' lang='lat' dir='ltr'><strong>Auctor</strong></span> <span class='ocrx_word' id='word_1_970' title='bbox 2955 5187 3151 5259; x_wconf 75' lang='lat' dir='ltr'><strong>glosszn</strong></span> <span class='ocrx_word' id='word_1_971' title='bbox 3178 5200 3285 5241; x_wconf 91' lang='lat' dir='ltr'><strong>non</strong></span> <span class='ocrx_word' id='word_1_972' title='bbox 3313 5184 3540 5242; x_wconf 87' lang='lat' dir='ltr'><strong>recurrit</strong></span> <span class='ocrx_word' id='word_1_973' title='bbox 3568 5183 3634 5240; x_wconf 91' lang='lat' dir='ltr'><strong>ad</strong></span> <span class='ocrx_word' id='word_1_974' title='bbox 3677 5182 3904 5257; x_wconf 79' lang='lat' dir='ltr'><strong>Cypria-</strong></span> 
     </span>
    </p>
   </div>
   <div class='ocr_carea' id='block_1_116' title="bbox 2307 5257 3185 5320">
    <p class='ocr_par' dir='ltr' id='par_1_116' title="bbox 2307 5257 3185 5320">
     <span class='ocr_line' id='line_1_118' title="bbox 2307 5257 3185 5320; baseline -0.002 -6"><span class='ocrx_word' id='word_1_975' title='bbox 2307 5276 2456 5320; x_wconf 90' lang='lat' dir='ltr'><strong>num.</strong></span> <span class='ocrx_word' id='word_1_976' title='bbox 2489 5257 2542 5314; x_wconf 77' lang='lat' dir='ltr'><strong>ei</strong></span> <span class='ocrx_word' id='word_1_977' title='bbox 2571 5259 2693 5315; x_wconf 89' lang='lat' dir='ltr'><strong>ideo</strong></span> <span class='ocrx_word' id='word_1_978' title='bbox 2717 5259 2915 5315; x_wconf 85' lang='lat' dir='ltr'><strong>erravit</strong></span> <span class='ocrx_word' id='word_1_979' title='bbox 2943 5259 2996 5312; x_wconf 91' lang='lat' dir='ltr'><strong>in</strong></span> <span class='ocrx_word' id='word_1_980' title='bbox 3022 5257 3185 5313; x_wconf 78' lang='lat' dir='ltr'><strong>facto.</strong></span> 
     </span>
    </p>
   </div>
   <div class='ocr_carea' id='block_1_117' title="bbox 2377 5325 3902 5393">
    <p class='ocr_par' dir='ltr' id='par_1_117' title="bbox 2377 5325 3902 5393">
     <span class='ocr_line' id='line_1_119' title="bbox 2377 5325 3902 5393; baseline -0.005 -7"><span class='ocrx_word' id='word_1_981' title='bbox 2377 5329 2703 5386; x_wconf 84' lang='lat' dir='ltr'><strong>Conservabit</strong></span> <span class='ocrx_word' id='word_1_982' title='bbox 2730 5330 3019 5385; x_wconf 88' lang='lat' dir='ltr'><strong>illam.[)uo</strong></span> <span class='ocrx_word' id='word_1_983' title='bbox 3051 5330 3167 5385; x_wconf 89' lang='lat' dir='ltr'><strong>libri</strong></span> <span class='ocrx_word' id='word_1_984' title='bbox 3197 5338 3409 5383; x_wconf 88' lang='lat' dir='ltr'><strong>veteres</strong></span> <span class='ocrx_word' id='word_1_985' title='bbox 3442 5326 3641 5384; x_wconf 86' lang='lat' dir='ltr'><strong>habent</strong></span> <span class='ocrx_word' id='word_1_986' title='bbox 3670 5325 3902 5393; x_wconf 87' lang='lat' dir='ltr'><strong>salvabit,</strong></span> 
     </span>
    </p>
   </div>
   <div class='ocr_carea' id='block_1_118' title="bbox 2304 5398 3388 5470">
    <p class='ocr_par' dir='ltr' id='par_1_118' title="bbox 2304 5398 3388 5470">
     <span class='ocr_line' id='line_1_120' title="bbox 2304 5398 3388 5470; baseline -0.002 -15"><span class='ocrx_word' id='word_1_987' title='bbox 2304 5400 2441 5456; x_wconf 88' lang='lat' dir='ltr'><strong>alius</strong></span> <span class='ocrx_word' id='word_1_988' title='bbox 2466 5402 2702 5467; x_wconf 89' lang='lat' dir='ltr'><strong>servabit,</strong></span> <span class='ocrx_word' id='word_1_989' title='bbox 2727 5400 2860 5454; x_wconf 87' lang='lat' dir='ltr'><strong>alius</strong></span> <span class='ocrx_word' id='word_1_990' title='bbox 2891 5398 3121 5470; x_wconf 89' lang='lat' dir='ltr'><strong>denique</strong></span> <span class='ocrx_word' id='word_1_991' title='bbox 3149 5400 3388 5470; x_wconf 85' lang='lat' dir='ltr'><strong>inveniat.</strong></span> 
     </span>
    </p>
   </div>
   <div class='ocr_carea' id='block_1_119' title="bbox 2374 5467 3900 5538">
    <p class='ocr_par' dir='ltr' id='par_1_119' title="bbox 2374 5467 3900 5538">
     <span class='ocr_line' id='line_1_121' title="bbox 2374 5467 3900 5538; baseline -0.003 -11"><span class='ocrx_word' id='word_1_992' title='bbox 2374 5470 2501 5527; x_wconf 79' lang='lat' dir='ltr'><strong>CAP.</strong></span> <span class='ocrx_word' id='word_1_993' title='bbox 2522 5471 2697 5527; x_wconf 70' lang='grc' dir='ltr'><strong>γι-</strong></span> <span class='ocrx_word' id='word_1_994' title='bbox 2721 5467 3241 5527; x_wconf 63' lang='grc' dir='ltr'><strong>ΟεεὶάὶηιανξΕόὶῑίο</strong></span> <span class='ocrx_word' id='word_1_995' title='bbox 3273 5468 3578 5525; x_wconf 77' lang='lat' dir='ltr'><strong>Murelliana</strong></span> <span class='ocrx_word' id='word_1_996' title='bbox 3607 5476 3661 5525; x_wconf 87' lang='lat' dir='ltr'><strong>et</strong></span> <span class='ocrx_word' id='word_1_997' title='bbox 3687 5467 3900 5538; x_wconf 84' lang='lat' dir='ltr'><strong>quidam</strong></span> 
     </span>
    </p>
   </div>
   <div class='ocr_carea' id='block_1_120' title="bbox 2303 5541 3612 5610">
    <p class='ocr_par' dir='ltr' id='par_1_120' title="bbox 2303 5541 3612 5610">
     <span class='ocr_line' id='line_1_122' title="bbox 2303 5541 3612 5610; baseline 0 -12"><span class='ocrx_word' id='word_1_998' title='bbox 2303 5542 2423 5600; x_wconf 86' lang='lat' dir='ltr'><strong>libri</strong></span> <span class='ocrx_word' id='word_1_999' title='bbox 2456 5554 2662 5599; x_wconf 79' lang='lat' dir='ltr'><strong>veteres</strong></span> <span class='ocrx_word' id='word_1_1000' title='bbox 2683 5543 3072 5610; x_wconf 80' lang='lat' dir='ltr'><strong>mortiﬁcamur,</strong></span> <span class='ocrx_word' id='word_1_1001' title='bbox 3104 5548 3158 5597; x_wconf 89' lang='lat' dir='ltr'><strong>et</strong></span> <span class='ocrx_word' id='word_1_1002' title='bbox 3179 5557 3303 5595; x_wconf 78' lang='lat' dir='ltr'><strong>ntox</strong></span> <span class='ocrx_word' id='word_1_1003' title='bbox 3325 5541 3612 5597; x_wconf 84' lang='lat' dir='ltr'><strong>occisionis.</strong></span> 
     </span>
    </p>
   </div>
   <div class='ocr_carea' id='block_1_121' title="bbox 2359 5611 3902 5686">
    <p class='ocr_par' dir='ltr' id='par_1_121' title="bbox 2359 5611 3902 5686">
     <span class='ocr_line' id='line_1_123' title="bbox 2359 5611 3902 5686; baseline -0.001 -20"><span class='ocrx_word' id='word_1_1004' title='bbox 2359 5612 2483 5686; x_wconf 85' lang='lat' dir='ltr'><strong>Non</strong></span> <span class='ocrx_word' id='word_1_1005' title='bbox 2520 5616 2586 5668; x_wconf 87' lang='lat' dir='ltr'><strong>sit</strong></span> <span class='ocrx_word' id='word_1_1006' title='bbox 2628 5629 2705 5686; x_wconf 80' lang='lat' dir='ltr'><strong>me</strong></span> <span class='ocrx_word' id='word_1_1007' title='bbox 2753 5613 2961 5686; x_wconf 87' lang='lat' dir='ltr'><strong>dignus.</strong></span> <span class='ocrx_word' id='word_1_1008' title='bbox 2989 5611 3174 5669; x_wconf 77' lang='lat' dir='ltr'><strong>Codex</strong></span> <span class='ocrx_word' id='word_1_1009' title='bbox 3214 5612 3597 5684; x_wconf 79' lang='lat' dir='ltr'><strong>Seguierianus</strong></span> <span class='ocrx_word' id='word_1_1010' title='bbox 3623 5653 3638 5681; x_wconf 90' lang='lat'><strong>,</strong></span> <span class='ocrx_word' id='word_1_1011' title='bbox 3689 5628 3791 5667; x_wconf 88' lang='lat' dir='ltr'><strong>non</strong></span> <span class='ocrx_word' id='word_1_1012' title='bbox 3830 5619 3902 5666; x_wconf 88' lang='lat' dir='ltr'><strong>est</strong></span> 
     </span>
    </p>
   </div>
   <div class='ocr_carea' id='block_1_122' title="bbox 2282 5684 2758 5755">
    <p class='ocr_par' dir='ltr' id='par_1_122' title="bbox 2282 5684 2758 5755">
     <span class='ocr_line' id='line_1_124' title="bbox 2282 5684 2758 5755; baseline -0.004 -14"><span class='ocrx_word' id='word_1_1013' title='bbox 2282 5701 2422 5755; x_wconf 86' lang='lat' dir='ltr'><strong>mens</strong></span> <span class='ocrx_word' id='word_1_1014' title='bbox 2450 5684 2758 5755; x_wconf 85' lang='lat' dir='ltr'><strong>discipulus.</strong></span> 
     </span>
    </p>
   </div>
   <div class='ocr_carea' id='block_1_123' title="bbox 2352 5751 3907 5830">
    <p class='ocr_par' dir='ltr' id='par_1_123' title="bbox 2352 5751 3907 5830">
     <span class='ocr_line' id='line_1_125' title="bbox 2352 5751 3907 5830; baseline -0.003 -17"><span class='ocrx_word' id='word_1_1015' title='bbox 2352 5751 2690 5827; x_wconf 85' lang='lat' dir='ltr'><strong>Superamus.</strong></span> <span class='ocrx_word' id='word_1_1016' title='bbox 2714 5754 2898 5816; x_wconf 77' lang='lat' dir='ltr'><strong>Codex</strong></span> <span class='ocrx_word' id='word_1_1017' title='bbox 2932 5755 3277 5827; x_wconf 74' lang='lat' dir='ltr'><strong>Veronensis,</strong></span> <span class='ocrx_word' id='word_1_1018' title='bbox 3305 5756 3743 5830; x_wconf 86' lang='lat' dir='ltr'><strong>supervincimus.</strong></span> <span class='ocrx_word' id='word_1_1019' title='bbox 3775 5751 3907 5811; x_wconf 71' lang='lat' dir='ltr'><strong>Vide</strong></span> 
     </span>
    </p>
   </div>
  </div>
