4230 6282
327 226 433 300 66:

1475 243 1811 305 EPISTOLA
1849 246 1943 305 AD
1980 247 2478 312 FORTUNATUM.

3536 270 3644 331 662

330 357 454 417 eulo
506 356 697 415 liberat
755 355 1010 456 populum
1061 374 1246 427 suum,
1302 363 1524 433 protegit
1585 362 1869 419 liberatum
1906 371 2113 433 :Atus
2157 373 2438 440 apostolus
2484 374 2714 445 Paulus,
2767 384 2824 434 ut
2887 379 3021 437 ﬁdes
3071 391 3257 439 nostra
3302 385 3548 456 proﬁciat
3589 403 3645 447 et

336 453 474 521 Quid
509 453 604 505 hoc
633 452 807 518 nobis,
847 451 1122 524 inquiunt,
1162 455 1327 526 feciin
1364 455 1419 510 in
1456 456 1704 525 ejiciendo
1748 473 1839 513 nos
1868 458 1931 512 de

332 542 608 617 ZEgypto?
655 544 835 597 melius
877 554 952 601 est
983 554 1008 581 υ
1037 544 1178 600 nobis
1231 547 1418 601 seruire
1465 545 1729 619 lEgyptiis
1779 565 1930 620 quant

332 640 464 695 mori
486 638 513 677 ι)
533 639 586 692 in
613 638 890 694 solitudine
915 638 1033 694 hac.
1061 637 1131 695 Et
1153 640 1283 696 dixit
1314 640 1520 713 Moyses
1542 643 1612 696 ad
1640 644 1886 715 populum
1913 661 1931 700 :

330 728 527 795 Fidite,
558 738 606 782 et
632 738 762 784 state
783 739 839 796 α,
860 740 908 784 et
934 731 1127 786 cernite
1150 732 1368 786 salutem
1388 748 1504 804 qua:
1529 749 1562 788 a
1584 732 1805 790 Domino
1827 746 1929 804 est,

332 839 483 892 quam
507 823 644 878 vobis
683 824 837 894 faciet
866 822 1064 879 hodie:
1113 823 1364 881 Dominus
1402 827 1512 897 ipse
1554 828 1800 900 pugnabit
1839 846 1933 900 pro

332 917 470 973 vobis
493 957 509 983 ,
539 925 583 971 et
626 931 708 972 vos
751 917 979 971 tacebitis
1010 915 1209 989 (Exod.
1244 934 1359 985 xw,
1391 919 1501 989 11).
1534 921 1687 989 Quod
1713 937 1812 979 nos
1840 923 1933 981 ad-

332 1023 559 1066 monens
587 1009 640 1064 in
672 1008 962 1079 Evangelia
986 1023 1089 1065 suo
1117 1008 1411 1080 Dominus,
1434 1020 1493 1068 et
1524 1012 1728 1070 docens
1763 1029 1831 1070 ne
1866 1015 1932 1071 ad

332 1102 601 1161 diabolum
641 1116 830 1158 rursus
857 1110 912 1159 et
946 1101 1014 1158 ad
1057 1103 1347 1173 smcnlum,
1377 1105 1575 1176 quibus
1604 1108 1936 1164 renuntiavi-

332 1210 455 1253 mus
504 1203 557 1251 et
608 1194 748 1253 unde
786 1196 1090 1262 evasimus,
1138 1204 1501 1264 revertamur,
1545 1199 1717 1255 dicit:
1765 1200 1934 1257 Nemo

332 1298 467 1344 retro
534 1288 797 1345 attendens
855 1298 904 1345 et
948 1307 1302 1363 superponens
1347 1309 1554 1348 manum
1591 1310 1737 1350 suam
1782 1312 1935 1368 super

329 1388 580 1447 aratrum,
610 1389 759 1449 aptus
787 1390 860 1436 est
888 1398 1042 1454 regno
1060 1380 1157 1438 Dei
1189 1381 1342 1456 (Luc.
1368 1400 1441 1451 ix,
1467 1385 1578 1459 ϐξ).
1608 1386 1677 1441 Ει
1704 1388 1931 1443 iterum:

329 1472 398 1529 Et
422 1474 509 1545 qui
536 1474 589 1529 in
616 1490 741 1546 agro
761 1485 974 1542 est,nou
1000 1485 1320 1532 convertatur
1346 1486 1480 1532 retro
1498 1474 1548 1533 ἀ.
1582 1477 1832 1535 Memores
1854 1496 1934 1536 es-

330 1574 434 1622 tote
461 1567 632 1623 uxoris
656 1564 790 1621 Loth
808 1565 959 1637 (Luc.
984 1583 1117 1635 xvn,
1150 1568 1268 1638 31).
1292 1570 1389 1635 Ac,
1420 1584 1487 1624 ne
1506 1568 1625 1639 quis
1650 1568 1827 1640 aliqua
1853 1572 1935 1627 vel

326 1658 619 1730 cupiditate
638 1674 841 1725 rerum,
856 1659 938 1715 vel
952 1674 1173 1717 suorum
1192 1657 1474 1719 dulcedine
1488 1661 1788 1718 retardetur
1804 1678 1937 1733 quo-

2032 470 2242 515 crescat
2284 473 2338 516 et
2391 463 2457 518 ad
2504 479 2715 523 summa
2764 474 3070 539 perveniat,
3117 475 3361 532 hortatur
3413 479 3642 540 dicens:

2038 549 2256 608 Nescitis
2279 557 2518 624 quoniam
2546 560 2631 630 qui
2660 560 2717 615 in
2738 564 2904 619 stadio
2918 578 3128 623 currunt
3156 578 3221 637 ω,
3247 587 3421 627 omnes
3440 576 3644 644 quidem

2034 656 2270 715 currunt,
2312 663 2443 703 unus
2472 657 2638 706 tamen
2658 660 2686 686 υ
2707 655 2893 725 accipit
2922 660 3189 729 palmam?
3238 660 3328 717 Sic
3374 667 3560 722 currite
3590 683 3645 725 ut

2035 738 2289 807 occupetis
2313 750 2358 795 ".
2385 738 2453 794 Et
2481 742 2559 797 illi
2578 742 2783 814 quidem
2813 756 2866 799 ut
2890 752 3268 821 corruptibilem
3290 771 3531 813 coronam
3557 778 3646 816 ac-

2035 831 2254 923 cipiant,
2284 849 2371 890 vos
2405 845 2574 891 autent
2621 839 2974 909 incorruptam
3012 843 3071 915 (Ι
3103 844 3223 901 Cor.
3252 865 3302 902 ix
3323 892 3340 916 ,
3395 850 3464 909 24
3484 852 3524 923 ).
3575 854 3645 911 Ει

2036 918 2228 980 iterum
2261 926 2464 985 :Nemo
2492 928 2716 987 militans
2749 931 2861 989 Deo
2902 935 3089 1009 obligat
3130 955 3184 995 se
3214 944 3453 1000 molestiis
3478 918 3643 1002 siccu—

2044 1017 2265 1085 laribus,
2295 1030 2349 1075 nt
2381 1023 2539 1092 possit
2568 1024 2771 1093 placere
2806 1028 2851 1081 ei
2880 1029 2961 1082 cui
2990 1046 3043 1085 se
3073 1036 3322 1101 probavit.
3370 1036 3477 1093 Sed
3519 1051 3563 1096 et
3599 1042 3644 1096 si

2035 1112 2292 1167 certaverit
2317 1113 2448 1182 quis,
2481 1130 2582 1169 non
2610 1118 2930 1173 coronabitur
2948 1162 2963 1187 ,
2994 1123 3092 1177 nisi
3121 1124 3342 1196 legitime
3365 1146 3630 1199 pugnave-

2036 1204 2100 1257 rit
2149 1204 2215 1276 (ll
2246 1202 2380 1258 Tim.
2424 1219 2496 1271 ιι,
2528 1205 2609 1278 4).
2642 1208 2706 1263 Ει
2753 1210 2944 1267 iterum
2977 1229 2992 1266 :
3022 1212 3126 1269 Uro
3164 1226 3331 1271 autem
3371 1235 3486 1288 vos,
3530 1225 3640 1294 fra-

2039 1305 2172 1361 tres,
2219 1313 2308 1367 per
2345 1298 2744 1356 misericordiam
2792 1301 2920 1372 Dei,
2972 1313 3025 1358 ut
3068 1309 3384 1366 constituatis
3427 1330 3642 1385 corpora

2037 1396 2201 1443 vestra
2250 1388 2466 1442 hostiam
2516 1391 2792 1458 viventem,
2838 1405 3102 1464 sanctam,
3155 1401 3439 1469 placentem
3488 1404 3640 1472 Deo;

2039 1498 2128 1537 nec
2154 1482 2540 1552 conﬁguremini
2562 1496 2588 1534 P
2610 1486 2797 1542 stauulo
2837 1487 2982 1557 huic,
3006 1492 3094 1546 sed
3122 1496 3558 1564 transformamini
3586 1502 3640 1556 in

2037 1574 2362 1628 renovatione
2385 1576 2594 1644 spiritus
2626 1589 2675 1646 ιι,
2718 1582 2786 1634 ad
2808 1583 3126 1648 probandum
3151 1603 3264 1656 qua:
3304 1589 3367 1643 sit
3408 1591 3640 1649 voluntas

2040 1661 2133 1717 Dei
2162 1664 2291 1718 bona
2324 1675 2372 1720 et
2404 1666 2611 1739 placens
2640 1678 2685 1725 et
2717 1676 2939 1742 perfecta
2992 1673 3166 1743 (lloin.
3202 1694 3291 1746 ιιι,
3327 1679 3399 1751 1).
3436 1682 3503 1738 Ει
3534 1686 3637 1740 itc-

322 1753 505 1808 minus
532 1751 801 1811 Christum
823 1762 1099 1824 sequatur,
1135 1754 1284 1817 addit
1319 1764 1374 1811 et
1405 1754 1536 1813 dicit
1560 1775 1572 1811 :
1605 1755 1705 1824 Qui
1725 1773 1826 1812 non
1851 1774 1933 1812 re-
1960 1762 2008 1822 B
2034 1769 2153 1809 rum
2179 1773 2191 1809 :
2226 1755 2418 1814 Sumus
2437 1759 2533 1827 ﬁlii
2556 1759 2657 1815 Dei
2685 1777 2703 1815 :
2732 1762 2775 1817 si
2805 1774 2974 1820 autem
2992 1776 3012 1803 τ
3043 1767 3161 1835 ﬁlii,
3188 1780 3234 1826 et
3267 1770 3508 1839 heredes,
3526 1778 3637 1831 lite-

322 1846 523 1900 nuntiat
551 1846 780 1903 omnibus
802 1863 917 1915 qum
945 1858 1061 1904 sunt
1086 1850 1198 1921 ejus
1214 1858 1260 1917 ε.
1288 1866 1390 1906 non
1434 1859 1594 1920 potest
1639 1867 1779 1908 meus
1820 1868 1929 1909 esse

320 1938 602 2010 discipulus
621 1939 772 2012 (Luc.
800 1957 912 2011 xtv,
946 1943 1065 2015 55).

318 2066 487 2115 CAPUT
536 2066 652 2108 γιιι.
701 2082 776 2097 --
820 2054 1171 2112 Ιηειθτεηουι
1241 2070 1367 2112 883E
1433 2071 1504 2111 ET
1553 2071 1925 2114 PBRSEVERAN-

388 2161 496 2201 DUI
525 2162 578 2200 IN
607 2161 729 2202 FIDE
753 2163 822 2202 ΕΤ
847 2150 1079 2209 νιιιτιιτιι
1100 2190 1115 2218 ,
1144 2164 1211 2204 ιτ
1243 2164 1515 2207 οωιεετιε
1544 2165 1609 2207 AC
1636 2165 1926 2208 SPIRITALIB

389 2253 595 2294 ειιΑτιΑε
620 2253 1093 2310 οοιιειιιιιιλτιοκε,
1139 2256 1209 2298 UT
1239 2258 1307 2298 AB
1335 2258 1549 2299 PALIAI
1581 2259 1650 2299 ΕΤ
1677 2259 1923 2302 CORONA"

393 2345 570 2387 P068"
595 2347 900 2389 PERVENIII.

314 2448 325 2481 ί
388 2448 447 2504 in
475 2448 959 2521 Paralipomenon:
1004 2448 1256 2507 Dominus
1282 2453 1540 2508 uobiscum
1583 2462 1693 2521 est,
1734 2471 1918 2525 quam.

320 2541 410 2596 diu
437 2551 483 2596 et
509 2556 596 2596 eos
620 2540 640 2580 ί
666 2543 785 2597 estis
814 2559 927 2598 cum
945 2544 1077 2614 ipso.
1098 2544 1162 2601 Si
1184 2554 1356 2601 autem
1385 2546 1747 2618 dereliqueritis
1774 2566 1887 2603 eum
1904 2591 1919 2616 ,

319 2633 631 2706 derelinquet
661 2650 749 2690 vos
807 2635 875 2707 (ΙΙ
908 2634 1037 2692 Par.
1075 2653 1164 2703 xv,
1194 2636 1273 2711 9.).
1324 2637 1451 2694 item
1482 2637 1623 2709 apud
1663 2639 1923 2697 Ezechie-

317 2728 421 2784 lem
454 2745 467 2782 :
491 2728 702 2784 Iustitia
716 2730 849 2801 justi
875 2746 975 2785 non
1005 2730 1231 2787 liberabit
1255 2748 1389 2801 eum,
1412 2733 1465 2787 in
1503 2749 1816 2806 quacumque
1839 2736 1921 2789 die

318 2822 621 2877 exerraverit
640 2831 665 2870 κ
690 2819 902 2891 (Ezech.
929 2823 1247 2898 xxxni,12).
1268 2824 1398 2880 Item
1428 2824 1481 2880 in
1509 2824 1799 2897 Evangelia
1818 2826 1922 2882 Do-

316 2915 494 2970 minus
524 2914 758 2985 loquitur
786 2926 842 2970 et
871 2914 1037 2973 dicit:
1082 2918 1185 2985 Qui
1231 2918 1622 2990 perseveraverit
1668 2933 1825 2989 usque
1866 2919 1921 2972 in

318 3003 539 3074 linem”,
573 3006 654 3060 hic
682 3008 851 3063 salvus
891 3008 983 3063 erit
1020 3007 1035 3044 ί
1067 3007 1279 3082 (Matth.
1303 3027 1370 3076 x,
1416 3008 1533 3083 22).
1560 3008 1627 3062 Et
1672 3008 1865 3063 iterum
1905 3030 1917 3064 :

319 3098 384 3154 Si
407 3101 784 3170 perinanseritis
809 3101 858 3155 in
880 3100 1026 3155 verbo
1054 3118 1162 3157 meo
1188 3145 1200 3168 ,
1239 3119 1352 3157 vere
1376 3102 1618 3174 discipuli
1647 3102 1744 3155 mei
1764 3103 1880 3156 estis
1900 3145 1915 3172 ,

319 3200 365 3245 et
404 3195 718 3264 cognoscetis
747 3195 1037 3260 veritatem,
1071 3205 1116 3249 et
1146 3196 1327 3250 ueritas
1360 3196 1588 3250 liberabit
1626 3212 1712 3251 vos
1733 3194 1912 3267 (Joan.

320 3299 447 3351 vni,
495 3287 629 3358 51).
675 3287 1021 3342 Ριίριηοιιειιε
1067 3302 1279 3359 quoque
1310 3302 1406 3344 nos
1453 3296 1666 3359 paratos
1709 3302 1925 3359 semper

318 3393 440 3436 esse
468 3380 665 3437 debere
683 3425 697 3451 ,
731 3390 785 3438 et
811 3380 1089 3450 expeditos
1112 3381 1165 3436 in
1189 3379 1465 3451 procinctu
1496 3380 1721 3437 ﬁrmiter
1747 3390 1920 3445 stare,

318 3470 467 3526 addit
493 3472 692 3527 etdicit
720 3490 735 3528 :
768 3473 884 3528 Sint
909 3472 1066 3528 lumbi
1090 3474 1240 3529 vestri
1268 3474 1526 3543 prwcincti
1554 3473 1600 3541 ἱ,
1632 3481 1675 3528 ει
1704 3473 1926 3528 lncernte

319 3564 588 3632 ardentes;
615 3577 661 3620 et
687 3581 772 3620 vos
799 3567 984 3621 similes
1017 3565 1302 3621 hominibus
1327 3566 1729 3636 exspectantibus
1755 3565 1923 3620 domi—

320 3671 439 3710 num
461 3673 630 3720 suum,
644 3657 847 3727 quando
875 3667 1154 3713 revertatur
1175 3656 1199 3696 ¹ί
1220 3675 1253 3711 a
1274 3659 1487 3728 nuptiis;
1503 3667 1577 3725 ut,
1598 3674 1713 3711 cum
1740 3658 1927 3711 venerit

321 3755 367 3801 et
389 3747 679 3819 pulsaverit,
700 3749 930 3825 aperiant
949 3749 1014 3804 ei.
1028 3746 1173 3805 Beati
1197 3746 1215 3786 1
1236 3749 1367 3804 serui
1395 3748 1489 3816 illi,
1506 3764 1632 3819 quos
1656 3747 1926 3801 adveniens

323 3837 556 3895 dominus
577 3839 819 3896 invenerit
850 3842 1116 3913 vigilantes
1149 3839 1301 3912 (Luc.
1334 3856 1442 3907 xu,
1479 3839 1592 3910 55).
1622 3839 1753 3894 Item
1792 3839 1920 3895 beao

2032 1846 2176 1901 redes
2214 1848 2414 1915 quidem
2448 1849 2564 1918 Dei,
2599 1854 2885 1911 colueredes
2911 1866 3081 1912 autem
3112 1860 3324 1928 Christi;
3359 1865 3402 1918 si
3431 1866 3635 1936 quidem

2031 1941 2400 2011 compatiamur
2419 1984 2433 2008 ,
2464 1952 2517 1997 nt
2532 1952 2579 1998 et
2596 1948 3096 2020 commagniﬁcemur
3115 1961 3135 1988 ⁸
3159 1952 3337 2027 (Rom.
3360 1972 3452 2013 vur
3468 1999 3485 2025 ,
3520 1958 3629 2031 17).

2031 2030 2099 2087 Et
2142 2035 2193 2087 in
2232 2034 2551 2107 Apocalypsi
2580 2036 2769 2095 eadem
2802 2038 3038 2112 loquitur
3065 2043 3259 2101 divina:
3283 2030 3627 2117 prtedicatia-

2030 2121 2113 2177 nis
2144 2122 2375 2180 hortatio
2395 2167 2409 2191 ,
2459 2126 2646 2184 dicens
2680 2148 2691 2185 :
2727 2128 2862 2187 Tene
2892 2135 2905 2169 ί
2934 2135 3069 2203 quod
3095 2135 3268 2204 habes,
3289 2155 3352 2194 ne
3377 2140 3509 2196 alius
3547 2159 3634 2197 ac-

2028 2214 2187 2286 cipiat
2230 2233 2470 2273 coronam
2500 2229 2640 2276 tuam
2682 2222 2864 2293 (Apoc.
2894 2241 2971 2292 ιιι,
3002 2225 3112 2299 il).
3144 2227 3297 2296 Quod
3325 2234 3631 2304 exemplum

2031 2310 2099 2341 ’6⁷
2120 2312 2499 2382 perseverandi
2522 2323 2574 2371 et
2605 2317 2952 2386 permanendi
2989 2319 3299 2391 designatur
3321 2323 3376 2379 in
3407 2324 3594 2384 Exodo
3613 2369 3628 2392 ,

2028 2404 2115 2460 ubi
2163 2403 2394 2476 Moyses,
2421 2404 2487 2462 ad
2532 2408 2892 2478 superandum
2938 2412 3228 2482 Amalech,
3271 2416 3361 2486 qui
3404 2418 3627 2488 ﬁguram

2027 2498 2272 2568 portabat
2298 2499 2523 2569 diaboli,
2552 2501 2605 2557 in
2634 2499 2787 2573 signo
2814 2512 2868 2559 et
2896 2516 3230 2563 sacramento
3247 2509 3421 2566 crucis
3444 2520 3472 2549 ιι
3501 2513 3631 2569 alle-

2027 2590 2184 2645 vabat
2227 2580 2449 2660 supinas
2490 2608 2699 2648 manus.
2731 2593 2842 2650 Nec
2872 2596 3090 2653 vincere
3135 2599 3501 2659 adversarium
3535 2620 3629 2674 po-

2029 2683 2160 2748 tuit,
2193 2683 2294 2737 nisi
2323 2693 2602 2754 postquam
2636 2684 2842 2741 stabilis
2883 2687 2937 2743 in
2964 2689 3117 2760 signo
3144 2690 3387 2749 allevatis
3422 2695 3626 2766 jugilcr

2026 2776 2271 2831 manibus
2316 2776 2699 2845 perseveravit.
2739 2777 2836 2833 «Et
2882 2779 3077 2835 factum
3106 2791 3212 2845 est.
3247 2785 3449 2854 inquit,
3505 2804 3626 2842 cum

2026 2868 2241 2923 levabat
2263 2866 2474 2938 Moyses
2503 2881 2723 2934 manus,
2745 2870 3065 2937 praevalebat
3088 2872 3284 2939 Israel;
3319 2875 3407 2928 ubi
3448 2887 3626 2932 autem

2024 2959 2345 3016 submiserat
2375 2974 2594 3025 manus,
2627 2958 2990 3016 invalescebat
3030 2962 3310 3019 Amalech.
3359 2966 3426 3021 Et
3470 2982 3625 3023 acce-

2024 3063 2115 3125 pto
2144 3064 2169 3091 ν
2205 3053 2380 3125 lapide
2426 3061 2823 3124 supposuerunt
2863 3052 2964 3110 sub
2989 3068 3083 3122 eo,
3108 3064 3162 3111 et
3203 3055 3427 3114 sedebat
3465 3073 3629 3132 super

1945 3157 1991 3220 ρ
2022 3161 2168 3201 eum.
2199 3144 2265 3200 Et
2300 3148 2480 3200 Aaron
2509 3153 2562 3199 et
2585 3143 2665 3217 llr
2699 3144 3075 3201 sustentabant
3117 3162 3307 3203 manus
3346 3149 3461 3220 ejus
3504 3150 3629 3207 hinc

2023 3246 2076 3293 et
2102 3236 2260 3302 inde;
2290 3247 2344 3292 et
2379 3236 2532 3291 iactae
2557 3243 2682 3292 sunt
2710 3250 2901 3291 manus
2935 3236 3103 3310 Moysi
3130 3240 3348 3297 stabiles
3379 3257 3547 3313 usque
3575 3245 3627 3297 in

2025 3343 2273 3385 occasum
2304 3327 2453 3384 solis.
2484 3326 2550 3383 Et
2588 3326 2789 3398 fugavit
2826 3327 2984 3385 Jesus
3012 3332 3308 3402 Amalech,
3337 3343 3391 3390 et
3412 3350 3627 3411 omnem

2025 3420 2279 3492 populum
2310 3419 2426 3491 ejus
2454 3428 2501 3473 ι.
2532 3418 2603 3474 Et
2625 3417 2759 3476 dixit
2781 3420 3041 3478 Dominus
3065 3422 3133 3479 ad
3159 3423 3416 3497 Moysen:
3444 3424 3630 3484 Scribe

2028 3514 2132 3571 hoc
2159 3524 2215 3570 ut
2251 3514 2320 3571 sit
2351 3513 2607 3570 memoria
2637 3523 2667 3561 ι’
2693 3514 2746 3569 in
2788 3514 2927 3571 libro
2946 3556 2962 3583 ,
2991 3523 3047 3570 et
3069 3514 3135 3571 da
3179 3518 3233 3571 in
3273 3531 3432 3577 aures
3457 3518 3583 3575 Jesu
3613 3538 3627 3574 :

2028 3607 2281 3679 quoniam
2325 3604 2597 3661 delatione
2640 3603 2850 3662 deleam
2885 3616 2907 3643 7-
2929 3606 3247 3663 memoriam
3278 3607 3534 3665 Amalech
3560 3613 3630 3667 de

2030 3699 2131 3757 sub
2154 3698 2294 3755 caelo
2317 3705 2372 3734 ειη
2395 3696 2554 3770 (Exo.
2572 3711 2684 3753 χιιι
2702 3736 2719 3766 ,
2749 3697 2894 3768 11).»

1536 3929 1921 3989 LECTIONES
1963 3916 2381 3985 VARIANTES.

388 4027 412 4056 °
440 4027 616 4078 Melius
637 4036 747 4079 erat
770 4028 893 4079 Bod.
919 4031 968 4078 5.

385 4084 415 4123 1)
450 4090 603 4123 “nam
624 4092 762 4123 ηιιίιιι.
799 4095 859 4123 Ar
905 4093 968 4123 nn

390 4090 415 4123 ι)
450 4090 604 4148 Quam
624 4092 762 4139 obire
788 4095 876 4143 Ar.
898 4090 1023 4145 Bod.
1047 4091 1095 4140 2.
1801 4146 1813 4156 ,
1844 4118 1848 4120 ~

390 4153 416 4224 ἦ
442 4150 599 4224 ﬁdem
618 4159 670 4201 et
688 4159 814 4224 state
836 4154 960 4224 Bod.
988 4155 1035 4204 1.
1059 4152 1201 4204 State
1224 4148 1436 4224 fidentes
1454 4148 1695 4224 eLvidet‘e
1720 4149 1856 4224 ξριν.

392 4210 1017 4307 «I‘quleymvestimeutum
1041 4228 1179 4269 suum
1199 4214 1288 4266 Ar.
1321 4213 1455 4263 Lam.
1476 4210 1620 4262 Ebor.
1640 4211 1765 4263 Bod.
1790 4210 1835 4263 2.
1859 4212 1927 4260 N.

331 4274 810 4407 σ’ξιριὲιιζῖιξιιζιιυω
826 4337 1157 4407 possidebit}

394 4394 1243 4472 Ξρμεξηξάίιξὶοξβοαςινθὲνίο,
1498 4471 1505 4472 ,
1640 4470 1657 4472 η
1768 4457 1797 4472 ..

395 4462 420 4501 ε
444 4458 506 4510 Ει
530 4460 760 4523 iniquitas
782 4462 931 4524 iniqui
952 4457 1045 4511 non
1066 4457 1252 4525 afﬂiget
1276 4474 1405 4530 cum,
1422 4470 1728 4570 quacumque
1753 4457 1835 4510 die
1852 4470 1939 4508 re-

350 4536 506 4570 rctsus
522 4519 671 4570 fuerit
692 4522 756 4570 ab
780 4524 1115 4570 iniquitatibus
1136 4525 1239 4570 suis
1260 4521 1400 4570 addit
1470 4535 1562 4570 oss.
1590 4521 1636 4570 1.

332 4536 506 4576 versus
522 4519 671 4571 fuerit
692 4522 756 4571 ab
780 4519 1115 4585 iniquitatibus
1136 4519 1239 4575 suis
1260 4519 1400 4575 addit
1426 4519 1562 4575 V088.
1590 4521 1636 4570 1.

393 4584 420 4654 ιδ
446 4583 695 4659 Εδμυςέια
720 4583 865 4659 πίεεθιξι
894 4583 998 4659 li"-

402 4647 414 4684 ἱ
447 4646 717 4694 Salvabitur
744 4648 868 4697 Bod.
895 4648 942 4696 4.

402 4707 417 4782 j
453 4707 793 4782 hunib'igvestri
813 4711 1017 4782 accincti
1035 4710 1181 4782 [οδε.

398 4772 421 4808 k
450 4769 648 4827 Quando
665 4772 829 4819 veniat
854 4773 991 4820 Lam.
1026 4769 1167 4819 Ebor.
1196 4771 1301 4820 ΝΟ.
1339 4771 1386 4819 ιι.
1413 4769 1539 4820 Bod.
1570 4769 1774 4834 135,4.

406 4833 421 4871 1
466 4831 658 4871 Ιςίιιίορς
687 4832 768 4871 Ar-
800 4832 902 4871 Rm!
940 4835 953 4871 1
1007 4834 1051 4871 '2,
1082 4834 1126 4871 .ιῄ

406 4833 421 4871 1
465 4831 658 4880 Felices
681 4832 770 4881 Ar.
796 4832 920 4883 Bod.
939 4835 981 4891 l,
1007 4834 1055 4892 2,
1082 4834 1128 4881 4.

398 4896 436 4925 ⁸³³
456 4894 697 4953 Quoniam
718 4895 764 4942 hi
789 4898 872 4953 qui
896 4896 947 4945 in
966 4895 1124 4945 stadio
1146 4899 1348 4945 currunt
1372 4893 1496 4945 Bod.
1527 4896 1568 4943 1.

398 4955 1023 5026 llllUSBOJ._i,.5.m
1083 5019 1092 5026 _
1150 5020 1173 5026 Α
1515 5018 1546 5026 η
1632 5011 1647 5026 __
1765 5019 1774 5026 _
1925 5016 1934 5026 .

394 5021 419 5047 °
449 5016 509 5068 Ut
532 5016 962 5082 contprehendatis
986 5019 1107 5070 Bod.
1140 5020 1296 5082 Oxon,
1322 5016 1485 5069 addit:
1510 5018 1678 5068 Omnis
1698 5019 1828 5068 enim
1853 5016 1940 5079 qui

2025 4017 2247 4078 agonizat
2269 4014 2322 4078 in
2338 4010 2561 4078 omnibus
2570 4012 2838 4078 continens
2850 4016 2956 4078 gest.

2092 4080 2132 4149 1³⁸
2141 4076 2359 4149 Hostiam
2376 4077 2536 4149 vivam
2559 4071 2685 4149 eod.
2710 4075 2757 4149 1.,
2777 4076 2823 4137 2,
2847 4075 2965 4149 §,_4.
2986 4071 3294 4149 Itationabile
3312 4074 3630 4149 ministerium

2029 4143 2250 4190 vestrum
2268 4135 2371 4190 Lin.
2408 4142 2547 4201 Voss.
2569 4139 2614 4187 1.
2636 4135 2950 4201 Rationabile
2988 4139 3279 4201 obsequium
3301 4145 3517 4189 vestrum
3542 4153 3555 4200 ;
3583 4144 3635 4192 ct

2036 4200 2194 4252 nolite
2220 4200 2513 4261 contigurari
2535 4197 2663 4250 Bod.
2690 4200 2737 4248 4.

2099 4266 2127 4304 (ι
2153 4260 2490 4312 Βθιιονιιὶίοιιθ
2512 4275 2689 4312 sensus
2714 4260 2839 4311 Bod.
2864 4261 2911 4311 3.

2099 4328 2122 4355 τ
2150 4324 2329 4373 Sumus
2348 4323 2448 4383 lilii,
2475 4324 2516 4372 si
2543 4333 2706 4373 autem
2729 4324 2855 4374 Bod.
2881 4325 2928 4372 1.

2103 4390 2125 4416 ⁸
2155 4384 2307 4435 Simul
2326 4385 2652 4448 gloriﬁcemur
2674 4385 2800 4436 Bod.
2819 4388 2867 4434 5.

2108 4448 2129 4481 ί
2158 4448 2318 4507 Tene,
2336 4446 2499 4510 inquit
2519 4446 2643 4497 Bod.
2672 4449 2719 4510 1.
2742 4448 2791 4496 ι.

2101 4513 2131 4542 ιι
2156 4509 2211 4558 in
2234 4511 2376 4570 signo
2397 4507 2558 4558 crucis
2575 4507 2695 4558 Bod.
2722 4510 2796 4559 1.!

2106 4577 2133 4602 γ
2162 4568 2502 4622 lnvalesccbat
2524 4570 2774 4633 Amalech.
2796 4568 2893 4633 Sed
2918 4568 3258 4633 manusMoysi
3277 4581 3456 4632 graves
3479 4573 3636 4630 erant,

2039 4640 2091 4687 et
2110 4640 2311 4698 accepto
2340 4636 2532 4698 Ver._et
2547 4629 2768 4683 similiter
2785 4630 2893 4698 ἐξ.
2904 4630 2982 4698 μά
3011 4631 3147 4692 Quir.
3173 4629 3217 4681 ἐ.
3246 4629 3348 4682 xit.

2094 4699 2123 4728 ι
2152 4691 2590 4759 υι·ἐιιι)ροι·ιξ11)3ιιῐ
2615 4691 2883 4759 νοω-π
2902 4693 2950 4740 2.

2101 4762 2130 4800 γ
2148 4754 2520 4821 l?opulit'm_eju_s
2537 4758 2583 4804 in
2602 4769 2699 4821 ore
2720 4754 2866 4821 gladii
2899 4759 3015 4807 Ver.

2106 4822 2128 4849 τ
2165 4817 2451 4868 Mémoriale
2471 4818 2563 4866 Ar.
2592 4817 2715 4869 Bod.
2741 4817 2789 4866 3.

2107 4884 2163 4912 ’³⁸
2192 4881 2382 4931 Delebo
2393 4880 2519 4930 Bod.
2533 4880 2581 4928 4.

2106 4941 2167 4981 bb
2194 4942 2250 4993 In
2274 4943 2631 5006 sempiternum
2656 4943 2790 4993 Lam.
2818 4941 2961 4995 Ebor.
2986 4941 3095 4996 ΝΟ.
3125 4941 3168 4994 1.
3198 4942 3389 4996 Bod.2.

1543 5102 1785 5156 STEPII.
1840 5093 2112 5155 BALUZII
2158 5088 2380 5148 NOTAE.

329 5221 586 5304 notasad
611 5220 880 5292 epistolam
925 5234 1075 5289 xxvi,
1118 5234 1241 5292 pag.
1282 5216 1412 5286 412,
1464 5215 1551 5274 ubi
1599 5231 1699 5271 vox
1748 5214 1936 5272 eadem

327 5301 617 5363 reperitur.

398 5406 530 5461 Car.
558 5402 747 5461 ιιι-
772 5402 837 5458 In
858 5403 1124 5475 ejiciendo.
1152 5401 1331 5458 Codex
1360 5399 1622 5475 Fanensis
1651 5396 1934 5475 educendo,

328 5486 383 5534 ct
405 5493 529 5531 ιιιοχ
554 5493 724 5531 eremo
747 5490 842 5545 pro
868 5469 1161 5530 Soliturliite.
1196 5474 1341 5527 Ilanc
1383 5472 1621 5526 ultimam
1651 5469 1937 5524 lectionem

328 5547 624 5618 prwfertmt
658 5556 769 5601 tres
795 5546 883 5600 alii
910 5545 1029 5600 libri
1050 5554 1286 5599 veteres.

404 5639 812 5696 (Isp.Vltl.—F
815 5641 961 5695 elices
991 5640 1139 5694 servi.
1156 5636 1232 5691 ιω
1257 5651 1443 5691 omnes
1458 5643 1669 5692 veteres
1684 5633 1946 5690 editiones

327 5720 455 5767 ante
495 5711 879 5767 Patnelianam.
912 5710 1113 5766 Eodem
1143 5722 1353 5779 quoque
1381 5707 1541 5764 modo
1586 5708 1842 5778 scriptum
1866 5711 1947 5757 est

334 5782 388 5839 in
408 5782 561 5840 libris
583 5784 783 5843 nostris
824 5792 879 5842 ct
902 5782 954 5839 in
981 5780 1310 5852 Anglicanls.

2117 5206 2184 5261 Ut
2210 5206 2483 5278 occupetis.
2512 5202 2716 5278 Postea
2748 5204 2867 5262 istic
2894 5206 3142 5278 sequitur
3186 5206 3240 5261 in
3273 5206 3509 5278 editione
3532 5205 3643 5262 Ma-

2039 5280 2253 5336 nntiana
2302 5287 2355 5332 et
2407 5276 2458 5330 in
2502 5274 2813 5332 Comeliana
2841 5274 3178 5348 segmentum
3226 5278 3415 5333 istud:
3467 5277 3645 5332 Omnis

2043 5352 2176 5407 enim
2200 5348 2285 5417 qui
2312 5348 2566 5417 agonizat,
2598 5347 2858 5402 continens
2883 5345 2977 5403 est.
3006 5345 3209 5403 Verum
3236 5364 3357 5403 cum
3400 5348 3530 5402 illud
3559 5348 3647 5403 de-

2045 5424 2116 5477 sit
2141 5422 2192 5475 ln
2214 5416 2405 5474 'codice
2431 5416 2802 5486 Seguieriano,
2836 5418 2890 5472 in
2912 5418 3147 5486 antiquis
3198 5419 3558 5483 editionibus,
3589 5432 3643 5473 et

2046 5494 2099 5548 in
2129 5489 2385 5546 omnibus
2409 5487 2561 5543 libris
2601 5488 2893 5555 veteribus,
2934 5487 3143 5544 duobus
3174 5491 3415 5558 exceptis
3441 5532 3454 5553 ,
3489 5490 3644 5543 addi-

2048 5573 2157 5618 ttnn
2189 5576 2219 5615 e
2247 5559 2501 5630 Manutio,
2536 5562 2795 5630 omissum
2824 5577 2853 5615 a
2882 5559 3127 5630 Murellio
3152 5601 3167 5627 ,
3194 5559 3388 5615 deinde
3433 5560 3644 5630 reposi—

2045 5643 2161 5689 tum
2191 5647 2219 5683 a
2252 5629 2506 5690 Patnelio.
2542 5643 2641 5683 nos
2662 5629 2985 5689 delevimus.
3013 5629 3143 5686 Vide
3166 5641 3319 5686 notas
3346 5632 3411 5686 ad
3432 5631 3616 5703 Episto
3640 5663 3648 5670 -

2050 5704 2152 5755 lam
2182 5716 2295 5755 Vill.
2324 5716 2443 5755 οῖδα.
2473 5700 2598 5755 595.

2049 5704 2152 5758 lam
2182 5716 2295 5763 Vill,
2324 5716 2443 5763 pag.
2473 5703 2598 5757 395.

2122 5716 2759 5844 illiiim'sizotiodex
2777 5771 3191 5847 Seguietianus,
3219 5770 3398 5846 fugavit
3424 5770 3648 5841 Moqsee,
