4230 6282
588 327 693 385 665

2010 330 2147 389 DIVI
2181 331 2506 391 CYPRIANI

3795 359 3907 421 665

634 459 803 500 meur
842 444 913 500 is.
944 444 1116 500 --An
1156 458 1257 500 uoc
1286 458 1579 501 pnessunss
1616 459 1697 500 ur
1725 459 2153 505 PERSECUTIONES
2216 454 2266 516 Λ
2294 466 2443 524 spem
2471 462 2709 511 nostram
2742 459 3059 527 consistere,
3105 470 3159 518 et
3198 468 3580 538 congressione
3622 471 3705 528 illa
3727 472 3904 546 justas

1076 555 1218 595 ruam
1234 581 1249 607 ,
1281 555 1349 597 υτ
1380 554 1678 596 ruoneuun.

657 655 722 709 In
767 654 1227 711 Deuteronomio:
1261 655 1442 710 Tentat
1491 672 1577 711 vos
1622 655 1875 711 Dominus
1925 657 2064 714 Deus
2106 676 2186 715 ve-

582 755 716 811 ster,
742 754 798 801 ut
826 748 958 802 sciat
984 748 1027 803 si
1067 748 1299 819 diligitis
1318 748 1610 805 Dominum
1654 751 1823 806 Deum
1854 760 2094 808 vestrum
2121 769 2184 810 ex

586 847 700 894 toto
736 840 900 897 corde
929 853 1143 908 vestro,
1187 851 1241 896 et
1285 857 1349 896 ex
1396 851 1506 897 tota
1547 844 1723 898 anima
1764 854 1981 911 vestra,
2024 853 2079 900 et
2122 859 2188 901 ex

587 938 692 985 tota
746 933 930 988 virtute
981 944 1145 989 rastra
1188 935 1385 1006 (Deut.
1440 952 1571 1003 xm,
1598 935 1683 1007 5).
1718 936 1785 991 Et
1811 936 2002 993 iterum
2046 934 2185 1006 apud

583 1021 926 1081 Salomonem
967 1045 978 1082 :
1040 1026 1171 1081 Vasa
1216 1028 1359 1100 ﬁguli
1400 1028 1581 1097 probat
1623 1032 1841 1099 famam,
1884 1040 1931 1084 et
1962 1031 2189 1087 homines

582 1114 755 1184 justas
814 1120 1020 1172 tentatio
1065 1118 1405 1173 tribulationis
1461 1118 1667 1187 (Eccli.
1712 1136 1780 1184 ιι,
1830 1119 1933 1193 5).
1993 1122 2189 1177 Paulus

584 1223 799 1279 quoque
830 1212 974 1279 paria
1014 1220 1237 1267 testatur
1265 1228 1327 1267 ac
1355 1212 1590 1283 loquitur
1626 1214 1849 1270 dicens:
1897 1215 2189 1272 Gloriamar

584 1301 635 1353 in
662 1318 751 1370 spe
779 1303 1024 1356 claritatis
1052 1303 1181 1369 Dei;
1199 1321 1297 1358 non
1325 1305 1490 1358 solum
1513 1316 1698 1371 autem,
1715 1308 1804 1361 sed
1834 1317 1881 1362 et
1906 1310 2190 1379 gloriamur

580 1392 636 1444 in
683 1394 966 1460 pressaris,
1034 1397 1245 1449 scientes
1302 1399 1540 1466 quoniam
1590 1415 1827 1468 pressura
1872 1402 2187 1458 tolerantiam

581 1493 837 1553 operatur,
869 1487 1133 1540 tolerantia
1162 1497 1328 1542 autem
1355 1491 1732 1559 probationem,
1760 1495 1991 1563 probatio
2017 1508 2189 1551 autem

579 1590 719 1643 spem
746 1589 765 1628 :
787 1591 900 1645 spes
928 1587 1094 1631 autem
1121 1596 1221 1633 non
1257 1583 1524 1653 confundit
1556 1624 1567 1648 ,
1604 1586 1723 1659 quia
1752 1585 1952 1642 dilectio
1982 1587 2077 1643 Dei
2106 1591 2189 1643 in-

582 1667 700 1736 fusa
730 1676 753 1701 ιι
777 1679 847 1721 est
874 1670 925 1722 in
947 1670 1182 1725 cordibus
1210 1675 1394 1728 nostris
1422 1691 1510 1744 per
1551 1675 1803 1747 Spiritum
1849 1690 2078 1735 sanctam
2105 1684 2190 1753 qui

578 1759 727 1814 datus
757 1772 828 1815 est
855 1764 998 1817 nobis
1040 1763 1233 1836 (Rom.
1294 1782 1351 1833 ν,
1410 1769 1444 1823 5
1537 1770 1603 1824 Et
1633 1771 1823 1827 Petrus
1865 1773 1915 1828 in
1950 1774 2188 1846 Epistula

2291 544 2359 599 ad
2403 545 2597 620 divina!
2635 548 2777 605 sedis
2807 559 2861 605 et
2889 552 3077 609 salutis
3126 563 3343 614 teterute
3383 562 3664 632 praemium
3712 544 3903 636 perve-

2292 639 2428 706 nire,
2460 639 2511 693 in
2542 639 2757 695 Psalmo
2801 659 2926 698 xxv:
2971 647 3122 715 ponit
3162 658 3215 703 ct
3240 647 3370 706 dicit
3404 668 3419 709 :
3459 653 3522 709 Si
3561 655 3751 712 directa
3788 662 3903 731 [ue-

2290 732 2391 785 riut
2416 732 2470 785 in
2498 748 2577 786 me
2604 744 2791 801 castra,
2824 752 2926 790 non
2955 737 3144 793 timebit
3172 757 3260 795 cor
3289 759 3458 799 meatu
3482 764 3501 802 :
3528 756 3575 801 et
3602 750 3645 803 si
3670 766 3901 809 exsurre-

2290 824 2419 877 xerit
2449 839 2602 895 super
2630 842 2709 880 me
2734 828 2939 896 bellum,
2962 830 3016 884 in
3061 830 3196 885 illud
3223 850 3315 906 ego
3344 838 3557 908 sperabo
3578 837 3626 894 ιι.
3682 840 3850 897 Unam
3879 858 3896 883 ι

2292 917 2414 985 petii
2441 933 2472 971 a
2502 917 2721 973 Domina
2747 920 2759 969 i
2782 963 2796 988 ,
2826 922 2957 977 hanc
2978 926 3259 994 requiram,
3293 940 3348 983 ut
3372 931 3646 986 inhabilem
3673 935 3725 988 in
3752 936 3903 993 doma

2292 1008 2502 1065 Domini
2527 1027 2615 1081 per
2643 1029 2819 1068 omnes
2839 1016 2945 1070 dies
2972 1018 3087 1072 vita:
3105 1035 3248 1074 metu.
3277 1021 3408 1078 Item
3434 1025 3484 1079 in
3514 1026 3697 1081 Exodo
3718 1028 3902 1085 decla-

2292 1113 2376 1158 rat
2403 1103 2674 1175 Scriptura
2702 1106 2879 1162 divina
2925 1113 3189 1180 pressuris
3210 1116 3556 1188 multiplicari
3597 1136 3692 1177 nos
3722 1124 3900 1192 potius

2291 1204 2345 1249 et
2373 1196 2578 1266 augeri,
2631 1196 2817 1253 dicens
2849 1217 2861 1252 :
2894 1199 3194 1273 Quantaque
3219 1221 3304 1261 eos
3345 1209 3713 1281 deprimebant,
3760 1226 3901 1272 tanta

2292 1288 2463 1356 plures
2488 1290 2697 1358 ﬁebant,
2725 1300 2771 1345 et
2796 1291 3163 1350 invalescebant
3192 1301 3355 1371 magis
3387 1300 3581 1373 (Exod.
3617 1320 3656 1370 ι,
3699 1307 3806 1378 12).
3834 1309 3901 1366 Et

2292 1377 2345 1432 in
2366 1380 2687 1451 Apocalypsi
2717 1383 2979 1452 protectio
3009 1384 3186 1442 divina
3205 1392 3535 1459 promittitur
3557 1397 3897 1465 passionibus

2293 1474 2491 1528 nostris
2522 1490 2535 1527 :
2571 1474 2742 1543 Nihil,
2763 1476 2953 1548 inquit,
2996 1495 3171 1535 eorum
3210 1484 3388 1540 timeas
3421 1503 3535 1557 quae
3571 1505 3816 1559 passurus
3843 1512 3897 1549 es

2297 1564 2480 1635 (Apoc.
2508 1582 2567 1632 ιι,
2602 1568 2713 1639 10).
2754 1568 2864 1625 Nec
2889 1570 3024 1626 alius
3045 1575 3387 1631 securitatem
3415 1578 3570 1635 nobis
3598 1591 3655 1637 et
3685 1595 3897 1653 protec-

2296 1656 2490 1712 tionem
2512 1658 2813 1728 pollicetur,
2837 1677 2996 1732 quam
3022 1665 3111 1734 qui
3134 1676 3186 1720 et
3212 1681 3308 1737 per
3335 1668 3547 1725 Esaiam
3581 1675 3895 1744 prophetam

2296 1748 2538 1820 loquitur
2561 1751 2746 1808 dicens
2771 1771 2785 1807 :
2816 1752 2945 1809 Noli
2967 1756 3162 1825 timere,
3199 1760 3319 1828 quia
3346 1770 3394 1815 te
3420 1764 3631 1829 redemi,
3659 1776 3707 1819 et
3730 1771 3901 1823 vocavi

580 1866 676 1907 sua
709 1855 857 1923 punit
904 1865 957 1911 et
998 1857 1128 1912 dicit
1158 1878 1170 1913 :
1216 1859 1535 1930 Charissimi,
1569 1865 1723 1919 nolite
1752 1867 1928 1921 mirari
1953 1842 2184 1925 ardorem

2296 1850 2342 1895 te
2371 1842 2574 1896 nomine
2595 1853 2707 1908 tuo;
2723 1860 2863 1899 meus
2878 1861 2931 1900 es
2953 1854 3027 1899 tu.
3050 1846 3118 1901 Et
3138 1850 3182 1902 si
3201 1852 3465 1907 transieris
3484 1870 3573 1923 per
3595 1871 3803 1926 aquam,
3829 1869 3902 1914 te—

581 1945 887 2000 accidentent
918 1948 1088 2016 vobis,
1135 1953 1219 2019 qui
1250 1954 1318 2004 ad
1346 1956 1670 2010 tentationem
1713 1969 1929 2012 vestram
1971 1961 2030 2029 [it
2048 1978 2066 2025 ;
2098 1979 2190 2016 nec

583 2039 852 2105 excidatis,
877 2050 1132 2109 tamquam
1165 2061 1348 2099 novum
1393 2048 1587 2117 aliquid
1615 2049 1752 2104 vobis
1775 2052 2052 2124 contingat.
2083 2054 2191 2109 Sed

583 2134 995 2205 quotiescumque
1032 2140 1411 2193 communicatis
1458 2141 1649 2196 Christi
1702 2146 2056 2214 passionibus,
2100 2166 2190 2219 per

578 2224 750 2277 omnia
775 2227 1027 2296 gaudete;
1057 2239 1110 2283 ut
1139 2241 1186 2283 et
1222 2232 1276 2284 iu
1317 2233 1620 2288 ret'elatioae
1640 2238 1777 2305 facta
1800 2236 2050 2292 claritatis
2076 2242 2189 2310 ejus

582 2319 863 2386 gaudentes
892 2321 1195 2377 exultetisb.
1226 2323 1285 2379 Si
1324 2325 1855 2396 improperaturvobis
1893 2332 1946 2384 in
1990 2334 2190 2388 nomine

580 2408 771 2463 Christi
788 2420 832 2475 ο,
850 2412 979 2466 beati
993 2414 1132 2481 estis,
1147 2417 1264 2482 quia
1284 2418 1562 2486 majestatis
1589 2426 1632 2471 et
1654 2419 1849 2473 virtutis
1866 2402 2076 2475 Domini
2096 2440 2189 2478 no-

578 2518 693 2556 men
710 2504 762 2557 in
780 2505 916 2560 vobis
936 2509 1360 2579 requiescit:qaad
1376 2511 1577 2578 quidem
1593 2514 1866 2567 secundum
1884 2512 2035 2569 illosd
2053 2516 2185 2572 blas-

581 2594 868 2661 phematur,
885 2599 1160 2653 secundant
1174 2616 1265 2655 nos
1290 2614 1457 2656 autem
1478 2604 1756 2659 honoratur
1772 2604 1791 2677 (
1799 2605 1812 2658 Ι
1824 2605 1966 2662 Petr.
1980 2623 2054 2676 tv,
2072 2608 2183 2682 12).

581 2741 751 2784 CAPUT
791 2746 842 2784 Χ.
874 2750 1228 2793 -ΤΙᾺΙΒΝΒΛΘ
1280 2754 1381 2795 NON
1408 2756 1549 2803 ESSE
1599 2758 1831 2800 INJURIAS
1881 2760 1949 2800 ΕΤ
1998 2761 2188 2804 1³(ΕΝΔ8

655 2840 1087 2883 PERSECUTIONUM
1107 2872 1122 2897 ,
1165 2847 1288 2895 QUIA
1316 2848 1481 2889 NAJOB
1510 2849 1604 2889 EST
1634 2850 1859 2892 DOIIINUS
1888 2855 1956 2893 AD
1983 2854 2185 2895 PROTH-

651 2933 893 2985 GENDUM,
925 2934 1067 2983 QUAM
1094 2938 1351 2980 DIABOLUS
1378 2942 1447 2979 Αυ
1477 2941 1873 2984 IHPUGNANDUM.

650 3050 883 3109 Joannes
924 3055 974 3109 in
1024 3057 1259 3127 Epistula
1302 3076 1398 3116 sua
1450 3062 1639 3132 prohat
1680 3064 1869 3121 dicens
1895 3077 1917 3104 θ
1955 3085 1967 3123 :
2014 3067 2189 3139 Major

587 3149 762 3217 estqui
792 3149 842 3203 in
870 3152 1006 3205 vobis
1033 3163 1127 3220 est,
1145 3170 1297 3223 quam
1323 3156 1406 3225 qui
1432 3157 1486 3209 in
1505 3157 1599 3211 ista
1617 3159 1864 3229 ntundo(l
1888 3160 1977 3216 Ja.
2013 3161 2179 3235 n34).

2294 1950 2410 1988 cum
2423 1951 2554 2000 sum,
2571 1945 2615 1990 et
2628 1937 2845 2005 ﬂamina
2857 1950 2906 1993 te
2921 1955 3021 1994 non
3034 1942 3377 2013 inundabunt,
3394 1956 3441 1999 et
3454 1948 3498 2001 si
3516 1950 3780 2005 transieris
3810 1970 3903 2022 per

2293 2024 2459 2096 ignem
2478 2024 2524 2092 κ,
2546 2043 2646 2081 ιιοη
2659 2028 2967 2084 combareris
2987 2042 3031 2086 et
3054 2034 3266 2102 ﬂamma
3282 2044 3329 2090 te
3341 2053 3442 2091 non
3470 2039 3743 2106 camburet,
3767 2060 3897 2111 qua-

2293 2123 2431 2176 niam
2461 2139 2552 2195 ego
2602 2123 2855 2181 Dominus
2887 2126 3022 2182 Deus
3063 2138 3194 2190 tuus.
3222 2132 3444 2188 Sanctus
3474 2132 3663 2202 Israel,
3713 2141 3804 2208 qui
3843 2150 3894 2195 te

2292 2214 2489 2269 salvum
2518 2217 2652 2286 [acia
2682 2215 2780 2288 (Is.
2812 2234 2959 2285 Lxm,
2992 2221 3103 2290 11).
3131 2222 3228 2290 Qui
3256 2231 3313 2277 et
3335 2223 3733 2296 inEvangelio1
3755 2243 3885 2298 pro-

2292 2306 2456 2362 mittit
2486 2307 2747 2362 auxilium
2777 2308 3016 2365 divinum
3046 2310 3117 2344 "‘3
3145 2312 3237 2368 Dei
3268 2315 3441 2369 servis
3477 2316 3528 2370 in
3553 2319 3892 2385 persecutio-

2293 2399 2454 2455 nibus
2481 2413 2588 2454 non
2618 2400 2945 2469 defuturum,
2966 2402 3152 2459 dicens
3181 2421 3194 2457 :
3223 2404 3351 2461 Cum
3369 2415 3538 2461 autem
3564 2424 3651 2464 vos
3673 2412 3898 2466 tradide-

2290 2492 2413 2558 rint,
2446 2492 2601 2546 nolite
2625 2494 2851 2563 cogitare
2864 2510 2964 2563 quo
2988 2495 3140 2549 modo
3159 2504 3248 2549 aut
3270 2497 3390 2567 quid
3407 2497 3683 2569 loquamini
3706 2516 3737 2566 ;,
3752 2502 3896 2557 dabi-

2293 2592 2374 2636 tur
2412 2583 2547 2637 enim
2584 2584 2721 2638 vobis
2750 2585 2805 2639 in
2842 2585 2935 2639 illa
2961 2585 3088 2640 hora
3115 2587 3240 2656 quid
3273 2586 3593 2658 loquamini:
3623 2607 3725 2645 non
3763 2594 3894 2647 enim

2290 2691 2375 2732 vos
2402 2678 2520 2731 estis
2546 2678 2632 2747 qai
2658 2677 2943 2747 loquimini,
2972 2678 3062 2733 sed
3098 2680 3311 2746 spiritus
3340 2678 3517 2736 Patris
3553 2683 3638 2753 qui
3671 2683 3893 2753 loquitur

2289 2771 2342 2824 in
2363 2770 2500 2824 vobis
2517 2768 2910 2843 (Matth.x,10).
2931 2771 2997 2826 Et
3018 2761 3244 2827 iterum:
3266 2771 3453 2828 Ponite
3472 2775 3525 2828 in
3542 2775 3777 2831 cordibus
3791 2793 3894 2831 ves-

2288 2864 2380 2917 tris
2408 2880 2510 2918 non
2550 2864 2895 2933 praemeditari
2924 2880 3165 2920 excusare
3197 2881 3216 2918 :
3257 2882 3348 2937 ego
3397 2867 3529 2921 enim
3587 2869 3717 2923 dabo
3756 2871 3892 2926 vobis

2288 2973 2345 3011 as
2376 2966 2421 3010 et
2450 2958 2751 3027 sapientiam
2769 2967 2810 2993 ηι
2840 2958 2923 3012 cui
2948 2974 3052 3012 non
3076 2967 3309 3027 poterunt
3346 2960 3578 3015 resistere
3613 2961 3894 3018 aduersarii

2287 3050 2437 3104 vestri
2462 3048 2612 3121 (Luc.
2645 3064 2738 3115 χιι,
2765 3049 2874 3120 11).
2912 3049 3064 3105 Sicut
3097 3051 3150 3104 in
3172 3050 3364 3106 Exodo
3391 3052 3457 3113 ad
3485 3052 3704 3125 Moysen
3733 3070 3893 3112 cunc-

2290 3152 2489 3199 tantem
2512 3151 2567 3198 et
2592 3142 2659 3197 ad
2691 3143 3052 3213 populum‘ire
3101 3144 3461 3214 trepidantem
3492 3147 3632 3204 Deus
3660 3149 3893 3221 loquitur

582 3238 715 3294 Item
748 3242 799 3295 in
834 3242 1045 3297 Psalmo
1075 3259 1217 3300 cxvn
1252 3265 1264 3300 :
1303 3247 1423 3301 Non
1470 3259 1690 3304 metuant
1744 3255 1865 3321 quid
1914 3254 2039 3309 mihi
2093 3256 2175 3326 fa-

2285 3236 2467 3292 dicens
2493 3252 2507 3291 :
2536 3236 2660 3303 Quis
2687 3236 2824 3291 dedit
2845 3254 2901 3292 os
2926 3238 3158 3292 homini?
3186 3247 3233 3293 et
3260 3240 3374 3309 quis
3401 3240 3517 3311 fecit
3546 3244 3841 3313 magilalant
3865 3248 3892 3301 ?

580 3333 681 3385 ciat
707 3334 876 3397 homo,
909 3334 1162 3391 Dominus
1188 3339 1312 3391 mihi
1341 3342 1614 3395 auxiliator
1639 3353 1713 3397 est
1740 3345 1812 3416 (Ῡ
1838 3387 1849 3400 .
1885 3344 1962 3417 6).
1993 3347 2061 3402 Et
2087 3348 2189 3404 ite-

583 3439 704 3478 rum
739 3442 752 3478 :
786 3424 886 3479 Isti
914 3427 966 3479 in
994 3429 1224 3482 curribus
1252 3440 1299 3483 et
1328 3431 1412 3484 isti
1439 3433 1491 3486 in
1511 3434 1668 3501 equis,
1694 3452 1785 3488 nos
1811 3448 1979 3491 autem
2006 3440 2059 3491 in
2090 3455 2185 3493 no-

584 3514 720 3570 mine
754 3516 955 3571 Domini
978 3517 1074 3573 Dei
1103 3522 1263 3575 nostri
1289 3524 1725 3594 utagniﬁcabimus
1752 3525 1793 3579 τ.
1832 3526 1945 3597 Ipsi
1982 3530 2189 3600 obligati

582 3618 701 3662 sunt
720 3618 745 3655 ε
772 3618 819 3663 ει
848 3612 1133 3666 ceciderunt
1161 3630 1179 3665 :
1207 3631 1297 3668 nos
1324 3625 1493 3671 autem
1519 3619 1831 3674 surreximus
1850 3629 1895 3674 et
1924 3622 2075 3675 erecti
2098 3638 2186 3675 su-

584 3716 698 3755 mus
718 3700 837 3769 (Ps.
854 3718 963 3770 xu,
981 3702 1056 3776 8).
1077 3704 1142 3759 Et
1168 3705 1342 3762 adhuc
1365 3707 1554 3764 fortius
1582 3710 1785 3769 docens
1814 3721 1868 3766 et
1896 3712 2185 3769 ostendens

581 3794 811 3866 Spiritus
855 3811 1071 3855 sanctus
1118 3809 1291 3857 castra
1333 3801 1529 3857 diaboli
1579 3818 1685 3859 non
1742 3806 1996 3873 timenda,
2039 3817 2093 3863 et
2138 3808 2182 3862 si

578 3888 781 3944 bellum
828 3889 981 3944 nobis
1027 3890 1196 3948 hostis
1243 3892 1515 3963 indixerit,
1569 3895 1623 3950 in
1668 3895 1785 3967 ipso
1832 3897 2003 3969 magis
2041 3898 2184 3954 bello

2291 3340 2338 3387 et
2363 3333 2474 3400 quis
2503 3330 2717 3386 surdam
2733 3331 2802 3384 In?
2828 3332 3000 3401 etquis
3027 3331 3337 3387 videntemet
3364 3336 3774 3389 cwcum?nonne
3795 3354 3887 3408 ego

2292 3424 2539 3480 Dominus
2562 3425 2739 3480 Deus?
2765 3423 2830 3478 Et
2858 3441 2992 3479 nunc
3014 3441 3184 3497 perge,
3212 3434 3258 3480 et
3283 3442 3372 3496 ego
3401 3430 3628 3496 aperiam
3648 3445 3704 3484 os
3726 3438 3887 3497 tuam,

2291 3531 2336 3574 et
2378 3522 2629 3575 instruam
2660 3528 2706 3573 te
2729 3520 2852 3590 quid
2881 3518 3101 3589 loquaris
3134 3517 3331 3591 (Exod.
3362 3535 3434 3586 tv,
3463 3522 3573 3592 11).
3604 3521 3712 3577 Nec
3747 3522 3890 3577 difﬁ-

2290 3614 2393 3669 cile
2432 3621 2515 3667 est
2559 3611 2669 3665 Deo
2714 3610 2925 3681 aperire
2966 3623 3026 3663 os
3058 3609 3289 3665 hominis
3316 3608 3494 3665 devoti
3520 3611 3645 3676 sibi,
3678 3622 3732 3667 et
3760 3627 3891 3667 con—

2292 3705 2481 3762 fessori
2505 3718 2603 3758 suo
2632 3703 2892 3773 inspirare
2916 3700 3269 3758 constantiam
3297 3710 3351 3756 et
3380 3701 3629 3757 fiduciam
3660 3704 3887 3775 loquen-

2288 3801 2382 3870 di,
2440 3800 2529 3871 qui
2590 3798 2642 3852 iu
2696 3796 2944 3852 Numeris
2993 3795 3251 3851 adversus
3304 3795 3520 3850 Balaam
3575 3796 3889 3868 prophetam

2288 3898 2448 3953 etiam
2477 3892 2683 3949 asinam
2710 3891 2896 3949 fecerit
2919 3890 3062 3961 loqui
3101 3886 3287 3961 (Nunt.
3313 3904 3450 3956 χχιι,
3480 3888 3595 3963 50).
3632 3890 3807 3959 Quare
3833 3892 3888 3947 in

1819 4012 2203 4071 LECTIONES
2241 4011 2545 4072 VARIANT
2556 4010 2655 4066 ES.

643 4125 670 4190 εξ
705 4125 1159 4190 Sicjlanutl’am.
1180 4125 1291 4190 Rig.
1318 4130 1457 4179 Voss.
1485 4129 1600 4190 1.2.
1630 4128 1716 4177 Lin
1737 4133 1783 4177 et
1806 4125 1841 4190 ζ.
1864 4128 1911 4176 '5.
1933 4130 1999 4178 ad
2028 4126 2169 4189 Quir.

574 4200 618 4237 c.
644 4187 689 4235 6.
720 4185 900 4235 Ditl‘usa
930 4188 1059 4237 Lam.
1088 4184 1380 4252 EborQ'NC.
1406 4192 1453 4238 2.
1491 4188 1626 4253 Spir.
1680 4193 1785 4241 Vel.
1810 4186 1987 4241 inuam.
2029 4184 2169 4244 Eros.

579 4247 755 4298 Morel.
784 4249 930 4298 Grav.

579 4252 755 4299 Morel.
784 4252 930 4298 Grav.

636 4308 665 4346 b
680 4312 945 4361 Gaudeatis
962 4324 1014 4361 et
1034 4311 1271 4362 exultetis
1294 4313 1415 4364 Bad.
1434 4314 1480 4364 4.

638 4376 660 4403 ο
700 4375 906 4423 Nomine
921 4374 1042 4423 Jesu
1069 4374 1194 4425 Bad.
1220 4375 1267 4425 4.

634 4435 661 4473 (1
699 4436 925 4500 l’erillos
946 4436 1080 4500 Spir.

638 4501 663 4561 ἳ
698 4499 841 4547 Ponit
862 4505 915 4548 et
935 4498 1052 4548 dicit
1068 4498 1204 4561 Spir.

642 4558 664 4595 ι
692 4560 1029 4631 litvpcabimus
1068 4558 1158 4610 Ar.
1186 4562 1310 4613 Bad.
1336 4564 1377 4625 1,
1396 4563 1445 4626 2,
1466 4566 1514 4615 4.
1536 4566 1658 4617 Ben.
1690 4569 1809 4617 Ver.
1834 4565 2171 4631 magniﬁcabi-
2194 4561 2248 4622 D

556 4634 675 4751 ψυδῖ
694 4628 1025 4751 ᾒῆἕὲοριιμειι
1060 4691 1173 4751 sunt
1193 4688 1351 4751 pedes
1373 4691 1463 4739 Ar.
1486 4690 1593 4739 ΝΟ.
1619 4691 1719 4750 1,2.
1748 4692 1881 4741 Lam.
1899 4691 2173 4742 Ebor.Vos.

573 4748 621 4796 1.
648 4746 751 4797 Lin.
782 4746 902 4797 Bad.
933 4748 975 4809 1,
995 4748 1171 4799 2.11m.
1197 4746 1325 4803 'Ver.
1351 4753 1447 4802 Ox.
1474 4751 1569 4815 Ipsi
1592 4746 1795 4815 obligati
1816 4761 1926 4803 sunt
1950 4760 2003 4803 et
2020 4755 2178 4817 Impr.

2343 4128 2371 4167 ιι
2399 4128 2452 4192 in
2476 4126 2560 4178 illo
2577 4123 2903 4192 egosperabo
2918 4125 3067 4192 foss.
3092 4122 3139 4192 1.

2346 4192 2363 4229 ί
2404 4190 2564 4240 Unum
2584 4181 2731 4253 p‘étii;
2753 4189 2885 4253 Laut.
2904 4184 3054 4253 _El_tor.
3082 4182 3188 4253 _Liu.
3217 4181 3339 4253 B_o_d.
3368 4184 3410 4245 1,
3436 4184 3482 4232 ι.

2346 4253 2360 4303 i
2389 4253 2496 4303 Hoc
2523 4244 2782 4312 exquiram
2807 4247 2933 4299 Bad.
2956 4247 3049 4312 1.4.
3074 4247 3207 4312 Lam.
3231 4244 3379 4312 ιῑιιρι·Ζ

2342 4317 2372 4355 ιί
2399 4314 2482 4365 Sic
2516 4307 2631 4364 Ver'.
2660 4317 2773 4361 Vat.
2800 4312 2935 4360 Lam.
2963 4309 3066 4359 Liu.
3089 4309 3197 4359 ΝΟ.
3224 4310 3266 4358 1.
3290 4307 3335 4357 2.
3366 4310 3506 4359 Voss.
3537 4309 3580 4358 1.
3607 4307 3732 4371 Bad.
3763 4307 3807 4371 1,
3828 4309 3876 4370 2,

2280 4378 2328 4427 δ’
2344 4390 2535 4498 ἶεὸῇέῗί
2545 4374 2891 4498 (3³13ῗὲςέἨὲ
2896 4385 3072 4498 ⁷ξλνίοικ

2337 4503 2375 4530 ³η
2402 4495 2469 4551 Os
2488 4501 2741 4563 sapientia:
2757 4495 2886 4563 'Bad.
2905 4496 2953 4545 4.

2337 4566 2365 4592 υ
2488 4540 2953 4612 ῖῖἓῖέῆἆιὲιῖλιῖί
2974 4559 3104 4608 Lam.
3133 4556 3277 4607 Ebor.
3305 4558 3353 4608 Ν
3360 4557 3412 4607 C.
3441 4556 3484 4611 1.
3511 4554 3561 4605 2.
3585 4557 3715 4607 Lam.
3750 4540 3879 4610 had.

2278 4628 2321 4676 1.
2346 4627 2391 4676 4.
2418 4625 2603 4688 Mutum
2627 4624 2754 4688 Imp.
2779 4621 2966 4671 Mutum
2990 4628 3043 4670 et
3062 4620 3366 4683 loquentem,
3390 4618 3675 4671 audientem
3700 4626 3751 4669 et
3772 4635 3880 4671 sur-

2282 4688 2397 4738 dum
2420 4685 2545 4738 Bod.
2572 4689 2619 4735 5.

1796 4857 2041 4914 STEPH.
2098 4857 2372 4916 BALUZIl
2422 4855 2651 4914 NOTAE.

640 4966 770 5023 CAP.
795 4967 941 5021 X.-—-
964 4967 1241 5024 Timendas
1287 4987 1389 5024 non
1430 4987 1554 5025 esse.
1591 4972 1944 5028 Restituimus
1988 4973 2040 5028 in
2070 4972 2173 5029 hoc

567 5038 687 5113 loco
731 5039 835 5092 duo
866 5041 1288 5113 membragistius
1315 5043 1515 5109 periodi
1545 5058 1663 5113 qua)
1683 5043 1986 5098 Mauutiaua
2006 5045 2170 5098 editio

564 5110 941 5181 omiserat,sed
958 5111 1239 5181 Morellius
1251 5110 1580 5181 reposuerat.
1601 5114 1927 5168 Carnuntem
1960 5124 2171 5169 exstent

561 5180 617 5233 in
650 5181 898 5255 omnibus
925 5180 1158 5246 antiquis
1180 5180 1525 5255 editionibus,
1557 5185 1859 5254 putavimus
1886 5199 2002 5241 esse
2017 5199 2171 5255 repo-

562 5251 735 5306 nenda
762 5269 776 5317 ;
807 5266 928 5305 nam
959 5260 1169 5307 veteres
1196 5252 1317 5307 libri
1348 5267 1453 5309 non
1478 5251 1795 5325 repugnant.

632 5364 769 5441 Quia
794 5368 961 5441 major
981 5373 1056 5421 est
1086 5366 1352 5441 Dominus.
1389 5367 1615 5423 Rufinus
1638 5369 1728 5425 lib.
1762 5385 1799 5441 t.
1848 5368 1986 5424 Hist.
2040 5374 2161 5441 ρει-ζ.

560 5448 682 5504 cap.
707 5437 796 5512 54..
829 5436 1005 5512 Longe
1028 5439 1204 5512 major
1223 5451 1297 5492 est
1341 5441 1429 5509 qui
1465 5456 1558 5512 uos
1597 5440 1853 5512 defendit,
1885 5458 2036 5509 quam
2076 5436 2163 5508 qui

553 5508 886 5577 persequitur.
918 5507 1061 5562 Idem
1093 5509 1144 5563 in
1176 5508 1266 5564 Ps.
1298 5507 1423 5564 ml.
1459 5509 1632 5566 Fortis
1662 5507 1905 5565 armatus
1929 5507 2161 5568 diabolus

558 5586 653 5655 est,
680 5579 930 5655 quihuuc
959 5580 1210 5655 mundam
1236 5580 1543 5655 possidebat.
1578 5581 1686 5637 Sed
1712 5582 1944 5638 Christus
1969 5601 2027 5638 eo
2052 5588 2160 5655 far-

555 5647 654 5701 tior
678 5649 879 5703 veniens
904 5651 1073 5720 ipsum
1101 5647 1301 5705 devicit.

634 5738 747 5810 Ipsi
776 5740 984 5816 obligati
1010 5752 1149 5816 sunt.
1180 5742 1305 5816 Haec
1330 5753 1411 5800 est
1446 5745 1709 5816 scriptura
1753 5740 1999 5804 veterum
2043 5748 2155 5804 edi-

572 5808 777 5864 ionum.
804 5808 921 5877 Quo
951 5813 1112 5868 etiam
1141 5814 1300 5870 modo
1325 5816 1535 5885 legebat.
1557 5808 1749 5872 'auctor
1769 5817 1891 5874 libri
1918 5820 1985 5877 de
2015 5818 2151 5883 Pro,-

2275 4973 2596 5028 utissionibus
2626 4981 2669 5027 et
2700 4971 3114 5043 prtedictionibus
3149 4969 3241 5043 Dei
3265 4970 3586 5041 interOpera
3608 4971 3881 5043 Prosperi.

2272 5044 2426 5114 Angli
2456 5040 2815 5114 prtuterm'issa
2861 5040 3093 5097 lectione
3149 5042 3233 5096 illa
3255 5085 3269 5109 ,
3304 5040 3599 5111 posuerunt
3650 5040 3768 5098 Illis
3794 5060 3885 5097 co-

2276 5117 2441 5184 pulati
2461 5113 2469 5114 “
2489 5124 2603 5169 sunt
2636 5114 2803 5181 pedes.
2835 5113 3008 5181 Quam
3040 5114 3324 5167 lectionem
3353 5114 3555 5168 habent
3578 5114 3880 5169 octodecim

2274 5186 2603 5253 exemplaria
2654 5194 2872 5251 nostra,
2926 5185 3085 5239 etiam
3140 5184 3590 5253 Seguierianum,
3620 5193 3672 5238 ct
3714 5184 3879 5240 editio

2275 5256 2520 5322 Morclli,
2555 5267 2665 5311 tum
2717 5256 2878 5310 etiam
2925 5269 2988 5309 ea
3039 5268 3159 5325 quae
3210 5255 3409 5309 dicitur
3431 5254 3637 5309 Gravii.
3673 5254 3877 5309 Nonius

2275 5327 2588 5397 Marcellus:
2620 5326 2947 5397 Capulantur
2977 5341 3074 5396 pro
3104 5325 3366 5395 copulant.
3394 5325 3461 5381 Et
3502 5325 3665 5396 paulo
3694 5325 3831 5380 intra
3860 5345 3873 5380 :

2275 5395 2592 5466 Capulantur
2616 5395 2717 5467 pro
2745 5395 3079 5467 conjauguut.

2336 5465 2709 5539 Congressioue
2764 5465 2876 5522 illa.
2928 5465 3109 5524 Codex
3142 5465 3528 5538 Seguieriauus
3568 5470 3884 5539 congressio-

2264 5555 2379 5593 nem
2408 5540 2552 5595 illam
2570 5541 2852 5609 justorum.

2335 5609 2666 5681 Magitalam.
2694 5610 2769 5663 Ita
2816 5610 3102 5682 legendum
3127 5625 3249 5667 esse
3281 5611 3521 5668 indicant
3544 5624 3735 5682 omnes
3760 5609 3874 5666 fere

2261 5680 2381 5735 libri
2414 5680 2622 5752 veteres
2650 5682 2847 5752 quibus
2877 5680 3005 5737 usus
3035 5696 3179 5748 sum,
3209 5683 3260 5736 in
3293 5685 3481 5749 primis
3501 5697 3630 5737 vero
3646 5681 3874 5751 Seguie-

2259 5752 2458 5807 rianus.
2492 5751 2913 5807 Editio’Maoutii
2941 5763 2996 5808 et
3036 5753 3208 5808 codex
3255 5753 3517 5809 Fuxensis
3576 5752 3871 5821 praeferunt

2204 5855 2215 5864 ο
2256 5824 2569 5896 mollegium.
2604 5825 2674 5880 At
2718 5824 3020 5895 magilalum
3053 5824 3103 5879 in
3152 5824 3264 5879 suis
3315 5824 3712 5895 exemplaribus
3740 5823 3885 5893 legit'
