4230 6282
375 249 483 307 665

1523 257 1858 318 EPISTOLA
1895 261 1988 318 AD
2028 263 2522 327 FORTUNATUII.

3574 292 3684 352 666

373 363 1024 473 persecutionibuspcmo
1047 367 1249 473 cogitet
1276 369 1416 441 quod
1462 373 1755 473 periculum
1781 376 1968 433 diabo-
1995 389 2046 449 Α
2074 387 2261 442 multos
2284 388 2464 459 fallent
2489 388 2706 461 (Matth.
2738 409 2881 465 xxiv,
2902 397 2981 470 4).
3012 398 3277 473 Incipietis
3305 413 3472 462 autem
3502 413 3682 471 audire

373 459 455 514 lus
474 460 542 512 im
552 466 745 529 portet,
761 457 853 514 sed
881 459 1046 515 immo
1064 461 1368 518 consideret
1395 465 1534 535 quod
1552 469 1810 524 auxilium
1832 470 1973 527 Deus

370 558 592 622 praestet
636 567 649 604 :
700 564 799 605 nec
838 561 1074 607 mentem
1110 551 1393 610 Iabefactet
1420 556 1649 612 humana
1681 558 1967 631 infestatio,

370 642 467 700 sed
491 640 810 698 corroboret
836 641 995 698 ﬁdem
1024 642 1201 698 divina
1234 647 1495 715 protectio
1527 664 1542 702 :
1571 650 1787 719 quando
1811 668 1971 710 unus-

369 736 616 806 quisque,
651 734 947 790 secundum
982 735 1253 791 Dominica
1282 739 1545 809 promissa
1573 749 1598 777 α
1628 750 1685 797 et
1711 742 1972 801 Iidei'suae

372 830 584 895 merita,
621 836 825 883 tantum
852 828 1077 900 accipiat
1105 828 1173 885 de
1199 829 1294 885 Dei
1321 845 1424 902 ope
1460 841 1715 904 quantum
1757 849 1817 891 se
1855 852 1971 895 cre-

370 920 461 976 dat
489 921 763 992 accipere;
807 936 906 977 nec
931 923 999 977 sit
1028 922 1171 993 quod
1199 922 1554 995 Omnipotens
1583 939 1840 998 prmstare
1866 947 1969 988 non

373 1012 561 1084 possit,
596 1012 699 1069 nisi
726 1014 770 1069 si
796 1013 1111 1085 accipientis
1133 1014 1266 1072 lides
1290 1016 1491 1074 caduca
1516 1018 1545 1057 δ
1576 1019 1854 1080 defecerit.

366 1187 538 1228 CAPUT
569 1187 643 1226 XI.
677 1204 746 1212 —
776 1188 915 1228 ANTE
943 1189 1263 1229 PREDICTUM
1304 1190 1430 1232 ESSE
1476 1193 1614 1243 QUOD
1641 1194 1738 1235 NOS
1763 1197 1969 1240 HUNDUS

438 1282 560 1323 ODIO
580 1282 874 1322 ιιΑΒιτυιιυε
896 1282 1079 1335 ESSET,
1098 1283 1166 1323 ET
1183 1283 1321 1334 QUOD
1337 1285 1758 1328 PERSECUTIONES
1771 1291 1969 1330 ADVER-

436 1373 539 1414 SUM
562 1371 658 1415 NOS
679 1374 1008 1427 EXCITARET,
1027 1376 1094 1414 ET
1115 1375 1253 1423 QUOD
1275 1377 1421 1417 NIHIL
1440 1378 1623 1419 NOVUI
1640 1380 1968 1426 CHRISTIANIS

437 1466 679 1519 ACCIDAT,
711 1466 917 1515 QUANDO
938 1469 1004 1507 AB
1028 1468 1189 1509 INITIO
1212 1470 1370 1510 IIUNDI
1391 1470 1509 1512 BONI
1535 1474 1963 1531 LABORAVERINT,

437 1560 505 1600 ET
531 1558 776 1601 OPPBESSI
806 1560 987 1610 ATQUE
1016 1560 1183 1602 OCCISI
1231 1562 1346 1602 SINT
1374 1563 1517 1604 JUSTI
1550 1566 1615 1605 AB
1643 1567 1887 1610 INJUSTIS.

433 1682 693 1739 Dominus
733 1683 786 1738 in
829 1683 1121 1756 Evangelio
1152 1696 1175 1725 ο
1208 1697 1508 1758 praemonet
1532 1699 1588 1747 et
1618 1695 1960 1764 praenuntiat,

2076 478 2208 535 bella
2232 490 2280 535 et
2307 482 2513 540 auditus
2545 486 2791 543 bellorum
2818 488 2835 527 ί
2875 507 2893 545 :
2926 492 3105 559 videte,
3134 497 3292 553 nolite
3329 503 3630 561 tumultuari
3661 524 3682 560 :

2075 582 2271 643 Oportet
2312 575 2445 629 enim
2487 578 2596 633 htec
2621 580 2752 649 ﬁeri,
2780 583 2871 636 sed
2898 586 3122 642 nondum
3150 598 3223 643 est
3252 593 3393 657 ﬁnis.
3422 594 3683 671 Exsurget

2075 667 2206 719 enim
2236 685 2357 739 gens
2382 686 2534 741 super
2562 682 2776 744 gentem,
2811 685 2857 730 et
2887 694 3101 750 regnum
3130 698 3284 754 super
3312 703 3524 759 regnum
3551 703 3574 739 ιε
3634 705 3680 749 et

2075 767 2217 811 erum
2267 762 2427 828 fames
2469 771 2516 815 et
2559 771 2707 819 terra:
2744 775 2909 822 matus
2941 779 2987 824 et
3015 772 3313 839 pestilentiae
3349 795 3438 849 per
3476 783 3679 855 singula

2076 850 2223 914 loca;
2252 854 2424 908 omnia
2449 865 2618 910 autem
2644 858 2741 913 ista
2766 859 2914 916 initia
2939 866 3337 933 parturitionum
3365 884 3498 930 sunt.
3531 850 3676 935 Tunc

2075 942 2275 998 tradent
2318 961 2407 999 vos
2452 948 2506 1001 in
2544 965 2853 1019 pressurant,
2895 962 2940 1008 et
2967 956 3272 1025 interﬁcient
3302 978 3425 1032 vos;
3462 979 3507 1023 et
3537 972 3675 1029 eritis

2074 1036 2285 1092 odibiles
2307 1041 2538 1097 omnibus
2561 1045 2795 1114 gentibus
2815 1058 3023 1119 prepter
3048 1068 3231 1108 nomen
3257 1072 3441 1113 meum.
3469 1062 3536 1116 Et
3557 1073 3676 1122 tunc

2071 1131 2550 1190 scandalizabuntur
2579 1138 2742 1204 multi,
2771 1149 2818 1194 et
2844 1140 3054 1197 invicem
3094 1146 3292 1202 tradent
3317 1158 3363 1204 et
3390 1152 3559 1209 edient
3589 1157 3669 1213 in-

2073 1225 2245 1280 vicem.
2280 1226 2347 1281 Et
2374 1229 2519 1284 multi
2556 1233 3013 1308 pseud0pr0pheta:
3050 1252 3331 1312 exsurgent'
3351 1254 3397 1299 et
3435 1248 3674 1306 seducent

2072 1318 2256 1372 multos
2286 1334 2305 1373 :
2329 1322 2379 1374 'et
2410 1337 2468 1375 eo
2490 1326 2627 1394 quod
2647 1325 2845 1397 facinus
2867 1329 3108 1397 abundet,
3141 1335 3430 1407 refrigescet
3452 1341 3674 1400 charitas

2071 1411 2367 1466 multorum.
2400 1414 2499 1482 Qui
2540 1426 2707 1471 autem
2738 1419 3023 1477 toleraverit
3056 1441 3214 1494 usque
3239 1429 3292 1482 in
3312 1427 3353 1466 'h
3383 1431 3555 1502 ﬁnem,
3590 1436 3672 1491 hic

2069 1503 2240 1557 salvus
2287 1505 2400 1559 erit.
2444 1505 2511 1561 Et
2557 1509 2920 1577 praedicabitur
2960 1512 3293 1588 Evangelium
3337 1521 3479 1577 istud
3526 1529 3669 1598 regni

2069 1611 2159 1663 per
2187 1605 2347 1651 totum
2375 1597 2543 1654 orbem
2572 1599 2597 1659 ,ί
2632 1611 2799 1671 terrae,
2823 1605 2877 1660 in
2914 1608 3256 1666 testimonium
3281 1615 3513 1672 omnibus
3546 1597 3669 1691 gen-

2066 1688 2196 1743 tibus
2220 1689 2267 1758 i,
2292 1698 2341 1745 et
2367 1700 2485 1747 tunc
2511 1694 2672 1749 veniet
2700 1696 2838 1764 ﬁnis.
2854 1697 2982 1753 Cum
3006 1716 3125 1772 ergo
3149 1704 3375 1762 videritis
3404 1688 3671 1766 abomina-

357 1775 551 1832 dicens
578 1793 592 1830 :
623 1775 685 1831 Si
710 1776 934 1831 mundus
958 1793 1044 1833 vos
1070 1778 1198 1847 odit,
1224 1780 1401 1835 scitote
1426 1784 1667 1852 quoniam
1692 1802 1773 1842 me
1796 1788 1951 1858 prima

2065 1780 2249 1835 tionem
2290 1786 2583 1841 vastationis
2607 1785 2656 1855 ιε,
2699 1804 2814 1860 qua:
2841 1790 2977 1846 dicta
3005 1803 3078 1848 est
3115 1812 3207 1863 per
3252 1797 3517 1857 Danielem
3543 1821 3668 1875 pro-

354 1869 481 1922 odiit
508 1867 689 1941 (Joan.
719 1884 812 1936 xv,
842 1869 956 1941 18).
986 1870 1050 1927 Si
1068 1872 1132 1926 de
1159 1873 1348 1929 mundo
1374 1877 1563 1943 essetis,
1591 1881 1810 1935 mundus
1827 1883 1963 1952 quod

351 1974 499 2014 suum
527 1968 655 2014 esset
675 1973 872 2015 amaret
896 1977 915 2015 :
935 1961 1046 2029 sed,
1074 1963 1195 2033 quia
1220 1965 1285 2019 de
1301 1967 1493 2021 mundo
1514 1984 1615 2022 non
1638 1971 1773 2037 estis,
1803 1982 1849 2027 et
1870 1990 1961 2044 ego

350 2051 475 2123 elegi
521 2066 608 2105 vos
649 2052 711 2105 de
755 2053 967 2118 mundo,
1013 2064 1284 2127 prapterea
1325 2057 1432 2113 odit
1460 2074 1547 2114 vos
1577 2062 1815 2117 mundus.
1847 2064 1961 2120 Me-

351 2152 569 2199 mentote
600 2146 848 2200 sermonis
873 2162 1019 2216 quem
1047 2148 1159 2202 dixi
1185 2149 1299 2203 vobi
1326 2165 1347 2204 :
1378 2148 1501 2207 Non
1541 2164 1615 2207 est
1648 2171 1820 2211 servus
1844 2173 1957 2213 nta-

339 2236 431 2306 jor
473 2236 680 2292 domino
725 2253 817 2292 suo
850 2254 868 2293 :
896 2239 940 2293 si
981 2255 1062 2294 me
1099 2243 1346 2311 persecuti
1386 2253 1523 2312 sunt,
1571 2254 1618 2300 et
1659 2263 1746 2303 vos
1783 2266 1955 2320 perse-

348 2336 585 2398 quentur.
622 2327 690 2383 Et
719 2328 914 2385 iterum
951 2349 963 2385 :
1004 2329 1181 2387 Veniet
1207 2334 1335 2388 hora
1363 2343 1418 2389 ut
1447 2337 1612 2393 omnis
1639 2340 1729 2409 qui
1755 2357 1843 2397 vos
1871 2359 1958 2397 oc-

348 2420 547 2483 ciderit.
581 2430 720 2490 putet
753 2438 807 2476 se
848 2422 1070 2493 ofﬁcium
1113 2423 1222 2480 Deo
1250 2430 1463 2497 facere:
1494 2431 1583 2485 sed
1613 2432 1707 2487 hoc
1736 2434 1952 2504 facient,

346 2514 588 2581 quoniam
617 2530 715 2569 non
751 2508 1090 2586 cognoverunt
1131 2516 1344 2573 Patrem
1385 2537 1544 2593 neque
1574 2540 1671 2579 me.
1706 2524 1834 2580 Htec
1861 2544 1955 2583 au-

346 2612 443 2660 tem
475 2605 673 2659 locutus
697 2622 809 2660 sum
835 2608 991 2675 vobis,
1021 2617 1097 2677 ut,
1117 2626 1231 2664 cum
1255 2613 1441 2667 venerit
1468 2616 1618 2681 hora,
1650 2632 1826 2673 eorum
1850 2636 1953 2676 me-

345 2712 511 2751 mores
533 2698 663 2767 sitis,
686 2699 804 2767 quia
827 2694 918 2771 ego
950 2700 1062 2755 dixi
1090 2702 1227 2758 vobis
1258 2702 1366 2777 (1b.
1390 2722 1504 2774 xvr,
1526 2697 1603 2778 4).
1628 2707 1697 2763 Ει
1718 2710 1908 2783 iterum
1932 2730 1947 2769 :

345 2789 504 2845 Amen
530 2808 677 2847 auten
712 2793 828 2849 dico
849 2794 1009 2861 vobis,
1037 2797 1280 2865 quoniam
1314 2815 1402 2854 vos
1438 2800 1700 2871 plorabitis
1726 2812 1771 2859 et
1800 2805 1951 2876 plan-

342 2883 492 2954 getis,
536 2884 780 2939 steculum
823 2895 993 2940 autem
1031 2888 1316 2958 gaudebit:
1340 2906 1427 2945 vos
1455 2893 1622 2948 tristes
1660 2895 1818 2964 eritis,
1861 2899 1950 2952 sed

344 2974 552 3029 tristitia
576 2985 736 3031 vestra
763 2978 817 3031 in
856 2978 1085 3034 laetitiam
1110 2982 1271 3036 veniet
1310 2981 1416 3055 (Ib.
1443 2982 1563 3055 36).
1602 2986 1669 3042 Et
1706 2987 1896 3044 iterum
1929 3009 1944 3047 :

347 3064 477 3121 Haec
503 3066 709 3123 locutus
730 3085 842 3124 sum
863 3071 1021 3139 vobis,
1044 3082 1100 3125 ut
1122 3073 1174 3127 in
1199 3090 1278 3128 me
1297 3091 1469 3146 pacem
1493 3076 1738 3146 habeatis,
1768 3080 1823 3135 in
1851 3097 1947 3137 ste-

345 3160 461 3215 culo
489 3170 654 3216 autem
674 3179 964 3232 pressuram
987 3161 1045 3228 f1:
1074 3166 1163 3220 sed
1191 3167 1352 3236 ﬁdite,
1369 3171 1609 3239 quoniam
1636 3189 1726 3245 ego
1745 3175 1837 3229 vici
1852 3192 1945 3231 ste-

2067 1876 2291 1945 phetam,
2320 1886 2535 1935 stantem
2556 1881 2609 1936 in
2632 1881 2743 1937 loco
2767 1895 2942 1941 sancto
2972 1887 3079 1960 (qui
3093 1888 3214 1961 legit
3236 1893 3529 1968 intelligat),
3552 1907 3668 1954 tunc

2063 1970 2149 2040 qui
2168 1970 2220 2025 in
2232 1969 2421 2027 .ludtea
2439 1983 2575 2039 sunt,
2608 1978 2806 2048 fugiant
2825 1980 2879 2033 in
2902 1992 3128 2049 montes;
3155 1994 3201 2039 et
3227 1987 3312 2056 qui
3345 1989 3401 2042 in
3421 1997 3546 2046 tecto
3571 2002 3663 2061 est,

2038 2052 2051 2061 ’
2064 2077 2164 2116 non
2184 2062 2456 2120 descendat
2472 2068 2647 2122 tollere
2660 2070 2935 2143 quidquam
2951 2074 3014 2127 de
3028 2075 3203 2144 domo;
3216 2052 3264 2133 et
3278 2081 3365 2150 qui
3384 2082 3437 2136 in
3459 2083 3528 2119 "9
3542 2052 3666 2157 agro

2062 2163 2152 2221 εει,
2197 2172 2300 2210 non
2330 2168 2647 2216 convertatur
2689 2172 2824 2217 retro
2864 2170 3067 2236 auferre
3104 2171 3452 2229 vestimentum
3494 2193 3665 2232 suum.

2072 2245 2159 2302 γω
2183 2259 2351 2304 autem
2380 2255 2759 2326 prtegnantibus
2780 2265 2828 2311 et
2858 2259 3223 2316 nutrientibusl
3251 2264 3304 2317 in
3324 2265 3428 2320 illis
3452 2268 3665 2324 diebus!

2064 2336 2223 2396 Orate
2249 2353 2416 2400 autem
2445 2361 2509 2399 ne
2539 2346 2629 2415 ﬁat
2660 2352 2784 2420 fuga
2822 2359 2987 2405 vestra
3017 2353 3214 2424 hyeme,
3247 2371 3408 2428 neque
3434 2360 3662 2417 sabbato.

2059 2431 2175 2488 Erit
2218 2438 2350 2492 enim
2389 2448 2509 2494 tunc
2552 2457 2788 2511 pressura
2828 2461 3036 2517 magna,
3081 2448 3247 2516 qualis
3287 2466 3387 2506 non
3417 2452 3514 2522 fuit
3545 2456 3677 2509 mab-

2056 2525 2201 2582 initio
2227 2532 2404 2585 untndi
2428 2549 2583 2604 usque
2609 2551 2763 2601 nunc,
2810 2537 2899 2591 sed
2923 2555 3079 2611 neque
3101 2541 3186 2611 ﬁet
3214 2560 3233 2597 :
3262 2552 3308 2598 et
3337 2545 3436 2600 nisi
3461 2546 3667 2604 breviati

2056 2630 2217 2676 essent
2252 2623 2359 2678 dies
2400 2625 2500 2693 illi,
2534 2643 2635 2682 non
2672 2639 2800 2684 esset
2838 2632 2980 2687 salva
3017 2636 3180 2690 omnis
3205 2644 3233 2672 ιι
3273 2652 3428 2705 caro;
3457 2652 3662 2714 prapter

2055 2712 2240 2768 electos
2280 2726 2449 2771 autem
2486 2716 2847 2776 breviabuntur
2874 2722 2953 2778 illi
2985 2724 3112 2780 dies.
3140 2726 3285 2783 Tunc
3309 2732 3353 2784 si
3378 2734 3491 2802 quis
3520 2712 3663 2790 dixe-

2052 2810 2120 2864 rit
2164 2813 2302 2868 vobis
2331 2832 2351 2868 :
2380 2814 2517 2871 Ecce
2542 2818 2623 2872 hic
2665 2831 2738 2875 est
2780 2822 3030 2891 Christus,
3074 2838 3161 2882 aut
3200 2846 3313 2885 ecce
3350 2832 3477 2895 illic,
3511 2835 3668 2891 nolite

2056 2905 2280 2958 credere.
2341 2906 2563 2980 Surgent
2611 2913 2744 2965 enim
2796 2918 3165 2985 pseudochristi
3232 2930 3280 2975 et
3345 2908 3665 2994 pseudopro-

2052 2996 2219 3065 phetw
2247 3012 2266 3051 :
2308 3006 2355 3052 et
2400 3000 2592 3055 dabunt
2638 3003 2786 3073 signa
2843 3023 3029 3079 magna
3056 3018 3082 3045 ο
3111 3020 3157 3065 et
3188 3012 3443 3083 prodigia,
3490 3015 3561 3068 ad
3584 3033 3665 3071 er.

2052 3104 2219 3144 rorem
2238 3101 2264 3140 Ι)
2293 3091 2604 3161 faciendum,
2639 3097 2681 3151 si
2713 3099 2825 3166 ﬁeri
2854 3111 3033 3171 potest,
3063 3104 3215 3158 etiam
3243 3106 3429 3162 electis.
3446 3107 3546 3163 Vos
3574 3128 3668 3167 au-

2055 3193 2154 3237 tem
2193 3197 2384 3257 cavete,
2420 3205 2533 3245 ecce
2565 3191 2783 3260 pranlia'i
2810 3194 2947 3250 vobis
2983 3198 3171 3252 omnia.
3203 3198 3266 3255 Si
3296 3218 3414 3272 ergo
3441 3203 3662 3260 dixerint

341 3254 513 3309 culum
541 3254 651 3328 (Ib.
684 3256 796 3328 58).
830 3256 897 3312 Ει
924 3272 1046 3314 cum
1079 3276 1108 3314 a
1139 3260 1415 3332 discipulis
1441 3265 1554 3319 suis
1596 3265 1952 3340 interrogarc-
1978 3287 2023 3350 α
2056 3278 2195 3334 vobis
2223 3297 2241 3334 :
2274 3254 2405 3337 Ecce
2441 3284 2495 3337 in
2529 3284 2801 3339 solitudine
2845 3297 2919 3342 est
2955 3298 3006 3356 εἰ,
3044 3289 3200 3344 nolite
3239 3254 3408 3357 exire;
3438 3310 3552 3348 e.=ce
3606 3297 3658 3351 in

344 3357 429 3403 tur
448 3348 515 3406 dc
535 3350 688 3421 signo
709 3351 971 3410 adventus
993 3354 1075 3409 sui
1100 3364 1155 3411 et
1184 3361 1661 3419 consummationis
1684 3366 1868 3422 mundi
1900 3377 1947 3437 θ,

341 3441 617 3510 respondit
641 3451 697 3497 et
722 3442 892 3498 dixit‘:
921 3444 1102 3500 Cavete
1121 3464 1184 3501 ne
1203 3450 1315 3515 quis
1340 3466 1427 3506 vos
1451 3453 1623 3522 fallat;
1652 3458 1798 3512 multi
1815 3460 1947 3515 enim

341 3532 537 3589 venient
570 3533 624 3588 in
654 3535 859 3592 nomine
886 3552 993 3591 meo
1027 3537 1247 3595 dicentes
1276 3558 1295 3597 :
1322 3538 1435 3613 Ego
1461 3560 1573 3599 sum
1602 3544 1866 3619 Christus;
1900 3563 1947 3609 et

2058 3373 2301 3428 cubiculis
2322 3385 2369 3442 τ,
2402 3377 2558 3432 nolite
2576 3378 2795 3433 credere.
2830 3378 2976 3434 Sicut
3020 3382 3153 3435 enim
3181 3386 3461 3439 coruscatio
3502 3386 3606 3441 exit
3634 3398 3655 3424 ε

2050 3465 2115 3519 ab
2144 3464 2371 3537 Oriente,
2403 3479 2450 3525 et
2476 3481 2690 3543 apparet
2724 3488 2881 3542 usque
2905 3472 2974 3527 ad
3015 3472 3359 3543 Occidentem,
3393 3480 3465 3532 ita
3493 3480 3584 3533 erit
3612 3494 3661 3537 et

2052 3558 2295 3615 adventus
2328 3560 2451 3618 Filii
2476 3563 2713 3618 hominis.
2749 3561 2846 3618 Ubi
2877 3565 3031 3634 fuerit
3060 3566 3276 3621 cadaver
3310 3571 3354 3636 ι,
3387 3568 3509 3623 illuc
3551 3572 3659 3625 col-

1572 3637 1955 3704 LECTIONES
1996 3648 2417 3715 VARIANTES.

407 3721 431 3791 ξι
454 3720 968 3791 Dominicapraacepta
989 3732 1041 3777 et
1062 3728 1294 3791 promissa
1309 3730 1399 3778 Ar.
1427 3730 1551 3781 Bod.
1578 3733 1623 3780 l.

404 3781 433 3820 ιι
454 3784 601 3835 Fides
624 3781 859 3837 catholica
883 3781 972 3838 Ar.

407 3850 429 3910 ‘f
457 3846 731 3910 Evangelio
752 3862 842 3898 suo
867 3851 999 3902 Lam.
1040 3853 1165 3902 Bod.
1192 3853 1239 3901 2.

404 3908 433 3947 (1
454 3908 713 3961 Habebitis
732 3911 872 3963 addit
892 3914 1047 3964 Oxon.

407 3976 431 4003 "
455 3970 892 4024 Consummationis
914 3976 1079 4025 steculi
1109 3976 1233 4027 Bod.
1257 3978 1305 4027 4.

404 4031 426 4070 ί
450 4032 718 4097 Qpiuiones
736 4036 975 4087 bellorum
1003 4036 1126 4089 Bod.
1151 4041 1197 4088 5.

407 4098 433 4163 β
453 4094 684 4163 Βέςηιιιη
705 4106 875 4149 contra
898 4112 1110 4163 regnum
1140 4100 1264 4151 Bod.
1294 4103 1337 4150 1.

404 4156 877 4224 {1_1_’erseveraverit
890 4156 1055 4224 Ausiuc
1076 4163 1136 4211 ad
1158 4164 1283 4215 Bod.
1307 4166 1351 4213 1.

410 4220 424 4258 ί
450 4219 578 4269 Toto
598 4221 718 4269 orbe
744 4224 852 4274 ΝΟ.
879 4222 925 4272 2.

408 4282 423 4350 _i
456 4280 1047 4350 Testimoniumpmuium
1070 4289 1292 4350 gentium
1311 4290 1418 4341 ΝΟ.
1441 4290 1488 4341 2.

407 4344 432 4383 Ιί
449 4342 782 4395 Desolatiouis
806 4347 930 4398 Bod.
959 4349 1004 4397 ιι.

2115 3748 2133 3787 1
2172 3750 2546 3806 Prmunautibus
2564 3755 2922 3806 ctlactantibus
2951 3758 3087 3805 Voss.
3110 3754 3155 3804 1.

2108 3811 2147 3878 ξ’)
2166 3811 2338 3878 Qualis
2372 3827 2470 3863 non
2496 3820 2573 3864 est
2593 3817 2713 3867 facta
2739 3819 2870 3868 Lam.
2900 3817 3042 3867 Ebor.
3088 3816 3198 3868 ΝΟ.
3236 3814 3284 3865 2.
3314 3816 3438 3867 Bod.
3464 3818 3509 3874 1,
3533 3818 3584 3876 2,
3608 3820 3657 3878 5,

2110 3873 2138 3901 ¹¹
2166 3875 2271 3924 Non
2291 3875 2592 3927 liberaretur
2613 3881 2770 3929 omnis
2796 3883 2883 3929 Ar.
2913 3882 3045 3929 Lam.
3074 3879 3219 3928 Ebor.
3252 3878 3376 3928 Bod.
3402 3880 3452 3933 1.
3472 3880 3519 3929 2.
3532 3873 3654 3933 Ver.

2113 3938 2138 3963 υ
2160 3936 2309 4003 Signa
2326 3951 2496 4002 magna
2522 3945 2575 4003 et
2590 3948 2815 4003 portenta
2835 3939 3098 3992 Lam.Bod.
3131 3942 3172 4002 l,
3198 3940 3247 4001 2,
3270 3941 3320 4002 5,
3340 3942 3389 3991 4.
3410 3943 3528 3994 Ben.
3543 3947 3661 3995 Ver.

2116 4004 2143 4043 ν
2164 4000 2428 4052 'l‘errorem
2448 4001 2573 4053 Bod.
2590 4000 2647 4061 ’1,
2673 4004 2720 4055 2.

2114 4067 2142 4107 ιι
2166 4064 2330 4123 Exite,
2353 4065 2400 4113 in
2423 4065 2683 4115 solitudine
2707 4073 2785 4116 est
2809 4066 2935 4117 Bod.
2960 4067 3007 4116 5.

2117 4129 2139 4159 τ
2170 4126 2223 4176 In
2242 4126 2486 4177 cubilibus
2512 4132 2649 4180 Voss.
2678 4131 2721 4179 1.

2116 4192 2138 4219 ⁸
2166 4190 2286 4256 Quae
2312 4190 2417 4241 exit
2441 4190 2549 4243 ΝΟ.
2570 4193 2617 4254 1,
2640 4191 2687 4242 2.
2717 4192 2842 4243 Bod.
2872 4193 2916 4249 l,
2935 4192 2983 4251 2,
3005 4191 3054 4252 5,
3083 4192 3127 4240 4.
3158 4190 3439 4255 coruscatio
3479 4205 3656 4256 procc-

2051 4253 2178 4302 dens
2190 4248 2305 4303 ’Lin.

2118 4315 2134 4348 ί
2161 4313 2249 4366 Sic
2273 4325 2353 4364 Αν.
2375 4314 2497 4366 Bod.
2523 4317 2568 4379 l,
2593 4317 2644 4379 ‘2,
2663 4319 2714 4376 5,
2738 4317 2788 4368 ιι.
2817 4318 2995 4368 Benev.
3018 4320 3134 4366 Ver.
3163 4315 3347 4380 Corpus
3368 4315 3527 4383 Impr.

1583 4439 1827 4498 STEPII.
1870 4442 2141 4501 BALUZII
2192 4442 2422 4500 NOTAE.

338 4526 558 4615 liatinus
579 4528 834 4595 Latinius,
862 4530 954 4615 qui
976 4539 1122 4600 putat
1150 4546 1267 4586 eam
1283 4546 1404 4589 esse
1420 4548 1597 4615 veram
1617 4535 1934 4603 lectionem;
1962 4551 2015 4611 Ῑ)
2041 4553 2200 4615 quam
2225 4537 2411 4615 Latine
2431 4536 2568 4615 apud
2593 4536 3097 4615 Joannem._\_’eru_m-
3116 4550 3227 4615 vo_1_t_
3240 4535 3481 4615 habebitis
3510 4536 3663 4615 deest

339 4599 679 4678 aliam_vero,
714 4616 833 4678 (iure
862 4599 1025 4678 liabet
1056 4614 1271 4678 mutum,
1301 4607 1633 4678 suppositam
1681 4621 1803 4663 esse
1844 4599 1939 4678 per

341 4671 692 4747 temeritatem
725 4672 1084 4747 librariorum,
1137 4674 1224 4742 qui
1271 4671 1434 4747 multa
1493 4686 1764 4732 mutarunt
1799 4671 1939 4747 apud

338 4736 685 4816 Cyprianum.
723 4744 1020 4816 praesertim
1054 4745 1105 4797 in
1143 4736 1310 4799 sacra:
1340 4745 1632 4816 Scriptura:
1658 4749 1788 4804 locis
1808 4736 1942 4804 cita-

341 4812 430 4875 lis,
462 4812 516 4889 in_
558 4813 751 4889 quibus
790 4814 1051 4889 audax__et
1097 4816 1373 4889 imperitus
1408 4812 1644 4889 quisque
1690 4819 1942 4875 librarius

342 4883 542 4948 putavit
572 4883 670 4959 sibi
706 4885 1117 4959 impunelicere
1149 4883 1325 4959 omnia
1357 4883 1723 4959 ad‘Vulgatam
1755 4892 1946 4947 editio-

343 4966 469 5024 ncrn
505 4953 769 5024 redigere.
801 4956 956 5021 Quod
986 4957 1150 5011 etiam
1180 4953 1612 5013 animadversum
1640 4971 1722 5016 est
1746 4962 1944 5016 alicubi

343 5020 385 5102 il.
406 5020 694 5078 Franciséo
746 5020 1031 5102 Turriano.
1067 5026 1123 5102 In
1157 5028 1435 5102 evangelio
1465 5027 1625 5085 Marci
1653 5046 1773 5102 cap.
1804 5032 1838 5087 9
1867 5033 1945 5088 le-

337 5092 823 5174 giturhafqtlé)“.
894 5097 1026 5152 Vide
1075 5092 1392 5168 glossari'um
1460 5092 1946 5174 grmcum'Cangii

340 5179 456 5239 pag.
494 5165 710 5239 lMI,_iu
739 5182 869 5239 voce
894 5165 1102 5239 Μάγνοςῖ

409 5234 540 5291 (λιιι.
578 5235 746 5290 XL—
762 5234 1019 5293 Mentore-s7
1044 5240 1169 5295 sitis.
1206 5240 1386 5298 Codex
1416 5241 1682 5299 Fuxcnsis
1711 5244 1945 5299 reminis-

338 5320 525 5360 εαυιιηι
535 5346 546 5359 ι

408 5376 557 5455 lie/la
582 5381 884 5455 et_auditus.
911 5382 1159 5438 Duolibri
1186 5392 1418 5455 veteres,
1449 5386 1581 5440 bella
1604 5396 1651 5442 et
1676 5388 1939 5455 opiniones

337 5446 602 5502 bellorum.
635 5450 709 5505 lla
751 5453 911 5507 etiam
960 5456 1010 5508 in
1040 5470 1146 5508 uuo
1177 5446 1489 5511 Bodleiano.
1537 5457 1672 5513 Vide
1712 5446 1933 5513 'Erasmi

340 5518 735 5575 Anumationcs
765 5524 815 5577 in
845 5523 984 5579 hunc
1014 5525 1188 5579 locum
1216 5526 1469 5581 ll‘lattha-i.

410 5588 476 5641 In
503 5592 690 5646 steculo
715 5603 880 5667 autem
910 5612 1217 5667 pressuram.
1253 5597 1376 5651 llrec
1402 5607 1605 5654 tantum
1630 5600 1680 5655 in
1729 5600 1931 5656 codici-

337 5656 438 5734 bus
496 5656 1107 5734 manuscriptis,'etiam
1153 5668 1203 5720 iu
1249 5667 1619 5734 Seguieriauo.
1664 5672 1934 5726 I’amclius

336 5728 564 5809 adjecit_
586 5728 831 5809 habebitis
865 5728 929 5809 ex
956 5737 1146 5809 Codice
1186 5728 1584 5809 AAI’ﬂiéeuicnsi,
1629 5750 1682 5795 ut
1714 5743 1836 5809 quia
1862 5743 1931 5796 ita

338 5802 498 5858 ctiam
550 5802 744 5876 legitur
790 5802 844 5863 in
900 5808 1037 5867 libro
1062 5807 1125 5862 de
1176 5802 1457 5878 Patientia,
1509 5802 1578 5867 et
1608 5802 1934 5874 tam'Grtcce

2045 4607 2098 4663 iii
2131 4610 2265 4663 libro
2312 4607 2376 4663 de
2419 4607 2678 4663 Patientia
2717 4610 2767 4661 in
2811 4608 3126 4677 quibusdam
3160 4607 3324 4677 libris
3370 4608 3657 4671 veteribus,

2045 4682 2207 4735 etiam
2240 4680 2290 4734 in
2316 4679 2683 4749 Seguieriauo.
2714 4676 2842 4749 Eam
2871 4687 3050 4732 tamen
3086 4676 3286 4733 habent
3308 4689 3516 4732 veteres
3544 4680 3659 4733 edi—

2046 4752 2238 4806 tiones.
2262 4748 2413 4819 Quod
2439 4751 2605 4830 miror
2626 4748 3058 4830 animadyersum
3082 4763 3185 4830 non
3207 4763 3328 4830 esse
3349 4763 3377 4801 a
3392 4749 3648 4830 Pamelio.

2046 4864 2056 4874 .
2132 4820 2463 4877 Vastationis.
2483 4820 2855 4901 Quattuorljbri
2880 4828 3097 4901 et-nnus
3113 4819 3432 4901 [iudiciariis
3460 4820 3658 4901 habent

2050 4893 2395 4947 desolationis.
2421 4888 2517 4948 Sic
2558 4889 2801 4944 ctiam-iu
2832 4892 3007 4960 capite
3034 4907 3087 4945 ix
3114 4888 3350 4943 Danielis
3388 4900 3440 4945 ct
3469 4889 3523 4945 iu
3559 4905 3652 4945 ca-

2052 4964 2277 5034 pitcxm
2309 4962 2579 5034 Evangelii
2609 4960 2905 5034 secundum
2931 4961 3203 5015 Joannem.

2124 5030 2506 5087 Nutrientibus.
2534 5030 2720 5091 Codex
2752 5031 3065 5088 Pithmnuus
3091 5032 3481 5086 nulritantibus.

2124 5105 2286 5159 Salva
2314 5105 2482 5159 omnis
2508 5119 2648 5157 caro.
2682 5101 2972 5158 Duodecim
2998 5103 3116 5158 libri
3143 5104 3310 5158 nostri
3339 5113 3392 5157 ct
3418 5117 3511 5157 sex
3539 5103 3653 5158 Au-

2048 5175 2243 5255 glicani
2270 5175 2467 5255 habent
2496 5173 2994 5255 liberaretuthnnis
3019 5189 3179 5255 earo._
3230 5244 3259 5255 ν.
3426 5243 3437 5255 ⁸

2122 5244 2226 5299 Hic
2249 5255 2323 5301 est
2346 5244 2594 5300 Christus.
2629 5244 2759 5299 Vide
2785 5243 2997 5300 Erasmi
3019 5244 3399 5299 annotationes
3425 5243 3476 5297 in
3510 5242 3653 5299 hunc

2050 5316 2225 5371 locmn
2255 5316 2485 5371 Mathoni.

2118 5386 2387 5465 Prodigia.
2408 5386 2680 5465 Nescioan
2698 5400 2759 5441 ea
2779 5384 3287 5465 lectioproi‘erenda
3315 5386 3387 5465 sit
3421 5385 3468 5439 ci
3487 5400 3650 5465 quam

2044 5457 2335 5529 pra-ferunt
2387 5457 3079 5538 quindecim__gxe_mplaria
3124 5468 3340 5538 vetera,
3371 5457 3422 5538 in
3454 5457 3650 5538 quilms

2041 5527 2298 5599 Scriptum
2325 5527 2675 5599 cstportenta.
2697 5527 2740 5581 II
2758 5527 2942 5582 Esdrm
2955 5543 3075 5597 cap.
3092 5544 3148 5582 1x
3175 5546 3188 5581 :
3210 5527 3275 5580 Et
3301 5528 3479 5599 dedisti
3501 5527 3651 5599 signa

2039 5596 2187 5666 atque
2215 5596 2446 5669 portenta
2471 5600 2525 5653 in
2569 5596 2867 5654 Pharaone.
2898 5599 3159 5668 Anonymi
3187 5601 3321 5652 liber
3345 5597 3408 5652 de
3434 5596 3641 5668 Πειθαρ-

2039 5671 2237 5745 tisntate
2262 5685 2314 5739 p.
2348 5669 2452 5745 572
2472 5688 2486 5729 ξ
2509 5669 2709 5745 Dabunt
2741 5672 3101 5745 signa_utagna
3126 5677 3172 5723 et
3203 5678 3455 5745 portenta.

2109 5738 2356 5795 Cadaver.
2386 5740 2640 5807 Quamvis
2670 5738 3017 5806 vocibidum
3046 5754 3247 5807 corpus,
3284 5738 3424 5807 quod
3452 5738 3653 5792 habent

2038 5817 2268 5880 veteres,
2322 5806 2525 5884 optime
2579 5825 2872 5884 congrum,
2918 5809 3045 5864 huic
3077 5806 3216 5871 ideo,
3260 5806 3451 5864 ccdcrc
3479 5816 3661 5863 tamen
