4272 6278
334 252 361 278 γ
393 255 402 264 .

1082 261 1127 295 ει

399 320 511 388 660

1588 327 1920 388 EPISTOLu
1962 327 2059 388 AB
2095 327 2581 389 FORTUNATUM.

3599 316 3709 382 670

405 440 460 497 Ν
462 460 489 497 e
510 439 801 498 vocaret-itis
823 437 958 497 vobis
979 448 1172 514 patrem
1201 447 1225 477 ιι
1243 458 1395 515 super
1415 450 1760 511 terratn,unus
1785 453 1863 499 est
1877 444 2011 498 enim
2036 445 2087 513 Α
2115 451 2288 500 turam
2323 462 2334 497 :
2383 442 2687 501 Potestatcm
2708 485 2724 513 ,
2780 441 2975 516 inquit,
3020 442 3153 501 inter
3204 441 3433 501 batuines
3480 443 3705 514 habens,

403 545 549 608 pater
599 544 756 589 rester
795 535 880 603 qui
926 536 977 591 in
1014 535 1152 591 caelis
1202 545 1273 592 est
1302 534 1517 604 (blattlt.
1556 552 1700 601 XXIII,
1756 536 1837 607 9).
1878 536 2008 605 Qua:

400 644 533 685 vero
570 627 856 685 ediderunt
909 628 1305 685 confessionum
1339 630 1629 699 pt‘u'conia,
1684 645 1841 700 quam
1871 644 2007 701 pra:-

404 723 572 791 clara,
621 737 779 792 quam
830 737 1021 793 magna
1069 723 1390 779 documenta
1445 724 1565 777 ﬁdei
1625 723 2001 794 praebuerunt!

401 815 520 872 Rex
577 814 876 869 Antiochus
924 813 1185 882 infestus,
1239 816 1404 870 immo
1450 816 1501 871 in
1554 814 1819 871 Antiocho
1869 815 2004 870 anti-

402 905 637 962 christus
676 920 985 975 expressus,
1016 920 1108 963 ora
1139 915 1429 979 martyrum
1467 908 1699 977 gloriosa
1726 916 1779 961 et
1810 906 2005 977 spiritu

403 997 755 1057 confessionis
780 998 997 1066 invicta,
1027 1000 1272 1070 contagio
1292 997 1318 1036 ι)
1347 1000 1516 1056 suillae
1533 1000 1708 1054 carnis
1733 1000 2008 1055 maculare

402 1092 699 1166 quaerebat,
743 1100 795 1149 ct
836 1107 956 1147 cum
1010 1077 1233 1163 ﬂagellis
1270 1093 1501 1164 graviter
1545 1092 1913 1153 verberasset,
1942 1107 2005 1148 ac

403 1185 538 1241 nihil
584 1198 903 1255 promovere
952 1184 1233 1255 potuisset,
1283 1184 1580 1255 sartagines
1612 1184 1771 1254 jussit
1799 1185 2001 1253 iguiri:

403 1258 594 1348 quibus
633 1275 813 1346 ignitis
842 1284 892 1330 et
945 1276 1215 1343 accensis,
1269 1291 1391 1331 eum
1419 1276 1509 1347 qui
1541 1276 1743 1345 primus
1795 1275 2004 1330 locutus

402 1368 599 1436 fuerat,
643 1377 697 1423 et
735 1368 903 1439 magis
931 1384 1111 1439 regem
1144 1380 1166 1407 ε
1192 1368 1408 1425 virtutis
1437 1379 1488 1424 et
1539 1368 1660 1424 lidei
1705 1370 2001 1425 constantia

402 1470 814 1532 provocaveral,
866 1460 1144 1517 admoveri
1179 1463 1430 1533 prmccpit
1466 1469 1523 1518 et
1558 1460 1700 1533 frigi,
1747 1462 2001 1532 producta

404 1560 460 1608 et
484 1562 700 1608 exsecta
738 1552 885 1621 prius
916 1553 1114 1625 lingua,
1156 1570 1275 1626 (tua:
1312 1554 1555 1610 confessa
1592 1556 1755 1611 Deum
1788 1554 1999 1610 fuerat:

404 1646 548 1717 quod
592 1647 814 1718 martyri
859 1648 1152 1718 gloriosius
1189 1649 1443 1719 contigit;
1487 1649 1666 1719 lingua
1698 1650 1839 1705 enim
1868 1662 2003 1704 con-

402 1728 545 1792 fessa
588 1753 783 1794 nomen
834 1738 947 1805 Dei,
1002 1740 1146 1809 ptiur
1188 1739 1252 1794 ad
1289 1740 1456 1796 Deum
1502 1741 1689 1797 debuit
1723 1742 1834 1812 ipsa
1880 1757 2001 1811 pro-

2114 554 2229 591 cum
2285 538 2354 594 sis
2410 538 2796 605 corruptibilis,
2846 538 2977 607 facis
3028 537 3169 607 quod
3216 539 3308 592 vis.
3363 536 3488 592 Noli
3536 548 3706 593 autem

2113 639 2290 699 putare
2335 647 2491 700 genus
2532 638 2757 685 nostrum
2785 646 2819 683 a
2860 628 2972 684 Deo
3000 628 3295 684 derelictum
3321 645 3444 684 esse.
3496 628 3705 683 Sustine

2108 732 2156 777 et
2183 722 2292 778 ride
2319 739 2553 793 magnam
2582 731 2876 792 potestatem
2902 721 2916 758 ί
2949 724 3078 793 ejus,
3119 723 3337 794 qualiter
3379 732 3428 781 te
3463 733 3511 777 et
3536 738 3702 778 semen

2111 825 2251 866 tuum
2281 814 2521 882 torquebit
2580 812 2744 884 (Ibid.
2783 811 2903 884 16).
2936 813 3111 882 Quale
3160 812 3289 869 illud
3338 813 3706 871 levamentum

2109 904 2205 959 fuit
2228 906 2450 977 martyri
2490 905 2537 973 i,
2571 921 2729 976 quam
2758 904 2960 976 grande
2987 905 3238 962 solatium
3259 944 3277 975 ,
3305 907 3357 961 in
3382 906 3706 969 cruciatibus

2108 997 2222 1052 suis
2253 1013 2356 1053 non
2391 1006 2653 1052 tormenta
2687 998 2899 1068 propria
2953 999 3215 1068 cogitare,
3251 998 3346 1054 sed
3377 999 3594 1055 tortoris
3623 1002 3705 1056 sui

2107 1088 2363 1159 supplicia
2409 1090 2729 1160 praedicare!
2778 1091 2835 1146 In
2884 1100 3039 1147 sexto
3070 1106 3199 1147 vero
3240 1107 3344 1146 non
3372 1093 3542 1147 virtus
3567 1094 3705 1162 sola,

2106 1182 2200 1239 sed
2249 1195 2302 1239 et
2352 1182 2623 1239 humilitas
2665 1184 3003 1255 prmdicauda
3051 1194 3169 1252 est;
3222 1186 3355 1242 nihil
3402 1188 3503 1242 sibi
3558 1204 3704 1243 mar-

2117 1284 2287 1347 tyrem
2335 1276 2667 1342 vindicasse,
2718 1292 2820 1332 nec
2862 1276 3216 1333 confessionis
3269 1293 3383 1333 sum
3438 1279 3707 1336 honorem

2106 1368 2353 1438 superbis
2388 1369 2612 1424 vocibus
2639 1369 2957 1436 ventilassc,
2992 1370 3224 1439 peccatis
3257 1372 3431 1441 potius
3469 1372 3581 1427 suis
3608 1374 3704 1428 ad-

2106 1463 2411 1532 scripsisse,
2468 1462 2609 1532 quod
2669 1465 3094 1536 persecutionem
3145 1480 3179 1521 a
3224 1480 3352 1535 rege
3398 1475 3701 1536 pateretur;

2105 1554 2216 1610 Deo
2242 1571 2369 1611 vero
2398 1555 2611 1612 dedisse
2639 1557 2781 1628 quod
2811 1557 3147 1628 postmodum
3187 1557 3565 1615 vindicaretur.
3601 1559 3703 1614 Do-

2103 1648 2212 1702 cuit
2248 1663 2367 1704 esse
2398 1648 2660 1720 martyres“
2688 1650 2755 1681 ²⁷¹
2789 1650 3139 1716 verecundos,
3168 1650 3235 1705 de
3264 1642 3464 1707 ultione
3492 1650 3657 1707 ﬁdere
3683 1690 3701 1718 ,

2104 1748 2160 1795 et
2205 1741 2338 1795 nihil
2385 1742 2434 1797 in
2490 1742 2736 1811 passione
2774 1742 2981 1811 jactare
3018 1761 3031 1798 :
3074 1741 3221 1808 Noli,
3270 1744 3460 1813 inquit,
3504 1744 3702 1815 [rustra

402 1828 584 1883 ﬁcisci.
609 1829 799 1884 Postin
823 1831 1060 1886 secundo
1088 1830 1113 1869 (1
1146 1835 1464 1904 cxcogitatis
1480 1835 1779 1891 acrioribus
1803 1839 1997 1905 ptenis,
2032 1836 2078 1895 Β
2106 1851 2280 1889 errare
2308 1853 2320 1889 :
2354 1852 2444 1891 nos
2475 1837 2607 1890 enim
2658 1845 2864 1906 propter
2912 1837 3245 1907 nosmetipsos
3284 1838 3392 1892 ltwc
3446 1840 3699 1908 patimur,

400 1930 688 1992 antequam
719 1934 913 1980 Cretera
974 1928 1212 1982 membra
1261 1936 1556 2000 torqueret,
1606 1939 1784 1985 cutem
1812 1932 2003 2000 capitis

401 2029 522 2072 cum
550 2017 761 2088 capillis
807 2018 1062 2086 detraxit,
1111 2021 1236 2077 odio
1264 2023 1469 2079 scilicet
1506 2034 1675 2079 certo.
1716 2023 1847 2078 Nam
1876 2039 2003 2081 cum

399 2117 556 2178 caput
600 2109 696 2165 viri
737 2109 983 2169 Christus
1023 2112 1114 2180 sit,
1162 2122 1215 2169 et
1253 2122 1415 2184 caput
1464 2114 1659 2169 Christi
1695 2113 1875 2181 Deus;
1904 2116 1994 2186 qui

398 2210 556 2272 caput
597 2202 828 2257 laniabat
857 2205 909 2259 in
948 2217 1202 2278 martyre,
1257 2208 1420 2263 Deum
1460 2218 1516 2264 et
1562 2208 1838 2265 Christum
1869 2225 1990 2280 per-

400 2293 721 2364 sequebatur
750 2296 800 2350 in
830 2298 1022 2366 capite.
1055 2302 1122 2355 At
1150 2300 1237 2357 ille
1265 2300 1317 2356 in
1337 2301 1591 2373 martyrio
1611 2317 1709 2357 suo
1741 2303 1911 2358 ﬁdens
1949 2314 1995 2369 ε’,

400 2395 454 2440 et
494 2389 901 2445 resurrectionis
942 2392 1042 2446 sibi
1091 2394 1369 2462 prtcmium
1431 2395 1501 2449 de
1531 2395 1628 2450 Dei
1682 2412 1995 2453 remunera-

400 2483 547 2539 tione
593 2486 945 2554 promittens,
992 2489 1313 2546 exclamavit
1357 2500 1414 2545 ct
1465 2490 1640 2545 dixit:
1673 2492 1752 2546 Tu
1791 2492 1995 2563 quidem

399 2574 645 2640 impotens
678 2573 698 2612 τ
721 2592 783 2630 ea:
811 2578 906 2631 hac
935 2581 1174 2649 prtesenti
1219 2582 1323 2634 vita
1352 2597 1444 2636 nos
1475 2582 1677 2653 perdis;
1708 2584 1795 2638 sed
1821 2587 1998 2640 mundi

397 2682 490 2721 rea:
526 2668 791 2738 defunctos
837 2685 928 2724 nos
976 2687 1068 2740 pro
1097 2671 1203 2726 suis
1249 2672 1445 2743 legibus
1496 2676 1548 2729 in
1593 2685 1835 2730 teternam
1884 2678 1995 2732 vitta

398 2760 814 2815 resurrectionem
851 2762 1111 2817 suscitath
1141 2761 1207 2835 (ll
1242 2763 1484 2819 illac/tab.
1528 2782 1619 2832 vtt,
1650 2768 1725 2838 9).
1785 2768 1998 2824 Tertius

396 2849 632 2921 linguam
686 2853 983 2920 posmlatus
1032 2855 1142 2909 cito
1173 2857 1393 2925 protulit
1425 2874 1438 2910 :
1473 2872 1598 2912 nam
1646 2874 1856 2928 pinnam
1891 2860 1996 2915 lin-

396 2958 515 3014 guae
562 2944 877 2999 exsecandas
902 2946 1013 3012 jam
1044 2947 1304 3004 didicerat
1337 2964 1367 3004 a
1409 2952 1571 3006 fratre
1600 2962 1987 3018 contemnere;

395 3050 587 3089 manus
650 3053 860 3107 quoque
916 3042 1273 3109 amputandus
1342 3052 1654 3100 constanter
1718 3047 1994 3114 extendit,

394 3127 617 3180 multum
666 3128 849 3184 beatus
895 3146 1092 3200 genere
1144 3135 1246 3189 isto
1293 3135 1573 3205 supplicii,
1634 3140 1718 3193 cui
1770 3142 1994 3211 contigit

396 3211 645 3277 extensis
687 3222 752 3276 ad
811 3238 1022 3292 poenam
1072 3227 1319 3282 ulantibus
1377 3230 1643 3299 passionis
1700 3229 1993 3291 Detninicae

394 3310 560 3365 instar
589 3312 805 3367 imitari.
841 3313 952 3371 Nec
993 3332 1099 3371 non
1148 3326 1203 3374 et
1239 3328 1484 3390 quartus,
1518 3321 1632 3391 pari
1660 3324 1857 3380 virtute
1886 3336 1995 3380 tor-

392 3411 570 3458 menta
595 3412 964 3476 contemnens,
987 3418 1041 3464 et
1061 3408 1128 3464 ad
1159 3411 1552 3467 retundendam
1582 3428 1760 3484 regem
1787 3416 1993 3471 ccclein

392 3517 524 3557 voce
567 3503 922 3581 respondens,
954 3502 1280 3559 exclamavit
1325 3513 1380 3560 et
1421 3504 1592 3560 dixit:
1623 3500 1807 3563 Potius
1833 3521 1904 3564 est
1930 3510 1994 3567 ab

393 3595 679 3651 hominibus
708 3597 858 3652 morti
880 3597 1026 3650 datos
1054 3608 1351 3667 exspectare
1396 3614 1535 3669 spem
1575 3616 1606 3655 a
1637 3598 1744 3655 Deo
1784 3602 1987 3669 iterum,

391 3686 454 3741 ab
480 3703 537 3741 eo
563 3686 885 3743 suscitandas
916 3687 969 3741 in
994 3688 1146 3741 vitam
1173 3698 1413 3745 cateruam
1444 3698 1467 3737 Β
1501 3708 1512 3742 :
1547 3688 1635 3744 tibi
1662 3694 1793 3746 enim
1823 3711 1994 3748 resur-

390 3781 544 3835 rectio
564 3782 630 3837 ad
655 3782 810 3836 vitam
830 3796 932 3836 non
956 3781 1047 3834 erit
1076 3778 1181 3852 (Ib.
1218 3782 1326 3851 14).
1358 3781 1606 3849 Quintus,
1632 3797 1827 3853 praeter
1851 3788 1991 3856 quod

392 3871 751 3927 carnificinam
784 3872 925 3941 regis
966 3879 1020 3926 et
1058 3868 1223 3926 duros
1272 3873 1552 3944 Variosqne
1576 3877 1843 3931 cruciatus
1872 3879 1990 3934 ﬁdei

389 3963 572 4033 vigore
593 3961 619 4000 ἰ
650 3963 908 4028 calcabat,
936 3962 1001 4018 ad
1027 3962 1414 4034 praescientiam
1440 3980 1648 4035 quoque
1668 3978 1719 4021 et
1748 3968 1988 4025 notitiam

391 4057 691 4113 futurorum
742 4058 931 4130 spiritu
981 4056 1277 4114 divinitatis
1317 4059 1611 4125 animatus,
1646 4062 1991 4131 prophetarit

392 4148 500 4219 regi
552 4148 977 4221 indignationem
1024 4149 1119 4205 Dei
1151 4160 1203 4204 et
1244 4150 1501 4206 ultionem
1536 4153 1789 4207 velociter
1829 4168 1988 4209 secu-

2107 1935 2366 1993 peccantes
2408 1927 2459 1980 in
2486 1925 2648 1981 Deum
2669 1938 2915 1983 nostrum.
2961 1926 3041 1982 Tu
3062 1938 3252 1995 autem,
3290 1945 3355 1983 ne
3380 1939 3428 1984 te
3449 1932 3705 1986 existimes

2104 2018 2308 2090 impune
2323 2022 2552 2090 futurum
2580 2017 2627 2084 κ,
2646 2035 2912 2090 aggressus
2940 2036 3168 2092 pugnare
3191 2037 3305 2075 cum
3325 2021 3552 2094 DeoUb.
3584 2024 3698 2093 18).

2103 2111 2450 2168 Admirabilis
2498 2126 2713 2184 quoque
2764 2121 2971 2178 mater,
3030 2129 3150 2199 quae
3189 2130 3288 2170 nec
3342 2130 3510 2173 sexus
3553 2116 3703 2173 inﬁr-

2105 2204 2288 2260 mitate
2324 2205 2519 2270 fracta,
2562 2221 2661 2261 nec
2700 2205 2980 2276 multiplici
3006 2206 3235 2263 orbitate
3261 2218 3553 2273 commota,
3586 2225 3702 2265 tuo-

2104 2301 2302 2356 rienles
2342 2300 2541 2357 liberos
2590 2303 2849 2370 spectavit
2898 2302 3145 2371 libenter,
3193 2318 3297 2359 nec
3347 2318 3534 2374 partas
3582 2306 3704 2365 illas

2104 2392 2409 2462 pignorum,
2438 2392 2532 2447 sed
2557 2392 2757 2463 glorias
2786 2395 3147 2463 computavit,
3179 2404 3284 2449 tam
3313 2396 3515 2465 grande
3560 2413 3702 2453 mar-

2105 2485 2297 2557 tyrium
2333 2485 2439 2539 lleo
2471 2484 2719 2555 praebens
2751 2486 2949 2541 virtute
2973 2488 3248 2542 oculorum
3273 2502 3513 2555 suorum,
3539 2503 3701 2560 quam

2102 2578 2444 2646 praebuerant
2499 2577 2590 2632 lilii
2644 2576 2764 2647 ejus
2808 2579 3086 2635 tormentis
3130 2589 3184 2635 et
3235 2581 3485 2651 passione
3524 2597 3698 2639 meta-

2102 2667 2321 2727 brornm
2353 2684 2367 2721 :
2393 2684 2515 2723 cum
2542 2667 2673 2724 scit1
2698 2670 2897 2739 punitis
2924 2680 2979 2725 et
3006 2671 3202 2727 occisis
3227 2682 3539 2745 superesset
3560 2690 3701 2733 unus

2100 2776 2166 2816 ex
2198 2761 2468 2828 fratribus,
2498 2763 2585 2817 cui
2627 2778 2718 2818 rex
2765 2763 2975 2820 divitias
3005 2775 3058 2819 et
3086 2775 3392 2835 potentatus
3434 2778 3490 2823 et
3529 2768 3699 2824 multa

2101 2853 2472 2923 pollicebatur,
2521 2865 2578 2910 ut
2621 2854 2909 2911 crudelitas
2950 2858 3065 2929 ejus
3110 2874 3174 2913 ac
3218 2858 3403 2914 feritas
3432 2861 3513 2917 vel
3547 2862 3700 2920 unius

2103 2946 2313 3002 subacti
2369 2948 2561 3002 solatio
2613 2947 2905 3017 tereretur,
2955 2958 3012 3004 et
3067 2959 3363 3019 peteretut
3416 2952 3481 3006 ad
3531 2952 3697 3008 ﬁlium

2110 3037 2471 3108 dejiciendutn
2511 3055 2693 3094 secum
2738 3039 3119 3110 deprecaretur
3168 3051 3222 3096 rt
3266 3053 3469 3111 mater;
3505 3045 3696 3114 depre-

2102 3142 2219 3187 cata
2260 3141 2345 3188 est
2376 3132 2486 3198 illa,
2530 3133 2623 3187 sed
2657 3142 2714 3187 ut
2751 3132 2977 3189 decebat
3032 3145 3326 3200 martyrum
3356 3146 3607 3203 matrem,
3640 3148 3698 3193 ut

2096 3224 2324 3281 decebat
2366 3225 2497 3295 legis
2549 3235 2604 3280 et
2658 3225 2751 3280 Dei
2803 3240 3131 3292 memorem,
3182 3236 3239 3282 ut
3284 3227 3511 3284 decebat
3558 3229 3697 3284 ﬁlios

2099 3334 2226 3375 suos
2280 3335 2387 3373 non
2438 3318 2664 3373 delicate
2706 3318 2799 3373 sed
2850 3319 3056 3373 fortiter
3099 3316 3428 3391 diligentem.
3491 3321 3694 3393 Depre-

2097 3422 2214 3468 cata
2246 3420 2330 3466 est
2372 3410 2540 3476 enim,
2572 3409 2667 3464 sed
2696 3417 2754 3463 ut
2785 3409 2953 3464 Deum
2981 3410 3328 3466 conﬁteretur
3357 3428 3370 3465 :
3406 3410 3693 3484 deprecata

2096 3513 2179 3559 est
2224 3516 2291 3558 ne
2329 3519 2357 3555 a
2402 3500 2653 3556 fratribus
2705 3501 2816 3555 suis
2844 3498 3008 3556 frater
3049 3502 3099 3555 in
3130 3503 3405 3557 consortio
3444 3503 3615 3559 laudis
3641 3516 3694 3559 et

2096 3594 2280 3665 gloriae
2309 3603 2655 3672 separaretur
2683 3611 2695 3645 :
2731 3602 2855 3648 tunc
2887 3608 2945 3648 se
2975 3603 3180 3663 septem
3212 3595 3442 3649 ﬁliorum
3473 3611 3695 3667 compu-

2089 3678 2219 3745 ‘tans
2267 3699 2515 3754 matrem,
2568 3687 2612 3741 si
2642 3686 2742 3742 sibi
2772 3687 3107 3757 contingeret
3153 3688 3289 3743 ﬁlios
3328 3697 3535 3759 septem
3586 3691 3696 3747 Deo

2098 3782 2273 3851 p0lius
2298 3780 2647 3850 peperissem,
2678 3794 2784 3833 non
2828 3777 3025 3832 sarculo
3080 3781 3309 3834 Armans
3342 3781 3517 3850 itaque
3570 3796 3694 3837 eum

2101 3881 2155 3926 et
2203 3871 2580 3934 corroborans,
2610 3880 2663 3923 et
2701 3868 2939 3924 feliciore
2976 3877 3101 3923 tunc
3141 3878 3294 3939 partu
3338 3870 3502 3926 ﬁlium
3534 3889 3695 3943 gene-

2094 3977 2222 4017 ratis
2250 3980 2262 4016 :
2305 3959 2432 4028 Fili,
2467 3961 2657 4033 inquit,
2688 3961 2921 4016 miserere
2942 3964 3058 4030 mei,
3086 3979 3199 4033 qua:
3232 3974 3279 4019 te
3307 3965 3358 4019 in
3385 3975 3527 4021 utero
3555 3985 3693 4022 uten-

2094 4054 2232 4110 sibus
2274 4055 2445 4108 decem
2474 4063 2499 4089 "
2523 4054 2741 4124 portavi,
2773 4063 2818 4108 et
2850 4052 2927 4109 lac
2958 4056 3174 4110 triennio
3200 4055 3339 4124 dedi,
3374 4067 3419 4112 et
3464 4059 3592 4126 alui,
3650 4071 3694 4115 et

2092 4156 2145 4209 in
2198 4162 2396 4209 letalem
2424 4151 2573 4208 istaut
2601 4150 2840 4221 perduxi.
2892 4150 3019 4223 Uro,
3048 4153 3145 4223 ﬁli,
3175 4154 3394 4224 aspicias
3434 4154 3487 4209 in
3514 4157 3695 4224 calum

1627 4264 1914 4324 LECTION
1922 4268 2005 4327 ES
2042 4264 2456 4325 VAltIANTES.

458 4356 484 4419 ξι
508 4352 583 4419 Ue
608 4355 900 4419 vocaveritis
924 4361 1112 4419 patrem
1136 4356 1283 4408 Ebur.

456 4414 484 4452 ³)
509 4416 808 4478 Contagione
835 4414 940 4468 Lini

462 4481 483 4541 (ἓ
515 4478 672 4541 Magis
695 4481 814 4528 iram
837 4479 976 4541 regis
998 4480 1127 4532 Bod.
1152 4482 1200 4531 ὅ.

454 4540 481 4578 ά
513 4540 567 4591 In
586 4540 852 4592 secundum
887 4540 1019 4593 Voss.
1052 4543 1093 4592 l.

458 4606 482 4667 ῗ
510 4603 563 4667 in
590 4606 819 4667 martyrio
841 4618 929 4654 suo
949 4606 1086 4655 fortis
1110 4605 1233 4657 Bod.
1263 4608 1306 4657 1.

458 4664 479 4700 ΐ
510 4665 693 4716 Potens
716 4664 851 4717 'Bod.
878 4667 923 4716 2.
1312 4708 1324 4714 -

464 4727 751 4796 8_In_‘vit_am
796 4728 1205 4796 mternaonmill.
1243 4732 1375 4781 Lam.
1403 4731 1546 4784 Ebor.
1574 4736 1621 4785 Ν
1630 4734 1682 4783 C.
1705 4735 1746 4796 1,
1772 4735 1818 4784 2.
1852 4736 1992 4787 Voss.

399 4788 448 4837 1.
493 4790 545 4839 5.
572 4790 698 4840 Bod.
729 4791 774 4851 l,
802 4791 849 4849 2,
872 4794 920 4853 3,
948 4792 991 4840 4.
1018 4794 1137 4843 Ben.
1168 4797 1282 4846 Ver.

464 4850 490 4915 β
512 4850 639 4915 Είᾱθ
664 4859 718 4902 et
739 4855 911 4915 vigore
937 4854 1060 4906 Bod.
1085 4856 1133 4905 2.

462 4914 478 4952 ί
509 4913 684 4977 Magna
708 4913 924 4978 potestas
949 4918 1079 4968 Lam.
1105 4916 1252 4970 Ebor.
1281 4920 1389 4972 ΝΟ.
1420 4920 1460 4970 l.
1494 4924 1631 4974 Voss.
1660 4922 1704 4972 1.
1735 4919 1838 4973 Lin.
1867 4922 1991 4974 Bod.

2100 4362 2148 4425 1,
2173 4359 2229 4425 2.⁸
2244 4362 2419 4425 Benest.
2454 4363 2573 4411 Ver.

2166 4423 2181 4476 Ι
2215 4423 2435 4487 Martyris
2454 4426 2545 4487 Ar.

2164 4481 2509 4559 {impunitum
2533 4484 2749 4559 fumium
2774 4481 3112 4559 Lantb:_lf.‘bor.
3144 4485 3190 4533 Ν
3199 4483 3252 4532 C.
3278 4485 3325 4546 1,
3349 4484 3399 4535 2.
3428 4484 3550 4535 Bod.
3579 4485 3625 4546 1,
3644 4484 3692 4548 2,

2101 4546 2150 4600 ’5.
2179 4547 2226 4598 4.
2256 4546 2358 4600 Lin.
2396 4552 2528 4599 Voss.
2568 4546 2610 4600 l.
2638 4546 2685 4596 2.
2719 4556 2884 4597 aeneo.
2922 4549 3034 4595 Ver.

2135 4586 2756 4682 'ggu‘mureli‘ii't‘iisWCJ.
2823 4614 2904 4682 ’ζῆ
2959 4668 2990 4682 ἡ
3044 4646 3084 4682 .n
3122 4670 3150 4682 ﬂ
3409 4672 3419 4682 .

2159 4671 2200 4701 ⁸η
2226 4671 2333 4722 Deo
2369 4668 2647 4737 peperisse,
2691 4684 2784 4720 non
2815 4670 2921 4720 ΝΟ.
2959 4668 3004 4718 ‘2.
3049 4669 3217 4720 Potius
3249 4672 3507 4734 peperisse
3547 4685 3693 4737 quam

2105 4737 2473 4910 :o‘fsbltinsibus
2493 4809 2670 4847 novem
2693 4798 2849 4848 Oxon.
2876 4794 3051 4846 decem
3078 4793 3201 4846 Bod.
3230 4795 3384 4861 l,2,5,
3411 4795 3456 4845 4.
3484 4799 3619 4849 Voss.
3645 4798 3689 4848 1.

2130 4871 2223 4910 λεν.

2130 4871 2223 4910 ’er.

1631 5024 1869 5081 STEPIl.
1907 5026 2173 5086 BALUZII
2221 5028 2446 5085 ΝΟΤᾸΕ.

472 5111 756 5185 Impotens.
811 5114 957 5171 lianc
986 5116 1268 5171 lectionem
1318 5116 1493 5172 intulit
1521 5118 1797 5174 Erasmus.
1861 5120 2002 5176 Con—

404 5185 619 5259 ﬁrmant
639 5195 818 5241 autem
855 5203 972 5243 eam
998 5186 1319 5259 plureslihri
1346 5199 1555 5244 vetet-es
1581 5198 1633 5244 ct
1657 5192 1996 5248 ususLatinai

394 5255 615 5332 linguae.
671 5255 1283 5332 lmpotentia'signiﬁcat
1317 5262 1477 5332 nimis
1505 5259 1875 5316 vehementem
1904 5278 1996 5332 po-

387 5328 639 5401 tentiam,
685 5340 737 5382 et
764 5328 917 5383 velut
982 5328 1315 5401 tyrannicum
1358 5331 1498 5386 illius
1539 5346 1713 5386 usum.
1766 5328 1993 5399 Quidam

382 5396 744 5471 libri_veteres
774 5410 828 5454 et
861 5396 1095 5471 autiq'ure
1139 5400 1423 5469 editiones,
1449 5403 1611 5456 etiam
1643 5396 1991 5471 ltlorciliana,

381 5466 529 5542 quod
557 5469 911 5542 _mirtungest,
964 5466 1252 5539 praeferunt
1295 5466 1417 5542 quia
1455 5482 1632 5542 potens
1698 5490 1772 5528 es.
1846 5473 1976 5530 Vide

380 5537 699 5591 Lambinum
735 5539 799 5593 ad
845 5537 1119 5595 lloratintn
1150 5542 1240 5595 lib.
1266 5537 1421 5597 t.'od.
1452 5537 1542 5597 37.

456 5609 622 5674 Quam
653 5626 915 5682 magnum.
971 5612 1357 5668 “evocavimus
1385 5611 1500 5668 inec
1544 5612 1648 5669 duo
1689 5615 1970 5682 vocabula,

380 5694 500 5753 quae
547 5678 856 5753 «inciderant
905 5682 955 5737 in
987 5682 1220 5739 editione
1241 5682 1491 5753 Rigaltii,
1549 5697 1601 5742 et
1627 5688 1823 5744 omissa
1854 5678 1977 5743 sunt

382 5750 434 5803 in
464 5749 778 5817 Anglicana.
807 5752 900 5807 illa
928 5754 1071 5809 enim
1103 5749 1358 5813 exhibent
1386 5749 1576 5816 omnes
1607 5758 1728 5815 libri
1770 5768 1978 5817 veteres

381 5830 435 5879 et
463 5821 697 5891 antiqua:
723 5823 1006 5882 editiones.

2183 5120 2523 5193 Impunitum.
2576 5122 2649 5179 ita
2702 5132 2913 5179 veteres
2950 5122 3213 5180 editiones
3237 5129 3305 5193 et
3344 5136 3530 5193 omnes
3579 5121 3690 5178 fere

2109 5192 2231 5248 libri
2274 5192 2501 5249 'vetet'es
2578 5194 2833 5249 Erasmus
2884 5196 3103 5263 mutavit
3154 5202 3208 5247 et
3246 5192 3412 5247 edidit
3460 5192 3684 5263 impune.

2102 5264 2233 5331 Qum
2261 5277 2389 5318 Sane
2422 5265 2577 5321 lectio
2605 5274 2780 5320 exstat
2809 5266 2860 5320 in
2884 5262 3199 5333 quibusdam
3217 5262 3365 5317 libris
3396 5265 3683 5318 veteribus.

2172 5333 2431 5406 Mrnsibus
2452 5337 2640 5395 decem.
2677 5341 2841 5391 Antea
2875 5337 3143 5406 legebatur
3173 5349 3368 5406 novem,
3398 5349 3498 5404 qua
3549 5335 3685 5388 anti-

2096 5407 2310 5476 quiores
2350 5404 2583 5475 Operum
2634 5408 2804 5462 sancti
2846 5403 3380 5478 Cyprianieditores
3420 5403 3686 5478 putarunt

2096 5475 2322 5532 fortasse
2348 5492 2408 5531 ea
2437 5478 2622 5547 qtneiu
2643 5478 2744 5532 illis
2767 5475 2924 5532 citata
2955 5477 3291 5545 reperiuntur
3317 5490 3381 5531 ex
3408 5475 3680 5545 Scriptura

2095 5564 2243 5602 sacra
2285 5547 2481 5602 debere
2534 5548 2805 5604 emendari
2855 5549 3000 5618 juxta
3054 5547 3343 5618 editionem
3390 5547 3678 5617 vulgatam.

2094 5619 2224 5686 Qua:
2253 5633 2338 5673 res
2360 5620 2486 5672 mihi
2518 5635 2761 5688 magnam
2791 5617 3004 5688 semper
3032 5621 3140 5673 visa
3172 5629 3255 5673 est
3293 5617 3492 5673 habere
3532 5618 3679 5673 dilﬁ.

2082 5691 2359 5758 cultatem,
2410 5707 2532 5747 cum
2583 5702 2790 5746 certum
2846 5693 3019 5757 sit,ut
3047 5700 3170 5746 ante
3203 5706 3288 5745 me
3332 5693 3675 5744 observatum

2082 5770 2164 5816 est
2189 5761 2221 5815 ξι
2243 5762 2368 5835 viris
2398 5762 3089 5835 doctissimis,Cyprianum
3116 5765 3219 5821 alia
3249 5764 3494 5835 versione
3519 5777 3673 5835 usum

2082 5847 2221 5890 esse.
2249 5833 2383 5891 Cum
2400 5835 2577 5906 itaque
2606 5832 2989 5893 videretueam
3019 5833 3452 5906 discrepantiam,
3473 5832 3671 5888 scirem
