4272 6278
486 5194 502 5201 “”
593 5191 811 5246 cil'erum
839 5192 1198 5247 (Ialarilanum
1231 5195 1281 5247 in
1328 5192 1463 5247 libro
1505 5194 1568 5247 de
1593 5209 1690 5247 non

568 319 666 378 6'“

1964 332 2101 389 DIVI
2137 332 2460 391 CYPRIANI

3156 244 3201 274 ο

3758 345 3872 403 672

571 450 618 496 et
644 452 861 511 terrant;
889 452 933 499 et
964 444 1194 500 omnibus
1237 461 1352 517 qua:
1384 447 1436 502 in
1466 447 1537 503 eis
1574 458 1689 505 sunt
1732 453 1968 523 aspectis,
2012 454 2163 510 intel-
2189 452 2240 512 Α
2274 452 2355 506 Via
2384 453 2504 507 Vim
2534 463 2825 521 momenta,
2878 462 2937 510 ιιι
2965 453 3169 511 οίΥθηεο
3196 455 3305 513 Deo
3332 455 3635 516 incurreret
3663 470 3869 520 aeterna

572 535 703 605 ligas
743 538 861 606 quia
900 552 963 591 ea:
1001 536 1162 591 nihilo
1188 539 1305 610 fecit
1328 539 1421 594 illa
1449 541 1585 597 Deus
1612 554 1655 598 et
1688 543 1945 601 hominum
1977 564 2155 617 genus.

572 626 775 696 Itaque,
826 628 926 695 ﬁli,
971 638 996 665 α
1041 645 1105 685 ne
1128 631 1304 686 timeas
1332 635 1621 705 carniﬁcem
1648 638 1822 706 istum,
1853 643 1941 694 sed
1978 641 2161 713 dignus

581 720 824 791 fratribus
862 720 1071 788 e/Iectus
1117 724 1342 796 excipias
1385 737 1616 791 mortem,
1671 739 1725 783 ut
1752 731 1802 784 in
1828 732 1922 786 illa
1950 735 2161 789 misera-

572 811 706 865 tione
730 827 841 864 cum
871 811 1114 882 fratribus
1140 817 1239 870 tuis
1267 826 1312 872 te
1339 818 1579 888 recipiam
1611 819 1874 891 (I‘IRC/ulb.
1903 839 1995 890 vn,
2019 824 2090 881 28
2112 826 2156 896 ).'

572 901 757 973 Magna
796 901 910 959 laus
939 904 1130 961 matris
1154 907 1207 962 in
1239 909 1611 967 exhortatione
1648 913 1889 982 virtutis,
1920 916 2013 971 sed
2044 933 2159 972 ma-

567 994 656 1066 jor
693 995 745 1051 in
776 995 870 1051 Dei
920 997 1111 1055 timore
1159 1010 1214 1057 et
1265 1003 1316 1057 in
1370 1003 1490 1059 lidei
1521 1005 1744 1062 veritate
1768 1006 1817 1073 ιι,
1846 1009 1986 1078 quod
2030 1009 2159 1065 nihil

572 1089 695 1155 sibi,
741 1098 833 1144 aut
878 1091 1012 1156 tilio,
1057 1092 1126 1148 de
1173 1109 1272 1150 sex
1347 1107 1640 1167 martyrum
1700 1098 1901 1156 honore
1955 1102 2160 1172 promi-

572 1184 675 1249 sit,
706 1196 806 1237 nec
846 1182 1068 1240 fratrum
1101 1201 1314 1256 precem
1364 1187 1693 1257 profuturam
1723 1191 1949 1248 credidit
1976 1194 2040 1249 ad
2069 1211 2162 1251 nec

570 1276 743 1347 gantis
769 1276 991 1333 salutem
1025 1297 1040 1334 :
1089 1281 1351 1350 persuasit
1384 1283 1560 1353 potius
1605 1280 1920 1357 participem
1958 1288 2166 1357 passio-

574 1368 657 1422 nis
688 1368 825 1435 fieri,
880 1378 937 1425 ut
975 1371 1026 1425 in
1056 1371 1241 1443 judicii
1286 1374 1372 1429 die
1412 1384 1595 1445 posset
1639 1391 1759 1432 cum
1800 1379 2048 1436 fratribus
2079 1383 2160 1436 in-

572 1460 764 1516 veniri.
810 1462 1056 1520 Postbtec
1080 1464 1262 1521 liberis
1288 1467 1397 1522 suis
1431 1478 1452 1505 ο
1477 1470 1829 1526 commoritur
1860 1480 1915 1527 et
1953 1482 2161 1540 mater;

574 1570 751 1626 neque
778 1555 919 1611 enim
962 1558 1104 1613 aliud
1142 1559 1250 1629 jam
1280 1559 1501 1617 decebat
1525 1560 1575 1628 ά,
1608 1579 1766 1640 quam
1798 1577 1856 1620 ut
1880 1582 1997 1637 quae
2025 1584 2166 1622 mar-

577 1662 722 1727 tyres
759 1663 1042 1725 pepererat
1090 1663 1145 1711 et
1177 1654 1408 1723 fecerat,
1440 1658 1492 1712 in
1525 1660 1799 1715 consortio
1848 1661 1950 1716 illis
1981 1663 2163 1734 gloriae

570 1749 916 1819 jungeretur;
975 1757 1028 1803 et
1090 1763 1224 1819 quos
1275 1749 1340 1804 ad
1404 1750 1568 1805 Deum
1625 1753 1990 1821 praemiserat,
2052 1757 2163 1827 ipsa

2262 547 2540 617 supplicia.
2588 549 2658 602 At
2688 548 2777 604 ille
2802 550 3136 632 excruciatus
3164 551 3276 620 diu,
3322 560 3377 607 et
3406 553 3456 607 itt
3488 562 3734 611 extremo
3753 558 3867 627 jam

2262 637 2601 703 constitutus,
2647 652 2766 692 cum
2806 637 2945 694 inter
2970 639 3197 695 verbera
3228 650 3284 696 et
3328 649 3593 698 tormenta
3620 660 3865 702 morere-

2262 734 2379 795 tur,
2433 729 2784 799 ingemiscens
2834 729 2959 784 ait:
3013 729 3250 797 Domine,
3291 732 3379 802 qui
3428 743 3661 787 sanctam
3711 735 3868 791 habes

2263 821 2544 887 scientiam,
2589 823 2915 893 manifestum
2960 831 3035 877 est
3082 823 3228 894 quia,
3259 840 3373 879 cum
3403 842 3600 896 possent
3647 844 3681 881 a
3705 839 3868 883 morte

2264 912 2490 980 liberari,
2553 914 2850 970 durissimos
2897 916 3098 971 dolores
3145 919 3377 989 corporis
3426 919 3587 975 tolero
3636 922 3860 992 ﬂagellis

2265 1008 2545 1076 vapulans;
2594 1010 2765 1064 animo
2817 1019 2985 1064 autem
3016 1020 3223 1082 propter
3269 1012 3344 1065 tui
3395 1012 3555 1084 ipsius
3587 1025 3776 1068 metum
3803 1016 3870 1069 li-

2266 1100 2435 1155 benter
2460 1099 2567 1154 ha'c
2595 1103 2762 1171 patior
2808 1099 3076 1174 (Machab.
3128 1119 3198 1170 vt,
3226 1103 3345 1176 22).
3392 1102 3614 1160 Sincera
3645 1120 3868 1176 prorsus

2268 1189 2401 1246 fides
2425 1199 2479 1247 et
2521 1192 2689 1247 virtus
2719 1193 2920 1264 integra
2948 1208 3010 1248 ac
3037 1193 3168 1249 satis
3197 1210 3355 1264 pura,
3388 1209 3495 1250 non
3548 1210 3729 1267 regem
3760 1198 3870 1252 An-

2269 1283 2503 1339 tioclmm
2558 1290 2854 1356 cogitasse,
2888 1286 2983 1342 sed
3036 1286 3202 1342 Deum
3248 1287 3487 1357 judicem
3522 1286 3540 1326 τ
3565 1306 3581 1356 ;
3619 1299 3672 1345 et
3701 1291 3869 1346 scisse

2270 1377 2529 1446 prolicere
2583 1378 2682 1434 sibi
2723 1379 2788 1434 ad
2846 1380 3072 1435 salutem
3122 1395 3227 1435 non
3276 1396 3458 1451 posse,
3501 1382 3549 1437 si
3594 1382 3867 1440 hominem

2266 1467 2535 1525 derideret
2559 1486 2622 1527 ac
2662 1471 2903 1537 falleret,
2945 1472 3161 1543 quando
3191 1473 3351 1541 Deus,
3383 1474 3473 1545 qui
3517 1476 3865 1533 conscientia:

2269 1569 2468 1615 nostra:
2510 1561 2674 1632 judex
2715 1573 2796 1618 est
2847 1572 2902 1619 et
2957 1564 3103 1620 Solus
3134 1564 3404 1620 timendus
3447 1576 3550 1632 est,
3599 1582 3699 1623 nec
3724 1568 3870 1623 deri-

2269 1650 2383 1707 deri
2440 1656 2607 1724 possit
2654 1656 2875 1711 omnino
2905 1672 3003 1713 nec
3034 1656 3165 1712 falli.
3197 1657 3254 1713 Si
3301 1658 3466 1729 igitur
3492 1669 3547 1716 ct
3576 1675 3673 1716 nos
3700 1661 3863 1718 dicati

2270 1758 2333 1799 ac
2360 1744 2539 1802 (levati
2589 1747 2697 1803 Deo
2747 1749 2996 1816 vivimus,
3031 1751 3074 1806 si
3103 1764 3263 1823 supra
3304 1762 3328 1798 ες
3358 1752 3625 1823 iustorum
3655 1756 3872 1826 antiqua

541 1856 785 1912 ,ηυοφιθ
824 1851 1156 1911 sequeretur,
1198 1842 1299 1910 Ac,
1333 1859 1401 1900 ne
1426 1845 1565 1915 quis,
1612 1847 1695 1901 vel
1742 1847 1909 1905 libelli
1961 1851 2040 1906 vel
2070 1852 2163 1907 ali-
2195 1846 2240 1905 B
2268 1840 2326 1897 et
2362 1852 2545 1898 saneta
2574 1842 2795 1913 vestigia
2834 1843 2937 1898 iter
2975 1842 3195 1900 facimus
3219 1886 3234 1913 ,
3264 1847 3333 1877 ²⁷²
3370 1862 3463 1917 per
3488 1847 3675 1904 cadent
3705 1849 3871 1905 docu-

576 1932 728 2003 cujus
777 1933 855 1988 rei
884 1933 1057 1988 oblata
1090 1935 1189 1990 sibi
1237 1937 1519 1991 occasione
1558 1953 1661 2008 qua
1705 1938 1877 2006 fallat,
1917 1943 2160 2014 amplcc.

583 2034 723 2081 tatur
771 2025 1149 2097 decipientinm
1198 2030 1394 2083 malum
1456 2042 1680 2097 namus,
1733 2047 1832 2087 nec
1877 2033 2166 2092 Eleazarus

582 2118 839 2175 tacendus
869 2131 970 2184 cst,
1002 2121 1114 2191 qui,
1157 2136 1278 2175 cum
1323 2122 1423 2176 sibi
1464 2139 1491 2175 a
1534 2124 1791 2179 ministris
1833 2128 1972 2197 regis
2002 2128 2166 2185 oil‘er-

578 2219 725 2266 retur
779 2209 1003 2266 facultas
1060 2223 1137 2280 ut,
1198 2223 1412 2284 accepta
1467 2229 1629 2271 carne
1680 2231 1783 2285 qua
1829 2217 2012 2273 liceret
2066 2221 2166 2276 sibi

577 2307 718 2361 vesci
741 2316 786 2372 θ,
809 2305 875 2361 ad
895 2308 1418 2364 circumveniendum
1450 2324 1654 2379 regem,
1687 2311 1961 2368 simularet
1987 2328 2048 2370 se
2079 2315 2165 2370 illa

580 2399 742 2455 edere
784 2414 902 2470 qua:
948 2399 1016 2455 de
1050 2400 1324 2457 sacriﬁciis
1352 2410 1514 2473 atque
1554 2403 1752 2459 illicitis
1782 2403 1915 2459 cibis
1960 2407 2166 2478 ingere-

581 2489 803 2559 bantur,
854 2491 1163 2547 consentire
1215 2491 1280 2545 ad
1325 2492 1460 2547 hanc
1514 2493 1774 2549 fallaciam
1824 2496 2026 2564 noluit,
2082 2498 2166 2554 di-

580 2596 709 2637 cens
737 2600 749 2635 :
782 2578 882 2639 nec
908 2583 1051 2638 mtati
1083 2598 1215 2651 suae,
1255 2598 1353 2639 nec
1383 2583 1644 2639 nobilitati
1670 2588 1960 2644 convenire
1991 2589 2041 2645 id
2071 2589 2170 2646 tin-

580 2689 739 2748 gere,
789 2690 894 2746 quo
938 2677 1116 2732 caeteri
1163 2676 1652 2732 scandalizarentur
1710 2688 1764 2733 et
1824 2680 1875 2734 in
1927 2696 2166 2739 errorem

583 2766 997 2834 inducerentur,
1059 2768 1423 2823 existimantes
1498 2769 1809 2825 Eleazarum
1882 2776 2167 2845 nonaginta

588 2872 759 2914 annos
799 2868 1005 2927 natum,
1053 2861 1120 2916 ad
1163 2861 1581 2932 alienigenarum
1622 2877 1848 2931 merent,
1879 2865 2062 2922 relicta
2116 2876 2170 2923 et

581 2950 789 3020 prodita
815 2950 909 3006 Dei
941 2951 1074 3024 lege,
1097 2951 1388 3009 transisse:
1421 2966 1521 3008 nec
1548 2955 1677 3010 tanti
1698 2957 2029 3013 essclncrari
2052 2960 2171 3016 bre-

2273 1948 2451 1993 menta
2493 1951 2801 2007 pinnarum,
2859 1950 2955 2007 per
3001 1936 3190 1993 eadem
3248 1939 3557 2009 passionum
3605 1943 3865 2012 martyria

2270 2048 2586 2104 pergamus;
2618 2030 2718 2085 hoc
2746 2030 3062 2101 ampliorem
3085 2031 3307 2102 gloriam
3338 2040 3704 2102 computantes
3729 2041 3866 2088 tent-

2273 2127 2416 2197 poris
2435 2126 2618 2191 nostri,
2641 2124 2947 2196 quod,cum
2977 2134 3155 2180 vetera
3181 2122 3206 2160 ιι
3233 2125 3470 2195 exempla
3497 2134 3859 2191 numerentur,

2276 2217 2605 2273 exuberante
2642 2215 2987 2287 postmodum
3046 2216 3200 2287 copia
3244 2215 3452 2271 virtutis
3479 2231 3541 2271 ac
3578 2216 3721 2283 ﬁdei,
3762 2234 3861 2272 uu-

2285 2308 2483 2364 merari
2529 2322 2632 2363 non
2685 2316 2908 2377 possunt
2954 2317 3221 2380 martyres
3273 2307 3589 2376 Christiani;
3638 2302 3870 2367 testante

2273 2400 2592 2473 Apocalypsi
2615 2411 2666 2455 et
2683 2400 2893 2455 dicente
2914 2418 2927 2455 :
2949 2399 3074 2455 Post
3095 2403 3202 2456 htec
3224 2401 3325 2455 vidi
3348 2401 3544 2456 turbant
3560 2420 3794 2475 magnam
3827 2404 3870 2471 ί,

2272 2511 2425 2566 quam
2476 2495 2797 2549 dinumerare
2853 2510 2998 2549 uento
3039 2504 3255 2566 poterat,
3284 2512 3349 2551 ea:
3394 2499 3531 2552 omni
3556 2508 3719 2570 gente,
3747 2508 3793 2552 et
3814 2516 3873 2554 ea:

2275 2589 2414 2643 omni
2445 2588 2578 2643 tribu
2618 2598 2663 2643 et
2694 2589 2884 2660 populo
2929 2597 2975 2643 et
3027 2587 3227 2659 lingua,
3282 2599 3474 2647 stantes
3525 2592 3578 2646 in
3607 2601 3875 2662 conspectu

2278 2682 2447 2736 throni
2474 2692 2520 2736 et
2547 2681 2678 2753 Αθηὶ
2708 2697 2726 2736 :
2757 2691 2803 2735 et
2827 2691 2971 2735 erant
2996 2682 3169 2736 amicti
3195 2684 3353 2737 stolas
3377 2684 3520 2739 albas
3544 2683 3556 2735 i
3576 2726 3592 2752 ,
3622 2694 3669 2739 et
3695 2684 3877 2757 palma:

2290 2775 2495 2845 [uerunt
2546 2776 2600 2829 in
2652 2774 2885 2829 ntauibus
2934 2790 3128 2840 eorum,
3172 2783 3220 2829 et
3260 2792 3449 2848 magno
3477 2779 3698 2833 clamore
3741 2779 3879 2832 dice-

2277 2868 2394 2922 bant
2423 2884 2440 2920 :
2473 2866 2630 2923 Salus
2665 2866 2774 2922 Deo
2800 2867 2825 2903 ¹ί
2854 2876 3028 2921 nostro
3069 2866 3264 2922 sedenti
3315 2884 3472 2938 super
3524 2870 3781 2934 thronum,
3833 2879 3880 2923 et

2281 2963 2447 3033 Agno.
2482 2960 2546 3015 Et
2569 2962 2831 3032 respondit
2878 2976 3009 3015 unus
3049 2976 3112 3016 ea:
3157 2961 3441 3016 senioribus
3484 2962 3659 3018 dicens
3710 2962 3880 3017 mihi:

1803 3046 2190 3111 LECTIONES
2227 3053 2639 3112 VARIANTES.

646 3139 767 3210 {na
795 3141 1014 3210 1l_etLam.
1040 3138 1182 3191 Ebor.
1224 3140 1331 3191 NC.
1370 3142 1414 3203 1,
1460 3141 1507 3189 τε.
1554 3137 1658 3191 Lin.
1697 3144 1813 3192 rer.
1846 3145 1983 3195 Voss.
2028 3145 2074 3206 1,
2120 3144 2165 3195 ει.
2196 3147 2240 3210 c

582 3205 625 3264 1,
647 3204 709 3264 ,2.
736 3205 783 3253 4.
811 3207 967 3256 Oxon.

643 3263 671 3300 b
697 3267 818 3315 Fide
843 3266 1065 3315 veritatis
1086 3266 1210 3316 Bod.
1246 3267 1290 3315 1.
1324 3295 1328 3301 ρ

647 3329 669 3357 ε
697 3327 815 3377 Cum
840 3327 1012 3377 liberis
1048 3330 1157 3377 Ver.

643 3389 669 3454 «ι
695 3361 1012 3454 lassatis:
1030 3361 1161 3454 ίςιῖἱιζ
1188 3387 1330 3454 Ebor.
1356 3390 1477 3454 Bod.
1509 3391 1627 3454 1,2,
1652 3392 1774 3454 5,!4.
1800 3395 1906 3445 ΝΟ.
1933 3396 1977 3444 ι.
2007 3394 2110 3445 Lin.

649 3452 671 3480 θ
699 3450 1038 3501 Liceretvesci
1061 3453 1190 3501 Lam.
1206 3450 1347 3503 Ebor.
1365 3453 1471 3502 ΝΟ.
1492 3454 1535 3503 1.
1563 3450 1625 3504 Et
1647 3450 1776 3507 recci
1800 3459 1921 3508 Bod.
1938 3458 1982 3518 1,
2001 3459 2169 3518 2,3,4.

2340 3145 2365 3220 ξ
2393 3145 2790 3220 Peumjudieem
2822 3145 3066 3220 metuisse
3098 3147 3234 3220 foss.
3272 3144 3314 3191 1.

2341 3212 2365 3272 β
2392 3209 2550 3272 Supra
2574 3205 2674 3272 ipsa
2697 3212 2787 3258 Ar.
2816 3205 2940 3272 Βρά.
2970 3207 3082 3272 1,},
3106 3205 3227 3272 5,}.

2337 3270 2365 3310 h
2390 3264 2496 3332 Quo
2520 3264 2628 3321 cuin
2653 3278 2829 3332 vetera
2852 3269 2981 3332 Luat.
3011 3267 3133 3332 Bod.
3150 3267 3208 3332 g.
3229 3265 3338 3332 NQ.
3364 3264 3408 3313 1.

2341 3335 2355 3373 ί
2387 3326 2597 3384 Turbam
2622 3330 2823 3380 multam
2855 3330 2976 3379 Bod.
3006 3329 3050 3380 1.
3076 3328 3122 3385 2,
3147 3329 3197 3385 5,
3220 3326 3266 3375 4.
3303 3330 3414 3375 νιν.

2338 3398 2351 3447 i
2387 3395 2535 3445 Slolis
2558 3395 2680 3443 albis
2710 3396 2849 3441 Voss.
2887 3392 2931 3440 1.
2961 3388 3090 3439 Stola
3115 3387 3223 3437 alba
3254 3391 3368 3437 Ver.

2336 3458 2361 3497 k
2386 3456 2513 3505 Laus
2541 3455 2651 3504 Deo
2678 3453 2801 3503 Bod.
2824 3453 2871 3501 4.

1806 3543 2046 3599 S'l'erPH.
2103 3540 2373 3598 B.\LUZ|I
2430 3537 2659 3595 NOTAE.

583 3645 759 3690 autem
791 3633 1083 3702 Josephum
1125 3632 1191 3688 de
1218 3632 1406 3689 eadem
1454 3647 1512 3689 re
1562 3637 1819 3690 tradasse
1862 3638 1913 3690 in
1944 3636 2084 3690 libro
2113 3636 2179 3690 de

586 3705 816 3777 Imperio
841 3705 1077 3770 rationis,
1127 3705 1376 3775 putabam
1407 3720 1492 3760 me
1518 3704 1677 3762 finem
1714 3706 1835 3759 huic
1880 3705 2178 3761 difficultati

586 3777 741 3833 facile
771 3778 1142 3846 impositurum
1185 3777 1505 3832 auctoritate
1533 3777 1668 3847 ejus.
1700 3777 1803 3834 Sed
1833 3793 1949 3834 mea
1990 3794 2076 3832 me
2105 3779 2181 3833 fe-

593 3848 725 3904 fellit
756 3848 955 3918 opinio.
982 3847 1209 3919 Etenim
1242 3848 1333 3904 ille
1370 3858 1648 3919 postquam
1677 3849 1859 3905 retulit
1888 3849 2029 3904 hunc
2065 3864 2179 3904 ser-

587 3934 804 3973 monem
837 3918 1024 3971 matris
1068 3918 1132 3972 ad
1168 3920 1352 3985 tilium,
1383 3934 1439 3974 se
1485 3921 1631 3975 illurn
1665 3936 1859 3974 novem
1905 3919 2179 3975 mensibus

588 3990 640 4061 in
676 3997 827 4041 utero
854 3998 1253 4061 gestasse,_t_nox
1284 3991 1358 4042 ait
1388 3992 1436 4043 in
1465 3991 1651 4060 pagina
1679 3992 1918 4061 sequenti
1948 3990 2177 4045 sanctis-

588 4060 756 4113 Simos
799 4067 1063 4127 martyres
1101 4059 1298 4112 dixisse
1351 4059 1553 4113 matris
1582 4059 1789 4115 uterum
1845 4077 1937 4115 eos
1996 4062 2179 4116 tulisse

588 4129 777 4184 decem
806 4128 1097 4199 mensibus.
1130 4127 1312 4199 Itaque
1341 4145 1551 4199 semper
1579 4144 1820 4188 remanet
1847 4132 2035 4186 eadem
2060 4132 2178 4193 dif-

594 4199 819 4254 ﬁcultas.
845 4196 1247 4252 Recurrendum
1276 4200 1431 4265 igitur
1461 4196 1543 4252 est
1571 4199 1636 4254 ad
1669 4204 2035 4257 auctoritatem
2080 4219 2174 4258 ve-

590 4280 761 4325 terum
784 4267 1186 4338 exemplarium.
1216 4268 1404 4323 Omnia
1428 4269 1538 4324 fere
1568 4286 1684 4338 quae
1735 4288 1834 4339 ego
1867 4273 1995 4337 vidi,
2057 4270 2180 4329 Sunt

590 4352 769 4397 autem
800 4340 983 4413 multa,
1017 4339 1211 4413 habent
1232 4339 1423 4395 decent.
1459 4342 1547 4396 Sic
1575 4343 1734 4395 etiam
1760 4344 1846 4398 illa
1872 4344 2067 4413 quibus
2095 4346 2178 4398 usi

591 4423 717 4467 sunt
742 4412 916 4483 Angli.
948 4411 1236 4483 Pamelius,
1270 4421 1466 4476 tamen,
1498 4413 1596 4465 etsi
1637 4411 1904 4480 putaverit
1924 4428 2041 4468 eam
2075 4416 2181 4469 lec-

592 4485 789 4539 tionem
814 4482 932 4539 esse.
959 4482 1254 4549 meliorem,
1273 4484 1321 4536 iu
1346 4498 1514 4553 caque
1530 4484 1789 4538 sententia
1817 4484 1994 4547 fuerit,
2019 4486 2179 4540 etiam

592 4554 888 4620 ltigaltius,
939 4555 1241 4609 maluerunt
1286 4554 1440 4609 aliam
1503 4556 1739 4610 retinere
1785 4555 1836 4609 in
1900 4565 2175 4610 contextu.

593 4625 758 4681 Alli-rt
789 4636 965 4681 autem
994 4625 1262 4680 Pamclins
1293 4626 1472 4694 plures
1521 4627 1863 4681 auctoritates
1906 4635 1962 4679 ut
1991 4628 2181 4695 probet

594 4696 732 4750 illam
762 4712 882 4751 esse
931 4697 1206 4751 meliorem
1246 4713 1363 4766 quae
1410 4697 1566 4752 habet
1615 4697 1804 4751 decem.
1856 4697 1968 4766 Ego
2013 4696 2180 4752 nmIto

592 4766 773 4835 plures
795 4767 990 4822 afferre
1019 4782 1252 4836 possem.
1278 4769 1382 4823 Sed
1413 4771 1536 4823 nolo
1557 4785 1648 4824 eas
1670 4767 1881 4833 alierre,
1908 4783 1974 4822 ne
1996 4782 2179 4822 earum

596 4837 757 4893 lcetio
813 4837 1080 4893 fastidium
1147 4850 1296 4895 creet
1341 4839 1647 4895 lectoribus.
1686 4840 1867 4909 Itaque
1912 4839 2180 4893 annombo

595 4918 794 4963 tantum
826 4910 938 4963 loca
959 4919 1196 4966 veterum
1215 4910 1303 4980 qni
1333 4910 1560 4965 infantes
1585 4910 1794 4966 decimo
1820 4924 2004 4964 mense
2021 4912 2178 4980 rnasci

592 4981 758 5051 amnt.
783 4980 977 5034 Lector
1008 4997 1067 5034 ca
1102 4983 1296 5048 poterit
1327 4983 1621 5051 requirere,
1653 4982 1696 5035 si
1728 4980 1958 5034 libuerit.
1992 4979 2183 5035 Videat

594 5048 975 5105 Tertulliannm
1010 5051 1059 5103 in
1090 5051 1224 5106 libro
1252 5051 1316 5105 de
1336 5048 1538 5113 Anima,
1569 5052 1864 5106 Arnobium
1893 5050 1984 5105 lib.
2012 5067 2047 5114 ι,
2066 5051 2179 5104 Ad-

593 5136 765 5192 rersus
788 5133 979 5192 gentes,
1008 5123 1339 5176 Lactantiunt
1368 5122 1416 5174 in
1450 5123 1586 5176 libro
1611 5122 1674 5175 de
1692 5121 1910 5192 ()piﬁcio
1938 5121 2048 5185 Dei,
2078 5122 2182 5176 Ln-

1735 5194 1987 5263 parcendo
2015 5192 2181 5246 delin-

592 5262 855 5335 quentibus
878 5265 930 5317 in
970 5265 1154 5330 Deum,
1186 5264 1569 5335 Hieronymum
1598 5264 1649 5317 in
1680 5262 1901 5335 cpistola
1941 5263 2006 5335 ad
2038 5263 2182 5335 Ruti-

597 5349 725 5387 nmn
758 5333 822 5387 de
862 5335 1059 5405 judicio
1104 5333 1423 5398 Salomonis,
1452 5335 1581 5390 etin
1614 5336 1838 5404 epistola
1863 5334 1925 5387 de
1960 5333 2181 5388 Vitanda

594 5414 827 5476 s_ttspccto
853 5404 1200 5476 contubernio,
1225 5406 1578 5476 Augustinum
1610 5404 1702 5459 lib.
1759 5419 1836 5471 tv,
1875 5420 1994 5476 cap_.
2046 5405 2078 5459 5
2121 5405 2184 5459 de

598 5473 863 5541 Trinitate,
891 5475 1236 5531 Prudentium
1284 5473 1336 5531 in
1367 5478 1605 5532 carmine
1647 5477 1711 5529 de
1752 5486 1925 5530 sancto
1943 5473 2181 5529 Romano

594 5554 837 5618 martyre,
873 5547 1206 5617 Fulgentium
1241 5547 1571 5618 Ferrandum
1603 5548 1655 5601 in
1681 5546 1917 5618 Epistola
1941 5546 2008 5599 ad
2036 5547 2180 5618 Ana-

593 5615 791 5682 tolium,
822 5615 1062 5672 sanctum
1095 5619 1425 5675 Vincentium
1449 5615 1994 5673 Ferarium'sertnone
2022 5618 2075 5671 in
2091 5616 2179 5670 Vi-

591 5686 720 5758 gilia
741 5689 1016 5758 nativitatis
1044 5690 1251 5751 Christi,
1298 5691 1540 5744 Plautum
1573 5690 1624 5742 itt
1650 5690 2017 5758 Amphitryone
2044 5698 2096 5744 et
2126 5690 2181 5743 in

595 5756 902 5829 Cistellaria,
938 5759 1211 5829 Virgilium
1241 5759 1435 5829 Ecloga
1480 5769 1679 5829 quarta,
1713 5756 1962 5829 Ovidium
1997 5759 2088 5813 lib.
2123 5775 2178 5825 t,

593 5832 646 5875 et
680 5837 709 5874 γ
739 5823 1115 5894 Ισάδιοι·ιιιιι,ἐι
1137 5824 1188 5883 in
1240 5823 1739 5896 ['Ipislola'Oeuoncs
1771 5829 1839 5882 ad
1864 5823 2177 5896 Macareum,

2210 4455 2258 4514 D

2285 3634 2547 3689 Senecam
2569 3632 2621 3686 in
2653 3630 2929 3697 Thebaide,
2964 3629 3352 3698 Quintilianum
3380 3628 3472 3686 lib.
3503 3644 3619 3696 vut,
3643 3644 3763 3700 cap.
3811 3633 3876 3699 5,

2286 3704 2691 3768 lnstitntionnm,
2738 3704 3021 3773 Apuleium
3077 3702 3133 3756 in
3187 3702 3599 3773 ApologiqLA.
3651 3700 3879 3773 Gellium

2286 3776 2380 3831 lib.
2403 3790 2480 3837 tu,
2524 3789 2642 3842 cap.
2694 3774 2759 3828 16
2788 3771 2843 3828 et
2889 3773 2982 3829 lib.
3020 3789 3114 3838 vn,
3165 3771 3294 3843 cap.
3340 3771 3392 3837 1,
3419 3771 3617 3843 iulium
3655 3771 3880 3827 Paulum

2286 3847 2377 3901 lib.
2411 3863 2449 3908 ι,
2482 3846 2561 3899 tit.
2590 3845 2645 3909 9,
2694 3844 2971 3900 Octavium
3026 3842 3394 3908 lioratiauum,
3429 3842 3715 3911 Ulpianum
3756 3859 3806 3898 tu
3842 3845 3878 3897 l.

2287 3915 2540 3972 lutestato
2570 3916 2636 3970 Ι).
2669 3917 2736 3971 de
2764 3915 2875 3969 suis
2905 3926 2958 3970 et
3002 3916 3258 3986 legitimis
3290 3915 3620 3986 ltzcredibus,
3669 3914 3883 3969 Petrar-

2286 3990 2447 4043 cltnm
2478 3988 2569 4042 lib.
2599 4003 2688 4042 xm
2712 4004 2815 4042 rer.
2850 3986 3015 4058 [amiL
3046 3984 3208 4055 epist.
3236 3985 3368 4058 uad
3397 3984 3699 4058 Guidoncm
3730 3986 3877 4058 cpis-

2284 4073 2480 4128 cepum
2511 4056 2882 4123 Pertaensem,
2913 4073 3031 4128 qua:
3059 4072 3088 4110 a
3122 4072 3206 4111 me
3233 4057 3372 4112 edita
3409 4065 3503 4128 est
3530 4056 3666 4128 inter
3694 4056 3882 4128 proba-

2287 4125 2460 4184 tiones
2508 4128 2746 4184 historia:
2775 4125 2951 4198 gentis
2994 4129 3319 4193 Arverniea‘,
3369 4127 3456 4181 ttbi
3486 4127 3647 4181 etiam
3679 4125 3879 4180 editum

2284 4210 2368 4256 est
2395 4210 2770 4254 testamentum
2815 4198 3161 4254 Bcrnardilll
3185 4199 3466 4265 defl‘urre,
3498 4198 3551 4251 in
3582 4210 3689 4267 quo
3718 4205 3880 4250 testa-

2289 4281 2374 4341 tur
2399 4270 2466 4325 de
2498 4280 2651 4323 utero
2674 4272 2893 4341 gravido
2914 4286 3010 4340 per
3035 4270 3219 4323 decem
3253 4284 3483 4341 menses.
3532 4267 3670 4341 Vide
3717 4267 3878 4322 etiam

2285 4340 2557 4396 Victorem
2594 4338 2863 4395 \‘iténsem
2913 4338 3004 4394 lib.
3038 4356 3090 4404 v,
3135 4354 3254 4409 cap.
3296 4339 3329 4395 9
3374 4338 3620 4394 Historiae
3645 4354 3880 4408 persecu-

2286 4413 2438 4466 tionis
2463 4411 2774 4466 Vandalictc.
2802 4411 3096 4465 Fatendum
3116 4420 3290 4464 tamen
3319 4420 3402 4464 est
3422 4411 3706 4464 lectionem
3721 4425 3879 4481 quam

2285 4498 2386 4552 ego
2435 4483 2658 4550 repudio
2704 4493 2917 4537 exstare
2970 4484 3019 4535 in
3066 4493 3294 4549 quatuor
3323 4480 3558 4548 antiquis
3608 4479 3883 4552 exempla;

2284 4548 2455 4619 ribus,
2486 4548 2668 4607 haberi
2698 4554 2854 4606 etiam
2886 4554 3023 4622 apud
3057 4548 3443 4622 llierOnymunt
3475 4553 3525 4604 in
3553 4548 3777 4622 cpistola
3808 4549 3880 4622 ad

2286 4624 2633 4695 l'lttstticltittttt
2663 4625 2724 4678 de
2755 4619 3038 4695 virginitate
3083 4619 3350 4688 servanda,
3383 4630 3435 4676 et
3480 4623 3530 4675 itt
3562 4619 3782 4695 epistola
3803 4621 3897 4695 ad.

2291 4690 2606 4750 Helvidium.
2639 4695 2705 4750 At
2742 4709 2802 4747 ea
2830 4690 2987 4765 quam
3011 4694 3209 4765 retinui
3230 4695 3470 4765 exstattin
3502 4690 3876 4765 novemdecim

2283 4766 2439 4820 libris
2472 4769 2669 4821 nostris
2693 4773 2747 4821 et
2767 4763 3067 4835 inquatuor
3081 4763 3549 4832 AnglicanisA’ide
3581 4763 3876 4835 Rentecon-

2285 4840 2532 4891 tarehum
2561 4836 2834 4891 Laurentii
2862 4834 3098 4890 'Ranircz
3127 4836 3195 4889 de
3226 4834 3430 4888 l’arado
3457 4849 3575 4901 cap.
3604 4834 3657 4888 5.

2362 4905 2832 4977 Ριηέιιαδὸιίροιὲιιδ.
2857 4906 3092 4975 Epistola
3138 4907 3200 4959 dc
3239 4905 3550 4977 honorantlis
3581 4902 3875 4977 parentibus

2283 4977 2423 5048 edita
2450 4978 2588 5030 inter
2610 4972 2785 5046 Opera
2817 4972 3128 5048 Hieronymi
3174 4993 3188 5030 :
3230 4974 3511 5048 fmilamiui
3543 4976 3729 5048 ﬁliuni
3761 4972 3883 5025 Ma-

2284 5047 2566 5112 rhabwunt,
2590 5043 2675 5119 qui
2694 5049 2846 5101 matri
2876 5043 3087 5101 mortem
3114 5047 3349 5102 suadenti
3376 5047 3594 5119 servivit,
3622 5055 3668 5098 et
3693 5043 3880 5119 durum

2280 5119 2552 5189 imperium
2578 5115 2835 5189 gratanter
2859 5134 3127 5189 aggressus
3157 5127 3250 5181 cst,
3282 5134 3344 5170 ne
3364 5116 3640 5183 olfenderet
3665 5115 3881 5189 geniti-if

2284 5185 2410 5242 cent.
2450 5185 2638 5242 Maluit
2669 5185 3092 5259 fratrum-sociari
3131 5189 3412 5257 funeribus,
3443 5203 3597 5257 quant
3620 5185 3877 5259 uoluntati

2288 5261 2464 5315 matris
2489 5258 2743 5314 obsistere.
2775 5259 2961 5317 Potest
2989 5261 3112 5314 huic
3142 5260 3329 5314 matris
3364 5258 3680 5314 constantia:
3724 5268 3880 5310 com-

2287 5332 2460 5400 parari
2488 5331 2663 5400 aliquo
2703 5331 2862 5385 modo
2895 5334 2996 5388 alia
3031 5339 3223 5397 mater,
3255 5343 3375 5400 quae
3420 5343 3690 5399 nunquam
3717 5325 3884 5380 voluit

2285 5401 2680 5474 declarareuhi
2715 5402 2900 5474 lilium,
2927 5403 3019 5474 qui
3065 5402 3427 5471 quasrebatur,
3458 5400 3766 5474 occidisset,
3793 5411 3883 5449 nec

2285 5473 2403 5527 ullis
2424 5472 2607 5526 deinde
2629 5473 2900 5527 terroribus
2927 5471 3014 5528 aut
3043 5482 3202 5527 morte
3228 5472 3561 5527 constantiam
3580 5471 3713 5524 vocis
3737 5483 3882 5538 egre-

2285 5544 2382 5613 gia'
2406 5545 2654 5597 mutavit:
2681 5544 2818 5613 apud
2849 5543 3090 5600 Tacitum
3124 5545 3174 5598 in
3204 5543 3345 5597 libro
3373 5558 3408 5597 li
3440 5541 3806 5613 Historiarum.

2358 5613 2688 5685 ᾼιιιιρθηηιὶδ.
2717 5611 2894 5671 Codex
2927 5614 3452 5683 Gratianopolitatms
3479 5611 3773 5685 abnegauti.

2357 5683 2461 5738 Per
2499 5680 2672 5739 eadem
2718 5687 3012 5757 passionum
3060 5680 3307 5755 martyrio
3355 5680 3643 5757 pergamus.
3699 5680 3880 5757 Codex

2246 5802 2258 5812 .
2287 5754 2560 5823 Tltuanus,
2584 5758 2652 5811 ad
2676 5752 2904 5829 martyrii
2927 5757 3141 5829 gloriam
3172 5752 3461 5826 pergamus.
3486 5752 3856 5822 Gratianopoli

2287 5835 2464 5897 ianus,
2485 5830 2552 5882 ad
2583 5831 2815 5900 martyrii
2840 5832 3129 5898 passionem
3157 5841 3448 5896 pergamus.
