4230 6282
362 325 474 386 675

1484 342 1821 403 EPISTOLA
1858 347 1952 404 AD
1990 345 2482 410 FORTUNATUM.

3568 367 3676 424 674

373 443 447 497 lli
497 444 585 514 qui
636 445 810 502 amicti
860 455 975 503 sunt
1024 451 1186 508 stolas
1229 454 1393 522 albas,
1441 458 1528 527 qui
1570 469 1710 526 sunt,
1757 472 1806 516 et
1833 463 1969 519 unde
1993 467 2046 526 Α,
2072 474 2276 522 metent.
2352 466 2679 524 Ambulantes
2756 471 3085 527 ambulabant
3134 470 3201 542 fet
3262 475 3490 546 ﬂebant,
3556 481 3676 535 mit-

369 538 652 591 veuerunt?
680 538 745 592 Et
769 540 878 595 dixi
903 542 949 596 ei
972 559 989 596 :
1018 542 1238 600 Domine
1266 548 1354 614 mi,
1386 552 1577 606 tuscis.
1608 551 1675 607 Et
1701 556 1773 608 ait
1798 556 1923 611 mihi
1946 573 1965 611 :

368 626 443 681 Ili
494 639 613 682 sunt
657 636 745 700 qui
789 645 1031 688 venerunt
1080 653 1142 691 ea;
1169 654 1357 709 magna
1385 641 1727 709 tribulatione,
1759 656 1804 701 et
1831 650 1965 702 (aveo

366 730 487 774 runt
536 722 693 776 stolas
718 740 860 791 suas,
911 737 959 781 et
988 728 1238 786 candidas
1263 747 1348 786 eas
1374 734 1598 803 fecerunt
1637 737 1691 790 in
1718 739 1967 809 sanguine

366 813 501 882 Agni
525 831 543 869 :
573 828 780 890 prapter
811 820 908 875 hoc
932 833 1049 877 sunt
1072 824 1127 879 in
1152 837 1423 897 conspectu
1450 829 1619 886 throni
1642 830 1761 902 Dei,
1786 843 1832 887 et
1858 850 1963 889 ser-

364 907 505 963 viunt
549 912 595 965 ei
625 911 708 967 die
748 930 809 967 ac
832 918 1058 972 noctein
1098 920 1284 991 templo
1325 928 1434 993 ejus
1456 932 1483 959 τι
1511 925 1529 992 (
1561 925 1723 996 Apoc.
1758 944 1852 992 vti,
1884 929 1960 1001 9).

365 998 520 1068 Quod
551 1003 595 1059 si
626 1014 802 1062 tantus
826 1009 1129 1079 ostenditur
1152 1022 1207 1068 et
1234 1013 1491 1085 probatur
1529 998 1962 1078 Christianorum

364 1105 662 1168 martyrum
695 1103 954 1173 populus,
1012 1121 1174 1162 nemo
1210 1106 1431 1166 difﬁcile
1480 1112 1563 1168 vel
1606 1114 1833 1171 arduum
1860 1132 1961 1187 pu-

367 1192 598 1250 tctcsse
642 1204 935 1268 martyrem
987 1198 1125 1268 ﬁeri,
1169 1201 1385 1271 quando
1440 1204 1955 1281 videat'martyruui

367 1289 621 1361 populum
668 1303 774 1344 non
818 1280 980 1361 posse
1019 1294 1315 1350 numerari.

362 1435 535 1479 CAPUT
562 1438 659 1479 XII.
694 1453 765 1464 -
820 1440 940 1489 QUAE
991 1440 1117 1482 SPES
1168 1443 1235 1482 ΕΤ
1271 1445 1478 1487 κεκοεθ
1520 1448 1733 1490 ΜΛΝΙΞΔΤ
1770 1451 1961 1494 JUSTOS

437 1529 505 1571 ΕΤ
538 1530 814 1573 IARTYRES
840 1531 968 1574 POS'l'
997 1532 1487 1580 CONFLI’CTATIONES
1516 1541 1674 1584 ιιωυε
1700 1543 1962 1586 TEMPORIS

437 1622 504 1662 ET
531 1621 827 1664 PASSIONES.

433 1723 538 1780 Per
557 1724 902 1782 Salomouem
934 1724 1166 1796 Spiritus
1194 1736 1412 1785 sanctus
1439 1732 1675 1788 ostendit
1719 1741 1775 1789 et
1820 1749 1958 1806 pra:—

360 1817 496 1873 ciuit
524 1817 551 1856 1)
578 1817 762 1873 dicens
796 1834 810 1871 :
841 1816 909 1872 Et
943 1819 988 1874 si
1026 1836 1198 1874 coram
1225 1821 1512 1879 hominibus
1542 1834 1792 1881 tormenta
1818 1829 1960 1897 passi

362 1921 510 1981 sunt,
540 1929 653 1983 spes
678 1928 852 1966 eorum
888 1912 1271 1969 immortalitate
1294 1916 1446 1987 plena
1482 1926 1574 1972 est.
1606 1917 1671 1972 Et
1697 1920 1750 1973 in
1780 1921 1958 1989 paucis

360 2007 549 2073 vexati,
581 2007 634 2060 in
656 2006 829 2061 multis
858 2006 981 2062 bene
1008 2007 1378 2076 disponentur,
1409 2013 1646 2082 quoniam
1675 2011 1811 2069 Deus
1848 2024 1958 2070 ten.

358 2100 479 2154 tavit
504 2098 643 2168 illos,
674 2110 721 2155 et
746 2101 933 2156 invenit
955 2102 1071 2157 illos
1088 2103 1268 2175 dignos
1290 2122 1364 2160 se.
1388 2104 1666 2177 Tamquam
1696 2125 1882 2165 aurum
1902 2111 1956 2166 in

357 2196 565 2265 fornace
591 2234 605 2258 ,
651 2194 880 2262 probavit
906 2194 1022 2250 illos
1049 2236 1064 2262 ,
1110 2205 1159 2250 et
1205 2198 1352 2266 quasi
1382 2199 1682 2255 holocausta
1709 2213 1731 2239 ο
1777 2203 1957 2259 hostia:

354 2285 548 2353 accepit
574 2285 708 2353 illos,
725 2294 772 2339 et
796 2286 852 2341 in
879 2296 1103 2357 tempore
1123 2288 1213 2343 erit
1235 2300 1488 2361 respectus
1511 2293 1733 2348 illorum.
1756 2293 1955 2367 Fulge-

353 2375 496 2442 buut,
517 2388 562 2432 et
585 2386 840 2449 tamquam
860 2380 1093 2436 scintillat
1112 2382 1166 2437 in
1192 2384 1495 2441 arundineto
1522 2387 1824 2446 discurrent.
1849 2390 1954 2446 Ju-

352 2469 591 2525 dicabunt
622 2472 849 2527 nationes
878 2483 924 2527 et
953 2473 1348 2531 dominabuntur
1374 2479 1577 2550 populis
1608 2522 1620 2544 ,
1650 2491 1697 2536 et
1724 2484 1953 2553 regnabit

354 2556 605 2618 Dominus
626 2579 797 2619 eorum
820 2566 872 2619 in
899 2576 1198 2637 perpetuum
1228 2568 1387 2640 (Sap.
1436 2587 1511 2638 tu,
1546 2571 1623 2644 4).
1649 2573 1779 2629 Item
1810 2575 1949 2645 apud

351 2653 598 2711 eumdem
645 2656 876 2712 vindicta
925 2667 1114 2714 nostra
1147 2659 1493 2730 describitur,
1528 2673 1581 2718 et
1623 2680 1951 2738 persequen-

351 2748 482 2803 tium
516 2764 612 2804 nos
653 2758 813 2821 atque
842 2749 1202 2808 iufestantium
1246 2755 1557 2824 paenitentia
1591 2757 1946 2827 praedicatur:

350 2839 498 2896 Tunc
526 2841 749 2906 stabunt,
782 2844 968 2915 inquit,
996 2846 1127 2916 justi
1154 2848 1207 2902 in
1232 2865 1419 2919 magna
1458 2853 1742 2906 constantia
1762 2856 1949 2908 adver-

351 2948 437 2988 sus
464 2948 548 2988 eos
576 2935 663 3005 qui
688 2951 742 2990 se
769 2938 1203 3008 angustiaverunt,
1234 2948 1282 2994 et
1308 2941 1392 3011 qui
1416 2941 1727 2997 abstulerunt
1753 2944 1949 3001 labores

346 3037 523 3081 eorum
554 3043 567 3080 :
598 3028 819 3083 videntes
846 3030 1178 3086 turbabuntur
1206 3034 1385 3088 timore
1409 3034 1678 3104 horribili,
1709 3046 1754 3091 et
1784 3040 1944 3093 mira-

352 3118 539 3174 buntur
557 3121 609 3175 in
635 3121 939 3178 subitatione
961 3125 1232 3192 insperata:
1248 3127 1426 3183 salutis
1445 3129 1664 3184 dicentes
1691 3132 1822 3186 inter
1857 3150 1911 3188 se
1928 3177 1943 3201 ,

352 3204 696 3283 paenitentiam
720 3214 952 3271 habentes
966 3213 1016 3284 ἀ,
1031 3227 1077 3271 et
1100 3234 1207 3289 prie
1227 3222 1462 3292 angustia
1480 3231 1502 3257 ο
1516 3224 1724 3293 spiritus
1746 3241 1949 3296 gemen-

346 3312 420 3360 tes
449 3320 467 3359 :
515 3303 587 3360 lli
612 3317 732 3362 sunt
756 3324 881 3379 quos
906 3310 1185 3383 aliquando
1213 3312 1486 3370 [tabuimus
1531 3316 1582 3370 in
1625 3319 1849 3373 derisum
1899 3331 1946 3375 et

345 3397 399 3452 in
438 3399 823 3456 similitudinem
854 3400 873 3439 ί
899 3394 1216 3476 improperii.
1246 3404 1358 3461 Nos
1381 3408 1629 3464 insensati
1650 3411 1803 3465 vitam
1831 3411 1946 3467 illo-

346 3505 460 3552 rum
490 3493 867 3548 wstintabamus
918 3497 1174 3551 insaniam
1220 3509 1267 3553 et
1297 3501 1453 3568 ﬁnem
1480 3502 1688 3558 illorum
1716 3506 1826 3560 sine
1853 3507 1945 3568 ho:

348 3596 490 3637 nare.
524 3581 789 3648 Quomodo
834 3603 952 3658 ergo
999 3590 1279 3660 eomputati
1306 3601 1331 3638 ες
1360 3602 1474 3648 sunt
1501 3594 1633 3650 inter
1666 3597 1800 3666 ﬁlios
1825 3556 1941 3667 Dei:

348 3682 395 3727 et
425 3675 555 3729 inter
579 3686 783 3731 sanctos
806 3695 917 3732 sors
945 3678 1152 3735 illorum
1179 3693 1250 3738 est
1271 3683 1292 3735 .'
1322 3683 1459 3756 Ergo
1498 3688 1773 3744 erravimus
1799 3708 1830 3745 a
1866 3692 1947 3746 via

348 3766 601 3835 veritatis,
641 3780 686 3823 et
725 3771 942 3842 justitia:
986 3773 1154 3830 lumen
1195 3793 1299 3832 non
1328 3778 1460 3834 luxit
1501 3780 1690 3837 nobis"
1718 3826 1732 3851 ,
1779 3794 1827 3839 et
1870 3776 1948 3841 sol

349 3872 450 3911 non
478 3869 549 3913 est
579 3870 720 3916 ortus
765 3863 928 3920 nobis.
970 3865 1172 3922 Lassati
1201 3885 1375 3925 sumus
1402 3872 1456 3927 in
1483 3874 1765 3945 iniquitatis
1793 3878 1873 3932 via
1901 3889 1948 3934 et

349 3953 677 4021 perditionis,
719 3966 765 4011 et
793 3957 1164 4017 ambulavimus
1191 3964 1491 4022 solitudines
1517 3968 1748 4039 difﬁciles
1770 4014 1784 4039 ,
1813 3973 1947 4027 viam

350 4057 529 4102 autent
557 4047 768 4105 Domini
792 4051 1157 4123 ignoravimus.
1211 4059 1347 4128 Quid
1376 4062 1520 4118 nobis
1550 4068 1743 4137 profuit
1770 4083 1947 4139 super-

335 4125 470 4195 bia?
498 4152 586 4197 aut
610 4144 733 4214 quid
757 4146 1044 4203 divitiarum
1058 4125 1272 4222 jactatio
1293 4153 1305 4189 ί
1340 4156 1553 4210 contulit
1578 4125 1719 4214 nobis
1732 4160 1759 4214 ?
1784 4125 1951 4217 trans-

350 4233 517 4288 ierunt
557 4236 728 4290 omnia
758 4238 848 4293 illa
879 4250 1137 4311 tamquam
1160 4245 1339 4301 untbra
1368 4248 1522 4321 (Sap.
1542 4265 1621 4318 ut,
1641 4252 1718 4323 1).
1742 4251 1874 4310 Item
1898 4255 1951 4310 in

354 4319 573 4382 Psalmo
602 4342 704 4384 cxv
734 4334 799 4399 (υ.
831 4331 886 4404 5)
918 4335 1144 4404 pretium
1167 4347 1221 4394 et
1241 4356 1448 4397 merces
1474 4346 1739 4413 passionis
1769 4357 1953 4405 osten-

346 4415 530 4474 ditur:
567 4418 799 4478 Pretiosa
834 4435 906 4480 est
926 4471 939 4492 ,
971 4429 1160 4500 inquit,
1188 4432 1241 4487 in
1268 4447 1539 4505 conspectu
1566 4438 1774 4496 Domini
1814 4460 1951 4500 mors

344 4519 635 4566 sanctorum
683 4515 793 4585 ejus
825 4516 869 4571 i.
901 4517 1032 4575 Item
1076 4522 1129 4576 in
1181 4524 1393 4583 Psalmo
1410 4544 1547 4584 cxxv
1568 4531 1641 4603 (υ.
1666 4532 1747 4605 8),
1782 4536 1951 4592 tristi-

2071 566 2229 612 tentes
2269 559 2463 613 semina
2506 574 2602 613 sua
2647 577 2666 615 :
2696 563 2947 619 venientes
2993 573 3164 619 autem
3209 569 3408 623 venient
3436 570 3675 626 in-exul-
3734 560 3739 565 ’

2066 652 2262 705 latione
2301 660 2559 723 portantes
2582 652 2608 691 ¹ί
2638 656 2831 725 gremia
2871 672 2965 712 sua
2990 654 3032 711 ι.
3084 659 3156 714 Et
3184 660 3376 717 iterum
3421 663 3475 719 in
3526 664 3673 721 Psal-

2067 758 2157 798 mo
2205 759 2365 799 cxvm
2409 762 2423 799 :
2467 744 2613 800 Beati
2651 750 2737 818 qui
2786 749 3100 805 immaculati
3157 763 3274 809 sunt
3320 756 3375 810 in
3423 759 3523 826 via,
3585 759 3673 828 qui

2068 835 2329 891 ambulant
2398 838 2452 894 in
2511 837 2621 909 lege
2666 837 2896 894 Domini.
2947 840 3095 899 Beati
3136 845 3226 915 qui
3291 858 3671 917 perscrutantur

2068 930 2314 1001 martyria
2361 938 2401 966 ιι]
2450 931 2579 999 eius,
2630 934 2683 987 in
2724 942 2829 988 toto
2874 936 3028 991 corde
3066 940 3335 1010 exquirunt
3372 959 3506 999 eum.
3535 945 3669 1003 Item

2070 1019 2328 1077 Dominus
2367 1021 2421 1077 in
2456 1023 2781 1094 Evangelio,
2814 1026 2958 1084 ultor
2982 1027 3098 1099 ipse
3125 1035 3518 1101 persecutionis
3547 1053 3671 1095 uos-

2069 1124 2165 1169 tra:
2195 1124 2249 1170 et
2293 1124 2667 1172 remunerator
2702 1126 2729 1153 η
2760 1119 3022 1189 passionis
3075 1139 3089 1175 :
3140 1121 3322 1191 Beati,
3352 1126 3552 1199 inquit,
3584 1132 3669 1200 qui

2067 1209 2464 1279 persecutionem
2503 1211 2643 1281 passi
2671 1213 2862 1283 fuerint
2891 1224 3101 1285 prapter
3135 1217 3406 1286 iustitiam,
3433 1222 3554 1290 quia
3581 1225 3669 1293 ip-

2066 1315 2242 1356 sorum
2266 1309 2338 1355 est
2363 1317 2577 1373 regnum
2602 1303 2843 1359 calorum
2867 1304 3082 1376 (Matth.
3108 1323 3159 1374 v,
3186 1308 3300 1379 10).
3336 1310 3403 1366 Et
3437 1312 3666 1371 iterum:

2065 1382 2211 1449 Beati
2236 1396 2375 1451 eritis
2400 1412 2516 1450 eum
2546 1397 2665 1453 odio
2689 1414 2776 1453 vos
2807 1399 3073 1455 habuerint
3104 1403 3351 1472 homines,
3380 1415 3428 1460 et
3447 1422 3662 1477 separa-

2065 1490 2226 1544 verint
2252 1504 2339 1544 vos
2364 1531 2378 1556 ,
2411 1501 2458 1545 et
2488 1492 2773 1562 expulerint
2802 1502 2851 1561 ο,
2880 1495 3305 1553 et-maledixerint
3333 1500 3527 1554 nomini
3552 1517 3664 1557 ves-

2066 1590 2143 1637 tro
2160 1583 2304 1653 quasi
2325 1600 2540 1654 nequam
2560 1595 2764 1655 prapter
2780 1585 2977 1642 Filium
2999 1588 3235 1645 hominis.
3253 1591 3479 1649 Gaudete
3503 1596 3556 1649 in
3570 1596 3664 1651 illa

2067 1675 2137 1705 ’⁷³
2152 1674 2235 1730 die
2262 1685 2310 1730 et
2336 1676 2585 1731 exsultate
2602 1662 2642 1731 ἐ
2682 1694 2795 1733 ecce
2823 1680 2957 1734 enim
2985 1698 3173 1739 merces
3209 1694 3372 1740 vestra
3402 1688 3561 1742 multa
3589 1698 3663 1745 est

2063 1766 2119 1819 in
2141 1766 2281 1821 caelis
2308 1765 2460 1837 (Luc.
2492 1783 2565 1836 vt,
2617 1766 2731 1841 22).
2761 1770 2829 1825 Et
2855 1770 3047 1828 iterum
3073 1791 3088 1830 :
3121 1774 3222 1842 Qui
3247 1777 3523 1847 perdiderit
3546 1780 3662 1836 ani-

1989 1869 2036 1930 Β
2063 1876 2200 1915 mam
2223 1877 2368 1916 suam
2393 1872 2601 1933 propter
2625 1879 2722 1932 me,
2755 1864 2837 1919 hic
2856 1868 3070 1922 salvabit
3088 1869 3233 1924 illam
3259 1871 3407 1942 (Luc.
3451 1890 3523 1942 ix,
3542 1875 3658 1947 24).

2062 1952 2172 2010 Nec
2219 1955 2364 2012 solos
2391 1956 2795 2015 animadversas
2821 1969 2877 2016 et
2914 1961 3229 2019 interiectos
3265 1964 3462 2021 divinae
3504 1967 3660 2038 polli-

2061 2049 2333 2106 citatiouis
2361 2060 2580 2107 manent
2609 2053 2827 2121 praemia
2853 2096 2866 2122 ,
2916 2056 3035 2125 sed,
3082 2057 3292 2114 etiamsi
3338 2060 3452 2130 ipsa
3483 2062 3660 2132 passio

2061 2139 2310 2199 ﬁdelibus
2340 2143 2498 2212 desit,
2528 2143 2661 2202 ﬁdes
2693 2156 2871 2204 tamen
2898 2148 3104 2221 integra
3134 2159 3294 2223 atque
3317 2153 3511 2211 invicta
3538 2170 3660 2227 per-

2060 2234 2277 2303 sﬁterit,
2301 2244 2373 2303 et,
2405 2239 2726 2309 contemptis
2748 2254 2811 2297 ac
2836 2240 3040 2297 relictis
3067 2244 3181 2300 suis
3209 2246 3480 2315 omnibus,
3497 2247 3658 2303 Citri-

2058 2336 2201 2381 stum
2228 2343 2288 2383 se
2317 2330 2469 2400 sequi
2508 2330 2847 2390 Christianus
2871 2322 3197 2403 ostenderit,
3233 2337 3349 2407 ipse
3373 2354 3587 2411 quoque
3625 2356 3656 2397 a

2057 2419 2273 2478 Christo
2313 2423 2457 2480 inter
2491 2436 2760 2500 martyres
2794 2424 3108 2498 honoratur,
3140 2429 3428 2501 pollicente
3455 2433 3575 2504 ipso
3601 2445 3657 2491 et

2057 2511 2271 2570 dicente
2301 2533 2315 2570 :
2346 2514 2516 2572 Nemo
2552 2529 2627 2575 est
2654 2520 2741 2592 qui
2773 2522 3026 2593 relinquat
3053 2524 3260 2578 domum
3307 2535 3396 2579 aut
3450 2542 3649 2594 agrum,

2056 2613 2143 2658 aut
2180 2616 2413 2676 parentes
2453 2618 2544 2663 aut
2572 2615 2778 2682 fratres,
2822 2622 2910 2667 aut
2935 2630 3144 2670 uxorem
3171 2624 3259 2669 aut
3282 2614 3419 2685 ﬁlios
3448 2625 3656 2688 propter

2054 2714 2266 2770 regnum
2288 2699 2383 2755 Dei
2402 2741 2417 2768 ,
2442 2711 2488 2757 et
2512 2720 2613 2760 non
2639 2707 2847 2776 recipiat
2871 2708 3053 2779 septies
3080 2717 3278 2765 tantunt
3303 2710 3357 2763 in
3384 2709 3482 2765 isto
3516 2718 3649 2765 tem-

2056 2805 2196 2860 pore,
2246 2793 2299 2847 in
2337 2795 2522 2849 saeculo
2562 2807 2730 2853 autem
2780 2810 2986 2856 venturo
3024 2802 3179 2857 vitam
3222 2812 3461 2858 retentam
3501 2801 3650 2873 (Luc.

2055 2898 2208 2951 xvtu,
2229 2884 2344 2957 29).
2388 2886 2517 2943 Item
2546 2889 2598 2944 in
2627 2890 2948 2972 Apocalypsi
2974 2894 3077 2950 hoc
3106 2895 3248 2951 idem
3271 2897 3507 2967 loquitur
3538 2916 3553 2951 :
3586 2895 3653 2950 Et

2052 2977 2177 3045 vidi,
2202 2978 2391 3049 inquit,
2421 2980 2616 3037 animas
2641 2984 2922 3039 occisorum
2949 2996 3157 3057 propter
3183 3004 3363 3042 nomen
3391 2988 3518 3043 Jesu
3552 2999 3578 3036 Ρ
3604 2996 3653 3042 et

2053 3085 2331 3126 sermonem
2372 3071 2470 3127 Dei
2501 3090 2518 3129 :
2545 3083 2599 3130 et
2626 3090 2748 3132 cum
2785 3078 2959 3148 primo
2989 3079 3042 3133 in
3070 3074 3190 3135 loco
3221 3081 3486 3151 posuisset
3513 3082 3654 3136 occi-

2053 3175 2144 3217 sos
2166 3207 2179 3229 ,
2225 3163 2467 3232 addidit,
2513 3166 2697 3224 dicens
2725 3187 2738 3225 :
2769 3168 2837 3224 Et
2861 3171 3161 3243 quicumque
3191 3172 3461 3245 imaginem
3485 3173 3654 3229 bestia:

1974 3263 2018 3326 ί)
2052 3270 2152 3309 non
2178 3256 2533 3326 adoraverunt,
2560 3276 2650 3315 nec
2675 3272 2977 3333 acceperunt
3004 3263 3383 3335 inscriptionem
3405 3266 3459 3319 in
3487 3268 3655 3336 fronte
3715 3332 3722 3339 ,

2051 3358 2138 3402 aut
2162 3349 2216 3403 in
2252 3367 2405 3406 manu
2433 3370 2527 3408 sua
2550 3369 2571 3418 ;
2610 3369 2743 3425 quos
2770 3356 3050 3413 universos
3079 3373 3110 3412 a
3142 3372 3202 3414 se
3233 3358 3285 3413 in
3313 3357 3505 3415 eodem
3534 3358 3653 3415 loco

2053 3442 2211 3498 simul
2237 3444 2382 3500 visos
2407 3446 2683 3519 conjungit
2710 3458 2765 3504 et
2793 3448 2962 3506 dicit:
3008 3459 3054 3504 et
3077 3451 3311 3506 vixerunt
3339 3460 3387 3505 et
3410 3468 3656 3523 regnave-

2050 3546 2172 3591 runt
2195 3553 2309 3591 cum
2334 3536 2536 3595 Christo
2558 3538 2745 3612 (Apoc.
2797 3558 2889 3609 xx,
2912 3542 2995 3614 4).
3021 3542 3216 3601 Vivere
3244 3560 3432 3602 omnes
3452 3546 3583 3610 dicit
3602 3554 3656 3602 ct

2052 3647 2277 3704 regnare
2313 3650 2433 3690 cum
2470 3636 2704 3703 Christo,
2744 3653 2851 3693 non
2876 3648 3080 3693 tantum
3109 3639 3200 3710 qui
3242 3641 3404 3696 occisi
3433 3640 3651 3708 iuerint,

2051 3725 2146 3781 sed
2173 3736 2227 3781 et
2249 3728 2593 3798 quicumque,
2626 3730 2678 3784 in
2698 3730 2822 3787 ﬁdei
2845 3745 2958 3786 sua:
2980 3730 3232 3787 ﬁrmitate
3258 3742 3311 3787 et
3337 3733 3431 3787 Dei
3463 3732 3654 3790 timore

2053 3830 2373 3890 perstantes,
2403 3822 2687 3894 imaginem
2713 3824 2900 3880 bestiae
2934 3839 3040 3881 non
3068 3824 3447 3893 adoraverint,
3478 3841 3654 3899 nequc

2051 3912 2117 3967 ad
2153 3912 2366 3969 funesta
2394 3914 2530 3984 ejus,
2561 3924 2615 3970 et
2634 3916 2894 3987 sacrilega
2918 3915 3093 3973 edicta
3123 3917 3512 3973 consenserint.

2053 4064 2223 4105 CAPUT
2252 4065 2582 4107 XIII.-—PLUS
2610 4065 2707 4108 NOS
2733 4066 2990 4108 ACCIPERE
3016 4068 3069 4108 IN
3098 4068 3359 4110 PASSIONIS
3379 4069 3649 4125 MEBCEDE,

2166 4219 2182 4236 .
2220 4159 2365 4209 QUAM
2388 4159 2522 4208 QUOD
2547 4160 2634 4201 HIC
2658 4160 2982 4204 SUSTINEIUS
3011 4162 3062 4202 1N
3090 4161 3205 4203 IPSA
3225 4162 3492 4205 PASSIONE.

2126 4256 2323 4314 Probat
2367 4258 2555 4315 beatus
2596 4261 2873 4332 apostolus
2912 4261 3144 4331 Paulus,
3189 4264 3298 4334 qui,
3347 4262 3655 4334 dignatione

2056 4346 2234 4405 divina
2282 4365 2451 4423 usque
2494 4352 2548 4408 in
2598 4353 2811 4411 tertium
2864 4356 3062 4412 caelum
3113 4364 3273 4426 atque
3329 4355 3382 4410 in
3443 4355 3655 4425 paradi-

2055 4458 2175 4500 sum
2254 4456 2479 4518 raptus,
2531 4447 2747 4505 audisse
2792 4464 2855 4505 se
2913 4448 3288 4505 inenarrabilia
3339 4447 3499 4507 verba
3542 4457 3654 4504 tes-

2056 4550 2232 4609 tatur;
2262 4543 2352 4613 qui
2381 4543 2592 4598 oculata
2622 4542 2726 4598 tide
2757 4553 2784 4592 (ι
2814 4541 2997 4598 Iesum
3042 4540 3327 4597 Dominum
3366 4539 3566 4596 vidisse
3593 4554 3654 4597 se

345 4604 416 4660 tia
470 4607 883 4667 conﬂictationis
942 4624 995 4670 et
1046 4614 1226 4673 laetitia
1281 4622 1651 4682 retributionis
1695 4629 1949 4700 exprimi-
1976 4604 2334 4704 Dgloriatur,
2409 4635 2499 4705 qui
2542 4633 2595 4689 id
2639 4632 2780 4703 quod
2822 4643 2876 4690 et
2915 4632 3109 4694 didicit
3143 4641 3192 4688 et
3238 4631 3393 4702 vidit,
3460 4631 3652 4702 majori

346 4704 433 4754 tur
464 4717 476 4753 :
507 4700 609 4767 Qui
647 4705 928 4775 seminant,
978 4709 1187 4783 inquit,
1224 4713 1278 4768 in
1324 4714 1598 4789 laerymis,
1664 4723 1716 4776 in
1761 4725 1949 4794 gaudio

2022 4757 2031 4769 ο
2054 4726 2422 4783 οοηεεὶεηιίωτ
2446 4726 2671 4783 veritate
2686 4726 2969 4798 proﬁtetur
2992 4743 3007 4781 :
3029 4725 3150 4782 Non
3167 4734 3305 4793 sinit,
3325 4724 3516 4798 inquit,
3532 4740 3653 4781 con-

1579 4833 1962 4897 LECTIONES
1997 4838 2419 4897 VARIANTES.

347 4902 695 5026 hastatum
716 4916 767 4966 in
792 4920 975 4984 templo
1000 4922 1131 4973 Lam.
1156 4924 1299 4977 Ebor.
1328 4928 1435 4978 NC.
1468 4930 1513 4979 1.
1541 4930 1804 4993 3031.1,2,
1822 4934 1871 4994 δ,
1894 4934 1942 4983 4,

408 5030 436 5116 ξ’
459 5036 626 5116 Monet
766 5044 894 5116 Lam.
922 5044 1066 5116 Ejbor.
1082 5049 1199 5116 μς.
1226 5050 1459 5116 Praecinit
1493 5054 1615 5104 Bod.
1647 5058 1688 5116 1,
1711 5056 1757 5106 4.
1786 5059 1941 5111 Oxon.

408 5100 435 5168 °_
458 5097 801 5168 l_19lo_caustum
828 5106 1032 5157 hostiam
1072 5097 1196 5162 Bod.
1225 5097 1690 5168 i.’ii'iiéhe3."i?e'r’.

410 5158 438 5227 tl
462 5159 548 5227 §ic
569 5163 703 5213 Lam.
730 5166 872 5217 Ebor.
908 5172 1043 5223 Voss.
1068 5158 1272 5225 1.'Bod:
1296 5158 1345 5226 ἐξ
1370 5158 1426 5227 ἶ

342 5294 388 5332 ε.
411 5222 561 5336 ager
584 5231 853 5289 angustiam
881 5222 1015 5283 Bod.
1033 5236 1079 5294 1,
1105 5222 1355 5290 2.7i3'enev.
1388 5222 1504 5293 fer.
1525 5242 1593 5293 ad
1617 5247 1756 5305 Quir.
1784 5242 1867 5297 lib.
1892 5248 1941 5311 3,

410 5344 632 5427 μέλις-ξω,
659 5359 711 5427 et
734 5354 779 5402 in
806 5357 1116 5427 similitudine
1144 5364 1276 5427 Lam.
1300 5367 1424 5417 Bod.
1454 5368 1499 5427 1,
1526 5367 1573 5418 2.
1596 5370 1643 5419 4.
1676 5374 1794 5421 Ver.

411 5410 437 5494 ξ
460 5411 712 5494 Quomodo
731 5424 1006 5494 comparati
1020 5423 1101 5494 Ad
1128 5410 1275 5488 οιὶἰῖζ
1294 5410 1332 5479 ί
1344 5410 1401 5494 Β,
1413 5410 1478 5481 ὀῖ
1486 5410 1567 5481 16.

402 5469 434 5511 h
459 5469 605 5528 Luxit
626 5491 776 5543 super
802 5469 890 5533 nos
914 5469 1104 5537 NOV—1".

2117 4934 2132 4973 ί
2162 4933 2402 4985 Jactantia
2427 4936 2559 4987 Lam.
2587 4934 2731 4987 Ebor.

2112 4999 2125 5047 i
2162 4996 2290 5048 Mors
2304 4997 2544 5060 iustorum
2568 4999 2691 5049 Bod.
2718 4999 2738 5050 1
2788 4999 2835 5048 5.
2861 4999 3038 5052 Benev.
3082 5003 3195 5054 Ver.

2110 5059 2137 5098 ις
2161 5059 2412 5110 'l'ollentes
2436 5060 2558 5111 Bod.
2582 5061 2630 5111 2.
2654 5063 2704 5111 δ.
2733 5033 2781 5111 λ.

2114 5074 2137 5098 κ
2168 5074 2412 5110 inuentes
2436 5074 2558 5111 50a.
2582 5074 2630 5121 z,
2654 5074 2686 5111 ὗ
2733 5074 2781 5111 4.

2114 5119 2567 5199 ianiculum
2588 5099 2716 5199 Βοιί-
2742 5124 2789 5199 1.-
2818 5126 2925 5199 Eia.-
2975 5190 2988 5199 .
3040 5189 3079 5199 η
3146 5190 3174 5199 Α.
3299 5188 3307 5197 .
3378 5185 3421 5199 ..

2108 5183 2146 5211 ω
2171 5183 2549 5236 PersCrutantur
2577 5189 2809 5241 mysteria
2833 5191 2882 5241 Ν
2889 5188 2941 5238 C.
2969 5190 3014 5239 1.
3040 5188 3343 5240 Testimonia
3371 5185 3472 5238 Lin.

2110 5247 2139 5275 ³³
2163 5246 2447 5309 Manet-ator
2468 5249 2591 5300 Bod.
2618 5246 2663 5309 1,
2697 5249 2744 5300 2.
2771 5253 2817 5301 4.
2850 5256 2964 5303 Ver.

2114 5310 2138 5337 ⁰
2163 5308 2567 5371 Expugnaverint
2588 5308 2677 5363 Ar.
2703 5314 2826 5365 Bod.
2857 5316 2905 5365 2.

2114 5374 2141 5413 P
2165 5371 2383 5422 Verbum
2404 5372 2526 5424 Jesu
2548 5375 2675 5425 Bod.
2698 5378 2747 5426 2.
2768 5378 3120 5428 Testimonium
3140 5377 3170 5427 J
3174 5391 3261 5429 esu
3298 5381 3410 5428 Ver.

2112 5438 2139 5501 ft
2167 5432 2328 5501 _chlo
2349 5436 2460 5486 ﬁdei
2485 5439 2612 5489 Bod.
2632 5440 2681 5501 3.
2703 5439 2902 5490 Occulta
2932 5441 3067 5489 Lam.
3110 5443 3201 5491 Ar.
3236 5442 3360 5492 Bod.
3381 5442 3430 5501 1,
3457 5436 3505 5501 2,
3528 5440 3581 5501 5,
3604 5438 3654 5489 4.

2116 5500 2137 5527 τ
2167 5495 2362 5561 Majoris
2383 5500 2700 5552 conscientias
2717 5504 2807 5552 Ar.
2834 5501 2958 5553 Bod.
2987 5503 3036 5564 1,
3055 5502 3101 5564 2,
3128 5504 3176 5566 3,
3201 5503 3248 5553 4.

1578 5578 1826 5636 STEPII.
1870 5579 2139 5639 BALUZII
2187 5580 2417 5638 NOT/E.

421 5653 560 5740 CM».
585 5656 1097 5740 Xll._le‘ulgebitirt.
1130 5667 1241 5723 lloe
1293 5679 1625 5740 segmentum
1652 5653 1952 5731 addidimus

345 5731 848 5809 exprimunt-libris
880 5731 1173 5809 veteribus.
1204 5740 1319 5795 Non
1353 5731 1531 5799 Exstat
1558 5755 1733 5801 tamen
1771 5746 1823 5800 in
1864 5747 1959 5803 Se-

347 5800 640 5879 ευίεγίηῃο.
680 5800 811 5879 Yide
841 5815 1002 5879 notas
1027 5808 1092 5862 ad
1122 5811 1416 5879 Epistolam
1449 5831 1626 5871 LXXXI.

421 5865 782 5929 Pwniteutiam
830 5876 1093 5935 habentes.
1124 5865 1203 5937 Ita
1234 5865 1792 5959 iv'eteres—ﬁcditioues,
1827 5904 1957 5960 qua-

2068 5675 2360 5763 tuordeeim
2378 5674 2500 5732 libri
2526 5679 2716 5743 nostri,
2745 5688 2797 5736 et
2827 5679 3059 5763 quinque
3084 5678 3529 5763 Angligani.\’ide
3554 5693 3654 5735 no-

2069 5746 2240 5821 tas__ad
2268 5757 2563 5821 extremam
2597 5761 2798 5821 partem
2837 5746 3078 5821 epistola:
3123 5746 3198 5808 ad
3231 5752 3653 5809 Demetriauum.

2138 5817 2342 5875 Gremia
2369 5835 2482 5877 sua.
2509 5817 2612 5880 Sci
2649 5822 2767 5880 libri
2789 5817 3016 5893 veteres,
3047 5824 3339 5896 manipulos
3361 5840 3500 5881 suos.
