4230 6282
338 352 444 414 677

1566 350 2133 427 ΤΕδΤΙΜΟΝιΟΒῸΜ
2169 349 2389 413 LIBER.

3554 358 3659 425 678

338 472 482 529 taria‘
501 480 837 529 sacramenta
862 479 1157 529 teneamus.
1193 472 1262 527 Et
1289 471 1529 543 quidem,
1553 473 1689 527 sicut
1726 472 1902 542 petisti
1927 513 1940 535 ,
1971 471 2023 531 Α
2052 472 2111 525 Il.
2146 470 2300 538 Item,
2331 473 2467 542 quod
2495 471 2769 545 Propttctis
2812 490 2914 531 non
2947 477 3252 534 crediderint
3297 489 3343 534 ct
3386 497 3468 534 cos
3503 483 3660 536 inter-

338 566 410 620 ita
437 580 467 620 a
496 565 651 621 nobis
677 580 857 621 sermo
882 554 1214 635 compositus
1255 573 1309 619 et
1353 563 1568 619 libellus
1619 560 1946 632 compendio

332 657 612 734 breviante
659 667 686 695 ι
728 657 970 729 digestus
1013 667 1135 723 est,
1188 664 1271 739 ut?
1297 671 1418 728 qua:
1480 655 1849 712 scribebantur
1891 651 1945 720 ι’,

333 764 441 804 non
472 750 627 820 copia
660 749 849 805 latiore
883 760 905 787 ε
932 748 1291 804 diﬂ‘underem
1313 790 1329 815 ,
1375 748 1493 815 sed,
1540 758 1795 818 quantum
1837 761 1948 801 me-

332 840 536 898 diocris
561 843 820 899 memoria
850 842 1172 914 suggerebat
1203 840 1252 906 d,
1286 842 1558 912 cxcerptis
1600 841 1850 911 capitulis
1891 849 1946 895 et

333 935 560 992 annexis
601 936 903 992 necessaria
954 950 1180 1006 quaeque
1228 935 1539 1006 colligerem
1589 936 1782 1005 quibus
1828 950 1934 989 non

334 1035 441 1082 tam
471 1024 733 1085 tractasse
753 1043 911 1099 quam
951 1028 1299 1083 tractantibus
1332 1029 1609 1083 materiam
1648 1028 1942 1097 praebuisse

334 1122 631 1179 videamur.
665 1120 774 1177 Sed
819 1130 873 1177 et
901 1120 1204 1191 legentibus
1240 1119 1470 1176 brevitas
1519 1120 1782 1189 ejusmodi
1825 1121 1945 1190 plu-

336 1218 533 1273 rimum
562 1215 806 1288 prodest,
833 1215 962 1272 dum
987 1230 1091 1270 non
1128 1214 1457 1270 intellectum
1486 1214 1713 1284 legentis
1739 1222 1796 1270 et
1819 1196 1945 1270 scii-

330 1324 452 1365 sum
486 1309 626 1365 liber
672 1310 880 1379 longior
918 1308 1123 1379 spargit
1169 1319 1216 1373 0,
1261 1306 1357 1363 sed
1396 1307 1676 1363 subtiliore
1693 1322 1942 1377 compen-

332 1400 422 1456 dio
467 1399 486 1437 ί
517 1401 572 1457 id
608 1401 750 1473 quod
780 1401 975 1472 legitur
1004 1408 1162 1455 tenax
1204 1400 1462 1455 memoria
1499 1398 1752 1455 custodit.
1786 1399 1945 1455 Com—

331 1497 524 1567 plexus
545 1509 663 1549 sum
686 1508 814 1549 vero
840 1492 1052 1549 libellos
1075 1491 1212 1547 duos
1240 1491 1352 1562 pari
1371 1491 1676 1562 aequalitate
1702 1491 1942 1549 modera-

332 1596 417 1643 tos
448 1596 472 1633 ε
501 1605 515 1640 :
547 1601 736 1652 unum,
772 1600 877 1656 quo
918 1583 1204 1639 ostendere
1233 1583 1370 1639 enisi
1408 1596 1593 1637 sumus
1625 1580 1670 1649 ιι,
1706 1581 1943 1650 Judacos,

330 1680 627 1737 secundum
654 1694 774 1750 qua
803 1677 1014 1734 tulerant
1059 1687 1184 1733 ante
1222 1677 1496 1748 prmdicta,
1536 1694 1568 1732 a
1610 1677 1722 1733 Deo
1766 1694 1946 1740 reces-

330 1770 490 1837 sisse,
524 1782 581 1828 et
619 1770 1005 1841 indulgentiam
1042 1770 1274 1837 Domini,
1300 1786 1424 1841 qua!
1452 1771 1559 1826 sibi
1592 1772 1702 1842 jam
1732 1772 1939 1842 pridem

333 1863 456 1918 data
483 1873 536 1919 et
564 1865 614 1918 in
648 1874 918 1933 posterum
950 1864 1215 1934 promissa
1241 1865 1431 1929 fuerat,
1466 1865 1789 1933 perdidisse,
1822 1881 1943 1922 suc-
1974 1866 2020 1926 Β

332 1956 559 2012 cessisse
584 1972 715 2011 vero
744 1955 796 2009 in
832 1970 1019 2011 eorum
1049 1956 1225 2011 locum
1261 1955 1595 2012 (lbrisnauos
1624 1956 1728 2012 ﬁdo
1758 1958 1941 2012 Domi-

334 2066 463 2104 nutn
500 2050 512 2086 ί
548 2058 923 2119 promerentes
974 2058 1029 2103 et
1081 2048 1149 2104 de
1188 2048 1439 2103 omnibus
1478 2048 1727 2119 gentibus
1768 2064 1831 2104 ac
1874 2048 1941 2103 de

334 2147 448 2194 toto
497 2139 627 2194 orbe
680 2140 983 2196 venientes.
1050 2139 1181 2194 Item
1247 2139 1460 2195 libellus
1498 2140 1633 2196 alius
1704 2142 1943 2197 continet

332 2230 535 2305 Christi
580 2244 998 2297 sacramentum,
1040 2230 1182 2302 quod
1220 2230 1362 2286 idem
1418 2232 1669 2287 veneriti
1716 2232 1803 2303 qui
1858 2247 1942 2288 se-

334 2323 567 2380 cundum
588 2324 893 2395 Scripturas
922 2327 1269 2380 annuntiatus
1292 2335 1396 2393 est,
1417 2335 1471 2382 et
1496 2328 1723 2396 gesserit
1742 2341 1805 2382 ac
1821 2341 1941 2396 per.

336 2418 525 2476 fecerit
563 2419 810 2475 universa
859 2418 1049 2490 quibus
1107 2419 1329 2490 intelligi
1382 2429 1435 2475 et
1490 2420 1739 2491 cognosci
1784 2435 1941 2490 posse

339 2510 624 2581 praedictus
652 2509 680 2548 ιε
706 2520 806 2577 est,
841 2526 961 2582 qua:
1012 2511 1312 2583 legentibus
1351 2512 1563 2569 interim
1596 2510 1615 2550 1
1646 2514 1851 2583 prosint
1874 2513 1940 2569 ad

339 2601 509 2673 prima
537 2600 660 2657 ﬁdei
692 2601 1018 2657 lineamenta
1047 2602 1345 2659 formanda.
1382 2603 1509 2660 Plus
1535 2605 1746 2661 roboris
1792 2604 1943 2660 dabi-

339 2702 428 2749 tur
457 2703 512 2750 et
555 2695 727 2766 magis
771 2709 832 2750 ac
871 2696 1041 2769 magis
1064 2696 1372 2754 intellectus
1411 2698 1590 2755 cordis
1635 2698 1944 2770 operabitur

339 2786 605 2841 scrutanti
632 2786 938 2858 Scripturas
967 2796 1174 2844 veteres
1203 2804 1267 2845 ac
1295 2805 1461 2846 novas
1491 2789 1721 2862 plenius,
1744 2799 1798 2847 et
1824 2791 1946 2846 uni—

339 2891 493 2933 versa
520 2876 806 2933 Librorum
858 2878 1179 2950 spiritalium
1230 2882 1503 2937 volumina
1545 2891 1586 2919 ω
1626 2882 1939 2954 perlegenti.

338 2968 470 3025 Nam
502 2985 600 3027 nos
629 2984 774 3027 nunc
802 2971 872 3028 de
900 2973 1097 3029 divinis
1126 2973 1363 3031 fontibus
1387 2984 1414 3011 η
1448 2968 1801 3046 implevimus
1828 2991 1943 3033 mo-

340 3063 516 3118 dicum
543 3064 686 3136 quod
709 3064 806 3120 tibi
836 3064 1051 3122 interim
1078 3067 1431 3124 mitteremus.
1459 3069 1653 3125 Bibere
1679 3069 1898 3125 uberius
1916 3079 1939 3107 ο

342 3164 397 3210 et
425 3156 653 3211 saturari
691 3157 958 3228 copiosius
983 3160 1205 3229 poteris,
1239 3162 1283 3214 si
1310 3168 1367 3215 tu
1389 3176 1603 3232 quoque
1626 3160 1692 3217 ad
1720 3160 1940 3218 eosdem

341 3249 538 3304 divinae
568 3249 914 3321 plenitudinis
936 3253 1109 3309 fontes
1132 3254 1408 3310 nobiscum
1439 3256 1640 3326 pariter
1664 3264 1941 3325 potaturus
1966 3261 2012 3324 C

340 3340 651 3398 accesseris.
713 3342 851 3415 Opto
903 3353 989 3413 te,
1045 3344 1122 3401 ﬁli
1164 3346 1507 3417 cbarissime,
1562 3363 1777 3420 semper
1811 3347 1949 3406 bene

341 3434 539 3493 valere.

888 3572 957 3604 ’τε
985 3572 1351 3632 CAPITULA.
1934 3556 1951 3603 ⁸

343 3705 385 3764 I.
414 3706 625 3764 Iudicas
662 3708 715 3764 in
763 3708 1009 3777 offensam
1046 3721 1073 3761 Ρ
1100 3710 1199 3767 Dei
1227 3715 1445 3784 graviter
1470 3712 1740 3784 deliquisse
1760 3754 1775 3779 ,
1810 3712 1946 3783 quod

413 3800 689 3858 Dominum
709 3803 1069 3873 dereliquerint
1095 3815 1141 3861 et
1160 3806 1303 3861 idola
1321 3807 1477 3862 secuti
1501 3807 1622 3860 sint.

2124 565 2354 629 fecerint.

2060 656 2148 711 III.
2182 658 2310 711 Ante
2354 659 2652 727 pra'dictum
2693 662 2827 731 quod
2876 662 3146 719 Dominum
3180 683 3339 737 neque
3384 667 3656 740 cognituri,

2122 765 2282 820 neque
2310 750 2635 816 intellecturi,
2670 770 2828 823 neque
2856 759 3111 825 recepturi
3142 770 3322 813 essent.
3372 767 3382 779 '

2050 840 2137 894 IV.
2175 842 2326 909 Quod
2368 842 2665 912 Scripturas
2721 856 2926 901 sanctus
2976 850 3287 905 intellecturi
3327 850 3502 907 Juda‘i
3555 870 3657 909 non

2120 942 2305 997 essent,
2330 934 2546 1005 intelligi
2561 945 2726 988 autem
2756 936 2996 992 haberent
3022 940 3074 993 in
3103 941 3389 997 novissimis
3416 946 3657 1015 tentpori-

2121 1024 2215 1079 bus
2245 1036 2417 1095 postea
2446 1043 2596 1096 quam
2615 1025 2846 1083 Christus
2875 1031 3107 1085 uenisset.

2050 1115 2115 1171 γ.
2151 1115 2304 1171 Nihil
2349 1135 2494 1187 posse
2534 1118 2747 1175 Judwos
2790 1121 3072 1192 intelligere
3108 1126 3174 1180 de
3210 1127 3510 1199 Scriptum,
3559 1130 3657 1186 nisi

2122 1211 2263 1280 prius
2293 1211 2598 1265 crediderint
2628 1214 2678 1267 in
2699 1211 2979 1268 Christum.

2050 1301 2139 1357 νι.
2168 1303 2324 1369 Quod
2353 1302 2675 1361 Hierusalem
2715 1306 2964 1377 perdituri
2988 1319 3168 1375 essent,
3202 1320 3248 1365 et
3278 1322 3463 1367 terram
3504 1330 3655 1384 quam

2121 1410 2442 1465 acceperant,
2460 1400 2708 1455 relicturi.

2052 1489 2164 1547 νιι.
2191 1490 2341 1560 Itan,
2374 1494 2511 1562 quod
2537 1502 2697 1547 essent
2723 1496 2959 1549 amissuri
2985 1496 3155 1552 lumen
3186 1497 3415 1553 Domini.

2052 1581 2183 1637 VIII.
2221 1582 2371 1648 Quod
2412 1584 2729 1638 circumcisio
2753 1586 2920 1652 prima
2960 1589 3185 1643 carnalis
3214 1600 3457 1644 evacuata
3480 1593 3563 1661 sit,
3608 1603 3655 1649 et

2120 1674 2346 1728 secunda
2372 1675 2618 1744 spiritalis
2647 1679 2954 1744 reer
2982 1682 3065 1733 siit.

2051 1763 2143 1818 IX.
2174 1765 2329 1832 Quod
2350 1766 2435 1821 lex
2461 1768 2621 1835 prior,
2662 1785 2780 1838 quae
2808 1787 2902 1839 per
2929 1770 3147 1844 Moysen
3188 1775 3315 1831 diu
3336 1787 3433 1845 est,
3478 1794 3652 1834 cessa-

2121 1869 2236 1913 ιωά
2260 1870 2407 1913 ϐδδϐί.

2050 1952 2112 2006 Χ.
2154 1953 2302 2018 Quod
2333 1955 2414 2008 [ex
2440 1972 2570 2008 nora
2599 1956 2715 2010 dari
2740 1959 2961 2013 haberet.

2045 2042 2136 2100 XI.
2174 2045 2323 2111 Quod
2352 2047 2618 2117 dispositio
2673 2049 2777 2103 alia
2819 2061 2864 2104 et
2911 2060 3263 2109 testamentum
3310 2071 3495 2111 novum
3538 2056 3655 2112 dari

2118 2136 2317 2192 haberet
2348 2149 2395 2191 (1.

2050 2227 2158 2284 XII.
2215 2230 2364 2298 Quod
2410 2232 2659 2304 baptisma
2693 2244 2713 2271 τ
2760 2245 2896 2290 vetus
2941 2249 3157 2294 cessaret
3204 2249 3250 2293 et
3307 2257 3489 2297 novum
3516 2253 3535 2278 ⁸
3569 2242 3653 2297 in-

2119 2323 2163 2377 ci
2169 2334 2323 2394 peret.

2045 2417 2183 2473 XIiI.
2217 2419 2367 2485 Quod
2381 2421 2569 2493 jugum
2601 2432 2737 2478 vetus
2776 2434 3117 2493 evucuaretur,
3151 2436 3197 2481 et
3241 2426 3425 2499 iugum
3469 2444 3654 2484 novum

2119 2512 2349 2565 daretur.

2047 2601 2184 2657 XIV.
2222 2605 2372 2669 Quod
2416 2617 2643 2675 pastores
2687 2616 2871 2663 retercs
2922 2611 3165 2667 cessaturi
3208 2622 3390 2680 essent,
3444 2624 3491 2669 et
3538 2614 3656 2669 novi

2116 2698 2416 2766 inciperent.
3522 2759 3527 2765 .

2048 2784 2165 2855 XV.
2203 2788 2353 2856 Quod
2394 2790 2574 2847 domus
2603 2807 2649 2847 et
2703 2794 2947 2859 templum
2987 2794 3082 2850 Dei
3132 2796 3366 2855 Christus
3402 2799 3418 2835 ί
3450 2803 3656 2871 futurus

2119 2890 2266 2947 esset,
2301 2892 2346 2935 et
2377 2894 2593 2939 cessaret
2615 2887 2858 2956 templum
2888 2898 3045 2957 vetus,
3090 2900 3138 2945 et
3164 2907 3347 2946 novum
3384 2893 3651 2963 inciperet.

2047 2973 2185 3029 XVI.
2215 2974 2366 3041 Quod
2390 2977 2698 3046 sacriﬁcium
2729 2990 2866 3035 vetus
2886 2991 3219 3039 evacuarelur
3239 2994 3285 3038 et
3314 3000 3498 3038 norum
3524 2985 3675 3040 celc-.

2117 3061 2368 3115 braretur.

2047 3153 2213 3211 XVII.
2269 3155 2418 3222 Quod
2469 3157 2809 3212 sacerdotium
2856 3168 2996 3214 vetus
3034 3171 3269 3225 cessaret,
3299 3170 3346 3216 et
3375 3177 3536 3216 novus
3563 3177 3654 3217 sa-

2118 3248 2296 3300 cerdos
2321 3247 2528 3314 ueniret,
2556 3250 2643 3318 qui
2666 3250 2719 3302 in
2745 3258 2991 3304 ceternum
3014 3252 3218 3322 futurus
3247 3263 3392 3309 esset.
3652 3244 3655 3248 ’

2056 3336 2243 3393 XVIII.
2292 3337 2443 3404 Quod
2488 3341 2735 3410 prapheta
2770 3343 2904 3395 alius
2944 3343 3074 3397 sicut
3126 3343 3332 3415 Moyses
3375 3345 3655 3415 promisstts

2124 3431 2209 3499 sit,
2243 3432 2431 3486 scilicet
2469 3432 2554 3502 qui
2579 3443 2931 3490 testamentum
2954 3451 3137 3491 novum
3166 3436 3330 3505 daret,
3359 3446 3405 3493 et
3429 3439 3514 3509 qui
3541 3455 3655 3493 ma-

2123 3523 2200 3595 gis
2226 3524 2395 3578 audiri
2426 3524 2644 3581 deberet.

2052 3615 2196 3672 XIX.
2230 3614 2383 3682 Quod
2405 3617 2506 3672 duo
2540 3618 2717 3690 pepuli
2745 3620 2979 3690 prtedicti
3023 3620 3144 3687 sint,
3178 3622 3346 3693 major
3371 3631 3418 3678 et
3454 3604 3654 3688 minor,

2120 3710 2176 3763 id
2200 3719 2273 3764 est
2302 3720 2442 3766 vetus
2463 3709 2784 3781 Judworum,
2817 3721 2863 3768 et
2894 3728 3052 3768 novus
3075 3714 3163 3783 qui
3192 3723 3319 3768 esset
3352 3730 3415 3769 ex
3454 3714 3595 3769 nobis
3628 3723 3657 3751 ιι

2122 3805 2342 3873 futurus.

1547 3920 1839 3979 LECTION
1846 3920 1925 3978 ES
1964 3915 2377 3978 VARIANTES.

409 4033 434 4061 ⁸
464 4032 611 4098 Brevi
634 4038 749 4098 ante
790 4036 928 4085 Voss.
954 4036 1001 4083 l.
1034 4034 1185 4085 Brevi
1206 4035 1309 4097 dig.
1338 4035 1464 4085 Bod.
1492 4035 1537 4098 l,
1561 4033 1611 4085 2.
1633 4034 1782 4085 Brevi
1816 4033 1875 4083 ad
1901 4040 1951 4083 te

342 4093 442 4159 dig.
477 4094 616 4159 Spir.
642 4095 996 4159 Compendiosa
1020 4093 1283 4150 brevitate'
1296 4102 1433 4150 Voss.
1461 4098 1509 4147 5.

342 4106 442 4194 (uti.
469 4106 616 4208 ἕρμ’.
642 4106 886 4169 compend

339 4182 366 4218 χ,
469 4188 479 4205 .
505 4159 759 4208 crtbantur
784 4160 886 4209 Lm.

407 4223 431 4251 θ
468 4219 631 4270 Latior
653 4220 783 4271 Brod.
811 4221 859 4269 4.

406 4280 435 4319 (ἱ
470 4281 802 4344 Suggesserat
826 4285 872 4332 Ν
879 4282 931 4333 C.
959 4285 1004 4334 1.
1031 4283 1196 4335 Lamb.
1224 4285 1351 4336 Bod.
1378 4283 1424 4334 2.

411 4349 435 4403 *ἒ
470 4343 741 4403 Spargeret
770 4348 887 4394 Ver.

410 4402 432 4441 ί
473 4402 679 4454 Utiliore
705 4406 993 4468 compendio
1023 4411 1139 4457 Ver.

409 4470 435 4509 ε
469 4467 582 4516 Pari
606 4467 838 4525 qualitate
869 4472 1045 4519 Veron.
1074 4470 1353 4522 Moderatus
1382 4474 1519 4522 Voss.
1544 4471 1591 4520 ι.

405 4529 450 4607 1;
469 4528 1112 4607 Simus,'e.rczt‘sinpl_ci‘i'que.
1140 4534 1318 4607 sumus
1349 4537 1505 4587 0mm.
1550 4546 1614 4585 em
1649 4531 1795 4584 codd.
1822 4530 1948 4582 Bod.

347 4592 394 4653 ιν
411 4592 1321 4728 sedasse-arm...
1347 4661 1396 4710 ι.

412 4717 426 4767 i
470 4716 575 4767 lam
601 4717 859 4769 advenerit
879 4720 987 4770 N0.
1010 4719 1059 4769 2.

1975 4488 2029 4548 Ι)

2119 4027 2146 4066 k
2180 4025 2393 4097 Agnoscl
2439 4038 2582 4097 posse
2608 4027 2885 4097 praedictus
2925 4036 3017 4097 est-
3045 4030 3181 4081 Lam.
3222 4031 3332 4085 ΝΟ.
3374 4033 3422 4097 l,
3457 4030 3504 4083 2.
3548 4030 3654 4086 Lin.

2052 4093 2247 4151 Posset,
2270 4090 2399 4139 sicut
2423 4089 2683 4151 praedictus
2712 4098 2787 4141 est
2822 4094 2961 4143 Voss.
2986 4091 3038 4143 2.

2123 4151 2142 4191 1
2182 4152 2395 4214 Legenti
2420 4152 2506 4201 tibi
2536 4153 2693 4202 Oxon.

2114 4216 2154 4244 ω
2182 4213 2443 4265 Librorum
2466 4213 2707 4264 volumina
2734 4217 2867 4268 Lam.
2896 4213 3002 4268 Lin.
3030 4219 3138 4269 ΝΟ.
3168 4220 3215 4269 1.

2123 4280 2149 4306 υ
2184 4277 2373 4327 Divinas
2398 4275 2714 4337 plenitudinis
2730 4278 2869 4330 fatue
2898 4283 3038 4332 Voss.
3056 4283 3113 4330 5.

2119 4342 2144 4369 ο
2175 4339 2361 4389 Bibere
2388 4338 2592 4388 liberius
2624 4340 2748 4391 Bod.
2774 4341 2816 4391 4.

2119 4406 2148 4446 Ρ
2181 4402 2381 4452 Oll'ensa
2412 4404 2548 4452 Voss.
2583 4402 2632 4451 4.

2263 4416 2381 4451 81183
2414 4416 2442 4451 γ
2455 4416 2548 4451 088.
2583 4416 2632 4451 4.

2118 4469 2146 4508 (ι
2182 4464 2405 4516 Deberet
2435 4466 2572 4515 Voss.
2610 4464 2656 4513 4.

2120 4532 2141 4559 τ
2176 4528 2457 4590 Baptismus
2485 4530 2621 4578 Voss.
2645 4528 2693 4577 4.

2122 4595 2143 4624 ι
2180 4590 2345 4641 Novus
2372 4593 2509 4640 Voss.
2535 4591 2582 4639 4.

2123 4653 2142 4686 ί
2183 4652 2440 4716 Templum
2465 4652 2685 4704 Christus
2715 4655 2853 4703 Voss.
2876 4653 2923 4702 4.

2118 4719 2146 4747 υ
2178 4715 2328 4767 Novis
2350 4716 2475 4768 Bod.
2504 4717 2550 4767 1.

1584 4825 1829 4885 smn.
1873 4823 2149 4881 BALUZII
2183 4822 2409 4879 nom.
2874 4890 2877 4895 η

348 4944 521 5000 tiones
549 4943 703 5001 allert
726 4946 955 5014 optimas
982 4951 1040 4999 ut
1068 4944 1316 5000 ostendat
1346 4959 1470 5000 vere
1500 4957 1621 5000 esse
1664 4940 1937 5014 Cypriani.
2050 4939 2241 5014 licitum
2299 4952 2517 5014 suarum
2555 4937 2611 4993 in
2646 4935 2996 5014 Evangelium
3025 4937 3259 5014 iunonis
3301 4938 3693 5014 citarecaput.

345 5015 496 5083 Quod
526 5018 687 5071 etiam
718 5016 949 5072 adstruit
1002 5016 1308 5071 observatio
1346 5015 1599 5072 editionis
1631 5014 1943 5083 Anglicaum

345 5087 410 5141 ad
458 5087 650 5142 librum
703 5089 954 5157 primum,
985 5097 1038 5142 et
1086 5090 1136 5142 in
1171 5086 1487 5156 prmlatione
1515 5086 1579 5141 ad
1609 5085 1805 5140 librum
1839 5094 1946 5157 ter-

346 5159 499 5236 tium.
534 5155 738 5236 Quibus
782 5174 882 5236 ego
923 5158 1065 5214 addo
1108 5155 1481 5236 Fulgentium_
1506 5158 1819 5236 episcopum
1890 5155 1944 5236 in

346 5228 688 5299 fragmentis,
737 5239 790 5285 et
820 5227 1089 5299 'anpum
1142 5229 1390 5285 abbatem
1439 5227 1849 5299 Ferraricnsem
1890 5227 1944 5280 in

349 5297 587 5372 Epistola
618 5301 741 5367 128,
768 5302 835 5355 ad
861 5297 1027 5372 regem
1058 5299 1335 5368 Karolum,
1359 5310 1411 5357 et
1436 5302 1487 5355 itt
1521 5299 1663 5372 libro
1680 5298 1750 5372 de
1770 5297 1947 5372 tribus

349 5370 725 5443 Qumdonibus
752 5367 936 5427 citaru'
950 5373 1050 5427 hoc
1079 5386 1213 5441 opus
1246 5367 1494 5440 tanquam
1525 5369 1804 5443 Cypriani.
1840 5367 1943 5443 lla-

346 5441 436 5520 ltni
461 5454 637 5497 autem
664 5460 823 5498 unum
861 5453 914 5498 et
958 5439 1142 5513 viginti
1181 5439 1506 5520 exemplaria
1539 5439 1720 5496 vetera
1755 5439 1945 5520 horum

347 5512 625 5592 librorum,
658 5530 882 5592 quorum
910 5510 1089 5592 tamen
1124 5510 1360 5592 quinque
1410 5513 1607 5592 habent
1648 5520 1850 5566 tantum
1885 5510 1949 5592 Ii:

348 5582 474 5639 bros
521 5582 930 5655 duus'priores.
985 5582 1235 5654 Ejusdem
1277 5584 1594 5655 porrugfere
1647 5582 1948 5655 argumenti

347 5669 467 5708 cum
486 5656 594 5728 isto
613 5653 867 5728 Cypriani
900 5672 1067 5727 ornere
1098 5666 1180 5711 est
1202 5656 1333 5728 liber
1365 5657 1424 5708 de
1450 5653 1880 5728 Promissionibus
1905 5660 1951 5705 et

349 5722 761 5795 prtcdictionibus
790 5727 902 5783 Dei.
930 5722 1017 5797 qui
1044 5728 1202 5796 vulgo
1231 5727 1479 5779 tribuitur
1500 5726 1790 5794 Prospero.
1833 5722 1950 5776 Cte-

351 5807 523 5850 tcrutn
555 5798 818 5853 admoneo
846 5799 1150 5863 Erasmutu,
1171 5798 1257 5866 qui
1280 5799 1549 5866 professus
1572 5809 1730 5851 cstsc
1762 5805 1951 5865 putare

350 5867 451 5926 hoc
474 5882 608 5942 Opus
643 5885 745 5927 non
773 5887 897 5928 esse
930 5868 1204 5943 Cypriani,
1233 5869 1282 5923 in
1326 5867 1478 5923 initio
1507 5877 1682 5923 tamen
1720 5868 1951 5922 Annota-

2050 5010 2366 5083 tertiumﬂet
2394 5009 2637 5083 quintum
2670 5008 2793 5083 libri
2836 5011 3057 5065 secundi
3095 5022 3345 5083 tauquam
3376 5008 3656 5083 Cypriani.

2123 5078 2421 5137 Subtiliore.
2475 5079 2657 5134 Codex
2702 5079 3033 5136 Veronensis
3087 5092 3142 5138 et
3190 5078 3539 5139 Corbeiencis
3560 5086 3663 5139 uti-

2050 5154 2194 5207 liorc.

2122 5220 2374 5295 Cognosci
2401 5230 2585 5291 posset.
2616 5220 2799 5295 Editio
2820 5238 2939 5295 qua:
2959 5223 3153 5281 dicitur
3182 5223 3361 5280 Gravii
3386 5232 3440 5278 ct
3463 5224 3661 5282 Pame-

2054 5295 2191 5349 liana
2211 5294 2407 5365 habent
2433 5302 2595 5365 potest
2624 5295 2764 5363 quod
2786 5294 2900 5364 ipsa
2926 5295 2990 5348 sit
3017 5296 3103 5365 qui
3128 5297 3402 5365 prwdictus
3423 5306 3518 5350 est.
3548 5296 3661 5353 Sed

2054 5381 2152 5436 ego
2186 5366 2322 5418 hanc
2351 5364 2655 5436 lectionem
2692 5365 2742 5418 iu
2782 5365 2930 5419 nullo
2972 5364 3215 5421 veterum
3266 5367 3664 5436 exemplarium

2055 5432 2229 5505 reperi
2253 5434 2445 5508 quibus
2464 5450 2603 5508 usus
2628 5451 2746 5489 sunt
2770 5476 2784 5500 ,
2812 5451 2999 5508 neque
3030 5446 3202 5492 exstat
3234 5439 3284 5492 in
3310 5432 3617 5508 Anglicanis
3636 5481 3657 5506 ,

2054 5522 2227 5577 neque
2262 5507 2313 5559 in
2345 5505 2674 5561 editionibtts
2713 5506 3121 5577 antiquioribus.
3156 5509 3312 5578 Angli
3338 5505 3516 5566 tamen
3539 5505 3663 5567 eam

2055 5584 2410 5633 retinuerunt.

2128 5648 2446 5715 Legentibus.
2481 5648 2649 5720 Antea
2674 5648 2931 5719 scriptum
2960 5658 3074 5704 erat
3099 5650 3283 5720 legenti
3310 5651 3420 5705 tibi.
3446 5650 3661 5708 Emen-

2056 5720 2296 5774 duvimus
2328 5735 2391 5773 ex
2423 5719 2609 5774 codice
2634 5719 2956 5785 ‘Vcronensi,
2990 5730 3138 5775 ctrx
3172 5720 3493 5779 Fttxcnsict
3527 5723 3660 5779 Bec-

2057 5789 2228 5855 ccnsi;
2264 5790 2552 5860 legitimam
2581 5800 2759 5845 atttem
2780 5805 2912 5847 .esse
2943 5792 3081 5848 banc
3112 5792 3546 5855 emendationem
3573 5809 3657 5855 os-

2060 5862 2229 5920 tendit
2257 5861 2415 5919 ctiam
2447 5861 2691 5936 praelatio
2720 5862 2839 5921 libri
2872 5865 3034 5920 tertii.
