  <div class='ocr_page' id='page_1' title='image "/cluster/home/n/w/nwhite01/storage/ocr_20150623/4/hvd.32044048207708/346.png"; bbox 0 0 4272 6278; ppageno 0'>
   <div class='ocr_carea' id='block_1_1' title="bbox 325 298 432 362">
    <p class='ocr_par' dir='ltr' id='par_1_1' title="bbox 325 298 432 362">
     <span class='ocr_line' id='line_1_1' title="bbox 325 298 432 362; baseline -0.019 0"><span class='ocrx_word' id='word_1_1' title='bbox 325 298 432 362; x_wconf 81' lang='grc'><strong><em>681</em></strong></span> 
     </span>
    </p>
   </div>
   <div class='ocr_carea' id='block_1_2' title="bbox 1533 293 2422 359">
    <p class='ocr_par' dir='ltr' id='par_1_2' title="bbox 1533 293 2422 359">
     <span class='ocr_line' id='line_1_2' title="bbox 1533 293 2422 359; baseline -0.003 -4"><span class='ocrx_word' id='word_1_2' title='bbox 1533 293 2097 359; x_wconf 77' lang='lat' dir='ltr'><strong><em>TESTIMONIORUM</em></strong></span> <span class='ocrx_word' id='word_1_3' title='bbox 2133 295 2337 356; x_wconf 80' lang='lat' dir='ltr'><strong>LIBER</strong></span> <span class='ocrx_word' id='word_1_4' title='bbox 2376 295 2422 353; x_wconf 93' lang='lat' dir='ltr'><strong><em>I.</em></strong></span> 
     </span>
    </p>
   </div>
   <div class='ocr_carea' id='block_1_3' title="bbox 3522 298 3632 358">
    <p class='ocr_par' dir='ltr' id='par_1_3' title="bbox 3522 298 3632 358">
     <span class='ocr_line' id='line_1_3' title="bbox 3522 298 3632 358; baseline -0.018 0"><span class='ocrx_word' id='word_1_5' title='bbox 3522 298 3632 358; x_wconf 74' lang='lat'><strong><em>682</em></strong></span> 
     </span>
    </p>
   </div>
   <div class='ocr_carea' id='block_1_4' title="bbox 328 406 3632 483">
    <p class='ocr_par' dir='ltr' id='par_1_4' title="bbox 328 406 3632 483">
     <span class='ocr_line' id='line_1_4' title="bbox 328 406 3632 483; baseline 0 -14"><span class='ocrx_word' id='word_1_6' title='bbox 328 426 459 469; x_wconf 65' lang='lat' dir='ltr'><strong><em>car.</em></strong></span> <span class='ocrx_word' id='word_1_7' title='bbox 492 425 573 467; x_wconf 91' lang='grc' dir='ltr'><strong>ιιι.</strong></span> <span class='ocrx_word' id='word_1_8' title='bbox 602 423 831 467; x_wconf 77' lang='grc' dir='ltr'><strong><em>-ΑΜῈ</em></strong></span> <span class='ocrx_word' id='word_1_9' title='bbox 853 422 1168 466; x_wconf 65' lang='lat' dir='ltr'><strong><em>rumorum</em></strong></span> <span class='ocrx_word' id='word_1_10' title='bbox 1195 421 1333 474; x_wconf 75' lang='lat' dir='ltr'><strong><em>noon</em></strong></span> <span class='ocrx_word' id='word_1_11' title='bbox 1358 421 1596 467; x_wconf 78' lang='lat' dir='ltr'><strong><em>poumuu</em></strong></span> <span class='ocrx_word' id='word_1_12' title='bbox 1622 426 1797 477; x_wconf 72' lang='lat' dir='ltr'><strong><em>neque</em></strong></span> <span class='ocrx_word' id='word_1_13' title='bbox 1831 426 1925 469; x_wconf 88' lang='lat' dir='ltr'><strong><em>co-</em></strong></span> <span class='ocrx_word' id='word_1_14' title='bbox 1947 412 2004 474; x_wconf 81' lang='grc' dir='ltr'><strong>Α</strong></span> <span class='ocrx_word' id='word_1_15' title='bbox 2026 412 2082 466; x_wconf 90' lang='lat' dir='ltr'><strong><em>in</em></strong></span> <span class='ocrx_word' id='word_1_16' title='bbox 2134 412 2313 466; x_wconf 87' lang='lat' dir='ltr'><strong><em>umbra</em></strong></span> <span class='ocrx_word' id='word_1_17' title='bbox 2360 406 2754 466; x_wconf 81' lang='lat' dir='ltr'><strong><em>deambulabam</em></strong></span> <span class='ocrx_word' id='word_1_18' title='bbox 2798 407 2971 481; x_wconf 88' lang='lat' dir='ltr'><strong><em>(Psat.</em></strong></span> <span class='ocrx_word' id='word_1_19' title='bbox 3026 406 3329 483; x_wconf 78' lang='lat' dir='ltr'><strong><em>uxxr,&quot;5).</em></strong></span> <span class='ocrx_word' id='word_1_20' title='bbox 3385 409 3517 468; x_wconf 90' lang='lat' dir='ltr'><strong><em>Item</em></strong></span> <span class='ocrx_word' id='word_1_21' title='bbox 3572 411 3632 469; x_wconf 89' lang='lat' dir='ltr'><strong><em>in</em></strong></span> 
     </span>
    </p>
   </div>
   <div class='ocr_carea' id='block_1_5' title="bbox 400 516 1933 568">
    <p class='ocr_par' dir='ltr' id='par_1_5' title="bbox 400 516 1933 568">
     <span class='ocr_line' id='line_1_5' title="bbox 400 516 1933 568; baseline -0.002 -6"><span class='ocrx_word' id='word_1_22' title='bbox 400 518 619 562; x_wconf 73' lang='lat' dir='ltr'><strong><em>GNITURI</em></strong></span> <span class='ocrx_word' id='word_1_23' title='bbox 655 518 834 568; x_wconf 77' lang='lat' dir='ltr'><strong>NEQUE</strong></span> <span class='ocrx_word' id='word_1_24' title='bbox 872 517 1262 560; x_wconf 76' lang='lat' dir='ltr'><strong><em>INTELLECTUBI</em></strong></span> <span class='ocrx_word' id='word_1_25' title='bbox 1299 516 1473 568; x_wconf 74' lang='lat' dir='ltr'><strong>NEQUE</strong></span> <span class='ocrx_word' id='word_1_26' title='bbox 1499 517 1799 559; x_wconf 73' lang='lat' dir='ltr'><strong><em>RECEPTURI</em></strong></span> <span class='ocrx_word' id='word_1_27' title='bbox 1841 516 1933 559; x_wconf 60' lang='lat' dir='ltr'><strong><em>ES-</em></strong></span> 
     </span>
    </p>
   </div>
   <div class='ocr_carea' id='block_1_6' title="bbox 402 610 556 653">
    <p class='ocr_par' dir='ltr' id='par_1_6' title="bbox 402 610 556 653">
     <span class='ocr_line' id='line_1_6' title="bbox 402 610 556 653; baseline -0.013 0"><span class='ocrx_word' id='word_1_28' title='bbox 402 610 556 653; x_wconf 81' lang='lat' dir='ltr'><strong>SENT.</strong></span> 
     </span>
    </p>
   </div>
   <div class='ocr_carea' id='block_1_7' title="bbox 402 729 1932 804">
    <p class='ocr_par' dir='ltr' id='par_1_7' title="bbox 402 729 1932 804">
     <span class='ocr_line' id='line_1_7' title="bbox 402 729 1932 804; baseline -0.003 -16"><span class='ocrx_word' id='word_1_29' title='bbox 402 730 561 804; x_wconf 81' lang='lat' dir='ltr'><strong><em>Apud</em></strong></span> <span class='ocrx_word' id='word_1_30' title='bbox 587 729 803 787; x_wconf 82' lang='lat' dir='ltr'><strong><em>Esaiam</em></strong></span> <span class='ocrx_word' id='word_1_31' title='bbox 820 748 833 786; x_wconf 90' lang='lat'><strong>:</strong></span> <span class='ocrx_word' id='word_1_32' title='bbox 850 730 1009 799; x_wconf 87' lang='lat' dir='ltr'><strong><em>Audi,</em></strong></span> <span class='ocrx_word' id='word_1_33' title='bbox 1028 730 1231 799; x_wconf 74' lang='lat' dir='ltr'><strong><em>caelum,</em></strong></span> <span class='ocrx_word' id='word_1_34' title='bbox 1250 739 1297 787; x_wconf 86' lang='lat' dir='ltr'><strong><em>et</em></strong></span> <span class='ocrx_word' id='word_1_35' title='bbox 1316 731 1484 804; x_wconf 67' lang='lat' dir='ltr'><strong><em>praebe</em></strong></span> <span class='ocrx_word' id='word_1_36' title='bbox 1509 746 1684 787; x_wconf 88' lang='lat' dir='ltr'><strong><em>aurem</em></strong></span> <span class='ocrx_word' id='word_1_37' title='bbox 1700 740 1750 801; x_wconf 68' lang='grc' dir='ltr'><strong>α,</strong></span> <span class='ocrx_word' id='word_1_38' title='bbox 1776 739 1932 797; x_wconf 84' lang='lat' dir='ltr'><strong><em>terra,</em></strong></span> 
     </span>
    </p>
   </div>
   <div class='ocr_carea' id='block_1_8' title="bbox 331 821 1932 898">
    <p class='ocr_par' dir='ltr' id='par_1_8' title="bbox 331 821 1932 898">
     <span class='ocr_line' id='line_1_8' title="bbox 331 821 1932 898; baseline -0.001 -19"><span class='ocrx_word' id='word_1_39' title='bbox 331 824 575 898; x_wconf 83' lang='lat' dir='ltr'><strong><em>quoniam</em></strong></span> <span class='ocrx_word' id='word_1_40' title='bbox 589 821 844 878; x_wconf 76' lang='lat' dir='ltr'><strong><em>Dominus</em></strong></span> <span class='ocrx_word' id='word_1_41' title='bbox 857 824 1056 879; x_wconf 84' lang='lat' dir='ltr'><strong><em>locutus</em></strong></span> <span class='ocrx_word' id='word_1_42' title='bbox 1070 833 1163 879; x_wconf 90' lang='lat' dir='ltr'><strong><em>est.</em></strong></span> <span class='ocrx_word' id='word_1_43' title='bbox 1187 821 1356 879; x_wconf 85' lang='lat' dir='ltr'><strong><em>Filios</em></strong></span> <span class='ocrx_word' id='word_1_44' title='bbox 1370 822 1603 896; x_wconf 87' lang='lat' dir='ltr'><strong><em>generavi</em></strong></span> <span class='ocrx_word' id='word_1_45' title='bbox 1628 833 1676 878; x_wconf 91' lang='lat' dir='ltr'><strong><em>et</em></strong></span> <span class='ocrx_word' id='word_1_46' title='bbox 1694 824 1932 890; x_wconf 73' lang='lat' dir='ltr'><strong><em>excitavi,</em></strong></span> 
     </span>
    </p>
   </div>
   <div class='ocr_carea' id='block_1_9' title="bbox 332 915 1938 992">
    <p class='ocr_par' dir='ltr' id='par_1_9' title="bbox 332 915 1938 992">
     <span class='ocr_line' id='line_1_9' title="bbox 332 915 1938 992; baseline -0.004 -16"><span class='ocrx_word' id='word_1_47' title='bbox 332 920 434 992; x_wconf 84' lang='lat' dir='ltr'><strong><em>ipsi</em></strong></span> <span class='ocrx_word' id='word_1_48' title='bbox 455 926 625 973; x_wconf 90' lang='lat' dir='ltr'><strong><em>autem</em></strong></span> <span class='ocrx_word' id='word_1_49' title='bbox 651 933 730 972; x_wconf 88' lang='lat' dir='ltr'><strong><em>me</em></strong></span> <span class='ocrx_word' id='word_1_50' title='bbox 752 916 1148 987; x_wconf 88' lang='lat' dir='ltr'><strong><em>reprobaverunt</em></strong></span> <span class='ocrx_word' id='word_1_51' title='bbox 1170 915 1220 970; x_wconf 73' lang='grc' dir='ltr'><strong><em>ιι.</em></strong></span> <span class='ocrx_word' id='word_1_52' title='bbox 1248 916 1467 989; x_wconf 76' lang='lat' dir='ltr'><strong><em>Agnovit</em></strong></span> <span class='ocrx_word' id='word_1_53' title='bbox 1482 917 1569 972; x_wconf 90' lang='lat' dir='ltr'><strong><em>bos</em></strong></span> <span class='ocrx_word' id='word_1_54' title='bbox 1595 930 1938 988; x_wconf 72' lang='lat' dir='ltr'><strong><em>possessorem</em></strong></span> 
     </span>
    </p>
   </div>
   <div class='ocr_carea' id='block_1_10' title="bbox 335 1006 1938 1080">
    <p class='ocr_par' dir='ltr' id='par_1_10' title="bbox 335 1006 1938 1080">
     <span class='ocr_line' id='line_1_10' title="bbox 335 1006 1938 1080; baseline -0.003 -12"><span class='ocrx_word' id='word_1_55' title='bbox 335 1027 486 1068; x_wconf 88' lang='lat' dir='ltr'><strong><em>suum</em></strong></span> <span class='ocrx_word' id='word_1_56' title='bbox 509 1018 557 1064; x_wconf 91' lang='lat' dir='ltr'><strong><em>et</em></strong></span> <span class='ocrx_word' id='word_1_57' title='bbox 571 1010 745 1064; x_wconf 82' lang='lat' dir='ltr'><strong><em>asinus</em></strong></span> <span class='ocrx_word' id='word_1_58' title='bbox 758 1009 1059 1080; x_wconf 66' lang='lat' dir='ltr'><strong><em>praesepium</em></strong></span> <span class='ocrx_word' id='word_1_59' title='bbox 1075 1007 1284 1064; x_wconf 93' lang='lat' dir='ltr'><strong><em>Domini</em></strong></span> <span class='ocrx_word' id='word_1_60' title='bbox 1295 1009 1449 1064; x_wconf 49' lang='lat' dir='ltr'><strong><em>sui“:</em></strong></span> <span class='ocrx_word' id='word_1_61' title='bbox 1472 1006 1640 1065; x_wconf 83' lang='lat' dir='ltr'><strong><em>Israel</em></strong></span> <span class='ocrx_word' id='word_1_62' title='bbox 1669 1019 1838 1063; x_wconf 88' lang='lat' dir='ltr'><strong><em>autem</em></strong></span> <span class='ocrx_word' id='word_1_63' title='bbox 1858 1024 1938 1063; x_wconf 89' lang='lat' dir='ltr'><strong><em>me</em></strong></span> 
     </span>
    </p>
   </div>
   <div class='ocr_carea' id='block_1_11' title="bbox 337 1098 1939 1176">
    <p class='ocr_par' dir='ltr' id='par_1_11' title="bbox 337 1098 1939 1176">
     <span class='ocr_line' id='line_1_11' title="bbox 337 1098 1939 1176; baseline -0.003 -15"><span class='ocrx_word' id='word_1_64' title='bbox 337 1121 441 1161; x_wconf 88' lang='lat' dir='ltr'><strong><em>non</em></strong></span> <span class='ocrx_word' id='word_1_65' title='bbox 459 1102 713 1176; x_wconf 91' lang='lat' dir='ltr'><strong><em>cognovit,</em></strong></span> <span class='ocrx_word' id='word_1_66' title='bbox 741 1109 790 1156; x_wconf 91' lang='lat' dir='ltr'><strong><em>et</em></strong></span> <span class='ocrx_word' id='word_1_67' title='bbox 815 1101 1035 1171; x_wconf 85' lang='lat' dir='ltr'><strong><em>populus</em></strong></span> <span class='ocrx_word' id='word_1_68' title='bbox 1058 1117 1139 1157; x_wconf 89' lang='lat' dir='ltr'><strong><em>me</em></strong></span> <span class='ocrx_word' id='word_1_69' title='bbox 1169 1117 1272 1156; x_wconf 90' lang='lat' dir='ltr'><strong><em>non</em></strong></span> <span class='ocrx_word' id='word_1_70' title='bbox 1295 1098 1547 1156; x_wconf 71' lang='lat' dir='ltr'><strong><em>intellexit</em></strong></span> <span class='ocrx_word' id='word_1_71' title='bbox 1565 1098 1616 1156; x_wconf 73' lang='grc' dir='ltr'><strong>ἀ.</strong></span> <span class='ocrx_word' id='word_1_72' title='bbox 1657 1099 1771 1168; x_wconf 73' lang='lat' dir='ltr'><strong><em>Vae,</em></strong></span> <span class='ocrx_word' id='word_1_73' title='bbox 1816 1114 1939 1172; x_wconf 83' lang='lat' dir='ltr'><strong><em>gens</em></strong></span> 
     </span>
    </p>
   </div>
   <div class='ocr_carea' id='block_1_12' title="bbox 339 1192 1937 1271">
    <p class='ocr_par' dir='ltr' id='par_1_12' title="bbox 339 1192 1937 1271">
     <span class='ocr_line' id='line_1_12' title="bbox 339 1192 1937 1271; baseline -0.004 -17"><span class='ocrx_word' id='word_1_74' title='bbox 339 1197 597 1271; x_wconf 76' lang='lat' dir='ltr'><strong><em>peccatrix</em></strong></span> <span class='ocrx_word' id='word_1_75' title='bbox 621 1205 669 1263; x_wconf 75' lang='grc' dir='ltr'><strong>ε,</strong></span> <span class='ocrx_word' id='word_1_76' title='bbox 697 1195 918 1267; x_wconf 89' lang='lat' dir='ltr'><strong><em>populus</em></strong></span> <span class='ocrx_word' id='word_1_77' title='bbox 934 1194 1113 1267; x_wconf 87' lang='lat' dir='ltr'><strong><em>plenus</em></strong></span> <span class='ocrx_word' id='word_1_78' title='bbox 1136 1192 1157 1233; x_wconf 71' lang='grc' dir='ltr'><strong>ί</strong></span> <span class='ocrx_word' id='word_1_79' title='bbox 1184 1196 1422 1267; x_wconf 84' lang='lat' dir='ltr'><strong><em>peccatis,</em></strong></span> <span class='ocrx_word' id='word_1_80' title='bbox 1450 1212 1618 1252; x_wconf 79' lang='lat' dir='ltr'><strong><em>semen</em></strong></span> <span class='ocrx_word' id='word_1_81' title='bbox 1645 1211 1859 1266; x_wconf 84' lang='lat' dir='ltr'><strong><em>nequam</em></strong></span> <span class='ocrx_word' id='word_1_82' title='bbox 1886 1204 1937 1263; x_wconf 69' lang='grc' dir='ltr'><strong>Β,</strong></span> 
     </span>
    </p>
   </div>
   <div class='ocr_carea' id='block_1_13' title="bbox 340 1286 1941 1363">
    <p class='ocr_par' dir='ltr' id='par_1_13' title="bbox 340 1286 1941 1363">
     <span class='ocr_line' id='line_1_13' title="bbox 340 1286 1941 1363; baseline -0.003 -16"><span class='ocrx_word' id='word_1_83' title='bbox 340 1292 436 1363; x_wconf 81' lang='lat' dir='ltr'><strong><em>ﬁlii</em></strong></span> <span class='ocrx_word' id='word_1_84' title='bbox 474 1288 705 1356; x_wconf 87' lang='lat' dir='ltr'><strong><em>scelesti;</em></strong></span> <span class='ocrx_word' id='word_1_85' title='bbox 732 1287 1007 1359; x_wconf 83' lang='lat' dir='ltr'><strong><em>reliquistis</em></strong></span> <span class='ocrx_word' id='word_1_86' title='bbox 1031 1286 1330 1356; x_wconf 88' lang='lat' dir='ltr'><strong><em>Dontinum,</em></strong></span> <span class='ocrx_word' id='word_1_87' title='bbox 1363 1298 1411 1344; x_wconf 89' lang='lat' dir='ltr'><strong><em>et</em></strong></span> <span class='ocrx_word' id='word_1_88' title='bbox 1442 1289 1498 1344; x_wconf 93' lang='lat' dir='ltr'><strong><em>in</em></strong></span> <span class='ocrx_word' id='word_1_89' title='bbox 1537 1288 1941 1360; x_wconf 87' lang='lat' dir='ltr'><strong><em>indignationem</em></strong></span> 
     </span>
    </p>
   </div>
   <div class='ocr_carea' id='block_1_14' title="bbox 340 1379 1941 1454">
    <p class='ocr_par' dir='ltr' id='par_1_14' title="bbox 340 1379 1941 1454">
     <span class='ocr_line' id='line_1_14' title="bbox 340 1379 1941 1454; baseline -0.001 -13"><span class='ocrx_word' id='word_1_90' title='bbox 340 1385 550 1441; x_wconf 87' lang='lat' dir='ltr'><strong><em>misistis</em></strong></span> <span class='ocrx_word' id='word_1_91' title='bbox 595 1383 745 1439; x_wconf 87' lang='lat' dir='ltr'><strong><em>illum</em></strong></span> <span class='ocrx_word' id='word_1_92' title='bbox 786 1390 1019 1438; x_wconf 89' lang='lat' dir='ltr'><strong><em>sanctum</em></strong></span> <span class='ocrx_word' id='word_1_93' title='bbox 1064 1381 1231 1439; x_wconf 83' lang='lat' dir='ltr'><strong><em>Israel</em></strong></span> <span class='ocrx_word' id='word_1_94' title='bbox 1273 1379 1305 1421; x_wconf 70' lang='grc' dir='ltr'><strong>ιι</strong></span> <span class='ocrx_word' id='word_1_95' title='bbox 1338 1381 1474 1454; x_wconf 90' lang='lat' dir='ltr'><strong><em>(lsa.</em></strong></span> <span class='ocrx_word' id='word_1_96' title='bbox 1521 1398 1571 1451; x_wconf 87' lang='grc' dir='ltr'><strong><em>ι,</em></strong></span> <span class='ocrx_word' id='word_1_97' title='bbox 1616 1381 1766 1454; x_wconf 75' lang='lat'><strong><em>2-4).</em></strong></span> <span class='ocrx_word' id='word_1_98' title='bbox 1806 1381 1941 1440; x_wconf 91' lang='lat' dir='ltr'><strong><em>Item</em></strong></span> 
     </span>
    </p>
   </div>
   <div class='ocr_carea' id='block_1_15' title="bbox 342 1473 1943 1551">
    <p class='ocr_par' dir='ltr' id='par_1_15' title="bbox 342 1473 1943 1551">
     <span class='ocr_line' id='line_1_15' title="bbox 342 1473 1943 1551; baseline 0.001 -18"><span class='ocrx_word' id='word_1_99' title='bbox 342 1476 486 1548; x_wconf 87' lang='lat' dir='ltr'><strong><em>apud</em></strong></span> <span class='ocrx_word' id='word_1_100' title='bbox 524 1474 776 1532; x_wconf 91' lang='lat' dir='ltr'><strong><em>eumdem</em></strong></span> <span class='ocrx_word' id='word_1_101' title='bbox 814 1474 1076 1532; x_wconf 87' lang='lat' dir='ltr'><strong><em>Dominus</em></strong></span> <span class='ocrx_word' id='word_1_102' title='bbox 1122 1474 1299 1533; x_wconf 82' lang='lat' dir='ltr'><strong><em>dicit:</em></strong></span> <span class='ocrx_word' id='word_1_103' title='bbox 1342 1473 1503 1543; x_wconf 86' lang='lat' dir='ltr'><strong><em>Vade,</em></strong></span> <span class='ocrx_word' id='word_1_104' title='bbox 1557 1484 1606 1531; x_wconf 87' lang='lat' dir='ltr'><strong><em>et</em></strong></span> <span class='ocrx_word' id='word_1_105' title='bbox 1635 1476 1719 1531; x_wconf 88' lang='lat' dir='ltr'><strong><em>dic</em></strong></span> <span class='ocrx_word' id='word_1_106' title='bbox 1750 1480 1943 1551; x_wconf 88' lang='lat' dir='ltr'><strong><em>populo</em></strong></span> 
     </span>
    </p>
   </div>
   <div class='ocr_carea' id='block_1_16' title="bbox 341 1566 1943 1641">
    <p class='ocr_par' dir='ltr' id='par_1_16' title="bbox 341 1566 1943 1641">
     <span class='ocr_line' id='line_1_16' title="bbox 341 1566 1943 1641; baseline -0.001 -15"><span class='ocrx_word' id='word_1_107' title='bbox 341 1571 427 1629; x_wconf 85' lang='lat' dir='ltr'><strong><em>isti</em></strong></span> <span class='ocrx_word' id='word_1_108' title='bbox 463 1569 480 1608; x_wconf 77' lang='grc' dir='ltr'><strong>ί</strong></span> <span class='ocrx_word' id='word_1_109' title='bbox 513 1585 532 1625; x_wconf 91' lang='lat'><strong><em>:</em></strong></span> <span class='ocrx_word' id='word_1_110' title='bbox 558 1569 695 1624; x_wconf 85' lang='lat' dir='ltr'><strong><em>Aure</em></strong></span> <span class='ocrx_word' id='word_1_111' title='bbox 722 1566 961 1637; x_wconf 85' lang='lat' dir='ltr'><strong><em>audietis,</em></strong></span> <span class='ocrx_word' id='word_1_112' title='bbox 992 1576 1043 1623; x_wconf 90' lang='lat' dir='ltr'><strong><em>et</em></strong></span> <span class='ocrx_word' id='word_1_113' title='bbox 1068 1584 1172 1624; x_wconf 91' lang='lat' dir='ltr'><strong><em>non</em></strong></span> <span class='ocrx_word' id='word_1_114' title='bbox 1196 1567 1509 1641; x_wconf 83' lang='lat' dir='ltr'><strong><em>intelligetis,</em></strong></span> <span class='ocrx_word' id='word_1_115' title='bbox 1536 1576 1582 1624; x_wconf 90' lang='lat' dir='ltr'><strong><em>et</em></strong></span> <span class='ocrx_word' id='word_1_116' title='bbox 1615 1569 1841 1625; x_wconf 89' lang='lat' dir='ltr'><strong><em>videntes</em></strong></span> <span class='ocrx_word' id='word_1_117' title='bbox 1867 1569 1943 1625; x_wconf 86' lang='lat' dir='ltr'><strong><em>vi-</em></strong></span> 
     </span>
    </p>
   </div>
   <div class='ocr_carea' id='block_1_17' title="bbox 344 1658 1946 1733">
    <p class='ocr_par' dir='ltr' id='par_1_17' title="bbox 344 1658 1946 1733">
     <span class='ocr_line' id='line_1_17' title="bbox 344 1658 1946 1733; baseline -0.001 -16"><span class='ocrx_word' id='word_1_118' title='bbox 344 1662 544 1730; x_wconf 85' lang='lat' dir='ltr'><strong><em>debitis,</em></strong></span> <span class='ocrx_word' id='word_1_119' title='bbox 573 1670 620 1718; x_wconf 90' lang='lat' dir='ltr'><strong><em>et</em></strong></span> <span class='ocrx_word' id='word_1_120' title='bbox 645 1677 746 1716; x_wconf 89' lang='lat' dir='ltr'><strong><em>non</em></strong></span> <span class='ocrx_word' id='word_1_121' title='bbox 771 1658 1002 1716; x_wconf 82' lang='lat' dir='ltr'><strong><em>videbitis</em></strong></span> <span class='ocrx_word' id='word_1_122' title='bbox 1032 1659 1079 1715; x_wconf 72' lang='grc' dir='ltr'><strong>ἱ.</strong></span> <span class='ocrx_word' id='word_1_123' title='bbox 1106 1658 1417 1716; x_wconf 85' lang='lat' dir='ltr'><strong><em>Incrassavit</em></strong></span> <span class='ocrx_word' id='word_1_124' title='bbox 1439 1658 1466 1698; x_wconf 79' lang='grc' dir='ltr'><strong><em>¹ι</em></strong></span> <span class='ocrx_word' id='word_1_125' title='bbox 1488 1661 1621 1715; x_wconf 90' lang='lat' dir='ltr'><strong><em>enim</em></strong></span> <span class='ocrx_word' id='word_1_126' title='bbox 1650 1676 1740 1716; x_wconf 93' lang='lat' dir='ltr'><strong><em>cor</em></strong></span> <span class='ocrx_word' id='word_1_127' title='bbox 1768 1661 1946 1733; x_wconf 80' lang='lat' dir='ltr'><strong><em>populi</em></strong></span> 
     </span>
    </p>
   </div>
   <div class='ocr_carea' id='block_1_18' title="bbox 344 1753 1942 1827">
    <p class='ocr_par' dir='ltr' id='par_1_18' title="bbox 344 1753 1942 1827">
     <span class='ocr_line' id='line_1_18' title="bbox 344 1753 1942 1827; baseline 0 -17"><span class='ocrx_word' id='word_1_128' title='bbox 344 1756 500 1827; x_wconf 83' lang='lat' dir='ltr'><strong><em>hujus</em></strong></span> <span class='ocrx_word' id='word_1_129' title='bbox 514 1796 531 1824; x_wconf 90' lang='lat'><strong><em>,</em></strong></span> <span class='ocrx_word' id='word_1_130' title='bbox 556 1764 604 1811; x_wconf 89' lang='lat' dir='ltr'><strong><em>et</em></strong></span> <span class='ocrx_word' id='word_1_131' title='bbox 629 1753 839 1811; x_wconf 88' lang='lat' dir='ltr'><strong><em>auribus</em></strong></span> <span class='ocrx_word' id='word_1_132' title='bbox 857 1753 1075 1827; x_wconf 87' lang='lat' dir='ltr'><strong><em>graviter</em></strong></span> <span class='ocrx_word' id='word_1_133' title='bbox 1097 1754 1388 1823; x_wconf 88' lang='lat' dir='ltr'><strong><em>audierunt,</em></strong></span> <span class='ocrx_word' id='word_1_134' title='bbox 1416 1762 1463 1810; x_wconf 89' lang='lat' dir='ltr'><strong><em>et</em></strong></span> <span class='ocrx_word' id='word_1_135' title='bbox 1483 1755 1656 1811; x_wconf 90' lang='lat' dir='ltr'><strong><em>oculos</em></strong></span> <span class='ocrx_word' id='word_1_136' title='bbox 1674 1771 1796 1811; x_wconf 87' lang='lat' dir='ltr'><strong><em>suos</em></strong></span> <span class='ocrx_word' id='word_1_137' title='bbox 1816 1770 1942 1810; x_wconf 91' lang='lat' dir='ltr'><strong><em>con-</em></strong></span> 
     </span>
    </p>
   </div>
   <div class='ocr_carea' id='block_1_19' title="bbox 343 1846 1947 1919">
    <p class='ocr_par' dir='ltr' id='par_1_19' title="bbox 343 1846 1947 1919">
     <span class='ocr_line' id='line_1_19' title="bbox 343 1846 1947 1919; baseline -0.001 -14"><span class='ocrx_word' id='word_1_138' title='bbox 343 1849 618 1915; x_wconf 89' lang='lat' dir='ltr'><strong><em>cluserunt,</em></strong></span> <span class='ocrx_word' id='word_1_139' title='bbox 646 1864 711 1903; x_wconf 89' lang='lat' dir='ltr'><strong><em>ne</em></strong></span> <span class='ocrx_word' id='word_1_140' title='bbox 733 1850 866 1919; x_wconf 88' lang='lat' dir='ltr'><strong><em>forte</em></strong></span> <span class='ocrx_word' id='word_1_141' title='bbox 887 1846 1092 1903; x_wconf 85' lang='lat' dir='ltr'><strong><em>videant</em></strong></span> <span class='ocrx_word' id='word_1_142' title='bbox 1116 1848 1279 1903; x_wconf 90' lang='lat' dir='ltr'><strong><em>oculis</em></strong></span> <span class='ocrx_word' id='word_1_143' title='bbox 1312 1856 1359 1902; x_wconf 92' lang='lat' dir='ltr'><strong><em>et</em></strong></span> <span class='ocrx_word' id='word_1_144' title='bbox 1386 1848 1595 1904; x_wconf 85' lang='lat' dir='ltr'><strong><em>auribus</em></strong></span> <span class='ocrx_word' id='word_1_145' title='bbox 1633 1848 1850 1903; x_wconf 82' lang='lat' dir='ltr'><strong><em>audiant</em></strong></span> <span class='ocrx_word' id='word_1_146' title='bbox 1898 1857 1947 1904; x_wconf 92' lang='lat' dir='ltr'><strong><em>et</em></strong></span> 
     </span>
    </p>
   </div>
   <div class='ocr_carea' id='block_1_20' title="bbox 342 1936 1947 2013">
    <p class='ocr_par' dir='ltr' id='par_1_20' title="bbox 342 1936 1947 2013">
     <span class='ocr_line' id='line_1_20' title="bbox 342 1936 1947 2013; baseline -0.001 -16"><span class='ocrx_word' id='word_1_147' title='bbox 342 1941 496 1997; x_wconf 86' lang='lat' dir='ltr'><strong><em>corde</em></strong></span> <span class='ocrx_word' id='word_1_148' title='bbox 531 1938 841 2010; x_wconf 81' lang='lat' dir='ltr'><strong><em>intelligant,</em></strong></span> <span class='ocrx_word' id='word_1_149' title='bbox 876 1947 926 1994; x_wconf 88' lang='lat' dir='ltr'><strong><em>et</em></strong></span> <span class='ocrx_word' id='word_1_150' title='bbox 959 1948 1276 1995; x_wconf 84' lang='lat' dir='ltr'><strong><em>revertantur</em></strong></span> <span class='ocrx_word' id='word_1_151' title='bbox 1303 1936 1323 1978; x_wconf 82' lang='lat'><strong>1</strong></span> <span class='ocrx_word' id='word_1_152' title='bbox 1355 1950 1402 1997; x_wconf 94' lang='lat' dir='ltr'><strong><em>et</em></strong></span> <span class='ocrx_word' id='word_1_153' title='bbox 1442 1956 1615 1996; x_wconf 89' lang='lat' dir='ltr'><strong><em>curem</em></strong></span> <span class='ocrx_word' id='word_1_154' title='bbox 1643 1941 1759 1997; x_wconf 89' lang='lat' dir='ltr'><strong><em>illos</em></strong></span> <span class='ocrx_word' id='word_1_155' title='bbox 1798 1939 1947 2013; x_wconf 86' lang='lat' dir='ltr'><strong><em>(Isa.</em></strong></span> 
     </span>
    </p>
   </div>
   <div class='ocr_carea' id='block_1_21' title="bbox 343 2031 1950 2106">
    <p class='ocr_par' dir='ltr' id='par_1_21' title="bbox 343 2031 1950 2106">
     <span class='ocr_line' id='line_1_21' title="bbox 343 2031 1950 2106; baseline -0.002 -15"><span class='ocrx_word' id='word_1_156' title='bbox 343 2050 420 2101; x_wconf 61' lang='grc' dir='ltr'><strong>τι,</strong></span> <span class='ocrx_word' id='word_1_157' title='bbox 448 2032 622 2106; x_wconf 86' lang='grc'><strong>9-10).</strong></span> <span class='ocrx_word' id='word_1_158' title='bbox 652 2033 786 2089; x_wconf 89' lang='lat' dir='ltr'><strong><em>Item</em></strong></span> <span class='ocrx_word' id='word_1_159' title='bbox 815 2031 959 2104; x_wconf 87' lang='lat' dir='ltr'><strong><em>apud</em></strong></span> <span class='ocrx_word' id='word_1_160' title='bbox 989 2032 1315 2089; x_wconf 83' lang='lat' dir='ltr'><strong><em>Hieremiam</em></strong></span> <span class='ocrx_word' id='word_1_161' title='bbox 1347 2032 1608 2089; x_wconf 89' lang='lat' dir='ltr'><strong><em>Dominus</em></strong></span> <span class='ocrx_word' id='word_1_162' title='bbox 1645 2032 1779 2089; x_wconf 80' lang='lat' dir='ltr'><strong><em>dicit</em></strong></span> <span class='ocrx_word' id='word_1_163' title='bbox 1811 2050 1825 2088; x_wconf 89' lang='lat'><strong>:</strong></span> <span class='ocrx_word' id='word_1_164' title='bbox 1861 2031 1950 2088; x_wconf 79' lang='lat' dir='ltr'><strong><em>Me</em></strong></span> 
     </span>
    </p>
   </div>
   <div class='ocr_carea' id='block_1_22' title="bbox 345 2123 1951 2199">
    <p class='ocr_par' dir='ltr' id='par_1_22' title="bbox 345 2123 1951 2199">
     <span class='ocr_line' id='line_1_22' title="bbox 345 2123 1951 2199; baseline -0.001 -16"><span class='ocrx_word' id='word_1_165' title='bbox 345 2127 723 2199; x_wconf 88' lang='lat' dir='ltr'><strong><em>dereliquerunt</em></strong></span> <span class='ocrx_word' id='word_1_166' title='bbox 744 2126 937 2199; x_wconf 91' lang='lat' dir='ltr'><strong><em>fontem</em></strong></span> <span class='ocrx_word' id='word_1_167' title='bbox 955 2141 1101 2197; x_wconf 75' lang='lat' dir='ltr'><strong><em>aqute</em></strong></span> <span class='ocrx_word' id='word_1_168' title='bbox 1131 2124 1276 2191; x_wconf 64' lang='lat' dir='ltr'><strong><em>vivae,</em></strong></span> <span class='ocrx_word' id='word_1_169' title='bbox 1299 2133 1349 2179; x_wconf 93' lang='lat' dir='ltr'><strong><em>et</em></strong></span> <span class='ocrx_word' id='word_1_170' title='bbox 1375 2123 1662 2193; x_wconf 77' lang='lat' dir='ltr'><strong><em>effoderunt</em></strong></span> <span class='ocrx_word' id='word_1_171' title='bbox 1686 2123 1781 2180; x_wconf 85' lang='lat' dir='ltr'><strong><em>sibi</em></strong></span> <span class='ocrx_word' id='word_1_172' title='bbox 1809 2124 1951 2181; x_wconf 85' lang='lat' dir='ltr'><strong><em>lacus</em></strong></span> 
     </span>
    </p>
   </div>
   <div class='ocr_carea' id='block_1_23' title="bbox 346 2211 1947 2293">
    <p class='ocr_par' dir='ltr' id='par_1_23' title="bbox 346 2211 1947 2293">
     <span class='ocr_line' id='line_1_23' title="bbox 346 2211 1947 2293; baseline -0.002 -16"><span class='ocrx_word' id='word_1_173' title='bbox 346 2222 574 2289; x_wconf 76' lang='lat' dir='ltr'><strong><em>detritus,</em></strong></span> <span class='ocrx_word' id='word_1_174' title='bbox 599 2211 692 2292; x_wconf 56' lang='lat' dir='ltr'><strong><em>&#39;qui</em></strong></span> <span class='ocrx_word' id='word_1_175' title='bbox 716 2236 819 2275; x_wconf 90' lang='lat' dir='ltr'><strong><em>non</em></strong></span> <span class='ocrx_word' id='word_1_176' title='bbox 847 2227 1083 2293; x_wconf 88' lang='lat' dir='ltr'><strong><em>poterunt</em></strong></span> <span class='ocrx_word' id='word_1_177' title='bbox 1137 2228 1178 2256; x_wconf 75' lang='grc' dir='ltr'>ω</span> <span class='ocrx_word' id='word_1_178' title='bbox 1230 2234 1416 2291; x_wconf 90' lang='lat' dir='ltr'><strong><em>aquam</em></strong></span> <span class='ocrx_word' id='word_1_179' title='bbox 1457 2227 1661 2289; x_wconf 89' lang='lat' dir='ltr'><strong><em>portare</em></strong></span> <span class='ocrx_word' id='word_1_180' title='bbox 1684 2216 1858 2291; x_wconf 84' lang='lat' dir='ltr'><strong><em>(Hier.</em></strong></span> <span class='ocrx_word' id='word_1_181' title='bbox 1888 2234 1947 2287; x_wconf 90' lang='grc' dir='ltr'><strong><em>ιι,</em></strong></span> 
     </span>
    </p>
   </div>
   <div class='ocr_carea' id='block_1_24' title="bbox 346 2298 1951 2387">
    <p class='ocr_par' dir='ltr' id='par_1_24' title="bbox 346 2298 1951 2387">
     <span class='ocr_line' id='line_1_24' title="bbox 346 2298 1951 2387; baseline -0.004 -13"><span class='ocrx_word' id='word_1_182' title='bbox 346 2315 462 2387; x_wconf 80' lang='grc'><strong>15).</strong></span> <span class='ocrx_word' id='word_1_183' title='bbox 491 2316 620 2371; x_wconf 89' lang='lat' dir='ltr'><strong><em>Item</em></strong></span> <span class='ocrx_word' id='word_1_184' title='bbox 637 2314 778 2384; x_wconf 90' lang='lat' dir='ltr'><strong><em>apud</em></strong></span> <span class='ocrx_word' id='word_1_185' title='bbox 807 2313 1087 2371; x_wconf 91' lang='lat' dir='ltr'><strong><em>eumdem:</em></strong></span> <span class='ocrx_word' id='word_1_186' title='bbox 1110 2298 1246 2369; x_wconf 86' lang='lat' dir='ltr'><strong><em>Ecce</em></strong></span> <span class='ocrx_word' id='word_1_187' title='bbox 1263 2329 1428 2368; x_wconf 86' lang='lat' dir='ltr'><strong><em>sermo</em></strong></span> <span class='ocrx_word' id='word_1_188' title='bbox 1450 2311 1666 2368; x_wconf 87' lang='lat' dir='ltr'><strong><em>Domini</em></strong></span> <span class='ocrx_word' id='word_1_189' title='bbox 1684 2315 1853 2386; x_wconf 85' lang='lat' dir='ltr'><strong><em>factus</em></strong></span> <span class='ocrx_word' id='word_1_190' title='bbox 1875 2321 1951 2368; x_wconf 92' lang='lat' dir='ltr'><strong><em>est</em></strong></span> 
     </span>
    </p>
   </div>
   <div class='ocr_carea' id='block_1_25' title="bbox 347 2403 1946 2478">
    <p class='ocr_par' dir='ltr' id='par_1_25' title="bbox 347 2403 1946 2478">
     <span class='ocr_line' id='line_1_25' title="bbox 347 2403 1946 2478; baseline -0.002 -14"><span class='ocrx_word' id='word_1_191' title='bbox 347 2408 419 2464; x_wconf 89' lang='lat' dir='ltr'><strong><em>eis</em></strong></span> <span class='ocrx_word' id='word_1_192' title='bbox 442 2408 496 2462; x_wconf 90' lang='lat' dir='ltr'><strong><em>in</em></strong></span> <span class='ocrx_word' id='word_1_193' title='bbox 516 2406 858 2474; x_wconf 86' lang='lat' dir='ltr'><strong><em>maledictum,</em></strong></span> <span class='ocrx_word' id='word_1_194' title='bbox 882 2413 931 2461; x_wconf 91' lang='lat' dir='ltr'><strong><em>et</em></strong></span> <span class='ocrx_word' id='word_1_195' title='bbox 956 2422 1057 2461; x_wconf 90' lang='lat' dir='ltr'><strong><em>non</em></strong></span> <span class='ocrx_word' id='word_1_196' title='bbox 1089 2413 1119 2441; x_wconf 76' lang='grc' dir='ltr'><strong>ιι</strong></span> <span class='ocrx_word' id='word_1_197' title='bbox 1147 2403 1319 2460; x_wconf 90' lang='lat' dir='ltr'><strong><em>volunt</em></strong></span> <span class='ocrx_word' id='word_1_198' title='bbox 1348 2405 1494 2460; x_wconf 90' lang='lat' dir='ltr'><strong><em>illum</em></strong></span> <span class='ocrx_word' id='word_1_199' title='bbox 1515 2403 1690 2476; x_wconf 81' lang='lat' dir='ltr'><strong><em>(Hier.</em></strong></span> <span class='ocrx_word' id='word_1_200' title='bbox 1729 2421 1801 2472; x_wconf 79' lang='lat' dir='ltr'><strong><em>v1,</em></strong></span> <span class='ocrx_word' id='word_1_201' title='bbox 1833 2404 1946 2478; x_wconf 90' lang='grc'><strong>10).</strong></span> 
     </span>
    </p>
   </div>
   <div class='ocr_carea' id='block_1_26' title="bbox 346 2488 1954 2571">
    <p class='ocr_par' dir='ltr' id='par_1_26' title="bbox 346 2488 1954 2571">
     <span class='ocr_line' id='line_1_26' title="bbox 346 2488 1954 2571; baseline -0.002 -14"><span class='ocrx_word' id='word_1_202' title='bbox 346 2499 481 2557; x_wconf 91' lang='lat' dir='ltr'><strong><em>Item</em></strong></span> <span class='ocrx_word' id='word_1_203' title='bbox 506 2499 647 2571; x_wconf 86' lang='lat' dir='ltr'><strong><em>apud</em></strong></span> <span class='ocrx_word' id='word_1_204' title='bbox 674 2499 921 2555; x_wconf 90' lang='lat' dir='ltr'><strong><em>eumdem</em></strong></span> <span class='ocrx_word' id='word_1_205' title='bbox 951 2497 1213 2554; x_wconf 87' lang='lat' dir='ltr'><strong><em>Dominus</em></strong></span> <span class='ocrx_word' id='word_1_206' title='bbox 1239 2498 1369 2554; x_wconf 85' lang='lat' dir='ltr'><strong><em>dicit</em></strong></span> <span class='ocrx_word' id='word_1_207' title='bbox 1397 2515 1410 2552; x_wconf 90' lang='lat'><strong>:</strong></span> <span class='ocrx_word' id='word_1_208' title='bbox 1444 2494 1689 2569; x_wconf 80' lang='lat' dir='ltr'><strong><em>Cognovit</em></strong></span> <span class='ocrx_word' id='word_1_209' title='bbox 1715 2488 1739 2533; x_wconf 66' lang='grc' dir='ltr'><strong><em>ί)</em></strong></span> <span class='ocrx_word' id='word_1_210' title='bbox 1767 2498 1954 2554; x_wconf 82' lang='lat' dir='ltr'><strong><em>miluus</em></strong></span> 
     </span>
    </p>
   </div>
   <div class='ocr_carea' id='block_1_27' title="bbox 348 2592 1950 2666">
    <p class='ocr_par' dir='ltr' id='par_1_27' title="bbox 348 2592 1950 2666">
     <span class='ocr_line' id='line_1_27' title="bbox 348 2592 1950 2666; baseline -0.002 -16"><span class='ocrx_word' id='word_1_211' title='bbox 348 2604 547 2666; x_wconf 81' lang='lat' dir='ltr'><strong><em>tempus</em></strong></span> <span class='ocrx_word' id='word_1_212' title='bbox 571 2610 741 2661; x_wconf 88' lang='lat' dir='ltr'><strong><em>suum,</em></strong></span> <span class='ocrx_word' id='word_1_213' title='bbox 768 2601 935 2647; x_wconf 91' lang='lat' dir='ltr'><strong><em>turtur</em></strong></span> <span class='ocrx_word' id='word_1_214' title='bbox 958 2600 1005 2647; x_wconf 92' lang='lat' dir='ltr'><strong><em>et</em></strong></span> <span class='ocrx_word' id='word_1_215' title='bbox 1033 2592 1275 2658; x_wconf 84' lang='lat' dir='ltr'><strong><em>hirundo,</em></strong></span> <span class='ocrx_word' id='word_1_216' title='bbox 1302 2593 1436 2646; x_wconf 88' lang='lat' dir='ltr'><strong><em>ruris</em></strong></span> <span class='ocrx_word' id='word_1_217' title='bbox 1463 2605 1692 2661; x_wconf 82' lang='lat' dir='ltr'><strong><em>passeres</em></strong></span> <span class='ocrx_word' id='word_1_218' title='bbox 1719 2602 1747 2642; x_wconf 89' lang='lat' dir='ltr'><strong>P</strong></span> <span class='ocrx_word' id='word_1_219' title='bbox 1773 2601 1950 2647; x_wconf 90' lang='lat' dir='ltr'><strong><em>custo-</em></strong></span> 
     </span>
    </p>
   </div>
   <div class='ocr_carea' id='block_1_28' title="bbox 349 2684 1953 2757">
    <p class='ocr_par' dir='ltr' id='par_1_28' title="bbox 349 2684 1953 2757">
     <span class='ocr_line' id='line_1_28' title="bbox 349 2684 1953 2757; baseline -0.001 -16"><span class='ocrx_word' id='word_1_220' title='bbox 349 2687 555 2743; x_wconf 85' lang='lat' dir='ltr'><strong><em>dierunt</em></strong></span> <span class='ocrx_word' id='word_1_221' title='bbox 583 2694 814 2757; x_wconf 88' lang='lat' dir='ltr'><strong><em>tempora</em></strong></span> <span class='ocrx_word' id='word_1_222' title='bbox 841 2684 1078 2739; x_wconf 83' lang='lat' dir='ltr'><strong><em>introitus</em></strong></span> <span class='ocrx_word' id='word_1_223' title='bbox 1100 2684 1202 2749; x_wconf 89' lang='lat' dir='ltr'><strong><em>sui,</em></strong></span> <span class='ocrx_word' id='word_1_224' title='bbox 1232 2685 1453 2754; x_wconf 88' lang='lat' dir='ltr'><strong><em>populus</em></strong></span> <span class='ocrx_word' id='word_1_225' title='bbox 1486 2692 1656 2738; x_wconf 89' lang='lat' dir='ltr'><strong><em>autem</em></strong></span> <span class='ocrx_word' id='word_1_226' title='bbox 1681 2700 1820 2739; x_wconf 88' lang='lat' dir='ltr'><strong><em>meus</em></strong></span> <span class='ocrx_word' id='word_1_227' title='bbox 1849 2700 1953 2740; x_wconf 91' lang='lat' dir='ltr'><strong><em>non</em></strong></span> 
     </span>
    </p>
   </div>
   <div class='ocr_carea' id='block_1_29' title="bbox 350 2773 1953 2851">
    <p class='ocr_par' dir='ltr' id='par_1_29' title="bbox 350 2773 1953 2851">
     <span class='ocr_line' id='line_1_29' title="bbox 350 2773 1953 2851; baseline -0.002 -15"><span class='ocrx_word' id='word_1_228' title='bbox 350 2779 585 2851; x_wconf 80' lang='lat' dir='ltr'><strong><em>cOgnovit</em></strong></span> <span class='ocrx_word' id='word_1_229' title='bbox 606 2778 864 2849; x_wconf 87' lang='lat' dir='ltr'><strong><em>judicium</em></strong></span> <span class='ocrx_word' id='word_1_230' title='bbox 884 2776 1115 2832; x_wconf 88' lang='lat' dir='ltr'><strong><em>Domini.</em></strong></span> <span class='ocrx_word' id='word_1_231' title='bbox 1159 2773 1425 2844; x_wconf 80' lang='lat' dir='ltr'><strong><em>Quomodo</em></strong></span> <span class='ocrx_word' id='word_1_232' title='bbox 1459 2775 1662 2831; x_wconf 81' lang='lat' dir='ltr'><strong><em>dicitis:</em></strong></span> <span class='ocrx_word' id='word_1_233' title='bbox 1684 2776 1953 2846; x_wconf 85' lang='lat' dir='ltr'><strong><em>Sapientes</em></strong></span> 
     </span>
    </p>
   </div>
   <div class='ocr_carea' id='block_1_30' title="bbox 350 2868 1955 2943">
    <p class='ocr_par' dir='ltr' id='par_1_30' title="bbox 350 2868 1955 2943">
     <span class='ocr_line' id='line_1_30' title="bbox 350 2868 1955 2943; baseline -0.002 -13"><span class='ocrx_word' id='word_1_234' title='bbox 350 2890 547 2943; x_wconf 90' lang='lat' dir='ltr'><strong><em>sumus,</em></strong></span> <span class='ocrx_word' id='word_1_235' title='bbox 578 2882 628 2928; x_wconf 92' lang='lat' dir='ltr'><strong><em>et</em></strong></span> <span class='ocrx_word' id='word_1_236' title='bbox 657 2873 741 2928; x_wconf 79' lang='lat' dir='ltr'><strong><em>lea:</em></strong></span> <span class='ocrx_word' id='word_1_237' title='bbox 765 2870 980 2926; x_wconf 87' lang='lat' dir='ltr'><strong><em>Domini</em></strong></span> <span class='ocrx_word' id='word_1_238' title='bbox 1012 2870 1277 2926; x_wconf 89' lang='lat' dir='ltr'><strong><em>nobiscum</em></strong></span> <span class='ocrx_word' id='word_1_239' title='bbox 1316 2870 1426 2925; x_wconf 86' lang='lat' dir='ltr'><strong><em>est?</em></strong></span> <span class='ocrx_word' id='word_1_240' title='bbox 1452 2868 1522 2925; x_wconf 81' lang='lat' dir='ltr'><strong><em>In</em></strong></span> <span class='ocrx_word' id='word_1_241' title='bbox 1560 2887 1763 2926; x_wconf 88' lang='lat' dir='ltr'><strong><em>cassum</em></strong></span> <span class='ocrx_word' id='word_1_242' title='bbox 1815 2872 1955 2943; x_wconf 89' lang='lat' dir='ltr'><strong><em>facta</em></strong></span> 
     </span>
    </p>
   </div>
   <div class='ocr_carea' id='block_1_31' title="bbox 351 2963 1956 3036">
    <p class='ocr_par' dir='ltr' id='par_1_31' title="bbox 351 2963 1956 3036">
     <span class='ocr_line' id='line_1_31' title="bbox 351 2963 1956 3036; baseline -0.002 -13"><span class='ocrx_word' id='word_1_243' title='bbox 351 2974 427 3023; x_wconf 89' lang='lat' dir='ltr'><strong><em>est</em></strong></span> <span class='ocrx_word' id='word_1_244' title='bbox 455 2974 706 3022; x_wconf 88' lang='lat' dir='ltr'><strong><em>metatura</em></strong></span> <span class='ocrx_word' id='word_1_245' title='bbox 731 2964 866 3036; x_wconf 90' lang='lat' dir='ltr'><strong><em>falsa</em></strong></span> <span class='ocrx_word' id='word_1_246' title='bbox 894 2972 944 3030; x_wconf 74' lang='grc' dir='ltr'><strong>ει,</strong></span> <span class='ocrx_word' id='word_1_247' title='bbox 971 2963 1150 3019; x_wconf 72' lang='lat' dir='ltr'><strong><em>scribae</em></strong></span> <span class='ocrx_word' id='word_1_248' title='bbox 1173 2965 1376 3034; x_wconf 88' lang='lat' dir='ltr'><strong><em>confusi</em></strong></span> <span class='ocrx_word' id='word_1_249' title='bbox 1403 2970 1541 3031; x_wconf 91' lang='lat' dir='ltr'><strong><em>sunt,</em></strong></span> <span class='ocrx_word' id='word_1_250' title='bbox 1588 2965 1842 3033; x_wconf 88' lang='lat' dir='ltr'><strong><em>sapientes</em></strong></span> <span class='ocrx_word' id='word_1_251' title='bbox 1854 2974 1956 3020; x_wconf 86' lang='lat' dir='ltr'><strong><em>tre—</em></strong></span> 
     </span>
    </p>
   </div>
   <div class='ocr_carea' id='block_1_32' title="bbox 351 3053 1954 3133">
    <p class='ocr_par' dir='ltr' id='par_1_32' title="bbox 351 3053 1954 3133">
     <span class='ocr_line' id='line_1_32' title="bbox 351 3053 1954 3133; baseline -0.002 -18"><span class='ocrx_word' id='word_1_252' title='bbox 351 3058 655 3133; x_wconf 83' lang='lat' dir='ltr'><strong><em>pidaverunt</em></strong></span> <span class='ocrx_word' id='word_1_253' title='bbox 673 3066 720 3111; x_wconf 91' lang='lat' dir='ltr'><strong><em>et</em></strong></span> <span class='ocrx_word' id='word_1_254' title='bbox 748 3056 886 3127; x_wconf 89' lang='lat' dir='ltr'><strong><em>capti</em></strong></span> <span class='ocrx_word' id='word_1_255' title='bbox 910 3065 1049 3119; x_wconf 79' lang='lat' dir='ltr'><strong><em>sunt,</em></strong></span> <span class='ocrx_word' id='word_1_256' title='bbox 1082 3056 1204 3122; x_wconf 83' lang='lat' dir='ltr'><strong><em>quia</em></strong></span> <span class='ocrx_word' id='word_1_257' title='bbox 1236 3053 1439 3109; x_wconf 83' lang='lat' dir='ltr'><strong><em>verbum</em></strong></span> <span class='ocrx_word' id='word_1_258' title='bbox 1466 3053 1675 3110; x_wconf 87' lang='lat' dir='ltr'><strong><em>Domini</em></strong></span> <span class='ocrx_word' id='word_1_259' title='bbox 1708 3056 1954 3128; x_wconf 88' lang='lat' dir='ltr'><strong><em>reproba-</em></strong></span> 
     </span>
    </p>
   </div>
   <div class='ocr_carea' id='block_1_33' title="bbox 350 3144 1953 3225">
    <p class='ocr_par' dir='ltr' id='par_1_33' title="bbox 350 3144 1953 3225">
     <span class='ocr_line' id='line_1_33' title="bbox 350 3144 1953 3225; baseline -0.002 -18"><span class='ocrx_word' id='word_1_260' title='bbox 350 3162 531 3208; x_wconf 87' lang='lat' dir='ltr'><strong><em>verunt</em></strong></span> <span class='ocrx_word' id='word_1_261' title='bbox 585 3149 757 3225; x_wconf 84' lang='lat' dir='ltr'><strong><em>(Hier.</em></strong></span> <span class='ocrx_word' id='word_1_262' title='bbox 798 3164 924 3216; x_wconf 84' lang='lat' dir='ltr'><strong><em>vut,</em></strong></span> <span class='ocrx_word' id='word_1_263' title='bbox 966 3144 1108 3220; x_wconf 85' lang='lat'><strong><em>7-9).</em></strong></span> <span class='ocrx_word' id='word_1_264' title='bbox 1174 3146 1307 3203; x_wconf 85' lang='lat' dir='ltr'><strong><em>Item</em></strong></span> <span class='ocrx_word' id='word_1_265' title='bbox 1357 3146 1499 3217; x_wconf 90' lang='lat' dir='ltr'><strong><em>apud</em></strong></span> <span class='ocrx_word' id='word_1_266' title='bbox 1564 3145 1953 3203; x_wconf 83' lang='lat' dir='ltr'><strong><em>Salomonem:</em></strong></span> 
     </span>
    </p>
   </div>
   <div class='ocr_carea' id='block_1_34' title="bbox 355 3237 1956 3312">
    <p class='ocr_par' dir='ltr' id='par_1_34' title="bbox 355 3237 1956 3312">
     <span class='ocr_line' id='line_1_34' title="bbox 355 3237 1956 3312; baseline -0.006 -10"><span class='ocrx_word' id='word_1_267' title='bbox 355 3244 607 3312; x_wconf 77' lang='lat' dir='ltr'><strong><em>Quwrunt</em></strong></span> <span class='ocrx_word' id='word_1_268' title='bbox 641 3258 722 3298; x_wconf 89' lang='lat' dir='ltr'><strong><em>me</em></strong></span> <span class='ocrx_word' id='word_1_269' title='bbox 758 3239 883 3295; x_wconf 88' lang='lat' dir='ltr'><strong><em>mali</em></strong></span> <span class='ocrx_word' id='word_1_270' title='bbox 909 3250 956 3307; x_wconf 75' lang='grc' dir='ltr'><strong><em>τ,</em></strong></span> <span class='ocrx_word' id='word_1_271' title='bbox 988 3248 1036 3293; x_wconf 90' lang='lat' dir='ltr'><strong><em>et</em></strong></span> <span class='ocrx_word' id='word_1_272' title='bbox 1072 3254 1176 3293; x_wconf 90' lang='lat' dir='ltr'><strong><em>non</em></strong></span> <span class='ocrx_word' id='word_1_273' title='bbox 1208 3238 1479 3293; x_wconf 88' lang='lat' dir='ltr'><strong><em>invenient.</em></strong></span> <span class='ocrx_word' id='word_1_274' title='bbox 1539 3237 1673 3294; x_wconf 89' lang='lat' dir='ltr'><strong><em>0dio</em></strong></span> <span class='ocrx_word' id='word_1_275' title='bbox 1698 3239 1834 3294; x_wconf 89' lang='lat' dir='ltr'><strong><em>enim</em></strong></span> <span class='ocrx_word' id='word_1_276' title='bbox 1860 3239 1956 3293; x_wconf 88' lang='lat' dir='ltr'><strong><em>ha-</em></strong></span> 
     </span>
    </p>
   </div>
   <div class='ocr_carea' id='block_1_35' title="bbox 355 3329 1958 3406">
    <p class='ocr_par' dir='ltr' id='par_1_35' title="bbox 355 3329 1958 3406">
     <span class='ocr_line' id='line_1_35' title="bbox 355 3329 1958 3406; baseline -0.006 -10"><span class='ocrx_word' id='word_1_277' title='bbox 355 3338 570 3395; x_wconf 68' lang='lat' dir='ltr'><strong><em>buerunt</em></strong></span> <span class='ocrx_word' id='word_1_278' title='bbox 594 3334 918 3406; x_wconf 88' lang='lat' dir='ltr'><strong><em>sapientiam,</em></strong></span> <span class='ocrx_word' id='word_1_279' title='bbox 946 3346 1228 3387; x_wconf 84' lang='lat' dir='ltr'><strong><em>sermonem</em></strong></span> <span class='ocrx_word' id='word_1_280' title='bbox 1252 3338 1425 3385; x_wconf 88' lang='lat' dir='ltr'><strong><em>autem</em></strong></span> <span class='ocrx_word' id='word_1_281' title='bbox 1452 3329 1666 3385; x_wconf 85' lang='lat' dir='ltr'><strong><em>Domini</em></strong></span> <span class='ocrx_word' id='word_1_282' title='bbox 1686 3347 1791 3386; x_wconf 90' lang='lat' dir='ltr'><strong><em>non</em></strong></span> <span class='ocrx_word' id='word_1_283' title='bbox 1818 3346 1958 3387; x_wconf 88' lang='lat' dir='ltr'><strong><em>rece-</em></strong></span> 
     </span>
    </p>
   </div>
   <div class='ocr_carea' id='block_1_36' title="bbox 357 3422 1955 3504">
    <p class='ocr_par' dir='ltr' id='par_1_36' title="bbox 357 3422 1955 3504">
     <span class='ocr_line' id='line_1_36' title="bbox 357 3422 1955 3504; baseline -0.004 -16"><span class='ocrx_word' id='word_1_284' title='bbox 357 3439 539 3504; x_wconf 88' lang='lat' dir='ltr'><strong><em>perunt</em></strong></span> <span class='ocrx_word' id='word_1_285' title='bbox 581 3426 852 3503; x_wconf 90' lang='lat' dir='ltr'><strong><em>(Proverb.</em></strong></span> <span class='ocrx_word' id='word_1_286' title='bbox 880 3441 921 3492; x_wconf 90' lang='grc' dir='ltr'><strong><em>ι,</em></strong></span> <span class='ocrx_word' id='word_1_287' title='bbox 971 3424 1064 3493; x_wconf 86' lang='lat'><strong><em>28,</em></strong></span> <span class='ocrx_word' id='word_1_288' title='bbox 1105 3422 1223 3495; x_wconf 87' lang='lat'><strong><em>29).</em></strong></span> <span class='ocrx_word' id='word_1_289' title='bbox 1254 3422 1387 3480; x_wconf 89' lang='lat' dir='ltr'><strong><em>Item</em></strong></span> <span class='ocrx_word' id='word_1_290' title='bbox 1433 3424 1492 3479; x_wconf 91' lang='lat' dir='ltr'><strong><em>in</em></strong></span> <span class='ocrx_word' id='word_1_291' title='bbox 1518 3423 1734 3481; x_wconf 90' lang='lat' dir='ltr'><strong><em>Psalmo</em></strong></span> <span class='ocrx_word' id='word_1_292' title='bbox 1757 3442 1909 3482; x_wconf 82' lang='lat' dir='ltr'><strong><em>xxvn</em></strong></span> <span class='ocrx_word' id='word_1_293' title='bbox 1940 3443 1955 3481; x_wconf 93' lang='lat'><strong>:</strong></span> 
     </span>
    </p>
   </div>
   <div class='ocr_carea' id='block_1_37' title="bbox 2035 500 3634 575">
    <p class='ocr_par' dir='ltr' id='par_1_37' title="bbox 2035 500 3634 575">
     <span class='ocr_line' id='line_1_37' title="bbox 2035 500 3634 575; baseline 0 -15"><span class='ocrx_word' id='word_1_294' title='bbox 2035 503 2327 575; x_wconf 81' lang='lat' dir='ltr'><strong><em>Evangelia</em></strong></span> <span class='ocrx_word' id='word_1_295' title='bbox 2358 511 2480 559; x_wconf 88' lang='lat' dir='ltr'><strong><em>cata</em></strong></span> <span class='ocrx_word' id='word_1_296' title='bbox 2509 500 2775 559; x_wconf 86' lang='lat' dir='ltr'><strong><em>Joannem</em></strong></span> <span class='ocrx_word' id='word_1_297' title='bbox 2806 501 2917 558; x_wconf 86' lang='lat' dir='ltr'><strong><em>:In</em></strong></span> <span class='ocrx_word' id='word_1_298' title='bbox 2939 518 3036 558; x_wconf 89' lang='lat' dir='ltr'><strong><em>sua</em></strong></span> <span class='ocrx_word' id='word_1_299' title='bbox 3068 503 3281 574; x_wconf 90' lang='lat' dir='ltr'><strong><em>propria</em></strong></span> <span class='ocrx_word' id='word_1_300' title='bbox 3304 504 3459 571; x_wconf 86' lang='lat' dir='ltr'><strong><em>venit,</em></strong></span> <span class='ocrx_word' id='word_1_301' title='bbox 3484 513 3533 559; x_wconf 92' lang='lat' dir='ltr'><strong><em>et</em></strong></span> <span class='ocrx_word' id='word_1_302' title='bbox 3551 505 3634 560; x_wconf 90' lang='lat' dir='ltr'><strong><em>sui</em></strong></span> 
     </span>
    </p>
   </div>
   <div class='ocr_carea' id='block_1_38' title="bbox 2035 595 3637 668">
    <p class='ocr_par' dir='ltr' id='par_1_38' title="bbox 2035 595 3637 668">
     <span class='ocr_line' id='line_1_38' title="bbox 2035 595 3637 668; baseline 0 -16"><span class='ocrx_word' id='word_1_303' title='bbox 2035 612 2148 652; x_wconf 88' lang='lat' dir='ltr'><strong><em>eum</em></strong></span> <span class='ocrx_word' id='word_1_304' title='bbox 2194 612 2298 652; x_wconf 90' lang='lat' dir='ltr'><strong><em>non</em></strong></span> <span class='ocrx_word' id='word_1_305' title='bbox 2329 605 2648 668; x_wconf 89' lang='lat' dir='ltr'><strong><em>receperunt.</em></strong></span> <span class='ocrx_word' id='word_1_306' title='bbox 2683 595 2944 667; x_wconf 82' lang='lat' dir='ltr'><strong><em>Quotquot</em></strong></span> <span class='ocrx_word' id='word_1_307' title='bbox 2982 611 3097 650; x_wconf 88' lang='lat' dir='ltr'><strong><em>eum</em></strong></span> <span class='ocrx_word' id='word_1_308' title='bbox 3123 606 3438 667; x_wconf 88' lang='lat' dir='ltr'><strong><em>receperunt,</em></strong></span> <span class='ocrx_word' id='word_1_309' title='bbox 3495 597 3637 653; x_wconf 86' lang='lat' dir='ltr'><strong><em>dedit</em></strong></span> 
     </span>
    </p>
   </div>
   <div class='ocr_carea' id='block_1_39' title="bbox 2034 688 3637 763">
    <p class='ocr_par' dir='ltr' id='par_1_39' title="bbox 2034 688 3637 763">
     <span class='ocr_line' id='line_1_39' title="bbox 2034 688 3637 763; baseline 0.001 -18"><span class='ocrx_word' id='word_1_310' title='bbox 2034 690 2140 746; x_wconf 90' lang='lat' dir='ltr'><strong><em>illis</em></strong></span> <span class='ocrx_word' id='word_1_311' title='bbox 2185 698 2483 761; x_wconf 88' lang='lat' dir='ltr'><strong><em>potestatem</em></strong></span> <span class='ocrx_word' id='word_1_312' title='bbox 2508 699 2563 745; x_wconf 90' lang='lat' dir='ltr'><strong><em>ut</em></strong></span> <span class='ocrx_word' id='word_1_313' title='bbox 2591 688 2689 761; x_wconf 74' lang='lat' dir='ltr'><strong><em>ﬁlii</em></strong></span> <span class='ocrx_word' id='word_1_314' title='bbox 2714 688 2814 745; x_wconf 90' lang='lat' dir='ltr'><strong><em>Dei</em></strong></span> <span class='ocrx_word' id='word_1_315' title='bbox 2849 689 3047 760; x_wconf 75' lang='lat' dir='ltr'><strong><em>ﬁerent,</em></strong></span> <span class='ocrx_word' id='word_1_316' title='bbox 3092 690 3183 763; x_wconf 87' lang='lat' dir='ltr'><strong><em>qui</em></strong></span> <span class='ocrx_word' id='word_1_317' title='bbox 3209 690 3421 746; x_wconf 89' lang='lat' dir='ltr'><strong><em>credunt</em></strong></span> <span class='ocrx_word' id='word_1_318' title='bbox 3460 691 3518 745; x_wconf 92' lang='lat' dir='ltr'><strong><em>in</em></strong></span> <span class='ocrx_word' id='word_1_319' title='bbox 3544 706 3637 747; x_wconf 88' lang='lat' dir='ltr'><strong><em>no-</em></strong></span> 
     </span>
    </p>
   </div>
   <div class='ocr_carea' id='block_1_40' title="bbox 2035 778 2915 854">
    <p class='ocr_par' dir='ltr' id='par_1_40' title="bbox 2035 778 2915 854">
     <span class='ocr_line' id='line_1_40' title="bbox 2035 778 2915 854; baseline 0.001 -18"><span class='ocrx_word' id='word_1_320' title='bbox 2035 781 2173 837; x_wconf 89' lang='lat' dir='ltr'><strong><em>mine</em></strong></span> <span class='ocrx_word' id='word_1_321' title='bbox 2191 782 2302 854; x_wconf 86' lang='lat' dir='ltr'><strong><em>ejus</em></strong></span> <span class='ocrx_word' id='word_1_322' title='bbox 2329 780 2509 854; x_wconf 83' lang='lat' dir='ltr'><strong><em>(Joan.</em></strong></span> <span class='ocrx_word' id='word_1_323' title='bbox 2536 796 2577 850; x_wconf 90' lang='grc' dir='ltr'><strong><em>ι,</em></strong></span> <span class='ocrx_word' id='word_1_324' title='bbox 2605 780 2698 851; x_wconf 89' lang='grc'><strong><em>11,</em></strong></span> <span class='ocrx_word' id='word_1_325' title='bbox 2730 778 2846 853; x_wconf 72' lang='grc'><strong>12).</strong></span> <span class='ocrx_word' id='word_1_326' title='bbox 2912 846 2915 849; x_wconf 23' lang='grc' dir='ltr'>λ</span> 
     </span>
    </p>
   </div>
   <div class='ocr_carea' id='block_1_41' title="bbox 2039 952 3641 1002">
    <p class='ocr_par' dir='ltr' id='par_1_41' title="bbox 2039 952 3641 1002">
     <span class='ocr_line' id='line_1_41' title="bbox 2039 952 3641 1002; baseline 0.002 -8"><span class='ocrx_word' id='word_1_327' title='bbox 2039 952 2157 994; x_wconf 77' lang='lat' dir='ltr'><strong>CAP.</strong></span> <span class='ocrx_word' id='word_1_328' title='bbox 2206 954 2280 993; x_wconf 85' lang='lat' dir='ltr'><strong><em>IV.</em></strong></span> <span class='ocrx_word' id='word_1_329' title='bbox 2310 968 2384 981; x_wconf 83' lang='lat'><strong><em>--</em></strong></span> <span class='ocrx_word' id='word_1_330' title='bbox 2419 953 2559 1002; x_wconf 85' lang='lat' dir='ltr'><strong><em>QUOD</em></strong></span> <span class='ocrx_word' id='word_1_331' title='bbox 2595 953 2916 996; x_wconf 78' lang='lat' dir='ltr'><strong><em>SCRIPTURAS</em></strong></span> <span class='ocrx_word' id='word_1_332' title='bbox 2963 954 3196 997; x_wconf 76' lang='lat' dir='ltr'><strong><em>SANC&#39;I&#39;AS</em></strong></span> <span class='ocrx_word' id='word_1_333' title='bbox 3244 954 3641 999; x_wconf 73' lang='lat' dir='ltr'><strong><em>INTELLECTURI</em></strong></span> 
     </span>
    </p>
   </div>
   <div class='ocr_carea' id='block_1_42' title="bbox 2110 1045 3647 1100">
    <p class='ocr_par' dir='ltr' id='par_1_42' title="bbox 2110 1045 3647 1100">
     <span class='ocr_line' id='line_1_42' title="bbox 2110 1045 3647 1100; baseline 0.003 -14"><span class='ocrx_word' id='word_1_334' title='bbox 2110 1045 2273 1086; x_wconf 67' lang='lat' dir='ltr'><strong><em>JUDEI</em></strong></span> <span class='ocrx_word' id='word_1_335' title='bbox 2312 1046 2416 1087; x_wconf 85' lang='lat' dir='ltr'><strong>NON</strong></span> <span class='ocrx_word' id='word_1_336' title='bbox 2455 1045 2677 1100; x_wconf 78' lang='lat' dir='ltr'><strong><em>ESSENT,</em></strong></span> <span class='ocrx_word' id='word_1_337' title='bbox 2730 1048 2998 1090; x_wconf 78' lang='lat' dir='ltr'><strong><em>INTELLIGI</em></strong></span> <span class='ocrx_word' id='word_1_338' title='bbox 3039 1048 3223 1089; x_wconf 71' lang='lat' dir='ltr'><strong><em>AIJTEI</em></strong></span> <span class='ocrx_word' id='word_1_339' title='bbox 3267 1049 3548 1089; x_wconf 76' lang='lat' dir='ltr'><strong><em>HABERENT</em></strong></span> <span class='ocrx_word' id='word_1_340' title='bbox 3591 1050 3647 1090; x_wconf 81' lang='lat' dir='ltr'><strong>IN</strong></span> 
     </span>
    </p>
   </div>
   <div class='ocr_carea' id='block_1_43' title="bbox 2110 1138 3649 1195">
    <p class='ocr_par' dir='ltr' id='par_1_43' title="bbox 2110 1138 3649 1195">
     <span class='ocr_line' id='line_1_43' title="bbox 2110 1138 3649 1195; baseline 0.005 -16"><span class='ocrx_word' id='word_1_341' title='bbox 2110 1138 2405 1182; x_wconf 76' lang='lat' dir='ltr'><strong><em>NOVISSIIIIS</em></strong></span> <span class='ocrx_word' id='word_1_342' title='bbox 2448 1139 2775 1183; x_wconf 66' lang='lat' dir='ltr'><strong><em>TEIPORIBUS</em></strong></span> <span class='ocrx_word' id='word_1_343' title='bbox 2818 1141 3019 1186; x_wconf 77' lang='lat' dir='ltr'><strong>POSTEA</strong></span> <span class='ocrx_word' id='word_1_344' title='bbox 3064 1142 3207 1195; x_wconf 74' lang='grc' dir='ltr'><strong>ρυΑιι</strong></span> <span class='ocrx_word' id='word_1_345' title='bbox 3246 1142 3500 1185; x_wconf 76' lang='lat' dir='ltr'><strong><em>CHRISTUS</em></strong></span> <span class='ocrx_word' id='word_1_346' title='bbox 3544 1143 3649 1186; x_wconf 74' lang='lat' dir='ltr'><strong><em>VB-</em></strong></span> 
     </span>
    </p>
   </div>
   <div class='ocr_carea' id='block_1_44' title="bbox 2111 1231 2314 1274">
    <p class='ocr_par' dir='ltr' id='par_1_44' title="bbox 2111 1231 2314 1274">
     <span class='ocr_line' id='line_1_44' title="bbox 2111 1231 2314 1274; baseline 0 -1"><span class='ocrx_word' id='word_1_347' title='bbox 2111 1231 2314 1274; x_wconf 78' lang='lat' dir='ltr'><strong><em>NISSE&#39;I‘.</em></strong></span> 
     </span>
    </p>
   </div>
   <div class='ocr_carea' id='block_1_45' title="bbox 2114 1374 3651 1447">
    <p class='ocr_par' dir='ltr' id='par_1_45' title="bbox 2114 1374 3651 1447">
     <span class='ocr_line' id='line_1_45' title="bbox 2114 1374 3651 1447; baseline 0.004 -16"><span class='ocrx_word' id='word_1_348' title='bbox 2114 1374 2272 1447; x_wconf 87' lang='lat' dir='ltr'><strong><em>Apud</em></strong></span> <span class='ocrx_word' id='word_1_349' title='bbox 2311 1375 2572 1432; x_wconf 88' lang='lat' dir='ltr'><strong><em>Esaiam:</em></strong></span> <span class='ocrx_word' id='word_1_350' title='bbox 2606 1375 2676 1432; x_wconf 87' lang='lat' dir='ltr'><strong><em>Et</em></strong></span> <span class='ocrx_word' id='word_1_351' title='bbox 2709 1387 2859 1433; x_wconf 90' lang='lat' dir='ltr'><strong><em>erunt</em></strong></span> <span class='ocrx_word' id='word_1_352' title='bbox 2902 1378 3039 1434; x_wconf 89' lang='lat' dir='ltr'><strong><em>vobis</em></strong></span> <span class='ocrx_word' id='word_1_353' title='bbox 3081 1378 3134 1434; x_wconf 89' lang='lat' dir='ltr'><strong><em>hi</em></strong></span> <span class='ocrx_word' id='word_1_354' title='bbox 3177 1396 3350 1436; x_wconf 91' lang='lat' dir='ltr'><strong><em>omnes</em></strong></span> <span class='ocrx_word' id='word_1_355' title='bbox 3392 1397 3651 1438; x_wconf 88' lang='lat' dir='ltr'><strong><em>sermones</em></strong></span> 
     </span>
    </p>
   </div>
   <div class='ocr_carea' id='block_1_46' title="bbox 2044 1468 3653 1546">
    <p class='ocr_par' dir='ltr' id='par_1_46' title="bbox 2044 1468 3653 1546">
     <span class='ocr_line' id='line_1_46' title="bbox 2044 1468 3653 1546; baseline 0.006 -24"><span class='ocrx_word' id='word_1_356' title='bbox 2044 1468 2176 1523; x_wconf 89' lang='lat' dir='ltr'><strong><em>sicut</em></strong></span> <span class='ocrx_word' id='word_1_357' title='bbox 2203 1484 2460 1525; x_wconf 87' lang='lat' dir='ltr'><strong><em>sermones</em></strong></span> <span class='ocrx_word' id='word_1_358' title='bbox 2487 1469 2606 1523; x_wconf 90' lang='lat' dir='ltr'><strong><em>libri</em></strong></span> <span class='ocrx_word' id='word_1_359' title='bbox 2649 1471 2737 1539; x_wconf 91' lang='lat' dir='ltr'><strong><em>qui</em></strong></span> <span class='ocrx_word' id='word_1_360' title='bbox 2783 1471 3013 1543; x_wconf 89' lang='lat' dir='ltr'><strong><em>signatus</em></strong></span> <span class='ocrx_word' id='word_1_361' title='bbox 3037 1482 3110 1528; x_wconf 88' lang='lat' dir='ltr'><strong><em>est</em></strong></span> <span class='ocrx_word' id='word_1_362' title='bbox 3139 1490 3157 1528; x_wconf 95' lang='lat'><em>:</em></span> <span class='ocrx_word' id='word_1_363' title='bbox 3186 1491 3333 1546; x_wconf 90' lang='lat' dir='ltr'><strong><em>quem</em></strong></span> <span class='ocrx_word' id='word_1_364' title='bbox 3365 1474 3409 1529; x_wconf 90' lang='lat' dir='ltr'><strong><em>si</em></strong></span> <span class='ocrx_word' id='word_1_365' title='bbox 3450 1474 3653 1532; x_wconf 87' lang='lat' dir='ltr'><strong><em>dederis</em></strong></span> 
     </span>
    </p>
   </div>
   <div class='ocr_carea' id='block_1_47' title="bbox 2046 1564 3655 1640">
    <p class='ocr_par' dir='ltr' id='par_1_47' title="bbox 2046 1564 3655 1640">
     <span class='ocr_line' id='line_1_47' title="bbox 2046 1564 3655 1640; baseline 0.004 -22"><span class='ocrx_word' id='word_1_366' title='bbox 2046 1564 2239 1619; x_wconf 84' lang='lat' dir='ltr'><strong><em>homini</em></strong></span> <span class='ocrx_word' id='word_1_367' title='bbox 2263 1564 2439 1618; x_wconf 90' lang='lat' dir='ltr'><strong><em>scienti</em></strong></span> <span class='ocrx_word' id='word_1_368' title='bbox 2465 1564 2659 1621; x_wconf 87' lang='lat' dir='ltr'><strong><em>litteras</em></strong></span> <span class='ocrx_word' id='word_1_369' title='bbox 2679 1565 2749 1619; x_wconf 91' lang='lat' dir='ltr'><strong><em>ad</em></strong></span> <span class='ocrx_word' id='word_1_370' title='bbox 2774 1565 3062 1637; x_wconf 86' lang='lat' dir='ltr'><strong><em>legendum,</em></strong></span> <span class='ocrx_word' id='word_1_371' title='bbox 3086 1567 3218 1622; x_wconf 88' lang='lat' dir='ltr'><strong><em>dicet</em></strong></span> <span class='ocrx_word' id='word_1_372' title='bbox 3245 1584 3263 1622; x_wconf 90' lang='lat'><strong><em>:</em></strong></span> <span class='ocrx_word' id='word_1_373' title='bbox 3292 1566 3415 1623; x_wconf 88' lang='lat' dir='ltr'><strong><em>Non</em></strong></span> <span class='ocrx_word' id='word_1_374' title='bbox 3443 1585 3655 1640; x_wconf 88' lang='lat' dir='ltr'><strong><em>possum</em></strong></span> 
     </span>
    </p>
   </div>
   <div class='ocr_carea' id='block_1_48' title="bbox 2047 1656 3659 1729">
    <p class='ocr_par' dir='ltr' id='par_1_48' title="bbox 2047 1656 3659 1729">
     <span class='ocr_line' id='line_1_48' title="bbox 2047 1656 3659 1729; baseline 0.005 -17"><span class='ocrx_word' id='word_1_375' title='bbox 2047 1656 2233 1729; x_wconf 88' lang='lat' dir='ltr'><strong><em>legere,</em></strong></span> <span class='ocrx_word' id='word_1_376' title='bbox 2267 1656 2512 1729; x_wconf 90' lang='lat' dir='ltr'><strong><em>Signatus</em></strong></span> <span class='ocrx_word' id='word_1_377' title='bbox 2542 1669 2614 1715; x_wconf 93' lang='lat' dir='ltr'><strong><em>est</em></strong></span> <span class='ocrx_word' id='word_1_378' title='bbox 2642 1661 2797 1716; x_wconf 90' lang='lat' dir='ltr'><strong><em>enim.</em></strong></span> <span class='ocrx_word' id='word_1_379' title='bbox 2828 1660 2935 1716; x_wconf 87' lang='lat' dir='ltr'><strong><em>Sed</em></strong></span> <span class='ocrx_word' id='word_1_380' title='bbox 2972 1662 3027 1715; x_wconf 91' lang='lat' dir='ltr'><strong><em>in</em></strong></span> <span class='ocrx_word' id='word_1_381' title='bbox 3055 1662 3147 1716; x_wconf 89' lang='lat' dir='ltr'><strong><em>illa</em></strong></span> <span class='ocrx_word' id='word_1_382' title='bbox 3164 1662 3247 1716; x_wconf 90' lang='lat' dir='ltr'><strong><em>die</em></strong></span> <span class='ocrx_word' id='word_1_383' title='bbox 3271 1662 3479 1718; x_wconf 80' lang='lat' dir='ltr'><strong><em>audient</em></strong></span> <span class='ocrx_word' id='word_1_384' title='bbox 3507 1664 3659 1720; x_wconf 89' lang='lat' dir='ltr'><strong><em>surdi</em></strong></span> 
     </span>
    </p>
   </div>
   <div class='ocr_carea' id='block_1_49' title="bbox 2047 1749 3650 1826">
    <p class='ocr_par' dir='ltr' id='par_1_49' title="bbox 2047 1749 3650 1826">
     <span class='ocr_line' id='line_1_49' title="bbox 2047 1749 3650 1826; baseline 0.007 -25"><span class='ocrx_word' id='word_1_385' title='bbox 2047 1762 2300 1804; x_wconf 88' lang='lat' dir='ltr'><strong><em>sermones</em></strong></span> <span class='ocrx_word' id='word_1_386' title='bbox 2329 1749 2445 1804; x_wconf 87' lang='lat' dir='ltr'><strong><em>libri</em></strong></span> <span class='ocrx_word' id='word_1_387' title='bbox 2468 1759 2518 1816; x_wconf 68' lang='lat' dir='ltr'><strong><em>ﬁ,&#39;</em></strong></span> <span class='ocrx_word' id='word_1_388' title='bbox 2536 1760 2583 1805; x_wconf 91' lang='lat' dir='ltr'><strong><em>et</em></strong></span> <span class='ocrx_word' id='word_1_389' title='bbox 2611 1752 2699 1821; x_wconf 90' lang='lat' dir='ltr'><strong><em>qui</em></strong></span> <span class='ocrx_word' id='word_1_390' title='bbox 2727 1753 2780 1805; x_wconf 89' lang='lat' dir='ltr'><strong><em>in</em></strong></span> <span class='ocrx_word' id='word_1_391' title='bbox 2808 1752 3020 1806; x_wconf 89' lang='lat' dir='ltr'><strong><em>tenebris</em></strong></span> <span class='ocrx_word' id='word_1_392' title='bbox 3049 1762 3096 1806; x_wconf 92' lang='lat' dir='ltr'><strong><em>et</em></strong></span> <span class='ocrx_word' id='word_1_393' title='bbox 3118 1753 3206 1821; x_wconf 90' lang='lat' dir='ltr'><strong><em>qui</em></strong></span> <span class='ocrx_word' id='word_1_394' title='bbox 3234 1754 3289 1807; x_wconf 90' lang='lat' dir='ltr'><strong><em>in</em></strong></span> <span class='ocrx_word' id='word_1_395' title='bbox 3309 1754 3491 1809; x_wconf 87' lang='lat' dir='ltr'><strong><em>nebula</em></strong></span> <span class='ocrx_word' id='word_1_396' title='bbox 3510 1766 3650 1826; x_wconf 89' lang='lat' dir='ltr'><strong><em>sunt,</em></strong></span> 
     </span>
    </p>
   </div>
   <div class='ocr_carea' id='block_1_50' title="bbox 2050 1839 3657 1920">
    <p class='ocr_par' dir='ltr' id='par_1_50' title="bbox 2050 1839 3657 1920">
     <span class='ocr_line' id='line_1_50' title="bbox 2050 1839 3657 1920; baseline 0.007 -27"><span class='ocrx_word' id='word_1_397' title='bbox 2050 1839 2189 1894; x_wconf 87' lang='lat' dir='ltr'><strong><em>oculi</em></strong></span> <span class='ocrx_word' id='word_1_398' title='bbox 2214 1854 2465 1896; x_wconf 72' lang='lat' dir='ltr'><strong><em>caecorum</em></strong></span> <span class='ocrx_word' id='word_1_399' title='bbox 2487 1841 2728 1897; x_wconf 87' lang='lat' dir='ltr'><strong><em>videbunt</em></strong></span> <span class='ocrx_word' id='word_1_400' title='bbox 2757 1842 2890 1913; x_wconf 86' lang='lat' dir='ltr'><strong><em>(Isa.</em></strong></span> <span class='ocrx_word' id='word_1_401' title='bbox 2915 1858 3063 1913; x_wconf 62' lang='grc' dir='ltr'><strong>χχιιι,</strong></span> <span class='ocrx_word' id='word_1_402' title='bbox 3097 1844 3184 1911; x_wconf 89' lang='grc'><strong><em>11,</em></strong></span> <span class='ocrx_word' id='word_1_403' title='bbox 3213 1845 3330 1918; x_wconf 87' lang='grc'><strong>18).</strong></span> <span class='ocrx_word' id='word_1_404' title='bbox 3358 1846 3487 1903; x_wconf 90' lang='lat' dir='ltr'><strong><em>Item</em></strong></span> <span class='ocrx_word' id='word_1_405' title='bbox 3513 1847 3657 1920; x_wconf 87' lang='lat' dir='ltr'><strong><em>apud</em></strong></span> 
     </span>
    </p>
   </div>
   <div class='ocr_carea' id='block_1_51' title="bbox 2052 1930 3658 2012">
    <p class='ocr_par' dir='ltr' id='par_1_51' title="bbox 2052 1930 3658 2012">
     <span class='ocr_line' id='line_1_51' title="bbox 2052 1930 3658 2012; baseline 0.006 -25"><span class='ocrx_word' id='word_1_406' title='bbox 2052 1930 2377 1988; x_wconf 83' lang='lat' dir='ltr'><strong><em>Hieremiam</em></strong></span> <span class='ocrx_word' id='word_1_407' title='bbox 2430 1949 2444 1985; x_wconf 74' lang='grc' dir='ltr'><strong>ε</strong></span> <span class='ocrx_word' id='word_1_408' title='bbox 2501 1931 2570 1988; x_wconf 88' lang='lat' dir='ltr'><strong><em>In</em></strong></span> <span class='ocrx_word' id='word_1_409' title='bbox 2618 1934 2892 1990; x_wconf 88' lang='lat' dir='ltr'><strong><em>novissimo</em></strong></span> <span class='ocrx_word' id='word_1_410' title='bbox 2936 1935 3135 1991; x_wconf 87' lang='lat' dir='ltr'><strong><em>dierum</em></strong></span> <span class='ocrx_word' id='word_1_411' title='bbox 3184 1938 3205 1974; x_wconf 66' lang='grc' dir='ltr'>ί</span> <span class='ocrx_word' id='word_1_412' title='bbox 3246 1942 3554 2012; x_wconf 83' lang='lat' dir='ltr'><strong><em>cognoscetis</em></strong></span> <span class='ocrx_word' id='word_1_413' title='bbox 3596 1957 3658 1997; x_wconf 88' lang='lat' dir='ltr'><strong><em>ea</em></strong></span> 
     </span>
    </p>
   </div>
   <div class='ocr_carea' id='block_1_52' title="bbox 2052 2023 3657 2099">
    <p class='ocr_par' dir='ltr' id='par_1_52' title="bbox 2052 2023 3657 2099">
     <span class='ocr_line' id='line_1_52' title="bbox 2052 2023 3657 2099; baseline 0.007 -20"><span class='ocrx_word' id='word_1_414' title='bbox 2052 2023 2226 2099; x_wconf 89' lang='lat' dir='ltr'><strong><em>(Hier.</em></strong></span> <span class='ocrx_word' id='word_1_415' title='bbox 2257 2041 2410 2093; x_wconf 78' lang='lat' dir='ltr'><strong><em>mu,</em></strong></span> <span class='ocrx_word' id='word_1_416' title='bbox 2438 2024 2556 2099; x_wconf 83' lang='lat'><strong><em>20).</em></strong></span> <span class='ocrx_word' id='word_1_417' title='bbox 2585 2027 2719 2083; x_wconf 88' lang='lat' dir='ltr'><strong><em>Item</em></strong></span> <span class='ocrx_word' id='word_1_418' title='bbox 2748 2026 2890 2098; x_wconf 90' lang='lat' dir='ltr'><strong><em>apud</em></strong></span> <span class='ocrx_word' id='word_1_419' title='bbox 2918 2028 3191 2086; x_wconf 89' lang='lat' dir='ltr'><strong><em>Danielem</em></strong></span> <span class='ocrx_word' id='word_1_420' title='bbox 3221 2049 3237 2085; x_wconf 90' lang='lat'><strong>:</strong></span> <span class='ocrx_word' id='word_1_421' title='bbox 3271 2031 3423 2089; x_wconf 78' lang='lat' dir='ltr'><strong><em>Mani</em></strong></span> <span class='ocrx_word' id='word_1_422' title='bbox 3464 2050 3657 2091; x_wconf 84' lang='lat' dir='ltr'><strong><em>sermo-</em></strong></span> 
     </span>
    </p>
   </div>
   <div class='ocr_carea' id='block_1_53' title="bbox 2050 2120 3654 2198">
    <p class='ocr_par' dir='ltr' id='par_1_53' title="bbox 2050 2120 3654 2198">
     <span class='ocr_line' id='line_1_53' title="bbox 2050 2120 3654 2198; baseline 0.008 -25"><span class='ocrx_word' id='word_1_423' title='bbox 2050 2135 2140 2174; x_wconf 85' lang='lat' dir='ltr'><strong><em>nes</em></strong></span> <span class='ocrx_word' id='word_1_424' title='bbox 2162 2127 2192 2156; x_wconf 78' lang='grc' dir='ltr'><strong>ιι</strong></span> <span class='ocrx_word' id='word_1_425' title='bbox 2218 2129 2266 2175; x_wconf 90' lang='lat' dir='ltr'><strong><em>et</em></strong></span> <span class='ocrx_word' id='word_1_426' title='bbox 2294 2120 2441 2192; x_wconf 84' lang='lat' dir='ltr'><strong><em>signa</em></strong></span> <span class='ocrx_word' id='word_1_427' title='bbox 2466 2120 2652 2175; x_wconf 90' lang='lat' dir='ltr'><strong><em>librum</em></strong></span> <span class='ocrx_word' id='word_1_428' title='bbox 2679 2138 2841 2194; x_wconf 90' lang='lat' dir='ltr'><strong><em>usque</em></strong></span> <span class='ocrx_word' id='word_1_429' title='bbox 2866 2123 2935 2177; x_wconf 89' lang='lat' dir='ltr'><strong><em>ad</em></strong></span> <span class='ocrx_word' id='word_1_430' title='bbox 2962 2133 3159 2197; x_wconf 86' lang='lat' dir='ltr'><strong><em>tempus</em></strong></span> <span class='ocrx_word' id='word_1_431' title='bbox 3181 2130 3654 2198; x_wconf 89' lang='lat' dir='ltr'><strong><em>consummationis,</em></strong></span> 
     </span>
    </p>
   </div>
   <div class='ocr_carea' id='block_1_54' title="bbox 2050 2213 3659 2293">
    <p class='ocr_par' dir='ltr' id='par_1_54' title="bbox 2050 2213 3659 2293">
     <span class='ocr_line' id='line_1_54' title="bbox 2050 2213 3659 2293; baseline 0.007 -27"><span class='ocrx_word' id='word_1_432' title='bbox 2050 2213 2222 2284; x_wconf 87' lang='lat' dir='ltr'><strong><em>quoad</em></strong></span> <span class='ocrx_word' id='word_1_433' title='bbox 2259 2213 2458 2269; x_wconf 86' lang='lat' dir='ltr'><strong><em>discant</em></strong></span> <span class='ocrx_word' id='word_1_434' title='bbox 2495 2213 2664 2280; x_wconf 87' lang='lat' dir='ltr'><strong><em>multi,</em></strong></span> <span class='ocrx_word' id='word_1_435' title='bbox 2706 2225 2753 2270; x_wconf 91' lang='lat' dir='ltr'><strong><em>et</em></strong></span> <span class='ocrx_word' id='word_1_436' title='bbox 2793 2216 3071 2287; x_wconf 89' lang='lat' dir='ltr'><strong><em>impleatur</em></strong></span> <span class='ocrx_word' id='word_1_437' title='bbox 3107 2219 3385 2289; x_wconf 60' lang='lat' dir='ltr'><strong><em>agnitiov;</em></strong></span> <span class='ocrx_word' id='word_1_438' title='bbox 3414 2223 3659 2293; x_wconf 88' lang='lat' dir='ltr'><strong><em>quoniam</em></strong></span> 
     </span>
    </p>
   </div>
   <div class='ocr_carea' id='block_1_55' title="bbox 2051 2306 3657 2386">
    <p class='ocr_par' dir='ltr' id='par_1_55' title="bbox 2051 2306 3657 2386">
     <span class='ocr_line' id='line_1_55' title="bbox 2051 2306 3657 2386; baseline 0.007 -26"><span class='ocrx_word' id='word_1_439' title='bbox 2051 2322 2168 2361; x_wconf 91' lang='lat' dir='ltr'><strong><em>cum</em></strong></span> <span class='ocrx_word' id='word_1_440' title='bbox 2202 2306 2289 2377; x_wconf 79' lang='lat' dir='ltr'><strong><em>ﬁet</em></strong></span> <span class='ocrx_word' id='word_1_441' title='bbox 2332 2307 2603 2379; x_wconf 88' lang='lat' dir='ltr'><strong><em>dispersio,</em></strong></span> <span class='ocrx_word' id='word_1_442' title='bbox 2634 2320 2933 2380; x_wconf 88' lang='lat' dir='ltr'><strong><em>cognoscent</em></strong></span> <span class='ocrx_word' id='word_1_443' title='bbox 2982 2312 3155 2366; x_wconf 90' lang='lat' dir='ltr'><strong><em>omnia</em></strong></span> <span class='ocrx_word' id='word_1_444' title='bbox 3196 2311 3303 2368; x_wconf 64' lang='lat' dir='ltr'><strong><em>ha’c</em></strong></span> <span class='ocrx_word' id='word_1_445' title='bbox 3345 2314 3509 2384; x_wconf 84' lang='lat' dir='ltr'><strong><em>(Dan.</em></strong></span> <span class='ocrx_word' id='word_1_446' title='bbox 3556 2333 3657 2386; x_wconf 74' lang='lat' dir='ltr'><strong><em>xu,</em></strong></span> 
     </span>
    </p>
   </div>
   <div class='ocr_carea' id='block_1_56' title="bbox 2039 2395 3656 2477">
    <p class='ocr_par' dir='ltr' id='par_1_56' title="bbox 2039 2395 3656 2477">
     <span class='ocr_line' id='line_1_56' title="bbox 2039 2395 3656 2477; baseline 0.007 -25"><span class='ocrx_word' id='word_1_447' title='bbox 2039 2395 2111 2468; x_wconf 40' lang='lat'><strong><em>‘4,</em></strong></span> <span class='ocrx_word' id='word_1_448' title='bbox 2142 2395 2219 2471; x_wconf 88' lang='grc'><strong>7).</strong></span> <span class='ocrx_word' id='word_1_449' title='bbox 2248 2397 2381 2455; x_wconf 88' lang='lat' dir='ltr'><strong><em>Item</em></strong></span> <span class='ocrx_word' id='word_1_450' title='bbox 2413 2399 2466 2454; x_wconf 91' lang='lat' dir='ltr'><strong><em>in</em></strong></span> <span class='ocrx_word' id='word_1_451' title='bbox 2507 2399 2747 2469; x_wconf 87' lang='lat' dir='ltr'><strong><em>Epistola</em></strong></span> <span class='ocrx_word' id='word_1_452' title='bbox 2792 2401 2945 2457; x_wconf 88' lang='lat' dir='ltr'><strong><em>Pauli</em></strong></span> <span class='ocrx_word' id='word_1_453' title='bbox 2985 2402 3052 2458; x_wconf 84' lang='lat' dir='ltr'><strong><em>ad</em></strong></span> <span class='ocrx_word' id='word_1_454' title='bbox 3087 2402 3400 2462; x_wconf 84' lang='lat' dir='ltr'><strong><em>Corinthios</em></strong></span> <span class='ocrx_word' id='word_1_455' title='bbox 3439 2406 3610 2477; x_wconf 87' lang='lat' dir='ltr'><strong><em>prima</em></strong></span> <span class='ocrx_word' id='word_1_456' title='bbox 3639 2426 3656 2464; x_wconf 92' lang='lat'><strong>:</strong></span> 
     </span>
    </p>
   </div>
   <div class='ocr_carea' id='block_1_57' title="bbox 2053 2489 3660 2570">
    <p class='ocr_par' dir='ltr' id='par_1_57' title="bbox 2053 2489 3660 2570">
     <span class='ocr_line' id='line_1_57' title="bbox 2053 2489 3660 2570; baseline 0.007 -25"><span class='ocrx_word' id='word_1_457' title='bbox 2053 2489 2197 2547; x_wconf 89' lang='lat' dir='ltr'><strong><em>Nolo</em></strong></span> <span class='ocrx_word' id='word_1_458' title='bbox 2239 2493 2373 2547; x_wconf 92' lang='lat' dir='ltr'><strong><em>enim</em></strong></span> <span class='ocrx_word' id='word_1_459' title='bbox 2415 2509 2505 2548; x_wconf 86' lang='lat' dir='ltr'><strong><em>vos</em></strong></span> <span class='ocrx_word' id='word_1_460' title='bbox 2550 2493 2810 2565; x_wconf 86' lang='lat' dir='ltr'><strong><em>ignorare,</em></strong></span> <span class='ocrx_word' id='word_1_461' title='bbox 2854 2496 3060 2566; x_wconf 80' lang='lat' dir='ltr'><strong><em>fratres,</em></strong></span> <span class='ocrx_word' id='word_1_462' title='bbox 3114 2499 3234 2567; x_wconf 90' lang='lat' dir='ltr'><strong><em>quia</em></strong></span> <span class='ocrx_word' id='word_1_463' title='bbox 3285 2509 3457 2570; x_wconf 87' lang='lat' dir='ltr'><strong><em>patres</em></strong></span> <span class='ocrx_word' id='word_1_464' title='bbox 3499 2503 3660 2558; x_wconf 87' lang='lat' dir='ltr'><strong><em>nostri</em></strong></span> 
     </span>
    </p>
   </div>
   <div class='ocr_carea' id='block_1_58' title="bbox 2057 2584 3662 2664">
    <p class='ocr_par' dir='ltr' id='par_1_58' title="bbox 2057 2584 3662 2664">
     <span class='ocr_line' id='line_1_58' title="bbox 2057 2584 3662 2664; baseline 0.007 -26"><span class='ocrx_word' id='word_1_465' title='bbox 2057 2599 2233 2640; x_wconf 89' lang='lat' dir='ltr'><strong><em>omnes</em></strong></span> <span class='ocrx_word' id='word_1_466' title='bbox 2251 2585 2344 2639; x_wconf 91' lang='lat' dir='ltr'><strong><em>sub</em></strong></span> <span class='ocrx_word' id='word_1_467' title='bbox 2369 2584 2501 2640; x_wconf 90' lang='lat' dir='ltr'><strong><em>nube</em></strong></span> <span class='ocrx_word' id='word_1_468' title='bbox 2521 2589 2729 2658; x_wconf 89' lang='lat' dir='ltr'><strong><em>fuerunt</em></strong></span> <span class='ocrx_word' id='word_1_469' title='bbox 2776 2585 2823 2658; x_wconf 93' lang='lat' dir='ltr'><strong><em>(l</em></strong></span> <span class='ocrx_word' id='word_1_470' title='bbox 2845 2586 2964 2644; x_wconf 81' lang='lat' dir='ltr'><strong><em>Cor.</em></strong></span> <span class='ocrx_word' id='word_1_471' title='bbox 2997 2605 3051 2658; x_wconf 86' lang='lat' dir='ltr'><strong><em>x,</em></strong></span> <span class='ocrx_word' id='word_1_472' title='bbox 3082 2590 3158 2661; x_wconf 92' lang='grc'><strong><em>1).</em></strong></span> <span class='ocrx_word' id='word_1_473' title='bbox 3184 2591 3317 2648; x_wconf 85' lang='lat' dir='ltr'><strong><em>Item</em></strong></span> <span class='ocrx_word' id='word_1_474' title='bbox 3345 2594 3399 2648; x_wconf 90' lang='lat' dir='ltr'><strong><em>in</em></strong></span> <span class='ocrx_word' id='word_1_475' title='bbox 3419 2594 3662 2664; x_wconf 80' lang='lat' dir='ltr'><strong><em>Epistula</em></strong></span> 
     </span>
    </p>
   </div>
   <div class='ocr_carea' id='block_1_59' title="bbox 2056 2675 3662 2743">
    <p class='ocr_par' dir='ltr' id='par_1_59' title="bbox 2056 2675 3662 2743">
     <span class='ocr_line' id='line_1_59' title="bbox 2056 2675 3662 2743; baseline 0.007 -12"><span class='ocrx_word' id='word_1_476' title='bbox 2056 2677 2125 2733; x_wconf 90' lang='lat' dir='ltr'><strong><em>ad</em></strong></span> <span class='ocrx_word' id='word_1_477' title='bbox 2150 2675 2462 2733; x_wconf 86' lang='lat' dir='ltr'><strong><em>Corinthios</em></strong></span> <span class='ocrx_word' id='word_1_478' title='bbox 2499 2679 2733 2738; x_wconf 85' lang='lat' dir='ltr'><strong><em>secunda</em></strong></span> <span class='ocrx_word' id='word_1_479' title='bbox 2760 2696 2774 2734; x_wconf 92' lang='lat'><strong>:</strong></span> <span class='ocrx_word' id='word_1_480' title='bbox 2808 2679 2987 2737; x_wconf 88' lang='lat' dir='ltr'><strong><em>Obtusi</em></strong></span> <span class='ocrx_word' id='word_1_481' title='bbox 3010 2693 3129 2738; x_wconf 91' lang='lat' dir='ltr'><strong><em>sunt</em></strong></span> <span class='ocrx_word' id='word_1_482' title='bbox 3152 2700 3333 2741; x_wconf 89' lang='lat' dir='ltr'><strong><em>sensus</em></strong></span> <span class='ocrx_word' id='word_1_483' title='bbox 3362 2703 3539 2742; x_wconf 89' lang='lat' dir='ltr'><strong><em>eorum</em></strong></span> <span class='ocrx_word' id='word_1_484' title='bbox 3566 2704 3662 2743; x_wconf 88' lang='lat' dir='ltr'><strong><em>us-</em></strong></span> 
     </span>
    </p>
   </div>
   <div class='ocr_carea' id='block_1_60' title="bbox 2054 2775 3661 2848">
    <p class='ocr_par' dir='ltr' id='par_1_60' title="bbox 2054 2775 3661 2848">
     <span class='ocr_line' id='line_1_60' title="bbox 2054 2775 3661 2848; baseline 0.002 -17"><span class='ocrx_word' id='word_1_485' title='bbox 2054 2792 2151 2848; x_wconf 90' lang='lat' dir='ltr'><strong><em>que</em></strong></span> <span class='ocrx_word' id='word_1_486' title='bbox 2177 2777 2232 2831; x_wconf 90' lang='lat' dir='ltr'><strong><em>in</em></strong></span> <span class='ocrx_word' id='word_1_487' title='bbox 2260 2775 2395 2831; x_wconf 90' lang='lat' dir='ltr'><strong><em>hunc</em></strong></span> <span class='ocrx_word' id='word_1_488' title='bbox 2424 2776 2580 2842; x_wconf 88' lang='lat' dir='ltr'><strong><em>diem,</em></strong></span> <span class='ocrx_word' id='word_1_489' title='bbox 2612 2775 2707 2830; x_wconf 90' lang='lat' dir='ltr'><strong><em>hoc</em></strong></span> <span class='ocrx_word' id='word_1_490' title='bbox 2732 2776 2907 2843; x_wconf 78' lang='lat' dir='ltr'><strong><em>eodem</em></strong></span> <span class='ocrx_word' id='word_1_491' title='bbox 2937 2775 3218 2833; x_wconf 88' lang='lat' dir='ltr'><strong><em>velamento</em></strong></span> <span class='ocrx_word' id='word_1_492' title='bbox 3249 2779 3300 2833; x_wconf 90' lang='lat' dir='ltr'><strong><em>in</em></strong></span> <span class='ocrx_word' id='word_1_493' title='bbox 3328 2778 3540 2836; x_wconf 90' lang='lat' dir='ltr'><strong><em>lectione</em></strong></span> <span class='ocrx_word' id='word_1_494' title='bbox 3559 2795 3661 2834; x_wconf 88' lang='lat' dir='ltr'><strong><em>ve-</em></strong></span> 
     </span>
    </p>
   </div>
   <div class='ocr_carea' id='block_1_61' title="bbox 2055 2870 3667 2946">
    <p class='ocr_par' dir='ltr' id='par_1_61' title="bbox 2055 2870 3667 2946">
     <span class='ocr_line' id='line_1_61' title="bbox 2055 2870 3667 2946; baseline 0.003 -21"><span class='ocrx_word' id='word_1_495' title='bbox 2055 2871 2175 2926; x_wconf 90' lang='lat' dir='ltr'><strong><em>teris</em></strong></span> <span class='ocrx_word' id='word_1_496' title='bbox 2203 2870 2513 2927; x_wconf 88' lang='lat' dir='ltr'><strong><em>Testamenti</em></strong></span> <span class='ocrx_word' id='word_1_497' title='bbox 2550 2883 2784 2927; x_wconf 89' lang='lat' dir='ltr'><strong><em>manente</em></strong></span> <span class='ocrx_word' id='word_1_498' title='bbox 2810 2874 2945 2944; x_wconf 90' lang='lat' dir='ltr'><strong><em>quod</em></strong></span> <span class='ocrx_word' id='word_1_499' title='bbox 2992 2889 3094 2928; x_wconf 90' lang='lat' dir='ltr'><strong><em>non</em></strong></span> <span class='ocrx_word' id='word_1_500' title='bbox 3139 2874 3410 2943; x_wconf 87' lang='lat' dir='ltr'><strong><em>revelatur,</em></strong></span> <span class='ocrx_word' id='word_1_501' title='bbox 3452 2876 3573 2946; x_wconf 85' lang='lat' dir='ltr'><strong><em>quia</em></strong></span> <span class='ocrx_word' id='word_1_502' title='bbox 3610 2877 3667 2930; x_wconf 85' lang='lat' dir='ltr'><strong><em>in</em></strong></span> 
     </span>
    </p>
   </div>
   <div class='ocr_carea' id='block_1_62' title="bbox 2057 2961 3663 3037">
    <p class='ocr_par' dir='ltr' id='par_1_62' title="bbox 2057 2961 3663 3037">
     <span class='ocr_line' id='line_1_62' title="bbox 2057 2961 3663 3037; baseline 0.002 -17"><span class='ocrx_word' id='word_1_503' title='bbox 2057 2961 2260 3020; x_wconf 83' lang='lat' dir='ltr'><strong><em>Christo</em></strong></span> <span class='ocrx_word' id='word_1_504' title='bbox 2288 2972 2597 3028; x_wconf 86' lang='lat' dir='ltr'><strong><em>evacuatur;</em></strong></span> <span class='ocrx_word' id='word_1_505' title='bbox 2622 2972 2670 3018; x_wconf 89' lang='lat' dir='ltr'><strong><em>et</em></strong></span> <span class='ocrx_word' id='word_1_506' title='bbox 2694 2979 2854 3033; x_wconf 89' lang='lat' dir='ltr'><strong><em>usque</em></strong></span> <span class='ocrx_word' id='word_1_507' title='bbox 2877 2965 2932 3019; x_wconf 90' lang='lat' dir='ltr'><strong><em>in</em></strong></span> <span class='ocrx_word' id='word_1_508' title='bbox 2975 2963 3280 3019; x_wconf 89' lang='lat' dir='ltr'><strong><em>hodiernum</em></strong></span> <span class='ocrx_word' id='word_1_509' title='bbox 3312 2974 3361 3033; x_wconf 67' lang='grc' dir='ltr'><strong>π,</strong></span> <span class='ocrx_word' id='word_1_510' title='bbox 3388 2966 3433 3020; x_wconf 91' lang='lat' dir='ltr'><strong><em>si</em></strong></span> <span class='ocrx_word' id='word_1_511' title='bbox 3456 2967 3663 3037; x_wconf 88' lang='lat' dir='ltr'><strong><em>quando</em></strong></span> 
     </span>
    </p>
   </div>
   <div class='ocr_carea' id='block_1_63' title="bbox 2057 3054 3667 3127">
    <p class='ocr_par' dir='ltr' id='par_1_63' title="bbox 2057 3054 3667 3127">
     <span class='ocr_line' id='line_1_63' title="bbox 2057 3054 3667 3127; baseline 0.004 -18"><span class='ocrx_word' id='word_1_512' title='bbox 2057 3054 2242 3127; x_wconf 90' lang='lat' dir='ltr'><strong><em>legitur</em></strong></span> <span class='ocrx_word' id='word_1_513' title='bbox 2267 3054 2496 3127; x_wconf 79' lang='lat' dir='ltr'><strong><em>Moyses,</em></strong></span> <span class='ocrx_word' id='word_1_514' title='bbox 2536 3054 2875 3111; x_wconf 86' lang='lat' dir='ltr'><strong><em>velamentum</em></strong></span> <span class='ocrx_word' id='word_1_515' title='bbox 2903 3065 2978 3112; x_wconf 87' lang='lat' dir='ltr'><strong><em>est</em></strong></span> <span class='ocrx_word' id='word_1_516' title='bbox 3016 3073 3170 3123; x_wconf 89' lang='lat' dir='ltr'><strong><em>super</em></strong></span> <span class='ocrx_word' id='word_1_517' title='bbox 3197 3072 3287 3112; x_wconf 90' lang='lat' dir='ltr'><strong><em>cor</em></strong></span> <span class='ocrx_word' id='word_1_518' title='bbox 3309 3074 3504 3116; x_wconf 91' lang='lat' dir='ltr'><strong><em>eorum.</em></strong></span> <span class='ocrx_word' id='word_1_519' title='bbox 3543 3059 3667 3116; x_wconf 74' lang='lat' dir='ltr'><strong><em>Mos;</em></strong></span> 
     </span>
    </p>
   </div>
   <div class='ocr_carea' id='block_1_64' title="bbox 2056 3148 3667 3223">
    <p class='ocr_par' dir='ltr' id='par_1_64' title="bbox 2056 3148 3667 3223">
     <span class='ocr_line' id='line_1_64' title="bbox 2056 3148 3667 3223; baseline 0.005 -22"><span class='ocrx_word' id='word_1_520' title='bbox 2056 3157 2226 3202; x_wconf 91' lang='lat' dir='ltr'><strong><em>autem</em></strong></span> <span class='ocrx_word' id='word_1_521' title='bbox 2252 3156 2309 3202; x_wconf 92' lang='lat' dir='ltr'><strong><em>ut</em></strong></span> <span class='ocrx_word' id='word_1_522' title='bbox 2331 3148 2557 3203; x_wconf 90' lang='lat' dir='ltr'><strong><em>conversi</em></strong></span> <span class='ocrx_word' id='word_1_523' title='bbox 2582 3148 2770 3218; x_wconf 89' lang='lat' dir='ltr'><strong><em>fuerint</em></strong></span> <span class='ocrx_word' id='word_1_524' title='bbox 2789 3158 2820 3198; x_wconf 68' lang='grc' dir='ltr'><strong><em>γ</em></strong></span> <span class='ocrx_word' id='word_1_525' title='bbox 2847 3149 2915 3204; x_wconf 89' lang='lat' dir='ltr'><strong><em>ad</em></strong></span> <span class='ocrx_word' id='word_1_526' title='bbox 2943 3149 3245 3219; x_wconf 87' lang='lat' dir='ltr'><strong><em>Dominum,</em></strong></span> <span class='ocrx_word' id='word_1_527' title='bbox 3273 3156 3531 3223; x_wconf 77' lang='lat' dir='ltr'><strong><em>auferetur</em></strong></span> <span class='ocrx_word' id='word_1_528' title='bbox 3568 3153 3667 3209; x_wconf 80' lang='lat' dir='ltr'><strong><em>Ve-</em></strong></span> 
     </span>
    </p>
   </div>
   <div class='ocr_carea' id='block_1_65' title="bbox 2058 3239 3668 3316">
    <p class='ocr_par' dir='ltr' id='par_1_65' title="bbox 2058 3239 3668 3316">
     <span class='ocr_line' id='line_1_65' title="bbox 2058 3239 3668 3316; baseline 0.004 -21"><span class='ocrx_word' id='word_1_529' title='bbox 2058 3239 2332 3296; x_wconf 90' lang='lat' dir='ltr'><strong><em>lamentum</em></strong></span> <span class='ocrx_word' id='word_1_530' title='bbox 2361 3241 2430 3315; x_wconf 92' lang='lat' dir='ltr'><strong><em>(II</em></strong></span> <span class='ocrx_word' id='word_1_531' title='bbox 2453 3240 2572 3298; x_wconf 85' lang='lat' dir='ltr'><strong><em>Cor.</em></strong></span> <span class='ocrx_word' id='word_1_532' title='bbox 2598 3256 2674 3309; x_wconf 91' lang='grc' dir='ltr'><strong>ιιι,</strong></span> <span class='ocrx_word' id='word_1_533' title='bbox 2706 3243 2795 3307; x_wconf 69' lang='lat' dir='ltr'><strong><em>II,</em></strong></span> <span class='ocrx_word' id='word_1_534' title='bbox 2826 3241 2940 3316; x_wconf 89' lang='grc'><strong>16).</strong></span> <span class='ocrx_word' id='word_1_535' title='bbox 2996 3244 3056 3300; x_wconf 94' lang='lat' dir='ltr'><strong><em>In</em></strong></span> <span class='ocrx_word' id='word_1_536' title='bbox 3083 3244 3372 3316; x_wconf 84' lang='lat' dir='ltr'><strong><em>Evangelio</em></strong></span> <span class='ocrx_word' id='word_1_537' title='bbox 3407 3245 3668 3304; x_wconf 87' lang='lat' dir='ltr'><strong><em>Dominus</em></strong></span> 
     </span>
    </p>
   </div>
   <div class='ocr_carea' id='block_1_66' title="bbox 2059 3335 3671 3411">
    <p class='ocr_par' dir='ltr' id='par_1_66' title="bbox 2059 3335 3671 3411">
     <span class='ocr_line' id='line_1_66' title="bbox 2059 3335 3671 3411; baseline 0.003 -20"><span class='ocrx_word' id='word_1_538' title='bbox 2059 3344 2184 3407; x_wconf 90' lang='lat' dir='ltr'><strong><em>post</em></strong></span> <span class='ocrx_word' id='word_1_539' title='bbox 2221 3335 2669 3392; x_wconf 84' lang='lat' dir='ltr'><strong><em>resurrectionem</em></strong></span> <span class='ocrx_word' id='word_1_540' title='bbox 2710 3336 2840 3392; x_wconf 89' lang='lat' dir='ltr'><strong><em>dicit</em></strong></span> <span class='ocrx_word' id='word_1_541' title='bbox 2885 3353 2900 3390; x_wconf 88' lang='lat'><strong>:</strong></span> <span class='ocrx_word' id='word_1_542' title='bbox 2947 3335 3047 3391; x_wconf 89' lang='lat' dir='ltr'><strong><em>Isti</em></strong></span> <span class='ocrx_word' id='word_1_543' title='bbox 3087 3348 3206 3392; x_wconf 88' lang='lat' dir='ltr'><strong><em>sunt</em></strong></span> <span class='ocrx_word' id='word_1_544' title='bbox 3246 3354 3503 3394; x_wconf 86' lang='lat' dir='ltr'><strong><em>sermones</em></strong></span> <span class='ocrx_word' id='word_1_545' title='bbox 3541 3356 3671 3411; x_wconf 89' lang='lat' dir='ltr'><strong><em>quos</em></strong></span> 
     </span>
    </p>
   </div>
   <div class='ocr_carea' id='block_1_67' title="bbox 2062 3428 3671 3502">
    <p class='ocr_par' dir='ltr' id='par_1_67' title="bbox 2062 3428 3671 3502">
     <span class='ocr_line' id='line_1_67' title="bbox 2062 3428 3671 3502; baseline 0.002 -18"><span class='ocrx_word' id='word_1_546' title='bbox 2062 3429 2264 3485; x_wconf 90' lang='lat' dir='ltr'><strong><em>locutus</em></strong></span> <span class='ocrx_word' id='word_1_547' title='bbox 2289 3445 2403 3484; x_wconf 89' lang='lat' dir='ltr'><strong><em>sum</em></strong></span> <span class='ocrx_word' id='word_1_548' title='bbox 2437 3429 2505 3482; x_wconf 90' lang='lat' dir='ltr'><strong><em>ad</em></strong></span> <span class='ocrx_word' id='word_1_549' title='bbox 2540 3443 2628 3484; x_wconf 89' lang='lat' dir='ltr'><strong><em>vos</em></strong></span> <span class='ocrx_word' id='word_1_550' title='bbox 2680 3444 2796 3483; x_wconf 86' lang='lat' dir='ltr'><strong><em>cum</em></strong></span> <span class='ocrx_word' id='word_1_551' title='bbox 2829 3428 2998 3483; x_wconf 91' lang='lat' dir='ltr'><strong><em>adhuc</em></strong></span> <span class='ocrx_word' id='word_1_552' title='bbox 3039 3444 3196 3484; x_wconf 81' lang='lat' dir='ltr'><strong><em>essent</em></strong></span> <span class='ocrx_word' id='word_1_553' title='bbox 3231 3429 3508 3500; x_wconf 87' lang='lat' dir='ltr'><strong><em>vobiscum,</em></strong></span> <span class='ocrx_word' id='word_1_554' title='bbox 3547 3434 3671 3502; x_wconf 89' lang='lat' dir='ltr'><strong><em>quia</em></strong></span> 
     </span>
    </p>
   </div>
   <div class='ocr_carea' id='block_1_68' title="bbox 358 3518 3671 3597">
    <p class='ocr_par' dir='ltr' id='par_1_68' title="bbox 358 3518 3671 3597">
     <span class='ocr_line' id='line_1_68' title="bbox 358 3518 3671 3597; baseline -0.001 -15"><span class='ocrx_word' id='word_1_555' title='bbox 358 3524 537 3583; x_wconf 88' lang='lat' dir='ltr'><strong><em>Redde</em></strong></span> <span class='ocrx_word' id='word_1_556' title='bbox 563 3524 635 3579; x_wconf 91' lang='lat' dir='ltr'><strong><em>eis</em></strong></span> <span class='ocrx_word' id='word_1_557' title='bbox 654 3521 1035 3577; x_wconf 90' lang='lat' dir='ltr'><strong><em>retributionem</em></strong></span> <span class='ocrx_word' id='word_1_558' title='bbox 1063 3533 1258 3585; x_wconf 88' lang='lat' dir='ltr'><strong><em>eorum,</em></strong></span> <span class='ocrx_word' id='word_1_559' title='bbox 1288 3518 1529 3590; x_wconf 89' lang='lat' dir='ltr'><strong><em>quoniam</em></strong></span> <span class='ocrx_word' id='word_1_560' title='bbox 1560 3535 1663 3574; x_wconf 91' lang='lat' dir='ltr'><strong><em>non</em></strong></span> <span class='ocrx_word' id='word_1_561' title='bbox 1699 3519 1961 3577; x_wconf 74' lang='lat' dir='ltr'><strong><em>intellexe—</em></strong></span> <span class='ocrx_word' id='word_1_562' title='bbox 2062 3529 2261 3594; x_wconf 90' lang='lat' dir='ltr'><strong><em>oportet</em></strong></span> <span class='ocrx_word' id='word_1_563' title='bbox 2280 3519 2555 3593; x_wconf 84' lang='lat' dir='ltr'><strong><em>adimpleri</em></strong></span> <span class='ocrx_word' id='word_1_564' title='bbox 2575 3520 2748 3575; x_wconf 89' lang='lat' dir='ltr'><strong><em>omnia</em></strong></span> <span class='ocrx_word' id='word_1_565' title='bbox 2764 3535 2879 3593; x_wconf 73' lang='lat' dir='ltr'><strong><em>quae</em></strong></span> <span class='ocrx_word' id='word_1_566' title='bbox 2897 3521 3090 3591; x_wconf 88' lang='lat' dir='ltr'><strong><em>scripta</em></strong></span> <span class='ocrx_word' id='word_1_567' title='bbox 3117 3530 3140 3557; x_wconf 73' lang='grc' dir='ltr'><strong>ι</strong></span> <span class='ocrx_word' id='word_1_568' title='bbox 3157 3532 3274 3576; x_wconf 91' lang='lat' dir='ltr'><strong><em>sunt</em></strong></span> <span class='ocrx_word' id='word_1_569' title='bbox 3289 3524 3344 3576; x_wconf 89' lang='lat' dir='ltr'><strong><em>in</em></strong></span> <span class='ocrx_word' id='word_1_570' title='bbox 3363 3523 3472 3595; x_wconf 89' lang='lat' dir='ltr'><strong><em>lege</em></strong></span> <span class='ocrx_word' id='word_1_571' title='bbox 3494 3521 3671 3597; x_wconf 78' lang='lat' dir='ltr'><strong><em>Moysi</em></strong></span> 
     </span>
    </p>
   </div>
   <div class='ocr_carea' id='block_1_69' title="bbox 358 3610 3671 3687">
    <p class='ocr_par' dir='ltr' id='par_1_69' title="bbox 358 3610 3671 3687">
     <span class='ocr_line' id='line_1_69' title="bbox 358 3610 3671 3687; baseline 0 -15"><span class='ocrx_word' id='word_1_572' title='bbox 358 3624 478 3673; x_wconf 86' lang='lat' dir='ltr'><strong><em>runt</em></strong></span> <span class='ocrx_word' id='word_1_573' title='bbox 502 3617 556 3671; x_wconf 91' lang='lat' dir='ltr'><strong><em>in</em></strong></span> <span class='ocrx_word' id='word_1_574' title='bbox 594 3614 832 3687; x_wconf 85' lang='lat' dir='ltr'><strong><em>operibus</em></strong></span> <span class='ocrx_word' id='word_1_575' title='bbox 861 3610 1072 3667; x_wconf 89' lang='lat' dir='ltr'><strong><em>Domini</em></strong></span> <span class='ocrx_word' id='word_1_576' title='bbox 1103 3611 1121 3683; x_wconf 97' lang='lat'><strong><em>(</em></strong></span> <span class='ocrx_word' id='word_1_577' title='bbox 1146 3610 1293 3667; x_wconf 81' lang='lat' dir='ltr'><strong><em>Psal.</em></strong></span> <span class='ocrx_word' id='word_1_578' title='bbox 1349 3626 1519 3679; x_wconf 82' lang='lat' dir='ltr'><strong><em>xxvn,</em></strong></span> <span class='ocrx_word' id='word_1_579' title='bbox 1570 3612 1643 3669; x_wconf 70' lang='lat'><strong>45</strong></span> <span class='ocrx_word' id='word_1_580' title='bbox 1663 3613 1704 3685; x_wconf 89' lang='lat'><strong><em>).</em></strong></span> <span class='ocrx_word' id='word_1_581' title='bbox 1744 3612 1876 3671; x_wconf 91' lang='lat' dir='ltr'><strong><em>Item</em></strong></span> <span class='ocrx_word' id='word_1_582' title='bbox 1908 3614 1962 3671; x_wconf 91' lang='lat' dir='ltr'><strong><em>in</em></strong></span> <span class='ocrx_word' id='word_1_583' title='bbox 2067 3624 2114 3670; x_wconf 91' lang='lat' dir='ltr'><strong><em>et</em></strong></span> <span class='ocrx_word' id='word_1_584' title='bbox 2136 3613 2412 3685; x_wconf 90' lang='lat' dir='ltr'><strong><em>Prophetis</em></strong></span> <span class='ocrx_word' id='word_1_585' title='bbox 2436 3622 2484 3668; x_wconf 92' lang='lat' dir='ltr'><strong><em>et</em></strong></span> <span class='ocrx_word' id='word_1_586' title='bbox 2511 3611 2739 3669; x_wconf 87' lang='lat' dir='ltr'><strong><em>Psalmis</em></strong></span> <span class='ocrx_word' id='word_1_587' title='bbox 2762 3611 2826 3667; x_wconf 92' lang='lat' dir='ltr'><strong><em>de</em></strong></span> <span class='ocrx_word' id='word_1_588' title='bbox 2849 3611 3101 3668; x_wconf 88' lang='lat' dir='ltr'><strong><em>me.Tunc</em></strong></span> <span class='ocrx_word' id='word_1_589' title='bbox 3126 3613 3391 3684; x_wconf 88' lang='lat' dir='ltr'><strong><em>adaperuit</em></strong></span> <span class='ocrx_word' id='word_1_590' title='bbox 3420 3615 3526 3669; x_wconf 87' lang='lat' dir='ltr'><strong><em>illis</em></strong></span> <span class='ocrx_word' id='word_1_591' title='bbox 3552 3632 3671 3672; x_wconf 85' lang='lat' dir='ltr'><strong><em>sen—</em></strong></span> 
     </span>
    </p>
   </div>
   <div class='ocr_carea' id='block_1_70' title="bbox 359 3702 3669 3780">
    <p class='ocr_par' dir='ltr' id='par_1_70' title="bbox 359 3702 3669 3780">
     <span class='ocr_line' id='line_1_70' title="bbox 359 3702 3669 3780; baseline -0.001 -14"><span class='ocrx_word' id='word_1_592' title='bbox 359 3707 578 3767; x_wconf 88' lang='lat' dir='ltr'><strong><em>Psalmo</em></strong></span> <span class='ocrx_word' id='word_1_593' title='bbox 606 3721 766 3763; x_wconf 80' lang='lat' dir='ltr'><strong>Lxxxl</strong></span> <span class='ocrx_word' id='word_1_594' title='bbox 797 3724 811 3762; x_wconf 91' lang='lat'><strong>:</strong></span> <span class='ocrx_word' id='word_1_595' title='bbox 844 3702 970 3760; x_wconf 87' lang='lat' dir='ltr'><strong><em>Non</em></strong></span> <span class='ocrx_word' id='word_1_596' title='bbox 994 3711 1336 3775; x_wconf 89' lang='lat' dir='ltr'><strong><em>cognoverunt</em></strong></span> <span class='ocrx_word' id='word_1_597' title='bbox 1380 3720 1540 3775; x_wconf 88' lang='lat' dir='ltr'><strong><em>neque</em></strong></span> <span class='ocrx_word' id='word_1_598' title='bbox 1571 3706 1963 3778; x_wconf 72' lang='lat' dir='ltr'><strong><em>intellexerunt,</em></strong></span> <span class='ocrx_word' id='word_1_599' title='bbox 2070 3725 2186 3764; x_wconf 90' lang='lat' dir='ltr'><strong><em>sum</em></strong></span> <span class='ocrx_word' id='word_1_600' title='bbox 2210 3717 2265 3763; x_wconf 91' lang='lat' dir='ltr'><strong><em>ut</em></strong></span> <span class='ocrx_word' id='word_1_601' title='bbox 2293 3707 2632 3780; x_wconf 89' lang='lat' dir='ltr'><strong><em>intelligerent</em></strong></span> <span class='ocrx_word' id='word_1_602' title='bbox 2657 3707 2976 3778; x_wconf 88' lang='lat' dir='ltr'><strong><em>Scripturas,</em></strong></span> <span class='ocrx_word' id='word_1_603' title='bbox 3008 3715 3055 3761; x_wconf 89' lang='lat' dir='ltr'><strong><em>et</em></strong></span> <span class='ocrx_word' id='word_1_604' title='bbox 3087 3705 3216 3761; x_wconf 73' lang='lat' dir='ltr'><strong><em>dixit</em></strong></span> <span class='ocrx_word' id='word_1_605' title='bbox 3251 3706 3396 3763; x_wconf 90' lang='lat' dir='ltr'><strong><em>illis:</em></strong></span> <span class='ocrx_word' id='word_1_606' title='bbox 3425 3706 3562 3773; x_wconf 85' lang='lat' dir='ltr'><strong><em>Quia</em></strong></span> <span class='ocrx_word' id='word_1_607' title='bbox 3593 3709 3669 3764; x_wconf 90' lang='lat' dir='ltr'><strong><em>sic</em></strong></span> 
     </span>
    </p>
   </div>
   <div class='ocr_carea' id='block_1_71' title="bbox 1584 3818 2418 3882">
    <p class='ocr_par' dir='ltr' id='par_1_71' title="bbox 1584 3818 2418 3882">
     <span class='ocr_line' id='line_1_71' title="bbox 1584 3818 2418 3882; baseline 0.001 -6"><span class='ocrx_word' id='word_1_608' title='bbox 1584 3818 1968 3880; x_wconf 83' lang='lat' dir='ltr'><strong><em>LECTIONES</em></strong></span> <span class='ocrx_word' id='word_1_609' title='bbox 2004 3822 2309 3882; x_wconf 78' lang='lat' dir='ltr'><strong><em>VABIANT</em></strong></span> <span class='ocrx_word' id='word_1_610' title='bbox 2312 3822 2418 3880; x_wconf 85' lang='lat' dir='ltr'><strong><em>ES.</em></strong></span> 
     </span>
    </p>
   </div>
   <div class='ocr_carea' id='block_1_72' title="bbox 429 3933 1966 3999">
    <p class='ocr_par' dir='ltr' id='par_1_72' title="bbox 429 3933 1966 3999">
     <span class='ocr_line' id='line_1_72' title="bbox 429 3933 1966 3999; baseline -0.005 -4"><span class='ocrx_word' id='word_1_611' title='bbox 429 3945 458 3976; x_wconf 67' lang='grc'><strong><em>⁸</em></strong></span> <span class='ocrx_word' id='word_1_612' title='bbox 489 3943 668 3996; x_wconf 67' lang='lat' dir='ltr'><strong><em>Praabe</em></strong></span> <span class='ocrx_word' id='word_1_613' title='bbox 696 3952 847 3995; x_wconf 82' lang='lat' dir='ltr'><strong><em>aures</em></strong></span> <span class='ocrx_word' id='word_1_614' title='bbox 899 3940 990 3989; x_wconf 75' lang='lat' dir='ltr'><strong><em>Ar.</em></strong></span> <span class='ocrx_word' id='word_1_615' title='bbox 1032 3934 1160 3988; x_wconf 87' lang='lat' dir='ltr'><strong><em>Bod.</em></strong></span> <span class='ocrx_word' id='word_1_616' title='bbox 1210 3934 1259 3999; x_wconf 91' lang='grc'><strong><em>1,</em></strong></span> <span class='ocrx_word' id='word_1_617' title='bbox 1305 3933 1428 3984; x_wconf 63' lang='lat'><strong><em>2.4.</em></strong></span> <span class='ocrx_word' id='word_1_618' title='bbox 1461 3936 1597 3986; x_wconf 83' lang='lat' dir='ltr'><strong><em>Lam.</em></strong></span> <span class='ocrx_word' id='word_1_619' title='bbox 1647 3935 1771 3988; x_wconf 80' lang='lat' dir='ltr'><strong><em>Tha.</em></strong></span> <span class='ocrx_word' id='word_1_620' title='bbox 1823 3936 1966 3989; x_wconf 84' lang='lat' dir='ltr'><strong><em>Corb.</em></strong></span> 
     </span>
    </p>
   </div>
   <div class='ocr_carea' id='block_1_73' title="bbox 372 4009 1971 4132">
    <p class='ocr_par' dir='ltr' id='par_1_73' title="bbox 372 4009 1971 4132">
     <span class='ocr_line' id='line_1_73' title="bbox 372 4009 1971 4132; baseline -0.006 -11"><span class='ocrx_word' id='word_1_621' title='bbox 372 4009 889 4132; x_wconf 28' lang='lat' dir='ltr'><strong><em>vagiitspreverunt</em></strong></span> <span class='ocrx_word' id='word_1_622' title='bbox 907 4059 1017 4116; x_wconf 80' lang='lat' dir='ltr'><strong><em>NG.</em></strong></span> <span class='ocrx_word' id='word_1_623' title='bbox 1043 4063 1090 4114; x_wconf 93' lang='grc'><strong><em>1.</em></strong></span> <span class='ocrx_word' id='word_1_624' title='bbox 1115 4059 1241 4114; x_wconf 89' lang='lat' dir='ltr'><strong><em>Bod.</em></strong></span> <span class='ocrx_word' id='word_1_625' title='bbox 1262 4059 1309 4110; x_wconf 88' lang='lat'><strong><em>2.</em></strong></span> <span class='ocrx_word' id='word_1_626' title='bbox 1342 4056 1448 4110; x_wconf 88' lang='lat' dir='ltr'><strong><em>Lin.</em></strong></span> <span class='ocrx_word' id='word_1_627' title='bbox 1474 4060 1611 4112; x_wconf 85' lang='lat' dir='ltr'><strong><em>Foss.</em></strong></span> <span class='ocrx_word' id='word_1_628' title='bbox 1649 4064 1788 4114; x_wconf 82' lang='lat' dir='ltr'><strong><em>Voss.</em></strong></span> <span class='ocrx_word' id='word_1_629' title='bbox 1810 4063 1859 4111; x_wconf 81' lang='grc'><strong>5.</strong></span> <span class='ocrx_word' id='word_1_630' title='bbox 1883 4060 1971 4113; x_wconf 90' lang='lat' dir='ltr'><strong><em>Sic</em></strong></span> 
     </span>
    </p>
   </div>
   <div class='ocr_carea' id='block_1_74' title="bbox 373 4131 1968 4256">
    <p class='ocr_par' dir='ltr' id='par_1_74' title="bbox 373 4131 1968 4256">
     <span class='ocr_line' id='line_1_74' title="bbox 373 4131 781 4185; baseline -0.015 0"><span class='ocrx_word' id='word_1_631' title='bbox 373 4131 556 4185; x_wconf 84' lang='lat' dir='ltr'><strong><em>Tertul.</em></strong></span> <span class='ocrx_word' id='word_1_632' title='bbox 579 4131 632 4184; x_wconf 88' lang='lat' dir='ltr'><strong><em>et</em></strong></span> <span class='ocrx_word' id='word_1_633' title='bbox 642 4132 674 4182; x_wconf 88' lang='grc' dir='ltr'><strong><em>Ι</em></strong></span> <span class='ocrx_word' id='word_1_634' title='bbox 676 4142 781 4182; x_wconf 88' lang='lat' dir='ltr'><strong><em>ren.</em></strong></span> 
     </span>
     <span class='ocr_line' id='line_1_75' title="bbox 430 4183 1968 4256; baseline -0.006 -10"><span class='ocrx_word' id='word_1_635' title='bbox 430 4198 455 4228; x_wconf 84' lang='lat'><strong><em>°</em></strong></span> <span class='ocrx_word' id='word_1_636' title='bbox 490 4195 793 4256; x_wconf 68' lang='lat' dir='ltr'><strong><em>Praesepium</em></strong></span> <span class='ocrx_word' id='word_1_637' title='bbox 816 4188 1011 4240; x_wconf 87' lang='lat' dir='ltr'><strong><em>Domini</em></strong></span> <span class='ocrx_word' id='word_1_638' title='bbox 1035 4185 1161 4239; x_wconf 85' lang='lat' dir='ltr'><strong><em>Bod.</em></strong></span> <span class='ocrx_word' id='word_1_639' title='bbox 1185 4186 1234 4236; x_wconf 96' lang='lat'><strong><em>2.</em></strong></span> <span class='ocrx_word' id='word_1_640' title='bbox 1260 4184 1311 4235; x_wconf 79' lang='grc'><strong><em>4.</em></strong></span> <span class='ocrx_word' id='word_1_641' title='bbox 1342 4183 1467 4237; x_wconf 83' lang='lat' dir='ltr'><strong><em>Thu.</em></strong></span> <span class='ocrx_word' id='word_1_642' title='bbox 1492 4184 1631 4239; x_wconf 85' lang='lat' dir='ltr'><strong><em>Foss.</em></strong></span> <span class='ocrx_word' id='word_1_643' title='bbox 1658 4184 1800 4239; x_wconf 88' lang='lat' dir='ltr'><strong><em>Corb.</em></strong></span> <span class='ocrx_word' id='word_1_644' title='bbox 1829 4190 1968 4241; x_wconf 90' lang='lat' dir='ltr'><strong><em>Voss.</em></strong></span> 
     </span>
    </p>
   </div>
   <div class='ocr_carea' id='block_1_75' title="bbox 365 4256 885 4319">
    <p class='ocr_par' dir='ltr' id='par_1_75' title="bbox 365 4256 885 4319">
     <span class='ocr_line' id='line_1_76' title="bbox 365 4256 885 4319; baseline -0.015 -9"><span class='ocrx_word' id='word_1_645' title='bbox 365 4260 415 4310; x_wconf 75' lang='grc'><strong><em>4.</em></strong></span> <span class='ocrx_word' id='word_1_646' title='bbox 438 4256 725 4319; x_wconf 63' lang='grc' dir='ltr'><strong>Ριιωεερειιι</strong></span> <span class='ocrx_word' id='word_1_647' title='bbox 765 4258 885 4319; x_wconf 75' lang='lat' dir='ltr'><strong><em>Ver_.</em></strong></span> 
     </span>
    </p>
   </div>
   <div class='ocr_carea' id='block_1_76' title="bbox 431 4310 1639 4379">
    <p class='ocr_par' dir='ltr' id='par_1_76' title="bbox 431 4310 1639 4379">
     <span class='ocr_line' id='line_1_77' title="bbox 431 4310 1639 4379; baseline -0.007 -10"><span class='ocrx_word' id='word_1_648' title='bbox 431 4318 463 4359; x_wconf 74' lang='grc' dir='ltr'><strong><em>ει</em></strong></span> <span class='ocrx_word' id='word_1_649' title='bbox 494 4310 828 4379; x_wconf 81' lang='lat' dir='ltr'><strong><em>Non&#39;agnovit</em></strong></span> <span class='ocrx_word' id='word_1_650' title='bbox 846 4312 977 4379; x_wconf 71' lang='lat' dir='ltr'><strong><em>Bod.</em></strong></span> <span class='ocrx_word' id='word_1_651' title='bbox 996 4315 1046 4379; x_wconf 59' lang='grc' dir='ltr'><strong>ἦ,</strong></span> <span class='ocrx_word' id='word_1_652' title='bbox 1069 4312 1118 4379; x_wconf 59' lang='grc'><strong><em>1.</em></strong></span> <span class='ocrx_word' id='word_1_653' title='bbox 1140 4312 1361 4377; x_wconf 86' lang='lat' dir='ltr'><strong><em>Populus</em></strong></span> <span class='ocrx_word' id='word_1_654' title='bbox 1380 4323 1481 4362; x_wconf 90' lang='lat' dir='ltr'><strong><em>non</em></strong></span> <span class='ocrx_word' id='word_1_655' title='bbox 1502 4310 1639 4364; x_wconf 88' lang='lat' dir='ltr'><strong><em>Foss.</em></strong></span> 
     </span>
    </p>
   </div>
   <div class='ocr_carea' id='block_1_77' title="bbox 433 4376 1211 4442">
    <p class='ocr_par' dir='ltr' id='par_1_77' title="bbox 433 4376 1211 4442">
     <span class='ocr_line' id='line_1_78' title="bbox 433 4376 1211 4442; baseline -0.009 -12"><span class='ocrx_word' id='word_1_656' title='bbox 433 4385 458 4415; x_wconf 72' lang='grc' dir='ltr'><strong>θ</strong></span> <span class='ocrx_word' id='word_1_657' title='bbox 494 4379 584 4430; x_wconf 66' lang='lat' dir='ltr'><strong><em>Vae</em></strong></span> <span class='ocrx_word' id='word_1_658' title='bbox 604 4376 746 4442; x_wconf 74' lang='lat' dir='ltr'><strong><em>genti</em></strong></span> <span class='ocrx_word' id='word_1_659' title='bbox 765 4376 1031 4442; x_wconf 79' lang='lat' dir='ltr'><strong><em>peccatrici</em></strong></span> <span class='ocrx_word' id='word_1_660' title='bbox 1054 4377 1211 4428; x_wconf 73' lang='lat' dir='ltr'><strong><em>Oxon.</em></strong></span> 
     </span>
    </p>
   </div>
   <div class='ocr_carea' id='block_1_78' title="bbox 434 4439 1030 4505">
    <p class='ocr_par' dir='ltr' id='par_1_78' title="bbox 434 4439 1030 4505">
     <span class='ocr_line' id='line_1_79' title="bbox 434 4439 1030 4505; baseline -0.005 -12"><span class='ocrx_word' id='word_1_661' title='bbox 434 4443 458 4482; x_wconf 70' lang='grc' dir='ltr'>ί</span> <span class='ocrx_word' id='word_1_662' title='bbox 495 4439 682 4505; x_wconf 77' lang='lat' dir='ltr'><strong><em>Populo</em></strong></span> <span class='ocrx_word' id='word_1_663' title='bbox 701 4439 852 4505; x_wconf 72' lang='lat' dir='ltr'><strong><em>pleno</em></strong></span> <span class='ocrx_word' id='word_1_664' title='bbox 871 4440 1030 4505; x_wconf 75' lang='lat' dir='ltr'><strong><em>Oxon_.</em></strong></span> 
     </span>
    </p>
   </div>
   <div class='ocr_carea' id='block_1_79' title="bbox 435 4498 1511 4565">
    <p class='ocr_par' dir='ltr' id='par_1_79' title="bbox 435 4498 1511 4565">
     <span class='ocr_line' id='line_1_80' title="bbox 435 4498 1511 4565; baseline 0 -16"><span class='ocrx_word' id='word_1_665' title='bbox 435 4509 464 4549; x_wconf 72' lang='grc' dir='ltr'>ε</span> <span class='ocrx_word' id='word_1_666' title='bbox 496 4498 684 4555; x_wconf 77' lang='lat' dir='ltr'><strong><em>Semen</em></strong></span> <span class='ocrx_word' id='word_1_667' title='bbox 703 4498 966 4565; x_wconf 78' lang='lat' dir='ltr'><strong><em>pessimum</em></strong></span> <span class='ocrx_word' id='word_1_668' title='bbox 990 4498 1115 4550; x_wconf 91' lang='lat' dir='ltr'><strong><em>Bod.</em></strong></span> <span class='ocrx_word' id='word_1_669' title='bbox 1139 4499 1188 4565; x_wconf 83' lang='lat' dir='ltr'><strong><em>‘l,</em></strong></span> <span class='ocrx_word' id='word_1_670' title='bbox 1210 4499 1259 4549; x_wconf 79' lang='grc'><strong>5.</strong></span> <span class='ocrx_word' id='word_1_671' title='bbox 1290 4504 1426 4565; x_wconf 76' lang='lat' dir='ltr'><strong><em>Voss.</em></strong></span> <span class='ocrx_word' id='word_1_672' title='bbox 1463 4499 1511 4565; x_wconf 72' lang='grc'><strong>4.</strong></span> 
     </span>
    </p>
   </div>
   <div class='ocr_carea' id='block_1_80' title="bbox 432 4560 1965 4626">
    <p class='ocr_par' dir='ltr' id='par_1_80' title="bbox 432 4560 1965 4626">
     <span class='ocr_line' id='line_1_81' title="bbox 432 4560 1965 4626; baseline -0.005 -7"><span class='ocrx_word' id='word_1_673' title='bbox 432 4567 466 4608; x_wconf 84' lang='lat' dir='ltr'><strong><em>h</em></strong></span> <span class='ocrx_word' id='word_1_674' title='bbox 497 4567 571 4619; x_wconf 79' lang='lat' dir='ltr'><strong><em>Ad</em></strong></span> <span class='ocrx_word' id='word_1_675' title='bbox 590 4560 889 4626; x_wconf 75' lang='lat' dir='ltr'><strong><em>iracundiam</em></strong></span> <span class='ocrx_word' id='word_1_676' title='bbox 911 4563 1208 4626; x_wconf 80' lang='lat' dir='ltr'><strong><em>provocastis</em></strong></span> <span class='ocrx_word' id='word_1_677' title='bbox 1229 4565 1318 4613; x_wconf 79' lang='lat' dir='ltr'><strong><em>Ar.</em></strong></span> <span class='ocrx_word' id='word_1_678' title='bbox 1345 4563 1478 4613; x_wconf 89' lang='lat' dir='ltr'><strong><em>Lam.</em></strong></span> <span class='ocrx_word' id='word_1_679' title='bbox 1498 4561 1603 4613; x_wconf 88' lang='lat' dir='ltr'><strong><em>Lin.</em></strong></span> <span class='ocrx_word' id='word_1_680' title='bbox 1631 4560 1740 4626; x_wconf 71' lang='lat' dir='ltr'><strong><em>NQ.</em></strong></span> <span class='ocrx_word' id='word_1_681' title='bbox 1769 4564 1812 4613; x_wconf 86' lang='grc'><strong><em>1.</em></strong></span> <span class='ocrx_word' id='word_1_682' title='bbox 1840 4561 1965 4613; x_wconf 86' lang='lat' dir='ltr'><strong><em>Bod.</em></strong></span> 
     </span>
    </p>
   </div>
   <div class='ocr_carea' id='block_1_81' title="bbox 374 4624 1967 4695">
    <p class='ocr_par' dir='ltr' id='par_1_81' title="bbox 374 4624 1967 4695">
     <span class='ocr_line' id='line_1_82' title="bbox 374 4624 1967 4695; baseline -0.004 -12"><span class='ocrx_word' id='word_1_683' title='bbox 374 4633 423 4695; x_wconf 88' lang='grc'><strong><em>1,</em></strong></span> <span class='ocrx_word' id='word_1_684' title='bbox 450 4633 500 4681; x_wconf 92' lang='lat'><strong><em>2.</em></strong></span> <span class='ocrx_word' id='word_1_685' title='bbox 532 4624 928 4695; x_wconf 78' lang='lat' dir='ltr'><strong><em>Adjracundiani</em></strong></span> <span class='ocrx_word' id='word_1_686' title='bbox 952 4630 1007 4675; x_wconf 88' lang='lat' dir='ltr'><strong><em>et</em></strong></span> <span class='ocrx_word' id='word_1_687' title='bbox 1016 4624 1427 4695; x_wconf 47' lang='lat' dir='ltr'><strong><em>indignationem</em></strong></span> <span class='ocrx_word' id='word_1_688' title='bbox 1449 4626 1649 4678; x_wconf 81' lang='lat' dir='ltr'><strong><em>misistis</em></strong></span> <span class='ocrx_word' id='word_1_689' title='bbox 1672 4624 1828 4688; x_wconf 90' lang='lat' dir='ltr'><strong><em>illum,</em></strong></span> <span class='ocrx_word' id='word_1_690' title='bbox 1853 4639 1967 4690; x_wconf 81' lang='lat' dir='ltr'><strong><em>pro-</em></strong></span> 
     </span>
    </p>
   </div>
   <div class='ocr_carea' id='block_1_82' title="bbox 376 4686 1279 4804">
    <p class='ocr_par' dir='ltr' id='par_1_82' title="bbox 376 4686 1279 4804">
     <span class='ocr_line' id='line_1_83' title="bbox 376 4686 1227 4748; baseline -0.015 0"><span class='ocrx_word' id='word_1_691' title='bbox 376 4686 582 4748; x_wconf 76' lang='lat' dir='ltr'><strong><em>vocaStis</em></strong></span> <span class='ocrx_word' id='word_1_692' title='bbox 604 4691 740 4741; x_wconf 88' lang='lat' dir='ltr'><strong><em>illum</em></strong></span> <span class='ocrx_word' id='word_1_693' title='bbox 759 4694 981 4739; x_wconf 85' lang='lat' dir='ltr'><strong><em>sanctum</em></strong></span> <span class='ocrx_word' id='word_1_694' title='bbox 1016 4690 1154 4737; x_wconf 87' lang='lat' dir='ltr'><strong><em>Voss.</em></strong></span> <span class='ocrx_word' id='word_1_695' title='bbox 1178 4686 1227 4735; x_wconf 88' lang='lat'><strong><em>2.</em></strong></span> 
     </span>
     <span class='ocr_line' id='line_1_84' title="bbox 440 4749 1279 4804; baseline -0.01 1"><span class='ocrx_word' id='word_1_696' title='bbox 440 4756 461 4797; x_wconf 79' lang='grc'><strong><em>1</em></strong></span> <span class='ocrx_word' id='word_1_697' title='bbox 497 4752 687 4804; x_wconf 87' lang='lat' dir='ltr'><strong><em>Pooulo</em></strong></span> <span class='ocrx_word' id='word_1_698' title='bbox 707 4752 821 4802; x_wconf 89' lang='lat' dir='ltr'><strong><em>huic</em></strong></span> <span class='ocrx_word' id='word_1_699' title='bbox 846 4749 969 4801; x_wconf 88' lang='lat' dir='ltr'><strong><em>Bod.</em></strong></span> <span class='ocrx_word' id='word_1_700' title='bbox 991 4749 1045 4799; x_wconf 90' lang='lat'><strong><em>2.</em></strong></span> <span class='ocrx_word' id='word_1_701' title='bbox 1075 4750 1213 4800; x_wconf 84' lang='lat' dir='ltr'><strong><em>Voss.</em></strong></span> <span class='ocrx_word' id='word_1_702' title='bbox 1230 4749 1279 4798; x_wconf 69' lang='lat' dir='ltr'><strong><em>I.</em></strong></span> 
     </span>
    </p>
   </div>
   <div class='ocr_carea' id='block_1_83' title="bbox 446 4769 1418 4879">
    <p class='ocr_par' dir='ltr' id='par_1_83' title="bbox 446 4769 1418 4879">
     <span class='ocr_line' id='line_1_85' title="bbox 446 4769 1418 4879; baseline -0.008 -10"><span class='ocrx_word' id='word_1_703' title='bbox 446 4769 461 4870; x_wconf 72' lang='grc' dir='ltr'>Ξ</span> <span class='ocrx_word' id='word_1_704' title='bbox 498 4769 1342 4879; x_wconf 55' lang='grc' dir='ltr'><strong><em>ἓὲἓῗὲρῗὲῒιίξῗζῇὲ.⁰ῑῗ’ἒδα.</em></strong></span> <span class='ocrx_word' id='word_1_705' title='bbox 1369 4811 1418 4863; x_wconf 69' lang='grc' dir='ltr'><strong>ε.</strong></span> 
     </span>
    </p>
   </div>
   <div class='ocr_carea' id='block_1_84' title="bbox 440 4876 1133 4957">
    <p class='ocr_par' dir='ltr' id='par_1_84' title="bbox 440 4876 1133 4957">
     <span class='ocr_line' id='line_1_86' title="bbox 440 4876 1133 4957; baseline -0.009 -25"><span class='ocrx_word' id='word_1_706' title='bbox 440 4880 473 4923; x_wconf 78' lang='grc' dir='ltr'><strong><em>ιι</em></strong></span> <span class='ocrx_word' id='word_1_707' title='bbox 504 4876 772 4931; x_wconf 67' lang='grc' dir='ltr'><strong>Ιιιαηεέειγὶ</strong></span> <span class='ocrx_word' id='word_1_708' title='bbox 794 4877 928 4928; x_wconf 84' lang='lat' dir='ltr'><strong><em>enim</em></strong></span> <span class='ocrx_word' id='word_1_709' title='bbox 947 4876 1086 4928; x_wconf 90' lang='lat' dir='ltr'><strong><em>Foss.</em></strong></span> <span class='ocrx_word' id='word_1_710' title='bbox 1124 4950 1133 4957; x_wconf 28' lang='grc' dir='ltr'><strong><em>ο</em></strong></span> 
     </span>
    </p>
   </div>
   <div class='ocr_carea' id='block_1_85' title="bbox 2140 3930 3609 3994">
    <p class='ocr_par' dir='ltr' id='par_1_85' title="bbox 2140 3930 3609 3994">
     <span class='ocr_line' id='line_1_87' title="bbox 2140 3930 3609 3994; baseline 0.005 -8"><span class='ocrx_word' id='word_1_711' title='bbox 2140 3937 2163 3975; x_wconf 82' lang='lat'><strong>1</strong></span> <span class='ocrx_word' id='word_1_712' title='bbox 2198 3935 2263 3987; x_wconf 86' lang='lat' dir='ltr'><strong><em>Et</em></strong></span> <span class='ocrx_word' id='word_1_713' title='bbox 2280 3941 2630 3986; x_wconf 84' lang='lat' dir='ltr'><strong><em>convertantur</em></strong></span> <span class='ocrx_word' id='word_1_714' title='bbox 2652 3932 2795 3985; x_wconf 87' lang='lat' dir='ltr'><strong><em>Corb.</em></strong></span> <span class='ocrx_word' id='word_1_715' title='bbox 2811 3930 2882 3986; x_wconf 89' lang='lat' dir='ltr'><strong><em>sic</em></strong></span> <span class='ocrx_word' id='word_1_716' title='bbox 2909 3933 3094 3986; x_wconf 86' lang='lat' dir='ltr'><strong><em>Tertul.</em></strong></span> <span class='ocrx_word' id='word_1_717' title='bbox 3115 3934 3180 3988; x_wconf 91' lang='lat' dir='ltr'><strong><em>Ut</em></strong></span> <span class='ocrx_word' id='word_1_718' title='bbox 3197 3947 3368 3989; x_wconf 88' lang='lat' dir='ltr'><strong><em>curem</em></strong></span> <span class='ocrx_word' id='word_1_719' title='bbox 3397 3942 3534 3994; x_wconf 84' lang='lat' dir='ltr'><strong><em>Voss.</em></strong></span> <span class='ocrx_word' id='word_1_720' title='bbox 3557 3942 3609 3994; x_wconf 83' lang='lat'><strong><em>5.</em></strong></span> 
     </span>
    </p>
   </div>
   <div class='ocr_carea' id='block_1_86' title="bbox 2134 3995 2766 4049">
    <p class='ocr_par' dir='ltr' id='par_1_86' title="bbox 2134 3995 2766 4049">
     <span class='ocr_line' id='line_1_88' title="bbox 2134 3995 2766 4049; baseline -0.006 0"><span class='ocrx_word' id='word_1_721' title='bbox 2134 3998 2178 4027; x_wconf 73' lang='grc' dir='ltr'><strong>ιιι</strong></span> <span class='ocrx_word' id='word_1_722' title='bbox 2207 3998 2318 4049; x_wconf 81' lang='lat' dir='ltr'><strong><em>Non</em></strong></span> <span class='ocrx_word' id='word_1_723' title='bbox 2336 4005 2603 4049; x_wconf 86' lang='lat' dir='ltr'><strong><em>notuerunt</em></strong></span> <span class='ocrx_word' id='word_1_724' title='bbox 2626 3995 2766 4048; x_wconf 86' lang='lat' dir='ltr'><strong><em>Corb.</em></strong></span> 
     </span>
    </p>
   </div>
   <div class='ocr_carea' id='block_1_87' title="bbox 2134 4058 2969 4153">
    <p class='ocr_par' dir='ltr' id='par_1_87' title="bbox 2134 4058 2969 4153">
     <span class='ocr_line' id='line_1_89' title="bbox 2134 4058 2969 4119; baseline -0.004 -7"><span class='ocrx_word' id='word_1_725' title='bbox 2134 4060 2166 4091; x_wconf 75' lang='grc' dir='ltr'><strong><em>ιι</em></strong></span> <span class='ocrx_word' id='word_1_726' title='bbox 2197 4058 2530 4119; x_wconf 82' lang='lat' dir='ltr'><strong><em>Maledictum,</em></strong></span> <span class='ocrx_word' id='word_1_727' title='bbox 2553 4073 2651 4110; x_wconf 89' lang='lat' dir='ltr'><strong><em>non</em></strong></span> <span class='ocrx_word' id='word_1_728' title='bbox 2682 4058 2808 4110; x_wconf 87' lang='lat' dir='ltr'><strong><em>Thu.</em></strong></span> <span class='ocrx_word' id='word_1_729' title='bbox 2832 4059 2969 4112; x_wconf 90' lang='lat' dir='ltr'><strong><em>Foss.</em></strong></span> 
     </span>
     <span class='ocr_line' id='line_1_90' title="bbox 2138 4123 2824 4153; baseline 0 0"><span class='ocrx_word' id='word_1_730' title='bbox 2138 4124 2164 4153; x_wconf 89' lang='lat'><strong>0</strong></span> <span class='ocrx_word' id='word_1_731' title='bbox 2198 4123 2374 4153; x_wconf 64' lang='lat' dir='ltr'><strong><em>Ilii-nm</em></strong></span> <span class='ocrx_word' id='word_1_732' title='bbox 2391 4124 2616 4153; x_wconf 62' lang='lat' dir='ltr'><strong><em>mansuris</em></strong></span> <span class='ocrx_word' id='word_1_733' title='bbox 2648 4123 2749 4153; x_wconf 71' lang='grc' dir='ltr'><strong><em>ΏΛΑ</em></strong></span> <span class='ocrx_word' id='word_1_734' title='bbox 2792 4123 2824 4153; x_wconf 69' lang='grc' dir='ltr'><strong><em>εἰ</em></strong></span> 
     </span>
    </p>
   </div>
   <div class='ocr_carea' id='block_1_88' title="bbox 2137 4123 2854 4251">
    <p class='ocr_par' dir='ltr' id='par_1_88' title="bbox 2137 4123 2854 4251">
     <span class='ocr_line' id='line_1_91' title="bbox 2138 4123 2841 4186; baseline -0.003 -12"><span class='ocrx_word' id='word_1_735' title='bbox 2138 4124 2164 4153; x_wconf 91' lang='grc'>⁰</span> <span class='ocrx_word' id='word_1_736' title='bbox 2198 4123 2376 4174; x_wconf 83' lang='lat' dir='ltr'><strong><em>Milvus</em></strong></span> <span class='ocrx_word' id='word_1_737' title='bbox 2391 4124 2620 4186; x_wconf 80' lang='lat' dir='ltr'><strong><em>cognovit</em></strong></span> <span class='ocrx_word' id='word_1_738' title='bbox 2641 4123 2766 4175; x_wconf 90' lang='lat' dir='ltr'><strong><em>Bod.</em></strong></span> <span class='ocrx_word' id='word_1_739' title='bbox 2792 4123 2841 4173; x_wconf 82' lang='lat'><strong><em>5.</em></strong></span> 
     </span>
     <span class='ocr_line' id='line_1_92' title="bbox 2137 4185 2854 4251; baseline -0.001 -15"><span class='ocrx_word' id='word_1_740' title='bbox 2137 4189 2166 4229; x_wconf 79' lang='lat' dir='ltr'><strong><em>l’</em></strong></span> <span class='ocrx_word' id='word_1_741' title='bbox 2198 4186 2438 4251; x_wconf 74' lang='lat' dir='ltr'><strong><em>Iijrundo,</em></strong></span> <span class='ocrx_word' id='word_1_742' title='bbox 2463 4198 2693 4251; x_wconf 66' lang='lat' dir='ltr'><strong><em>passeres</em></strong></span> <span class='ocrx_word' id='word_1_743' title='bbox 2706 4185 2854 4251; x_wconf 60' lang='lat' dir='ltr'><strong><em>Corb.</em></strong></span> 
     </span>
    </p>
   </div>
   <div class='ocr_carea' id='block_1_89' title="bbox 2134 4246 3676 4316">
    <p class='ocr_par' dir='ltr' id='par_1_89' title="bbox 2134 4246 3676 4316">
     <span class='ocr_line' id='line_1_93' title="bbox 2134 4246 3676 4316; baseline 0.012 -24"><span class='ocrx_word' id='word_1_744' title='bbox 2134 4252 2165 4292; x_wconf 71' lang='grc' dir='ltr'><strong>τι</strong></span> <span class='ocrx_word' id='word_1_745' title='bbox 2201 4246 2920 4316; x_wconf 54' lang='lat' dir='ltr'><strong><em>gmtura&#39;4m.yetatum</em></strong></span> <span class='ocrx_word' id='word_1_746' title='bbox 2941 4254 3107 4302; x_wconf 84' lang='lat' dir='ltr'><strong><em>vestra</em></strong></span> <span class='ocrx_word' id='word_1_747' title='bbox 3144 4252 3269 4304; x_wconf 85' lang='lat' dir='ltr'><strong><em>Bod.</em></strong></span> <span class='ocrx_word' id='word_1_748' title='bbox 3299 4254 3346 4315; x_wconf 85' lang='grc'><strong><em>1,</em></strong></span> <span class='ocrx_word' id='word_1_749' title='bbox 3369 4253 3416 4316; x_wconf 81' lang='lat'><strong><em>2,</em></strong></span> <span class='ocrx_word' id='word_1_750' title='bbox 3454 4256 3500 4305; x_wconf 79' lang='grc'><strong>3.</strong></span> <span class='ocrx_word' id='word_1_751' title='bbox 3537 4257 3676 4310; x_wconf 86' lang='lat' dir='ltr'><strong><em>Lam.</em></strong></span> 
     </span>
    </p>
   </div>
   <div class='ocr_carea' id='block_1_90' title="bbox 2073 4310 3132 4449">
    <p class='ocr_par' dir='ltr' id='par_1_90' title="bbox 2073 4310 3132 4449">
     <span class='ocr_line' id='line_1_94' title="bbox 2073 4310 2785 4371; baseline -0.008 -6"><span class='ocrx_word' id='word_1_752' title='bbox 2073 4312 2178 4364; x_wconf 84' lang='lat' dir='ltr'><strong><em>Lin.</em></strong></span> <span class='ocrx_word' id='word_1_753' title='bbox 2207 4310 2331 4363; x_wconf 82' lang='lat' dir='ltr'><strong><em>Thu.</em></strong></span> <span class='ocrx_word' id='word_1_754' title='bbox 2353 4314 2471 4363; x_wconf 89' lang='lat' dir='ltr'><strong><em>Bor.</em></strong></span> <span class='ocrx_word' id='word_1_755' title='bbox 2502 4310 2640 4363; x_wconf 63' lang='lat' dir='ltr'><strong><em>reas.</em></strong></span> <span class='ocrx_word' id='word_1_756' title='bbox 2660 4313 2712 4371; x_wconf 76' lang='lat'><strong><em>3,</em></strong></span> <span class='ocrx_word' id='word_1_757' title='bbox 2736 4311 2785 4360; x_wconf 77' lang='grc' dir='ltr'><strong><em>ι.</em></strong></span> 
     </span>
     <span class='ocr_line' id='line_1_95' title="bbox 2135 4372 3132 4449; baseline -0.016 -16"><span class='ocrx_word' id='word_1_758' title='bbox 2135 4376 2162 4449; x_wconf 75' lang='grc' dir='ltr'><em>ξ</em></span> <span class='ocrx_word' id='word_1_759' title='bbox 2194 4374 2435 4449; x_wconf 45' lang='lat' dir='ltr'><strong><em>gustarem.</em></strong></span> <span class='ocrx_word' id='word_1_760' title='bbox 2454 4372 2822 4449; x_wconf 46' lang='lat' dir='ltr'><strong><em>mgmaliﬁ&#39;hu.</em></strong></span> <span class='ocrx_word' id='word_1_761' title='bbox 2853 4375 2894 4424; x_wconf 86' lang='grc'><strong><em>1.</em></strong></span> <span class='ocrx_word' id='word_1_762' title='bbox 2922 4377 3060 4427; x_wconf 65' lang='lat' dir='ltr'><strong><em>Voss.</em></strong></span> <span class='ocrx_word' id='word_1_763' title='bbox 3085 4375 3132 4425; x_wconf 75' lang='lat'><strong><em>4,</em></strong></span> 
     </span>
    </p>
   </div>
   <div class='ocr_carea' id='block_1_91' title="bbox 2135 4436 2720 4500">
    <p class='ocr_par' dir='ltr' id='par_1_91' title="bbox 2135 4436 2720 4500">
     <span class='ocr_line' id='line_1_96' title="bbox 2135 4436 2720 4500; baseline -0.002 -13"><span class='ocrx_word' id='word_1_764' title='bbox 2135 4438 2159 4500; x_wconf 50' lang='grc' dir='ltr'>ἐ</span> <span class='ocrx_word' id='word_1_765' title='bbox 2194 4436 2331 4500; x_wconf 70' lang='lat' dir='ltr'><strong><em>Libri</em></strong></span> <span class='ocrx_word' id='word_1_766' title='bbox 2354 4437 2498 4500; x_wconf 85' lang='lat' dir='ltr'><strong><em>hujus</em></strong></span> <span class='ocrx_word' id='word_1_767' title='bbox 2515 4440 2651 4500; x_wconf 80' lang='lat' dir='ltr'><strong><em>Voss.</em></strong></span> <span class='ocrx_word' id='word_1_768' title='bbox 2672 4436 2720 4487; x_wconf 72' lang='grc'><strong><em>4.</em></strong></span> 
     </span>
    </p>
   </div>
   <div class='ocr_carea' id='block_1_92' title="bbox 2137 4498 2983 4552">
    <p class='ocr_par' dir='ltr' id='par_1_92' title="bbox 2137 4498 2983 4552">
     <span class='ocr_line' id='line_1_97' title="bbox 2137 4498 2983 4552; baseline -0.004 -2"><span class='ocrx_word' id='word_1_769' title='bbox 2137 4498 2160 4534; x_wconf 64' lang='grc' dir='ltr'><em>ε</em></span> <span class='ocrx_word' id='word_1_770' title='bbox 2196 4499 2254 4550; x_wconf 90' lang='lat' dir='ltr'><strong><em>In</em></strong></span> <span class='ocrx_word' id='word_1_771' title='bbox 2274 4498 2547 4551; x_wconf 57' lang='lat' dir='ltr'><strong><em>novist&#39;simis</em></strong></span> <span class='ocrx_word' id='word_1_772' title='bbox 2558 4498 2754 4550; x_wconf 84' lang='lat' dir='ltr'><strong><em>dierum</em></strong></span> <span class='ocrx_word' id='word_1_773' title='bbox 2778 4502 2917 4552; x_wconf 82' lang='lat' dir='ltr'><strong><em>Voss.</em></strong></span> <span class='ocrx_word' id='word_1_774' title='bbox 2934 4499 2983 4548; x_wconf 74' lang='grc'><strong>1».</strong></span> 
     </span>
    </p>
   </div>
   <div class='ocr_carea' id='block_1_93' title="bbox 2132 4561 2673 4613">
    <p class='ocr_par' dir='ltr' id='par_1_93' title="bbox 2132 4561 2673 4613">
     <span class='ocr_line' id='line_1_98' title="bbox 2132 4561 2673 4613; baseline -0.002 -1"><span class='ocrx_word' id='word_1_775' title='bbox 2132 4564 2164 4593; x_wconf 67' lang='grc' dir='ltr'><strong><em>τι</em></strong></span> <span class='ocrx_word' id='word_1_776' title='bbox 2195 4561 2332 4613; x_wconf 81' lang='lat' dir='ltr'><strong><em>Muni</em></strong></span> <span class='ocrx_word' id='word_1_777' title='bbox 2354 4562 2532 4612; x_wconf 84' lang='lat' dir='ltr'><strong><em>librum</em></strong></span> <span class='ocrx_word' id='word_1_778' title='bbox 2556 4565 2673 4613; x_wconf 89' lang='lat' dir='ltr'><strong><em>Ver.</em></strong></span> 
     </span>
    </p>
   </div>
   <div class='ocr_carea' id='block_1_94' title="bbox 2137 4622 3115 4698">
    <p class='ocr_par' dir='ltr' id='par_1_94' title="bbox 2137 4622 3115 4698">
     <span class='ocr_line' id='line_1_99' title="bbox 2137 4622 3115 4698; baseline -0.002 -22"><span class='ocrx_word' id='word_1_779' title='bbox 2137 4626 2170 4698; x_wconf 67' lang='grc' dir='ltr'>ζ</span> <span class='ocrx_word' id='word_1_780' title='bbox 2202 4624 2504 4698; x_wconf 69' lang='lat' dir='ltr'><strong><em>Impleanmr</em></strong></span> <span class='ocrx_word' id='word_1_781' title='bbox 2525 4625 2788 4698; x_wconf 59' lang='lat' dir='ltr'><strong><em>agnitione</em></strong></span> <span class='ocrx_word' id='word_1_782' title='bbox 2809 4635 2982 4698; x_wconf 63' lang='lat' dir='ltr'><strong><em>omnes</em></strong></span> <span class='ocrx_word' id='word_1_783' title='bbox 3009 4622 3115 4698; x_wconf 80' lang='lat' dir='ltr'><strong><em>Lin_.</em></strong></span> 
     </span>
    </p>
   </div>
   <div class='ocr_carea' id='block_1_95' title="bbox 1999 4686 3274 4759">
    <p class='ocr_par' dir='ltr' id='par_1_95' title="bbox 1999 4686 3274 4759">
     <span class='ocr_line' id='line_1_100' title="bbox 1999 4686 3274 4759; baseline -0.001 -22"><span class='ocrx_word' id='word_1_784' title='bbox 1999 4697 2054 4759; x_wconf 79' lang='lat' dir='ltr'><strong>D</strong></span> <span class='ocrx_word' id='word_1_785' title='bbox 2141 4688 2172 4759; x_wconf 69' lang='grc' dir='ltr'><strong>ξ</strong></span> <span class='ocrx_word' id='word_1_786' title='bbox 2203 4686 2505 4759; x_wconf 65' lang='lat' dir='ltr'><strong><em>Hodiernum</em></strong></span> <span class='ocrx_word' id='word_1_787' title='bbox 2530 4686 2667 4759; x_wconf 71' lang='lat' dir='ltr'><strong><em>diem</em></strong></span> <span class='ocrx_word' id='word_1_788' title='bbox 2688 4686 2878 4759; x_wconf 47' lang='lat' dir='ltr'><strong><em>‘I‘VC._I.</em></strong></span> <span class='ocrx_word' id='word_1_789' title='bbox 3074 4687 3274 4759; x_wconf 43' lang='grc' dir='ltr'><strong><em>ξομ-2.</em></strong></span> 
     </span>
    </p>
   </div>
   <div class='ocr_carea' id='block_1_96' title="bbox 2078 4747 3680 4865">
    <p class='ocr_par' dir='ltr' id='par_1_96' title="bbox 2078 4747 3680 4865">
     <span class='ocr_line' id='line_1_101' title="bbox 2078 4747 3680 4865; baseline 0.007 -67"><span class='ocrx_word' id='word_1_790' title='bbox 2078 4812 2111 4862; x_wconf 68' lang='lat'><strong>2</strong></span> <span class='ocrx_word' id='word_1_791' title='bbox 2141 4749 2485 4865; x_wconf 33' lang='lat' dir='ltr'><strong><em>ggngersus</em></strong></span> <span class='ocrx_word' id='word_1_792' title='bbox 2503 4755 2583 4802; x_wconf 84' lang='lat' dir='ltr'><strong><em>est</em></strong></span> <span class='ocrx_word' id='word_1_793' title='bbox 2608 4750 2670 4801; x_wconf 86' lang='lat' dir='ltr'><strong><em>ad</em></strong></span> <span class='ocrx_word' id='word_1_794' title='bbox 2688 4747 2949 4801; x_wconf 89' lang='lat' dir='ltr'><strong><em>Dominum</em></strong></span> <span class='ocrx_word' id='word_1_795' title='bbox 2963 4751 3054 4800; x_wconf 75' lang='lat' dir='ltr'><strong><em>Ar.</em></strong></span> <span class='ocrx_word' id='word_1_796' title='bbox 3076 4750 3185 4803; x_wconf 83' lang='lat' dir='ltr'><strong><em>NG.</em></strong></span> <span class='ocrx_word' id='word_1_797' title='bbox 3200 4752 3245 4803; x_wconf 83' lang='lat' dir='ltr'><strong><em>I.</em></strong></span> <span class='ocrx_word' id='word_1_798' title='bbox 3260 4749 3364 4803; x_wconf 89' lang='lat' dir='ltr'><strong><em>Lin.</em></strong></span> <span class='ocrx_word' id='word_1_799' title='bbox 3392 4753 3525 4807; x_wconf 85' lang='lat' dir='ltr'><strong><em>Lam.</em></strong></span> <span class='ocrx_word' id='word_1_800' title='bbox 3549 4757 3680 4811; x_wconf 81' lang='lat' dir='ltr'><strong><em>Bod.</em></strong></span> 
     </span>
    </p>
   </div>
   <div class='ocr_carea' id='block_1_97' title="bbox 1846 4873 3185 4943">
    <p class='ocr_par' dir='ltr' id='par_1_97' title="bbox 1846 4873 3185 4943">
     <span class='ocr_line' id='line_1_102' title="bbox 1846 4873 3185 4943; baseline -0.006 -14"><span class='ocrx_word' id='word_1_801' title='bbox 1846 4926 1859 4937; x_wconf 80' lang='grc'><strong><em>,</em></strong></span> <span class='ocrx_word' id='word_1_802' title='bbox 2141 4877 2165 4906; x_wconf 85' lang='grc'><strong>²</strong></span> <span class='ocrx_word' id='word_1_803' title='bbox 2200 4876 2376 4928; x_wconf 85' lang='lat' dir='ltr'><strong><em>Omnia</em></strong></span> <span class='ocrx_word' id='word_1_804' title='bbox 2394 4888 2507 4943; x_wconf 67' lang='lat' dir='ltr'><strong><em>quae</em></strong></span> <span class='ocrx_word' id='word_1_805' title='bbox 2528 4874 2710 4940; x_wconf 86' lang='lat' dir='ltr'><strong><em>scripta</em></strong></span> <span class='ocrx_word' id='word_1_806' title='bbox 2733 4873 2861 4927; x_wconf 86' lang='lat' dir='ltr'><strong><em>Bod.</em></strong></span> <span class='ocrx_word' id='word_1_807' title='bbox 2887 4874 2935 4926; x_wconf 84' lang='lat'><strong><em>1.</em></strong></span> <span class='ocrx_word' id='word_1_808' title='bbox 2968 4876 3107 4928; x_wconf 89' lang='lat' dir='ltr'><strong><em>Voss.</em></strong></span> <span class='ocrx_word' id='word_1_809' title='bbox 3130 4876 3185 4927; x_wconf 80' lang='lat'><strong><em>5.</em></strong></span> 
     </span>
    </p>
   </div>
   <div class='ocr_carea' id='block_1_98' title="bbox 1617 4980 2445 5040">
    <p class='ocr_par' dir='ltr' id='par_1_98' title="bbox 1617 4980 2445 5040">
     <span class='ocr_line' id='line_1_103' title="bbox 1617 4980 2445 5040; baseline -0.001 -2"><span class='ocrx_word' id='word_1_810' title='bbox 1617 4980 1865 5038; x_wconf 83' lang='lat' dir='ltr'><strong><em>STEPH.</em></strong></span> <span class='ocrx_word' id='word_1_811' title='bbox 1904 4980 2180 5040; x_wconf 83' lang='lat' dir='ltr'><strong><em>BALUZII</em></strong></span> <span class='ocrx_word' id='word_1_812' title='bbox 2212 4980 2445 5040; x_wconf 62' lang='lat' dir='ltr'><strong><em>NOTAE.</em></strong></span> 
     </span>
    </p>
   </div>
   <div class='ocr_carea' id='block_1_99' title="bbox 450 5093 3676 5175">
    <p class='ocr_par' dir='ltr' id='par_1_99' title="bbox 450 5093 3676 5175">
     <span class='ocr_line' id='line_1_104' title="bbox 450 5093 3676 5175; baseline 0.002 -18"><span class='ocrx_word' id='word_1_813' title='bbox 450 5098 583 5157; x_wconf 74' lang='lat' dir='ltr'><strong>CAP.</strong></span> <span class='ocrx_word' id='word_1_814' title='bbox 604 5098 797 5175; x_wconf 44' lang='lat' dir='ltr'><strong><em>llI.__—j-</em></strong></span> <span class='ocrx_word' id='word_1_815' title='bbox 826 5096 1009 5175; x_wconf 54' lang='lat' dir='ltr'><strong><em>PrtelLe</em></strong></span> <span class='ocrx_word' id='word_1_816' title='bbox 1035 5110 1230 5175; x_wconf 68' lang='lat' dir='ltr'><strong><em>aurem.</em></strong></span> <span class='ocrx_word' id='word_1_817' title='bbox 1260 5094 1388 5151; x_wconf 63' lang='lat' dir='ltr'><strong><em>Haec</em></strong></span> <span class='ocrx_word' id='word_1_818' title='bbox 1414 5103 1499 5175; x_wconf 81' lang='lat' dir='ltr'><strong><em>est</em></strong></span> <span class='ocrx_word' id='word_1_819' title='bbox 1538 5095 1696 5175; x_wconf 68' lang='lat' dir='ltr'><strong><em>lectio</em></strong></span> <span class='ocrx_word' id='word_1_820' title='bbox 1726 5099 1968 5175; x_wconf 73' lang='lat' dir='ltr'><strong><em>omnium</em></strong></span> <span class='ocrx_word' id='word_1_821' title='bbox 2070 5108 2315 5175; x_wconf 60' lang='lat' dir='ltr'><strong><em>qualum:</em></strong></span> <span class='ocrx_word' id='word_1_822' title='bbox 2350 5095 2678 5175; x_wconf 73' lang='lat' dir='ltr'><strong><em>Anglicanis.</em></strong></span> <span class='ocrx_word' id='word_1_823' title='bbox 2701 5094 2852 5175; x_wconf 86' lang='lat' dir='ltr'><strong><em>_Sane</em></strong></span> <span class='ocrx_word' id='word_1_824' title='bbox 2878 5093 2932 5149; x_wconf 91' lang='lat' dir='ltr'><strong><em>in</em></strong></span> <span class='ocrx_word' id='word_1_825' title='bbox 2961 5093 3202 5175; x_wconf 59' lang='lat' dir='ltr'><strong><em>editione</em></strong></span> <span class='ocrx_word' id='word_1_826' title='bbox 3228 5108 3414 5158; x_wconf 87' lang='lat' dir='ltr'><strong><em>nostra</em></strong></span> <span class='ocrx_word' id='word_1_827' title='bbox 3448 5100 3676 5175; x_wconf 81' lang='lat' dir='ltr'><strong><em>Vulgata</em></strong></span> 
     </span>
    </p>
   </div>
   <div class='ocr_carea' id='block_1_100' title="bbox 383 5166 3676 5239">
    <p class='ocr_par' dir='ltr' id='par_1_100' title="bbox 383 5166 3676 5239">
     <span class='ocr_line' id='line_1_105' title="bbox 383 5166 3676 5239; baseline 0.002 -13"><span class='ocrx_word' id='word_1_828' title='bbox 383 5167 1227 5239; x_wconf 66' lang='lat' dir='ltr'><strong><em>veterumeditionumParnelius</em></strong></span> <span class='ocrx_word' id='word_1_829' title='bbox 1244 5166 1543 5239; x_wconf 85' lang='lat' dir='ltr'><strong><em>mutavitex</em></strong></span> <span class='ocrx_word' id='word_1_830' title='bbox 1562 5167 1972 5225; x_wconf 82' lang='lat' dir='ltr'><strong><em>Iideuniuslihri</em></strong></span> <span class='ocrx_word' id='word_1_831' title='bbox 2073 5166 2244 5225; x_wconf 65' lang='lat' dir='ltr'><strong><em>s&#39;acrte</em></strong></span> <span class='ocrx_word' id='word_1_832' title='bbox 2281 5166 2574 5239; x_wconf 66' lang='lat' dir='ltr'><strong><em>Scriptura:</em></strong></span> <span class='ocrx_word' id='word_1_833' title='bbox 2611 5167 2806 5239; x_wconf 77' lang='lat' dir='ltr'><strong><em>legitur</em></strong></span> <span class='ocrx_word' id='word_1_834' title='bbox 2845 5182 3093 5239; x_wconf 70' lang='lat' dir='ltr'><strong><em>prtesepe.</em></strong></span> <span class='ocrx_word' id='word_1_835' title='bbox 3130 5168 3334 5226; x_wconf 74' lang='lat' dir='ltr'><strong><em>Verum</em></strong></span> <span class='ocrx_word' id='word_1_836' title='bbox 3383 5166 3676 5233; x_wconf 58' lang='lat' dir='ltr'><strong><em>auctoritas</em></strong></span> 
     </span>
    </p>
   </div>
   <div class='ocr_carea' id='block_1_101' title="bbox 388 5237 1949 5319">
    <p class='ocr_par' dir='ltr' id='par_1_101' title="bbox 388 5237 1949 5319">
     <span class='ocr_line' id='line_1_106' title="bbox 388 5237 1949 5319; baseline -0.003 -20"><span class='ocrx_word' id='word_1_837' title='bbox 388 5245 608 5319; x_wconf 68' lang='lat' dir='ltr'><strong><em>veteris,</em></strong></span> <span class='ocrx_word' id='word_1_838' title='bbox 651 5252 703 5298; x_wconf 91' lang='lat' dir='ltr'><strong><em>et</em></strong></span> <span class='ocrx_word' id='word_1_839' title='bbox 730 5242 873 5319; x_wconf 84' lang='lat' dir='ltr'><strong><em>_qu_ia</em></strong></span> <span class='ocrx_word' id='word_1_840' title='bbox 923 5237 1065 5319; x_wconf 86' lang='lat' dir='ltr'><strong><em>apud</em></strong></span> <span class='ocrx_word' id='word_1_841' title='bbox 1089 5237 1598 5319; x_wconf 52' lang='lat' dir='ltr'><strong><em>Tertullianumjib.</em></strong></span> <span class='ocrx_word' id='word_1_842' title='bbox 1634 5241 1949 5319; x_wconf 45' lang='lat' dir='ltr'><strong><em>tuuadversu</em></strong></span> 
     </span>
    </p>
   </div>
   <div class='ocr_carea' id='block_1_102' title="bbox 2051 5237 3675 5319">
    <p class='ocr_par' dir='ltr' id='par_1_102' title="bbox 2076 5237 3675 5319">
     <span class='ocr_line' id='line_1_107' title="bbox 2076 5237 3675 5319; baseline -0.006 -22"><span class='ocrx_word' id='word_1_843' title='bbox 2076 5240 2170 5319; x_wconf 81' lang='lat' dir='ltr'><strong><em>illa</em></strong></span> <span class='ocrx_word' id='word_1_844' title='bbox 2193 5255 2300 5297; x_wconf 89' lang='lat' dir='ltr'><strong><em>non</em></strong></span> <span class='ocrx_word' id='word_1_845' title='bbox 2333 5237 2522 5310; x_wconf 75' lang='lat' dir='ltr'><strong><em>prebat</em></strong></span> <span class='ocrx_word' id='word_1_846' title='bbox 2547 5238 2621 5294; x_wconf 87' lang='lat' dir='ltr'><strong><em>ita</em></strong></span> <span class='ocrx_word' id='word_1_847' title='bbox 2656 5237 2870 5319; x_wconf 74' lang='lat' dir='ltr'><strong><em>quoque</em></strong></span> <span class='ocrx_word' id='word_1_848' title='bbox 2906 5237 3192 5319; x_wconf 76' lang='lat' dir='ltr'><strong><em>legendum</em></strong></span> <span class='ocrx_word' id='word_1_849' title='bbox 3229 5245 3528 5319; x_wconf 84' lang='lat' dir='ltr'><strong><em>e_s_se_apud</em></strong></span> <span class='ocrx_word' id='word_1_850' title='bbox 3568 5247 3675 5319; x_wconf 66' lang='lat' dir='ltr'><strong><em>(3y-</em></strong></span> 
     </span>
    </p>
   </div>
   <div class='ocr_carea' id='block_1_103' title="bbox 385 5308 3675 5383">
    <p class='ocr_par' dir='ltr' id='par_1_103' title="bbox 385 5308 3675 5383">
     <span class='ocr_line' id='line_1_108' title="bbox 385 5308 3675 5383; baseline 0.001 -13"><span class='ocrx_word' id='word_1_851' title='bbox 385 5308 705 5370; x_wconf 83' lang='lat' dir='ltr'><strong><em>Marcionem</em></strong></span> <span class='ocrx_word' id='word_1_852' title='bbox 730 5308 922 5383; x_wconf 77' lang='lat' dir='ltr'><strong><em>legitur</em></strong></span> <span class='ocrx_word' id='word_1_853' title='bbox 957 5308 1191 5383; x_wconf 80' lang='lat' dir='ltr'><strong><em>inaures</em></strong></span> <span class='ocrx_word' id='word_1_854' title='bbox 1228 5310 1452 5383; x_wconf 50' lang='lat' dir='ltr'><strong><em>percipe:</em></strong></span> <span class='ocrx_word' id='word_1_855' title='bbox 1477 5308 1621 5383; x_wconf 75' lang='lat' dir='ltr'><strong><em>Sane</em></strong></span> <span class='ocrx_word' id='word_1_856' title='bbox 1652 5310 1817 5368; x_wconf 89' lang='lat' dir='ltr'><strong><em>editio</em></strong></span> <span class='ocrx_word' id='word_1_857' title='bbox 1844 5312 1975 5369; x_wconf 83' lang='lat' dir='ltr'><strong><em>Vul-</em></strong></span> <span class='ocrx_word' id='word_1_858' title='bbox 2076 5308 2387 5383; x_wconf 41' lang='lat' dir='ltr'><strong><em>primum}</em></strong></span> <span class='ocrx_word' id='word_1_859' title='bbox 2431 5325 2555 5366; x_wconf 91' lang='lat' dir='ltr'><strong><em>nam</em></strong></span> <span class='ocrx_word' id='word_1_860' title='bbox 2621 5308 2687 5383; x_wconf 77' lang='lat' dir='ltr'><strong><em>et</em></strong></span> <span class='ocrx_word' id='word_1_861' title='bbox 2717 5308 2867 5364; x_wconf 76' lang='lat' dir='ltr'><strong><em>latini</em></strong></span> <span class='ocrx_word' id='word_1_862' title='bbox 2910 5308 3201 5380; x_wconf 79' lang='lat' dir='ltr'><strong><em>scriptores</em></strong></span> <span class='ocrx_word' id='word_1_863' title='bbox 3241 5308 3496 5371; x_wconf 77' lang='lat' dir='ltr'><strong><em>dicebant</em></strong></span> <span class='ocrx_word' id='word_1_864' title='bbox 3539 5308 3675 5376; x_wconf 63' lang='lat' dir='ltr'><strong><em>olim</em></strong></span> 
     </span>
    </p>
   </div>
   <div class='ocr_carea' id='block_1_104' title="bbox 384 5328 2751 5459">
    <p class='ocr_par' dir='ltr' id='par_1_104' title="bbox 384 5328 2751 5459">
     <span class='ocr_line' id='line_1_109' title="bbox 385 5328 2751 5383; baseline -0.003 -13"><span class='ocrx_word' id='word_1_865' title='bbox 385 5328 744 5370; x_wconf 76' lang='grc' dir='ltr'><strong><em>Μανειοηειιιι</em></strong></span> <span class='ocrx_word' id='word_1_866' title='bbox 817 5328 922 5366; x_wconf 84' lang='grc'><strong>11111⁸</strong></span> <span class='ocrx_word' id='word_1_867' title='bbox 957 5328 1012 5365; x_wconf 82' lang='grc' dir='ltr'><strong>ιη</strong></span> <span class='ocrx_word' id='word_1_868' title='bbox 1040 5328 1191 5365; x_wconf 89' lang='lat' dir='ltr'><strong><em>aures</em></strong></span> <span class='ocrx_word' id='word_1_869' title='bbox 1228 5328 1452 5382; x_wconf 75' lang='lat' dir='ltr'><strong><em>percipe.</em></strong></span> <span class='ocrx_word' id='word_1_870' title='bbox 1478 5328 1621 5366; x_wconf 62' lang='lat' dir='ltr'><strong><em>naue</em></strong></span> <span class='ocrx_word' id='word_1_871' title='bbox 1652 5328 1817 5368; x_wconf 71' lang='lat' dir='ltr'><strong>CUIUO</strong></span> <span class='ocrx_word' id='word_1_872' title='bbox 1851 5328 1975 5369; x_wconf 79' lang='lat' dir='ltr'><strong><em>Vlll-</em></strong></span> <span class='ocrx_word' id='word_1_873' title='bbox 2076 5328 2325 5383; x_wconf 86' lang='lat' dir='ltr'><strong><em>prtanum</em></strong></span> <span class='ocrx_word' id='word_1_874' title='bbox 2372 5331 2387 5368; x_wconf 74' lang='grc' dir='ltr'>ε</span> <span class='ocrx_word' id='word_1_875' title='bbox 2431 5328 2555 5366; x_wconf 89' lang='lat' dir='ltr'><strong><em>nam</em></strong></span> <span class='ocrx_word' id='word_1_876' title='bbox 2621 5328 2677 5365; x_wconf 72' lang='grc' dir='ltr'><strong>ει</strong></span> <span class='ocrx_word' id='word_1_877' title='bbox 2718 5328 2751 5364; x_wconf 78' lang='grc' dir='ltr'><strong>ιέ</strong></span> 
     </span>
     <span class='ocr_line' id='line_1_110' title="bbox 384 5328 2751 5459; baseline -0.003 -17"><span class='ocrx_word' id='word_1_878' title='bbox 384 5396 507 5459; x_wconf 87' lang='lat' dir='ltr'><strong><em>gata</em></strong></span> <span class='ocrx_word' id='word_1_879' title='bbox 535 5385 688 5442; x_wconf 69' lang='lat' dir='ltr'><strong><em>Isaizr.</em></strong></span> <span class='ocrx_word' id='word_1_880' title='bbox 715 5328 879 5459; x_wconf 58' lang='grc' dir='ltr'><strong>ιιξῗιθι</strong></span> <span class='ocrx_word' id='word_1_881' title='bbox 902 5381 1191 5459; x_wconf 68' lang='lat' dir='ltr'><strong><em>lectionem</em></strong></span> <span class='ocrx_word' id='word_1_882' title='bbox 1230 5395 1389 5451; x_wconf 89' lang='lat' dir='ltr'><strong><em>quam</em></strong></span> <span class='ocrx_word' id='word_1_883' title='bbox 1412 5380 1689 5459; x_wconf 82' lang='lat' dir='ltr'><strong><em>_Pameliu_s</em></strong></span> <span class='ocrx_word' id='word_1_884' title='bbox 1726 5383 1968 5459; x_wconf 79' lang='lat' dir='ltr'><strong><em>protulit.</em></strong></span> <span class='ocrx_word' id='word_1_885' title='bbox 2079 5399 2307 5459; x_wconf 65' lang='lat' dir='ltr'><strong><em>prtesepe</em></strong></span> <span class='ocrx_word' id='word_1_886' title='bbox 2333 5391 2389 5440; x_wconf 86' lang='lat' dir='ltr'><strong><em>et</em></strong></span> <span class='ocrx_word' id='word_1_887' title='bbox 2423 5382 2751 5459; x_wconf 79' lang='lat' dir='ltr'><strong><em>prtesepium.</em></strong></span> 
     </span>
    </p>
   </div>
   <div class='ocr_carea' id='block_1_105' title="bbox 390 5451 3677 5526">
    <p class='ocr_par' dir='ltr' id='par_1_105' title="bbox 390 5451 3677 5526">
     <span class='ocr_line' id='line_1_111' title="bbox 390 5451 3677 5526; baseline 0.001 -11"><span class='ocrx_word' id='word_1_888' title='bbox 390 5451 483 5520; x_wconf 75' lang='grc' dir='ltr'><strong>λι,</strong></span> <span class='ocrx_word' id='word_1_889' title='bbox 516 5470 636 5512; x_wconf 89' lang='lat' dir='ltr'><strong><em>cum</em></strong></span> <span class='ocrx_word' id='word_1_890' title='bbox 664 5455 842 5526; x_wconf 81' lang='lat' dir='ltr'><strong><em>versio</em></strong></span> <span class='ocrx_word' id='word_1_891' title='bbox 866 5469 967 5526; x_wconf 86' lang='lat' dir='ltr'><strong><em>qua</em></strong></span> <span class='ocrx_word' id='word_1_892' title='bbox 992 5451 1295 5526; x_wconf 79' lang='lat' dir='ltr'><strong><em>Cyprianus</em></strong></span> <span class='ocrx_word' id='word_1_893' title='bbox 1320 5452 1572 5526; x_wconf 83' lang='lat' dir='ltr'><strong><em>utebatur</em></strong></span> <span class='ocrx_word' id='word_1_894' title='bbox 1589 5451 1833 5519; x_wconf 79' lang='lat' dir='ltr'><strong><em>,diversa</em></strong></span> <span class='ocrx_word' id='word_1_895' title='bbox 1860 5453 1974 5511; x_wconf 81' lang='lat' dir='ltr'><strong><em>fue-</em></strong></span> <span class='ocrx_word' id='word_1_896' title='bbox 2080 5451 2091 5526; x_wconf 64' lang='grc' dir='ltr'>ξ</span> <span class='ocrx_word' id='word_1_897' title='bbox 2122 5524 2133 5526; x_wconf 26' lang='grc' dir='ltr'><strong>Α</strong></span> <span class='ocrx_word' id='word_1_898' title='bbox 2162 5454 2270 5518; x_wconf 73' lang='lat' dir='ltr'><strong><em>Vcs.</em></strong></span> <span class='ocrx_word' id='word_1_899' title='bbox 2302 5451 2429 5525; x_wconf 83' lang='lat' dir='ltr'><strong><em>gens</em></strong></span> <span class='ocrx_word' id='word_1_900' title='bbox 2454 5451 2725 5526; x_wconf 58' lang='grc' dir='ltr'><strong><em>μεθεῖσιν-ἰαί.</em></strong></span> <span class='ocrx_word' id='word_1_901' title='bbox 2757 5451 2838 5526; x_wconf 81' lang='lat' dir='ltr'><strong><em>Ita</em></strong></span> <span class='ocrx_word' id='word_1_902' title='bbox 2857 5452 3187 5526; x_wconf 80' lang='lat' dir='ltr'><strong><em>restituimus</em></strong></span> <span class='ocrx_word' id='word_1_903' title='bbox 3208 5470 3274 5511; x_wconf 78' lang='lat' dir='ltr'><strong><em>ex</em></strong></span> <span class='ocrx_word' id='word_1_904' title='bbox 3302 5455 3406 5512; x_wconf 83' lang='lat' dir='ltr'><strong><em>ﬁde</em></strong></span> <span class='ocrx_word' id='word_1_905' title='bbox 3429 5468 3677 5520; x_wconf 79' lang='lat' dir='ltr'><strong><em>veterum</em></strong></span> 
     </span>
    </p>
   </div>
   <div class='ocr_carea' id='block_1_106' title="bbox 389 5522 3680 5595">
    <p class='ocr_par' dir='ltr' id='par_1_106' title="bbox 389 5522 3680 5595">
     <span class='ocr_line' id='line_1_112' title="bbox 389 5522 3680 5595; baseline 0.002 -11"><span class='ocrx_word' id='word_1_906' title='bbox 389 5530 463 5585; x_wconf 89' lang='lat' dir='ltr'><strong><em>rit</em></strong></span> <span class='ocrx_word' id='word_1_907' title='bbox 505 5544 539 5582; x_wconf 88' lang='lat' dir='ltr'><strong><em>a</em></strong></span> <span class='ocrx_word' id='word_1_908' title='bbox 580 5536 764 5581; x_wconf 90' lang='lat' dir='ltr'><strong><em>nostra</em></strong></span> <span class='ocrx_word' id='word_1_909' title='bbox 794 5522 1249 5595; x_wconf 46' lang='lat' dir='ltr'><strong><em>Vulgatafvalde</em></strong></span> <span class='ocrx_word' id='word_1_910' title='bbox 1285 5523 1562 5593; x_wconf 85' lang='lat' dir='ltr'><strong><em>probabile</em></strong></span> <span class='ocrx_word' id='word_1_911' title='bbox 1605 5536 1689 5580; x_wconf 88' lang='lat' dir='ltr'><strong><em>est</em></strong></span> <span class='ocrx_word' id='word_1_912' title='bbox 1731 5536 1976 5582; x_wconf 81' lang='lat' dir='ltr'><strong><em>veterum</em></strong></span> <span class='ocrx_word' id='word_1_913' title='bbox 2078 5522 2364 5592; x_wconf 82' lang='lat' dir='ltr'><strong><em>librorum,</em></strong></span> <span class='ocrx_word' id='word_1_914' title='bbox 2396 5523 2470 5580; x_wconf 90' lang='lat' dir='ltr'><strong><em>uti</em></strong></span> <span class='ocrx_word' id='word_1_915' title='bbox 2497 5524 2661 5595; x_wconf 84' lang='lat' dir='ltr'><strong><em>etiam</em></strong></span> <span class='ocrx_word' id='word_1_916' title='bbox 2688 5522 2917 5595; x_wconf 84' lang='lat' dir='ltr'><strong><em>fecimus</em></strong></span> <span class='ocrx_word' id='word_1_917' title='bbox 2949 5524 3004 5578; x_wconf 92' lang='lat' dir='ltr'><strong><em>in</em></strong></span> <span class='ocrx_word' id='word_1_918' title='bbox 3034 5523 3172 5580; x_wconf 89' lang='lat' dir='ltr'><strong><em>libro</em></strong></span> <span class='ocrx_word' id='word_1_919' title='bbox 3202 5527 3264 5582; x_wconf 89' lang='lat' dir='ltr'><strong><em>de</em></strong></span> <span class='ocrx_word' id='word_1_920' title='bbox 3296 5526 3544 5587; x_wconf 82' lang='lat' dir='ltr'><strong><em>Oratione</em></strong></span> <span class='ocrx_word' id='word_1_921' title='bbox 3568 5532 3680 5591; x_wconf 90' lang='lat' dir='ltr'><strong><em>Do-</em></strong></span> 
     </span>
    </p>
   </div>
   <div class='ocr_carea' id='block_1_107' title="bbox 2080 5594 3678 5724">
    <p class='ocr_par' dir='ltr' id='par_1_107' title="bbox 2080 5594 3678 5724">
     <span class='ocr_line' id='line_1_113' title="bbox 2080 5594 3678 5724; baseline 0.003 -72"><span class='ocrx_word' id='word_1_922' title='bbox 2080 5597 2301 5724; x_wconf 52' lang='lat' dir='ltr'><strong><em>girded;</em></strong></span> <span class='ocrx_word' id='word_1_923' title='bbox 2321 5611 2442 5669; x_wconf 89' lang='lat' dir='ltr'><strong><em>pag.</em></strong></span> <span class='ocrx_word' id='word_1_924' title='bbox 2467 5594 2599 5662; x_wconf 86' lang='lat'><strong><em>207,</em></strong></span> <span class='ocrx_word' id='word_1_925' title='bbox 2614 5594 2708 5652; x_wconf 91' lang='lat' dir='ltr'><strong><em>ubi</em></strong></span> <span class='ocrx_word' id='word_1_926' title='bbox 2733 5594 2996 5651; x_wconf 86' lang='lat' dir='ltr'><strong><em>rationem</em></strong></span> <span class='ocrx_word' id='word_1_927' title='bbox 3018 5595 3349 5655; x_wconf 86' lang='lat' dir='ltr'><strong><em>reddidimus</em></strong></span> <span class='ocrx_word' id='word_1_928' title='bbox 3376 5598 3538 5673; x_wconf 85' lang='lat' dir='ltr'><strong><em>hujus</em></strong></span> <span class='ocrx_word' id='word_1_929' title='bbox 3558 5620 3678 5662; x_wconf 88' lang='lat' dir='ltr'><strong><em>mu-</em></strong></span> 
     </span>
     <span class='ocr_line' id='line_1_114' title="bbox 2165 5684 2319 5723; baseline 0.006 -1"><span class='ocrx_word' id='word_1_930' title='bbox 2165 5684 2271 5722; x_wconf 83' lang='lat' dir='ltr'><strong><em>IOIII</em></strong></span> <span class='ocrx_word' id='word_1_931' title='bbox 2306 5708 2319 5723; x_wconf 76' lang='grc' dir='ltr'><strong>ο</strong></span> 
     </span>
    </p>
   </div>
   <div class='ocr_carea' id='block_1_108' title="bbox 2165 5684 2319 5723">
    <p class='ocr_par' dir='ltr' id='par_1_108' title="bbox 2165 5684 2319 5723">
     <span class='ocr_line' id='line_1_115' title="bbox 2165 5684 2319 5723; baseline 0.006 -1"><span class='ocrx_word' id='word_1_932' title='bbox 2165 5684 2319 5723; x_wconf 77' lang='grc'><strong>101118.</strong></span> 
     </span>
    </p>
   </div>
   <div class='ocr_carea' id='block_1_109' title="bbox 391 5595 1978 5663">
    <p class='ocr_par' dir='ltr' id='par_1_109' title="bbox 391 5595 1978 5663">
     <span class='ocr_line' id='line_1_116' title="bbox 391 5595 1978 5663; baseline -0.002 -8"><span class='ocrx_word' id='word_1_933' title='bbox 391 5598 689 5655; x_wconf 88' lang='lat' dir='ltr'><strong><em>editionum</em></strong></span> <span class='ocrx_word' id='word_1_934' title='bbox 726 5596 1047 5663; x_wconf 88' lang='lat' dir='ltr'><strong><em>scripturam</em></strong></span> <span class='ocrx_word' id='word_1_935' title='bbox 1075 5609 1196 5650; x_wconf 91' lang='lat' dir='ltr'><strong><em>esse</em></strong></span> <span class='ocrx_word' id='word_1_936' title='bbox 1222 5595 1516 5650; x_wconf 89' lang='lat' dir='ltr'><strong><em>meliorem.</em></strong></span> <span class='ocrx_word' id='word_1_937' title='bbox 1549 5595 1819 5653; x_wconf 63' lang='lat' dir='ltr'><strong><em>Caeterum</em></strong></span> <span class='ocrx_word' id='word_1_938' title='bbox 1855 5610 1978 5653; x_wconf 90' lang='lat' dir='ltr'><strong><em>eam</em></strong></span> 
     </span>
    </p>
   </div>
   <div class='ocr_carea' id='block_1_110' title="bbox 389 5664 1876 5739">
    <p class='ocr_par' dir='ltr' id='par_1_110' title="bbox 389 5664 1876 5739">
     <span class='ocr_line' id='line_1_117' title="bbox 389 5664 1876 5739; baseline -0.003 -14"><span class='ocrx_word' id='word_1_939' title='bbox 389 5669 716 5739; x_wconf 79' lang='lat' dir='ltr'><strong><em>conﬁrmant</em></strong></span> <span class='ocrx_word' id='word_1_940' title='bbox 745 5666 1004 5739; x_wconf 75' lang='lat' dir='ltr'><strong><em>tredecim</em></strong></span> <span class='ocrx_word' id='word_1_941' title='bbox 1033 5664 1158 5739; x_wconf 81' lang='lat' dir='ltr'><strong><em>libri</em></strong></span> <span class='ocrx_word' id='word_1_942' title='bbox 1184 5666 1354 5739; x_wconf 86' lang='lat' dir='ltr'><strong><em>nostri</em></strong></span> <span class='ocrx_word' id='word_1_943' title='bbox 1378 5673 1434 5721; x_wconf 86' lang='lat' dir='ltr'><strong><em>et</em></strong></span> <span class='ocrx_word' id='word_1_944' title='bbox 1456 5680 1551 5739; x_wconf 65' lang='lat' dir='ltr'><strong><em>se;</em></strong></span> <span class='ocrx_word' id='word_1_945' title='bbox 1577 5668 1876 5739; x_wconf 82' lang='lat' dir='ltr'><strong><em>Anglicani.</em></strong></span> 
     </span>
    </p>
   </div>
   <div class='ocr_carea' id='block_1_111' title="bbox 463 5735 1977 5809">
    <p class='ocr_par' dir='ltr' id='par_1_111' title="bbox 463 5735 1977 5809">
     <span class='ocr_line' id='line_1_118' title="bbox 463 5735 1977 5809; baseline 0 -14"><span class='ocrx_word' id='word_1_946' title='bbox 463 5738 803 5808; x_wconf 74' lang='lat' dir='ltr'><strong><em>Praesepium.</em></strong></span> <span class='ocrx_word' id='word_1_947' title='bbox 842 5735 1433 5809; x_wconf 72' lang='lat' dir='ltr'><strong><em>Revocavilectionetn</em></strong></span> <span class='ocrx_word' id='word_1_948' title='bbox 1468 5735 1719 5794; x_wconf 83' lang='lat' dir='ltr'><strong><em>editionis</em></strong></span> <span class='ocrx_word' id='word_1_949' title='bbox 1754 5739 1977 5809; x_wconf 84' lang='lat' dir='ltr'><strong><em>Spiren-</em></strong></span> 
     </span>
    </p>
   </div>
   <div class='ocr_carea' id='block_1_112' title="bbox 392 5806 1981 5885">
    <p class='ocr_par' dir='ltr' id='par_1_112' title="bbox 392 5806 1981 5885">
     <span class='ocr_line' id='line_1_119' title="bbox 392 5806 1981 5885; baseline -0.001 -16"><span class='ocrx_word' id='word_1_950' title='bbox 392 5813 489 5883; x_wconf 87' lang='lat' dir='ltr'><strong><em>sis,</em></strong></span> <span class='ocrx_word' id='word_1_951' title='bbox 519 5806 679 5885; x_wconf 77' lang='lat' dir='ltr'><strong><em>quam</em></strong></span> <span class='ocrx_word' id='word_1_952' title='bbox 710 5809 888 5867; x_wconf 88' lang='lat' dir='ltr'><strong><em>iuveni</em></strong></span> <span class='ocrx_word' id='word_1_953' title='bbox 915 5808 1078 5864; x_wconf 84' lang='lat' dir='ltr'><strong><em>etiam</em></strong></span> <span class='ocrx_word' id='word_1_954' title='bbox 1117 5806 1171 5862; x_wconf 88' lang='lat' dir='ltr'><strong><em>in</em></strong></span> <span class='ocrx_word' id='word_1_955' title='bbox 1205 5806 1393 5863; x_wconf 86' lang='lat' dir='ltr'><strong><em>decem</em></strong></span> <span class='ocrx_word' id='word_1_956' title='bbox 1425 5808 1573 5863; x_wconf 84' lang='lat' dir='ltr'><strong><em>libris</em></strong></span> <span class='ocrx_word' id='word_1_957' title='bbox 1603 5806 1810 5867; x_wconf 74' lang='lat' dir='ltr'><strong><em>nostris</em></strong></span> <span class='ocrx_word' id='word_1_958' title='bbox 1833 5819 1887 5867; x_wconf 87' lang='lat' dir='ltr'><strong><em>et</em></strong></span> <span class='ocrx_word' id='word_1_959' title='bbox 1927 5812 1981 5867; x_wconf 88' lang='lat' dir='ltr'><strong><em>in</em></strong></span> 
     </span>
    </p>
   </div>
   <div class='ocr_carea' id='block_1_113' title="bbox 854 5900 1747 5967">
    <p class='ocr_par' dir='ltr' id='par_1_113' title="bbox 854 5900 1747 5967">
     <span class='ocr_line' id='line_1_120' title="bbox 854 5900 1747 5967; baseline -0.001 0"><span class='ocrx_word' id='word_1_960' title='bbox 854 5904 1134 5967; x_wconf 71' lang='grc' dir='ltr'><strong>ΡΑΤιιοι..</strong></span> <span class='ocrx_word' id='word_1_961' title='bbox 1170 5900 1280 5965; x_wconf 87' lang='lat' dir='ltr'><strong><em>IV.</em></strong></span> <span class='ocrx_word' id='word_1_962' title='bbox 1329 5900 1391 5963; x_wconf 93' lang='lat' dir='ltr'><strong><em>S.</em></strong></span> <span class='ocrx_word' id='word_1_963' title='bbox 1439 5901 1747 5966; x_wconf 72' lang='lat' dir='ltr'><strong><em>Cvrnuu.</em></strong></span> 
     </span>
    </p>
   </div>
   <div class='ocr_carea' id='block_1_114' title="bbox 2156 5736 3693 5866">
    <p class='ocr_par' dir='ltr' id='par_1_114' title="bbox 2156 5736 3693 5866">
     <span class='ocr_line' id='line_1_121' title="bbox 2156 5736 3693 5866; baseline 0.008 -73"><span class='ocrx_word' id='word_1_964' title='bbox 2156 5736 2415 5866; x_wconf 38' lang='lat' dir='ltr'><strong><em>{Matura</em></strong></span> <span class='ocrx_word' id='word_1_965' title='bbox 2453 5737 2611 5812; x_wconf 86' lang='lat' dir='ltr'><strong><em>falsa.</em></strong></span> <span class='ocrx_word' id='word_1_966' title='bbox 2652 5738 2760 5796; x_wconf 77' lang='lat' dir='ltr'><strong><em>Sex</em></strong></span> <span class='ocrx_word' id='word_1_967' title='bbox 2790 5736 2914 5795; x_wconf 88' lang='lat' dir='ltr'><strong><em>libri</em></strong></span> <span class='ocrx_word' id='word_1_968' title='bbox 2954 5746 3169 5797; x_wconf 81' lang='lat' dir='ltr'><strong><em>veteres</em></strong></span> <span class='ocrx_word' id='word_1_969' title='bbox 3207 5739 3410 5799; x_wconf 88' lang='lat' dir='ltr'><strong><em>habent</em></strong></span> <span class='ocrx_word' id='word_1_970' title='bbox 3438 5754 3693 5807; x_wconf 87' lang='lat' dir='ltr'><strong><em>metatura</em></strong></span> 
     </span>
     <span class='ocr_line' id='line_1_122' title="bbox 2156 5826 2273 5866; baseline 0 0"><span class='ocrx_word' id='word_1_971' title='bbox 2156 5826 2273 5866; x_wconf 78' lang='grc' dir='ltr'><strong>ινα.</strong></span> 
     </span>
    </p>
   </div>
   <div class='ocr_carea' id='block_1_115' title="bbox 2088 5825 2273 5868">
    <p class='ocr_par' dir='ltr' id='par_1_115' title="bbox 2088 5825 2273 5868">
     <span class='ocr_line' id='line_1_123' title="bbox 2088 5825 2273 5868; baseline 0 -1"><span class='ocrx_word' id='word_1_972' title='bbox 2088 5825 2273 5868; x_wconf 71' lang='grc' dir='ltr'><strong><em>υθδινα.</em></strong></span> 
     </span>
    </p>
   </div>
   <div class='ocr_carea' id='block_1_116' title="bbox 3152 5906 3231 5969">
    <p class='ocr_par' dir='ltr' id='par_1_116' title="bbox 3152 5906 3231 5969">
     <span class='ocr_line' id='line_1_124' title="bbox 3152 5906 3231 5969; baseline 0 0"><span class='ocrx_word' id='word_1_973' title='bbox 3152 5906 3231 5969; x_wconf 79' lang='lat'><strong><em>22</em></strong></span> 
     </span>
    </p>
   </div>
  </div>
