4230 6282
559 319 669 378 oss
1968 304 2105 369 om
2141 302 2467 367 CYPRIANI
3763 304 3877 374 334

556 433 801 505 scriptam
827 436 921 499 est,
950 436 998 485 et
1024 429 1099 487 sie
1129 427 1391 499 oportebat
1420 434 1449 466 α
1478 426 1739 484 Christum
1773 425 1882 498 pati
1916 434 1965 481 et
1988 441 2159 480 resur-
2181 424 2239 486 Α
2262 432 2361 479 tem
2386 425 2439 479 in
2459 424 2596 480 hunc
2621 423 2873 481 mundum
2892 428 2957 482 ω.
2984 423 3054 480 In
3082 423 3181 481 hoc
3203 422 3397 483 mundo
3423 426 3542 501 fuit,
3571 437 3619 484 et
3644 428 3871 484 mundus

558 541 677 598 gere
711 542 745 579 a
780 522 994 579 mortuis
1021 523 1168 579 tertia
1197 521 1305 589 die,
1340 529 1388 577 et
1416 520 1691 593 pradicari
1716 520 1770 575 in
1804 519 2008 575 nomine
2045 518 2161 585 eius
2262 534 2353 589 per
2392 518 2563 589 ipsum
2605 519 2772 590 factus
2815 528 2912 587 est,
2961 529 3008 574 et
3050 520 3275 576 mundus
3319 537 3439 576 eum
3484 536 3588 576 non
3631 529 3866 594 cognovit

557 617 904 689 paenitentiam
940 624 991 671 et
1026 614 1289 670 remissam
1326 623 1649 686 peccatorum
1688 629 1851 685 usque
1886 614 1943 668 in
1984 626 2161 666 onmes

561 722 736 784 gentes
765 709 920 783 (Luc.
950 726 1104 781 unt,
1131 709 1349 781 44-47).

558 861 676 903 CAP.
708 863 764 902 ν.
789 876 861 887 --
884 861 1030 903 NIHIL
1084 859 1241 902 POSSE
1269 860 1478 903 ιωωοε
1504 860 1854 902 ιιςτειιιῦειιε
1880 860 1947 900 DE
1977 857 2153 899 SCRIP-

724 955 901 1009 TURIS,
930 956 1030 998 NISI
1056 956 1206 998 PBlUS
1233 956 1584 999 CBEDIDEBINT
1609 957 1661 998 IN
1688 956 1970 998 ειιιιιετωι.

618 1078 775 1150 Apud
795 1078 1010 1135 Esaiam
1041 1096 1056 1135 :
1088 1079 1178 1148 Et,
1210 1079 1255 1135 si
1282 1096 1387 1135 non
1414 1078 1750 1145 credideritis,
1766 1093 1925 1149 neque
1961 1076 2155 1132 intelli-

547 1176 675 1248 getis
713 1173 849 1247 (lsa.
895 1190 1001 1243 vn,
1046 1174 1126 1247 9).
1161 1176 1293 1231 item
1340 1175 1596 1230 Dominus
1630 1175 1682 1230 in
1729 1174 2019 1246 Evangelio
2048 1192 2061 1228 :
2090 1172 2154 1230 Si

547 1268 683 1323 enim
709 1284 813 1323 non
839 1266 1156 1324 credideritis
1183 1268 1301 1339 quia
1328 1284 1420 1340 ego
1458 1284 1592 1339 sum,
1632 1267 1918 1322 moriemini
1944 1268 1998 1321 in
2031 1282 2150 1335 pec-

551 1363 679 1418 catis
704 1362 880 1416 vestris
906 1360 1091 1432 (Joan.
1115 1376 1229 1427 νιιι,
1270 1359 1389 1430 24).
1421 1358 1553 1415 Fide
1592 1368 1769 1415 autem
1811 1367 1954 1413 stare
1989 1357 2151 1428 justi-

544 1453 677 1510 tiam
706 1463 762 1509 et
789 1453 900 1509 illic
926 1468 1049 1509 esse
1080 1454 1244 1507 vitam
1273 1451 1589 1521 praedictum
1614 1460 1695 1506 est
1722 1449 1862 1520 apud
1883 1448 2100 1504 Abacuc
2134 1465 2150 1506 :

540 1545 723 1601 Justus
750 1555 921 1600 autem
967 1560 1030 1600 ea:
1057 1543 1160 1615 ﬁde
1196 1560 1309 1598 mea
1344 1544 1474 1599 vivet
1514 1540 1542 1580 ι)
1584 1541 1765 1614 (Abas.
1796 1556 1863 1607 11,
1901 1540 1979 1612 4).
2022 1540 2151 1595 Inde

540 1636 814 1694 Abraham
845 1648 996 1708 pater
1019 1636 1257 1708 gentium
1288 1634 1539 1691 credidit.
1569 1633 1626 1688 In
1657 1632 1855 1689 Genesi
1884 1632 2151 1687 :Credidit

538 1732 802 1788 Abraham
831 1731 957 1799 Deo,
992 1741 1042 1787 et
1079 1731 1376 1803 deputatum
1410 1739 1483 1785 est
1527 1730 1572 1785 ei
1600 1729 1670 1783 ad
1688 1730 1945 1801 justitiam
1989 1727 2142 1801 (Gen.

2262 612 2442 685 (Joan.
2491 630 2538 681 1,
2573 614 2627 683 9,
2659 616 2773 689 10).
2804 617 2934 672 ltem
2971 615 3078 672 illic
3118 633 3132 669 :
3167 616 3269 684 Qui
3307 633 3412 672 non
3439 616 3728 683 crediderit,
3748 616 3864 687 jam

2250 707 2519 777 judicatus
2545 717 2637 775 est,
2680 709 2801 782 quia
2840 725 2942 764 non
2981 708 3197 763 credidit
3233 710 3287 765 in
3319 710 3522 765 nomine
3556 708 3695 763 unici
3736 706 3863 763 Filii

2257 797 2378 854 Dei.
2421 798 2537 855 Hoc
2580 810 2749 856 autem
2791 811 2887 883 est
2894 802 3181 873 judicium,
3230 802 3473 873 quoniam
3517 802 3610 857 lux
3646 801 3775 855 venit
3807 803 3865 856 in

2255 895 2520 961 saeculum,
2550 904 2598 950 et
2626 896 2913 951 dilexerunt
2943 896 3171 953 homines
3196 897 3365 968 magis
3388 895 3621 952 tenebras
3642 904 3670 931 ιι
3704 911 3863 967 quam

2257 986 2421 1043 lucem
2444 986 2625 1079 (Joan.
2651 1004 2731 1056 111,
2762 989 2853 1056 18,
2884 988 2998 1060 19).

2255 1140 2375 1182 CAP.
2405 1141 2519 1182 νιιι.
2546 1154 2618 1168 -·
2661 1140 2798 1190 QUOD
2839 1140 3175 1183 CIRCUIICISIO
3219 1138 3379 1182 PRIIA
3423 1138 3680 1181 CARNALIS
3728 1138 3861 1180 EVA-

2325 1235 2500 1277 CUA'I‘A
2526 1236 2630 1287 Sl'l',
2654 1236 2724 1277 ET
2751 1235 2985 1279 SBCUNDA
3012 1235 3300 1278 SPIRITALIS
3326 1233 3651 1277 “PROIISSA
3676 1232 3780 1276 ςιτ.

2326 1358 2483 1429 Apud
2514 1358 2841 1416 Hieremiam
2867 1377 2882 1414 :
2920 1358 3046 1414 Hac
3080 1359 3203 1413 dicit
3240 1357 3495 1414 Dominus
3513 1357 3633 1413 uiris
3655 1356 3799 1412 Iuda
3827 1366 3854 1393 ο

2253 1459 2301 1505 et
2328 1451 2413 1520 qui
2450 1450 2736 1505 inhabitant
2772 1449 3095 1506 Hierusalem
3125 1468 3144 1504 :
3175 1450 3437 1506 Renovato
3474 1450 3604 1503 inter
3632 1464 3719 1503 vos
3760 1465 3856 1504 uo-

2252 1542 2478 1608 vitatem,
2503 1551 2549 1598 et
2577 1559 2639 1598 ne
2662 1543 3024 1598 seminaveritis
3061 1544 3116 1596 in
3158 1543 3345 1609 spinis,
3388 1540 3735 1595 eircumcidite
3766 1556 3853 1594 vos

2251 1632 2362 1689 Deo
2388 1645 2572 1702 vestro,
2604 1644 2651 1690 et
2680 1635 3027 1690 circumcidite
3052 1635 3362 1705 prteputium
3391 1632 3560 1688 cordis
3589 1632 3763 1697 vestri,
3790 1648 3854 1687 ne

2252 1735 2395 1781 exeat
2441 1726 2568 1779 sicut
2612 1727 2746 1797 ignis
2797 1728 2877 1781 ira
2921 1742 3033 1781 mea
3076 1737 3125 1781 et
3171 1735 3376 1791 exurat,
3413 1734 3460 1780 et
3499 1740 3600 1779 non
3647 1723 3711 1778 sit
3764 1722 3851 1791 qui

536 1839 630 1891 xv,
678 1823 755 1899 6).
803 1824 938 1880 Item
985 1822 1182 1878 Paulus
1221 1821 1288 1877 ad
1331 1821 1551 1878 Galatas
1585 1838 1598 1875 :
1630 1822 1889 1875 Abraham
1932 1821 2149 1876 credidit
2176 1828 2225 1889 Β
2253 1820 2541 1890 exstinguat
2583 1818 2758 1892 (Hier.
2793 1836 2870 1886 1v,
2912 1821 2967 1889 5,
3013 1818 3094 1891 4).
3135 1820 3271 1875 Item
3312 1818 3526 1891 Moyses
3561 1816 3690 1873 dicit
3738 1834 3752 1872 :
3785 1814 3854 1870 In

541 1915 653 1970 Deo
677 1958 693 1985 ,
738 1925 787 1969 et
841 1915 1138 1985 deputatum
1181 1923 1205 1951 ο
1236 1921 1309 1967 est
1339 1913 1385 1968 ei
1420 1912 1490 1967 ad
1521 1912 1793 1982 iustitiam.
1835 1912 2148 1984 Cognoscitis

541 2022 662 2078 ergo
710 2006 831 2077 quia
856 2005 945 2076 qui
992 2020 1056 2059 ea:
1088 2004 1192 2073 ﬁde
1239 2012 1401 2070 sunt,
1453 2004 1507 2057 hi
1542 2012 1662 2057 sunt
1707 2003 1802 2072 ﬁlii
1824 2000 1854 2039 ἀ
1897 2002 2142 2060 Abrahae.

537 2098 827 2155 Providens
851 2107 1021 2154 autem
1050 2097 1322 2168 Scriptura
1344 2098 1515 2152 divina
1538 2097 1660 2169 quia
1685 2113 1749 2152 ea:
1777 2098 1877 2165 ﬁde
1888 2099 2146 2169 justiﬁcat

545 2190 729 2248 Gentes
759 2190 918 2260 Deus,
950 2189 1306 2260 pranuntiavit
1326 2189 1547 2244 Abrahae
1570 2190 1690 2257 quia
1717 2188 2071 2243 benedicentur
2092 2191 2145 2244 in

536 2285 630 2343 illo
673 2301 846 2341 omnes
891 2293 1084 2357 gentes.
1128 2283 1300 2355 Igitur
1336 2284 1423 2353 qui
1468 2300 1531 2339 ea:
1579 2283 1681 2353 ﬁde
1712 2291 1851 2353 sunt,
1897 2283 2143 2341 benedicti

531 2390 652 2436 sunt
677 2397 796 2435 cum
821 2378 964 2449 ﬁdeli
987 2377 1248 2433 Abraham
1274 2376 1420 2448 (Gal.
1451 2393 1531 2444 111,
1560 2375 1707 2449 6-9).

536 2533 657 2576 CAP.
672 2533 747 2576 Vl.
761 2532 980 2583 —QUOD
1004 2530 1340 2573 BIERUSALEI
1359 2531 1646 2572 Ρειωιτυιι
1666 2531 1885 2586 εεειιιιτ,
1905 2532 1976 2573 ΕΤ
2003 2533 2140 2575 TER-

847 2627 957 2668 RAI
985 2626 1132 2676 ρωιι
1155 2625 1500 2667 ACCEPMT
1524 2626 1833 2668 ηιιετσιιι.

604 2749 762 2822 Apud
789 2747 1008 2805 Esaiam
1038 2767 1052 2804 :
1079 2745 1242 2804 Terra
1266 2757 1432 2805 vestra
1460 2748 1679 2817 deserta,
1708 2749 1938 2807 civitates
1958 2759 2140 2807 vestrae

531 2842 642 2916 igni
685 2853 914 2910 exustte;
956 2845 1213 2915 regionem
1259 2853 1478 2898 vestram
1531 2844 1585 2897 in
1633 2855 1907 2917 conspectu
1953 2855 2135 2914 vestro,

530 2936 688 2992 alieni
710 2945 734 2973 θ
761 2936 1024 2991 comedent
1049 2952 1162 2990 eam
1176 2953 1197 3001 ;
1232 2945 1278 2989 et
1315 2935 1515 2990 deserta
1548 2944 1596 2990 et
1621 2936 1861 2992 subversa
1884 2955 1918 2993 a
1937 2939 2141 3010 populis

529 3028 712 3085 alienis
750 3027 1125 3097 derelinquetur
1153 3027 1266 3097 ﬁlia
1304 3026 1455 3095 Sion,
1483 3028 1612 3083 sicut
1640 3045 1760 3084 casa
1795 3030 1850 3084 in
1893 3031 2058 3097 vinea,
2092 3038 2140 3086 et

528 3120 659 3175 sicut
703 3119 1075 3175 custodiarium
1120 3119 1177 3173 in
1219 3121 1591 3187 cucumerario,
1623 3122 1769 3193 quasi
1810 3122 1987 3177 civitas
2023 3138 2139 3192 quae

2247 1913 2535 1968 novissimis
2579 1912 2755 1968 diebus
2794 1912 3120 1969 circumcidet
3163 1911 3301 1969 Deus
3346 1927 3435 1967 cor
3486 1920 3631 1965 tuum
3673 1919 3723 1964 et
3764 1925 3855 1963 cor

2246 2005 2455 2060 seminis
2484 2006 2559 2059 tui
2585 2005 2652 2059 ad
2675 2004 2949 2060 Dominum
2980 2003 3146 2059 Deum
3174 2003 3448 2059 amandum
3490 2001 3663 2075 (Deut.
3713 2016 3847 2065 xxx,

2248 2096 2327 2171 6).
2374 2099 2509 2154 Item
2555 2099 2695 2169 apud
2743 2099 2927 2156 Jesum
2978 2098 3125 2155 Nave
3154 2117 3166 2153 :
3197 2097 3263 2152 Et
3309 2096 3438 2152 dixit
3477 2094 3730 2150 Dominus
3772 2095 3846 2149 ad

2243 2190 2426 2246 Jesum
2476 2209 2495 2247 :
2538 2191 2651 2248 Fac
2697 2194 2785 2263 tibi
2830 2193 3062 2249 cultellos
3099 2176 3321 2263 petriuos
3358 2189 3508 2244 nimis
3550 2199 3753 2255 acutos,
3801 2195 3851 2242 et

2246 2284 2475 2338 assidens
2521 2285 2828 2341 circumcide
2869 2285 3089 2340 secundo
3130 2295 3156 2334 ι)
3202 2283 3338 2354 ﬁlios
3375 2280 3542 2337 Israe'l
3572 2281 3757 2352 (Josue
3791 2297 3849 2349 ν,

2243 2375 2325 2449 2).
2357 2377 2486 2433 Item
2524 2376 2720 2435 Paulus
2759 2379 2826 2435 ad
2856 2378 3204 2436 Colossenses
3236 2397 3252 2433 :
3282 2376 3585 2432 Circumcisi
3621 2376 3717 2431 esti
3749 2378 3852 2429 cir-

2244 2470 2550 2525 cumcisione
2587 2487 2689 2526 non
2730 2476 3026 2543 manufacta
3061 2473 3117 2525 in
3139 2469 3508 2541 exspoliatione
3544 2469 3735 2536 carnis,
3760 2468 3849 2523 sed

2242 2566 2300 2619 in
2336 2567 2721 2621 circumcisione
2755 2566 2943 2622 Christi
2984 2565 3204 2639 (Coloss.
3235 2582 3306 2631 11,
3360 2563 3471 2637 11).
3517 2562 3673 2627 Item,
3706 2563 3849 2636 quod

2242 2656 2415 2713 Adam
2466 2659 2674 2731 primus
2711 2674 2742 2715 a
2774 2659 2884 2716 Deo
2929 2659 3101 2716 factus
3145 2659 3571 2723 incircumcisus,
3613 2668 3668 2713 et
3713 2657 3848 2713 Abel

2238 2751 2454 2823 justus,
2507 2762 2563 2808 et
2609 2751 2837 2822 Enoch,
2892 2755 2981 2825 qui
3034 2754 3146 2809 Deo
3204 2752 3407 2824 placuit
3453 2762 3510 2810 et
3559 2751 3849 2808 translatus

2243 2854 2366 2913 est;
2394 2854 2449 2902 et
2496 2845 2642 2916 Noe,
2685 2847 2797 2918 qui,
2853 2847 3010 2903 terris
3069 2845 3482 2918 hominibusque
3533 2844 3602 2901 ob
3646 2844 3843 2900 delicta

2244 2939 2593 3010 pereuntibus
2615 2951 2664 3007 ει,
2714 2939 2864 2996 solus
2912 2940 2967 2995 in
3010 2955 3118 3011 quo
3170 2939 3466 2995 humanum
3512 2952 3679 3010 genus
3728 2951 3848 2992 ser-

2241 3042 2459 3090 varetur
2484 3034 2687 3091 electus
2714 3043 2837 3101 est;
2866 3042 2921 3089 et
2944 3033 3334 3090 Melchisedech
3358 3030 3631 3100 sacerdos,
3655 3045 3851 3087 secun—

2241 3123 2369 3180 dum
2420 3125 2574 3196 cujus
2618 3125 2861 3182 ordinem
2906 3124 3153 3180 Christus
3195 3124 3554 3196 repromissus
3597 3131 3697 3189 est,
3733 3131 3847 3178 tum

527 3221 867 3284 expugnatur.
905 3210 971 3266 Et
999 3211 1099 3265 nisi
1123 3210 1377 3266 Dominus
1403 3210 1633 3268 Sabaoth
1667 3214 1952 3285 reliquisset
1988 3217 2133 3273 nobis
2160 3226 2205 3292 (ς
2238 3220 2380 3293 quod
2429 3221 2561 3277 illud
2607 3218 2943 3293 signaculum
2986 3220 3208 3275 seminis
3258 3233 3370 3274 non
3411 3216 3647 3291 proﬁcit,
3688 3216 3853 3289 signo

526 3318 718 3368 semen,
745 3300 894 3372 quasi
922 3300 1151 3355 Sodoma
1182 3301 1473 3368 fuissemus,
1507 3311 1555 3357 et
1579 3304 1727 3374 quasi
1756 3304 2043 3361 Gomorrha
2064 3308 2139 3362 si-

532 3393 831 3447 milaremur
859 3390 879 3430 ί
918 3389 1078 3463 (Isa.,
1107 3408 1148 3459 1,
1186 3390 1334 3465 7-9).
1367 3393 1501 3449 item
1548 3394 1604 3449 in
1634 3396 1924 3469 Evangelio
1953 3401 2140 3457 Domi-

504 3472 508 3477 ’
530 3498 635 3539 nus
660 3483 791 3559 dicit
816 3502 830 3540 :
857 3482 1204 3551 Hierusalem,
1236 3482 1581 3552 Hierusalem,
1606 3504 1722 3551 aute
1741 3493 1931 3547 occidis
1954 3503 1978 3542 8
2003 3492 2142 3550 Pro-

540 3585 740 3652 phetas,
794 3590 840 3637 et
871 3578 1073 3650 lepidas
1108 3581 1289 3633 missos
1314 3579 1385 3634 ad
1432 3589 1512 3650 te,
1543 3584 1737 3653 quoties
1763 3586 1899 3640 volui
1924 3603 2138 3661 congre-

531 3689 654 3745 gare
678 3672 813 3742 ﬁlios
850 3679 963 3726 tuos
983 3667 1033 3738 ιι,
1058 3670 1189 3725 sicut
1228 3670 1423 3742 gallina
1462 3672 1633 3744 pullos
1661 3671 1678 3709 ί
1711 3676 1805 3729 sub
1824 3676 1935 3732 alas
1974 3682 2137 3734 suas!

535 3777 585 3824 et
611 3766 843 3823 noluisti.
884 3764 1019 3820 Ecce
1047 3763 1360 3836 relinquetur
1384 3765 1566 3821 vobisi
1600 3768 1782 3825 domus
1838 3781 2004 3827 vestra
2046 3774 2134 3829 de-

540 3868 673 3915 serta
695 3856 725 3896 ιι
754 3857 966 3933 (Matth.
995 3873 1148 3927 χχιιι,
1178 3858 1269 3927 57,
1300 3855 1414 3933 58).

534 4012 652 4053 cu.
684 4010 1008 4053 v11.-—m:11
1029 4010 1167 4060 quon
1187 3993 1424 4053 essnurl
1452 4013 1695 4057 nissum
1716 4016 1896 4060 LUIEN
1926 4010 2127 4063 notam.

604 4131 760 4204 Apud
797 4130 1012 4186 Esaiam
1053 4147 1068 4184 :
1105 4128 1302 4198 Venite,
1342 4132 1659 4190 ambulemus
1698 4138 1754 4190 in
1794 4137 1987 4195 lumine
2024 4139 2135 4198 Do-

533 4227 679 4283 mini.
707 4224 917 4281 Dimisit
944 4224 1078 4279 enim
1106 4224 1353 4295 populum
1380 4241 1530 4279 suum
1559 4227 1766 4284 domum
1805 4230 1975 4287 lsraél
1995 4234 2132 4309 (Isa.

530 4337 599 4390 11,
632 4322 686 4388 5,
715 4318 795 4391 6).
824 4318 954 4374 Item
984 4317 1039 4372 in
1077 4316 1368 4387 Evangelio
1395 4332 1496 4374 suo
1522 4328 1642 4376 cata
1667 4320 1931 4380 Joannem
1967 4345 1980 4381 :
2013 4326 2143 4382 Fuit

537 4415 708 4471 lumen
748 4427 923 4468 verum
967 4409 1103 4480 quod
1131 4409 1390 4465 illumth
1414 4425 1612 4467 onmem
1653 4414 1910 4472 hominem
1934 4419 2138 4474 venienr

2245 3323 2426 3372 autem
2480 3315 2693 3372 Domini
2734 3330 2924 3372 omnes
2966 3312 3266 3385 signantur.

2243 3466 2364 3507 CAP.
2380 3466 2451 3507 ιιι.
2467 3464 2691 3516 -ρυοιι
2715 3466 2816 3507 ιιι
2842 3464 3019 3517 ινκιοιι,
3040 3464 3157 3514 QUAE
3191 3465 3293 3505 PER
3323 3462 3524 3508 IIOYSEN
3548 3458 3686 3504 DATA
3711 3458 3840 3517 ιιετ,

2386 3558 2391 3563 ’
2778 3558 3078 3600 αιιεθλτυιιι
3107 3558 3290 3601 ESSET.

2318 3678 2474 3749 Apud
2521 3679 2737 3737 Esaiam
2787 3700 2802 3738 :
2846 3679 2991 3737 Tunc
3030 3684 3291 3754 manifesti
3327 3692 3473 3738 erunt
3511 3681 3601 3753 qui
3641 3682 3846 3754 sigth

2239 3770 2447 3844 Legem,
2497 3789 2560 3827 ne
2608 3775 2806 3829 discant
2838 3784 2884 3831 ι’.
2935 3774 3001 3829 Et
3044 3776 3219 3831 dicetS
3258 3793 3271 3830 :
3335 3775 3591 3848 Exspecto
3627 3776 3841 3842 Deum,

2238 3865 2326 3935 qui
2354 3865 2529 3918 avertit
2556 3866 2740 3936 faciem
2764 3882 2911 3920 suam
2934 3883 2966 3919 a
2994 3867 3145 3921 domo
3181 3866 3363 3936 Jacob,
3398 3878 3446 3924 et
3473 3869 3639 3938 [idens
3676 3884 3760 3923 ero
3788 3869 3846 3922 in

2237 3957 2387 4012 illum
2432 3956 2566 4030 (lsa.
2598 3974 2723 4024 vm,
2758 3960 2845 4027 16,
2880 3956 2989 4031 17).
3029 3959 3167 4015 Item
3193 3961 3245 4015 in
3286 3954 3576 4033 Evangeﬁo
3608 3979 3622 4016 :
3656 3960 3847 4017 Omnes

2240 4049 2518 4122 Propheta
2563 4061 2609 4107 et
2650 4051 2761 4108 Leo:
2801 4068 2958 4124 usque
2994 4054 3067 4107 ad
3110 4052 3366 4110 locum:
3410 4054 3845 4127 prophetatmunt

2240 4141 2457 4214 (Matth.
2488 4160 2571 4213 x1,
2595 4145 2705 4215 15).

2416 4294 2538 4336 CAP.
2570 4296 2625 4335 Χ.
2659 4311 2728 4322 --
2752 4295 2887 4344 QUOD
2916 4297 3021 4339 LEX
3046 4296 3185 4339 NOVA
3215 4299 3338 4340 DAN
3388 4294 3660 4342 HABERET.

2293 4421 2448 4493 Apud
2469 4421 2744 4478 Miclneam
2767 4441 2780 4480 :
2800 4422 3053 4490 Quoniam
3072 4420 3179 4479 Lex
3191 4424 3256 4480 de
3268 4421 3397 4481 Sion
3411 4425 3777 4497 proﬁcisaetta',
3794 4429 3844 4479 et

1748 4533 2131 4595 LECTIONES
2168 4539 2255 4595 VA
2267 4538 2576 4596 RIANTES.

597 4653 628 4722 ξ
661 4651 792 4722 Quia
818 4652 1049 4722 scriptum
1084 4655 1183 4713 est,
1207 4655 1261 4700 et
1296 4650 1494 4712 oportet
1530 4647 1656 4701 Bod.
1684 4648 1733 4711 1,
1766 4650 1813 4712 2,
1835 4652 1884 4715 5,
1909 4652 1956 4702 4.
1994 4654 2127 4705 Lam.
2154 4661 2209 4722 D
2243 4651 2324 4722 __i
2364 4652 2493 4722 Ecce
2545 4656 2770 4706 mittetur
2806 4655 2946 4706 vobis
2996 4654 3121 4705 Bod.
3169 4655 3215 4717 l,
3249 4654 3299 4716 2,
3334 4655 3387 4720 5,
3434 4655 3481 4705 4.
3535 4650 3859 4708 Remittetur

533 4714 716 4770 NCJ.
750 4718 885 4767 Voss.
912 4717 959 4767 5.

593 4776 625 4816 b
661 4778 783 4829 Fide
804 4780 942 4827 vivet
963 4776 1070 4827 ΝΟ.
1094 4775 1141 4825 1.
1170 4772 1296 4825 Bod.
1323 4774 1371 4836 1,
1397 4774 1446 4825 4.
1480 4773 1614 4825 Tert.

594 4843 620 4872 θ
656 4838 952 4900 Reputatum
972 4839 1095 4890 Bod.
1129 4840 1172 4901 1,
1199 4840 1248 4887 2.

596 4901 626 4943 ἆ
657 4903 814 4953 Judaei
837 4903 968 4952 Lam.
1434 4932 1447 4947 .

600 4968 645 5055 επ
660 4966 970 5055 Alienigena:
989 4962 1252 5055 cpmﬁdent
1275 4962 1394 5013 Ben.
1417 4964 1508 5013 Ar.
1534 4961 1639 5015 Lin.
1663 4962 1772 5015 ΝΟ.
1792 4965 1839 5028 1,
1864 4965 1910 5016 2.
1938 4968 2061 5020 Bod.
2089 4970 2137 5033 1,

537 5031 590 5092 2,
616 5030 666 5089 5,
693 5029 740 5076 4.
781 5032 913 5079 Voss.
942 5029 991 5087 5,
1012 5028 1060 5076 4.
1084 5029 1211 5075 Mor.
2122 5028 2133 5033 '

601 5087 624 5127 ί
663 5090 864 5141 Similes
897 5102 1120 5141 essemus
1140 5091 1230 5138 Ar.
1256 5086 1364 5138 NG.
1388 5087 1437 5136 2.
1473 5087 1812 5141 Similaremus
1850 5091 1974 5144 Thu.
1999 5095 2138 5147 Foss.

540 5152 907 5279 coibimeracis
936 5212 1056 5279 Tha.
1076 5278 1079 5279 ν
1101 5212 1227 5264 Bod.
1256 5213 1373 5279 μδ,
1399 5211 1611 5279 ιηρρτυ.
1648 5218 1786 5279 Voss.
1812 5218 1863 5279 δ,
1898 5218 1945 5268 4.

597 5276 981 5346 h‘LCongl-egare
1015 5275 1144 5346 ﬁlios
1165 5279 1254 5326 Ar.
1284 5277 1416 5346 Lam.
1444 5276 1553 5327 ΝΟ.
1584 5278 1629 5339 1,
1666 5278 1713 5327 2.
1744 5275 2060 5346 Congregare
2086 5287 2138 5333 te

537 5346 591 5392 et
611 5340 733 5393 ﬁlios
766 5340 900 5394 Voss.
934 5343 983 5390 4.
1009 5340 1254 5403 Colligere
1285 5340 1443 5390 Oxon.

604 5403 622 5445 ί
660 5406 837 5470 Aquila
858 5403 1014 5469 pullos
1044 5417 1159 5455 suos
1176 5403 1300 5454 Bod.
1321 5403 1368 5453 5.

2242 4719 2380 4767 Voss.
2404 4719 2452 4765 5.

2302 4779 2330 4818 ιι
2364 4779 2575 4829 Deserta
2596 4779 2728 4832 abest
2747 4795 2777 4831 a
2798 4783 2890 4830 Ar.
2917 4781 3037 4831 Ben.
3066 4782 3151 4831 Er.
3187 4784 3302 4833 V'er.
3327 4782 3461 4832 Man.
3504 4780 3641 4834 Voss.
3667 4782 3715 4833 4.

2306 4841 2326 4880 1
2369 4842 2542 4891 Essent
2561 4843 2719 4893 Judaei
2744 4846 2964 4894 amissuri
2994 4845 3124 4892 Lam.

2302 4903 2343 4933 ω
2378 4903 2598 4954 Veniens
2623 4907 2670 4954 in
2697 4908 2826 4956 hunc
2849 4907 3082 4955 mundum
3116 4909 3232 4955 Ver.
3257 4907 3435 4955 Benev.

2306 4969 2333 5032 ’7
2368 4965 2607 5032 ﬂamines
2628 4968 2758 5018 abest
2782 4982 2813 5018 a
2838 4971 2968 5020 Lam.
2992 4969 3099 5019 ΝΟ.
3131 4971 3174 5019 1.
3210 4975 3344 5020 Voss.
3369 4970 3418 5032 5,
3445 4968 3492 5019 4.

2308 5031 2332 5057 ο
2369 5029 2470 5077 Viri
2504 5030 2628 5081 Juda
2656 5032 2798 5081 Corb.

2310 5095 2337 5134 ν
2371 5090 2582 5143 Ahscide
2608 5095 2742 5145 Fass.
2770 5094 2979 5144 Adscide
3003 5094 3283 5145 Thu.Corb.
3302 5093 3481 5145 Asside
3498 5093 3608 5144 NC.
3633 5092 3679 5142 1.
3705 5093 3842 5142 Lm.

2242 5155 2306 5205 Et
2328 5154 2525 5205 abscide
2550 5170 2601 5208 et
2618 5157 2938 5208 circumscide
2978 5162 3115 5210 Voss.
3141 5161 3190 5207 5.
3224 5159 3287 5209 lit
3302 5157 3427 5207 sede
3455 5156 3592 5208 Voss.
3614 5157 3661 5205 4.

2307 5222 2333 5261 (ι
2369 5217 2536 5283 Quiin
2561 5224 2710 5270 terris
2743 5222 2969 5271 omnibus
2992 5224 3055 5271 oh
3077 5221 3260 5271 delicta
3288 5221 3395 5271 XC.
3426 5223 3473 5283 1,
3499 5221 3547 5271 2.
3575 5216 3677 5271 Litt.
3708 5219 3846 5268 Lam.

2242 5284 2365 5333 Bod.
2392 5285 2432 5341 ι,
2460 5281 2504 5341 2,
2529 5285 2577 5344 5,
2600 5285 2644 5333 4.
2665 5285 2839 5335 Benev.
2872 5287 2985 5334 Ver.
3018 5287 3151 5335 Man.
3182 5286 3315 5336 Voss.
3339 5286 3389 5334 5.

2305 5348 2328 5377 ι’
2365 5349 2440 5398 Nc
2457 5348 2709 5397 discedunt
2732 5346 2853 5396 Bod.
2886 5349 2928 5397 4.

2307 5413 2329 5439 ³
2366 5411 2426 5462 Ει
2446 5411 2584 5461 dices
2604 5419 2843 5476 exspecto
2865 5409 2966 5461 Lin.
2992 5410 3099 5463 NG.
3127 5410 3257 5463 Lam.
3282 5410 3405 5461 Bod.
3435 5410 3482 5474 t,
3508 5410 3558 5471 2,
3576 5408 3773 5461 ινοω.
3798 5405 3850 5459 4r.

1786 5508 2029 5568 STEPll.
2072 5512 2346 5572 BALUZII
2383 5516 2613 5575 NOTAE.

610 5628 744 5683 CAP.
774 5625 842 5680 ν.
874 5653 947 5666 —-
972 5621 1231 5679 Benedicti
1267 5632 1403 5678 sunt.
1433 5621 1609 5680 Codex
1626 5623 2159 5699 Burgundicusjusti-
2257 5631 2498 5704 peritus,
2542 5634 2596 5687 in
2629 5642 2894 5703 praecepto
2931 5631 3197 5704 Stephani
3237 5630 3461 5704 papae]!
3497 5632 3566 5704 de
3597 5629 3856 5704 boSpitali

541 5698 777 5765 ﬁcantur.

615 5746 1383 5834 EXeLVlIP-Cataloannem.
1418 5763 1492 5819 ita
1521 5746 1735 5834 semper
1764 5766 1885 5822 libri
1917 5778 2147 5829 veteres.

545 5831 635 5890 Sic
660 5837 820 5892 etiam
853 5833 1423 5903 scripsitSirmondus,
1461 5831 1703 5904 quamuis
1740 5852 1929 5909 graeca:
1960 5840 2151 5912 lingua:

2256 5701 2497 5777 ljnmuno
2521 5746 2534 5772 ,
2580 5701 2710 5777 cata
2734 5701 2887 5762 Galla
2919 5701 3181 5777 Patricia,
3230 5701 3362 5762 tom.
3404 5702 3451 5762 Π
3484 5702 3856 5765 Conciliorum

2255 5772 2461 5843 Galliae,
2496 5791 2614 5850 pag.
2650 5775 2738 5832 58.
