4230 6282
302 362 411 421 685

1520 354 2078 422 TES'I’IMONIORUM
2114 354 2318 421 LIBER
2354 364 2397 418 Ῑ.

3506 367 3616 427 686

307 494 473 537 sermo
488 475 699 535 Domini
718 478 783 534 de
794 470 1143 535 Hierusalem.
1163 475 1234 533 Et
1250 466 1500 551 judicabit
1514 478 1645 533 inter
1664 479 1908 549 plurimos
1932 475 1989 539 Α
2014 476 2235 550 Spiritu,
2280 493 2383 531 non
2414 483 2576 548 potest
2600 477 2813 535 introire
2839 478 2895 534 in
2914 493 3123 553 regnum
3159 476 3278 537 Dei.
3304 478 3458 548 Quod
3478 482 3612 539 enim

309 573 547 646 populos,
568 581 614 627 et
633 572 848 627 revincet
871 580 920 627 et
937 572 1128 644 deteget
1144 571 1340 626 validas
1355 572 1583 627 nationes
1613 570 1799 645 (Ilion.
1825 586 1897 641 ιν,

307 669 424 737 2'5).
445 667 573 724 Item
597 667 737 739 apud
760 668 970 723 Esaiam
997 685 1012 724 :
1039 666 1123 722 De
1146 667 1276 724 Sion
1302 668 1435 722 enim
1458 666 1690 737 procedet
1708 665 1832 734 Lex,
1857 674 1904 721 et

308 762 512 818 uerbum
534 761 746 817 Domini
766 762 830 817 de
850 761 1172 817 Hierusalem
1190 772 1240 829 α,
1263 774 1309 817 et
1319 762 1571 835 judicabit
1587 762 1719 816 inter
1738 770 1905 833 gentes

312 854 417 925 (Is.
452 871 524 919 χι,
551 854 604 919 5,
634 855 717 926 4).
747 852 879 909 Item
920 854 971 908 in
1002 853 1291 925 Evangelio
1321 861 1437 908 cata
1464 851 1769 907 Matthzeum
1797 870 1811 907 :
1840 850 1905 906 Et

306 964 423 1002 ecce
449 962 546 1002 vox
571 947 635 1001 de
663 946 795 1001 nube
826 945 998 1001 dicens
1026 961 1045 999 :
1072 944 1174 999 Hic
1203 953 1277 999 est
1304 943 1471 999 Filius
1503 960 1645 998 nteus
1679 942 1906 997 dilectis-

306 1043 486 1110 simus,
509 1041 561 1095 in
582 1056 682 1113 quo
701 1040 823 1096 bene
846 1038 979 1095 sensi
1006 1056 1025 1105 ;
1049 1038 1216 1108 ipsum
1237 1037 1412 1092 audite
1430 1035 1644 1111 (Matth.
1671 1051 1799 1104 xvn,
1824 1034 1905 1107 5).

311 1171 431 1214 CAP.
475 1172 552 1214 XI.
599 1184 672 1199 ·-·
718 1171 856 1222 QUOD
904 1168 1190 1211 DISPOSI‘I‘IO
1251 1169 1367 1209 ALIA
1406 1169 1475 1210 ET
1512 1164 1907 1209 TESTAHENTUII

787 1263 963 1305 NOVUI
994 1263 1117 1303 DARI
1146 1261 1410 1303 HABERET.

379 1359 538 1432 Apud
563 1360 886 1418 Hieremiam
913 1378 926 1414 :
955 1357 1093 1414 Ecce
1110 1360 1218 1414 dies
1239 1358 1462 1425 veniunt,
1492 1358 1613 1413 dicit
1631 1355 1906 1427 Dominus,

309 1462 358 1509 et
400 1454 763 1510 consummabo
805 1453 983 1509 domui
1019 1452 1188 1507 Israel
1207 1462 1257 1507 et
1296 1453 1469 1507 domui
1492 1451 1634 1507 Iuda
1678 1452 1707 1491 ι)
1749 1460 1907 1508 testa-

315 1556 541 1604 mentum
564 1563 767 1614 nouum,
793 1562 896 1602 non
925 1546 1203 1602 secundum
1232 1555 1585 1601 testamentum
1617 1546 1752 1617 quod
1804 1545 1910 1602 dis-

310 1642 461 1713 posui
497 1641 725 1713 patribus
744 1656 918 1697 eorum
948 1640 1003 1695 in
1039 1640 1122 1694 die
1144 1656 1246 1711 qua
1274 1639 1587 1711 apprehendi
1615 1655 1796 1695 manus
1818 1654 1910 1695 eo-

308 1751 426 1790 rum
459 1744 515 1790 ut
542 1736 802 1791 educerem
829 1749 912 1789 eos
936 1733 1001 1788 de
1030 1743 1165 1788 terra
1188 1730 1412 1804 Ᾰῐρυριί
1434 1744 1481 1800 ο,
1512 1733 1633 1802 quia
1660 1748 1761 1787 non
1795 1747 1912 1802 per-

308 1838 606 1883 manserunt
659 1828 715 1881 in
750 1834 1045 1883 testamento
1072 1840 1205 1892 meo,
1232 1833 1279 1878 et
1308 1840 1399 1896 ego
1424 1824 1625 1896 neglexi
1651 1840 1754 1891 eos,
1787 1824 1912 1879 dicit

312 1919 585 1976 Dominus.
611 1920 746 1987 Quia
767 1919 865 1973 Itoc
912 1925 1261 1974 testamentum
1285 1917 1419 1987 quod
1443 1916 1712 1987 disponam
1739 1916 1911 1971 domui

310 2015 480 2071 Israel
510 2023 623 2085 post
652 2014 760 2069 dies
782 2014 931 2080 illos,
965 2014 1089 2068 dicit
1114 2010 1392 2068 Dominus.
1420 2010 1565 2066 D‘ans
1592 2012 1724 2084 leges
1748 2026 1910 2078 meas,

311 2110 363 2165 in
391 2126 595 2166 sensttm
622 2109 829 2164 illorum
856 2107 1075 2164 scribam
1103 2107 1243 2174 illas,
1271 2115 1321 2161 et
1340 2122 1424 2161 ero
1452 2105 1556 2160 illis
1575 2106 1628 2159 in
1652 2102 1839 2170 Deum,
1864 2111 1913 2159 et

313 2204 411 2275 ipsi
441 2212 586 2258 erunt
607 2203 735 2258 milii
760 2203 816 2257 in
842 2190 1059 2274 plebem,
1090 2209 1136 2256 et
1164 2216 1266 2256 non
1294 2199 1543 2255 docebunt
1570 2199 1916 2270 unusquisque

314 2294 523 2366 fratrem
545 2313 696 2352 suum
719 2295 940 2351 dicentes
967 2310 986 2349 :
1007 2293 1261 2366 Dignosce
1274 2292 1573 2361 Dominum,
1596 2291 1715 2364 quia
1739 2306 1915 2347 omnes

314 2389 470 2444 scient
495 2406 575 2444 me
590 2406 621 2443 a
637 2390 846 2444 minimo
862 2404 1022 2459 usque
1043 2388 1110 2442 ad
1128 2388 1409 2443 maximum
1431 2403 1629 2453 eorum,
1658 2387 1776 2456 quia
1793 2400 1912 2457 pro-

316 2480 467 2550 pitius
490 2497 575 2536 ero
595 2480 944 2551 iniquitatibus
970 2496 1167 2546 eorum,
1193 2488 1241 2534 et
1268 2488 1588 2551 peccatorum
1610 2493 1785 2535 eorum
1810 2492 1913 2533 non

318 2572 403 2628 ero
436 2589 627 2628 memor
652 2573 873 2644 amplius
913 2570 1089 2647 (Hier.
1117 2587 1265 2639 xxxx,
1296 2570 1513 2642 51-54).

414 2719 534 2762 CAP.
565 2721 661 2762 XII.
692 2735 765 2747 —
792 2718 929 2771 QUOD
952 2720 1209 2763 BAP'I'ISMA
1240 2720 1414 2762 VETUS
1458 2716 1725 2761 CESSABE'I'
1760 2718 1831 2760 ET

851 2814 1029 2858 NOVUK
1065 2816 1366 2858 INCIPERE'I'.

385 2914 542 2986 Apud
584 2912 797 2972 Esaiam
831 2933 843 2970 :
876 2913 1052 2972 Nolite
1094 2934 1211 2990 ergo
1258 2917 1428 2988 priora
1456 2912 1481 2953 δ
1512 2915 1830 2985 meminisse,
1862 2921 1911 2972 et

316 3009 525 3080 antiqua
545 3002 700 3063 nolite
727 3020 980 3081 reputare.
1006 3008 1140 3065 Ecce
1156 3010 1290 3080 facio
1310 3026 1437 3065 nova
1457 3025 1570 3081 qua:
1596 3026 1731 3063 nunc
1749 3009 1913 3064 orien-

220 3164 237 3175 ο
317 3112 418 3170 tur,
444 3111 489 3155 et
519 3102 846 3174 cognoscetis,
882 3111 928 3157 et
950 3103 1137 3173 faciam
1167 3103 1222 3158 in
1246 3103 1441 3159 deserto
1462 3102 1597 3157 viam
1628 3112 1674 3158 et
1694 3102 1913 3173 ﬂumina

316 3196 371 3249 in
385 3195 495 3250 loco
519 3197 761 3267 inaquoso
778 3197 1035 3266 adaquare
1054 3213 1210 3268 genus
1227 3213 1395 3251 meum
1415 3195 1627 3251 electum
1652 3204 1697 3261 ο,
1719 3194 1913 3266 plebem

1939 1882 1989 1944 B

2007 578 2183 625 natum
2213 580 2283 623 est
2310 568 2373 623 de
2411 585 2565 625 carne
2588 587 2708 626 caro
2733 579 2825 640 est,
2854 579 2901 626 et
2945 572 3083 645 quod
3106 581 3282 629 natum
3306 584 3379 631 est
3408 574 3472 631 de
3499 575 3608 647 spi-

2006 661 2105 715 ritu
2143 659 2354 731 spiritus
2380 671 2452 716 est
2480 660 2661 733 (Ioan.
2695 677 2772 726 nt,
2797 662 2850 731 5,
2873 661 2962 735 6).

2006 794 2126 836 CAP.
2166 794 2279 835 XIII.
2341 808 2415 820 ·-·
2453 794 2593 845 QUOD
2640 795 2811 837 JUGUH
2864 795 3033 838 VETUS
3091 798 3479 841 EVACUARETUR
3537 797 3608 844 ET

2450 887 2621 929 JUCUM
2658 886 2837 928 NOVUM
2890 889 3161 931 DARE'I'UR.

2079 984 2137 1040 In
2179 984 2392 1040 Psalmo
2419 1000 2456 1041 Il
2484 1004 2497 1041 :
2529 985 2611 1039 Ad
2643 986 2767 1054 quid
2797 988 3114 1044 tumultuatw
3139 998 3255 1045 sunt
3285 988 3305 1029 1
3338 999 3530 1061 gentes,
3560 1000 3609 1048 et

2008 1077 2187 1150 populi
2207 1078 2435 1132 meditati
2461 1087 2579 1133 sunt
2609 1079 2785 1133 inania
2805 1079 2832 1133 ?
2864 1079 3177 1136 Adstiterunt
3198 1091 3237 1119 ιη
3265 1100 3409 1155 reges
3439 1093 3609 1154 terras,

2007 1179 2056 1226 et
2094 1172 2349 1244 principes
2390 1173 2590 1228 collecti
2616 1180 2645 1209 η
2672 1182 2793 1229 sunt
2835 1174 2891 1229 in
2950 1190 3110 1230 unum
3137 1176 3379 1232 adversus
3421 1176 3610 1234 Domi-

2009 1283 2131 1321 nunt
2159 1276 2206 1322 et
2232 1266 2475 1324 adversus
2511 1266 2770 1344 Christum
2797 1268 2928 1340 ejus.
2979 1266 3379 1343 Disrumpamus
3405 1272 3613 1327 uincula

2009 1375 2206 1428 eorum,
2257 1369 2305 1415 et
2349 1360 2652 1431 abjiciamus
2677 1377 2710 1414 a
2751 1361 2894 1416 nobis
2922 1369 2946 1397 ο
2965 1361 3155 1433 jugum
3184 1379 3359 1418 eorum
3390 1362 3517 1436 (Ps.
3549 1380 3616 1431 ιι,

2011 1452 2168 1525 1-5).
2212 1450 2348 1509 Item
2386 1452 2439 1509 in
2486 1452 2777 1524 Evangelio
2819 1461 2941 1509 cata
2988 1452 3297 1510 Matthaeum
3346 1454 3610 1512 Dominus

2010 1543 2171 1601 dicit:
2207 1544 2381 1601 Venite
2399 1546 2468 1601 ad
2487 1563 2584 1615 me,
2615 1562 2791 1602 omnes
2809 1547 2896 1619 qui
2915 1546 3158 1603 laboratis
3174 1556 3219 1604 et
3246 1549 3443 1604 onerati
3467 1548 3607 1617 estis,

2010 1645 2060 1693 et
2084 1653 2175 1709 ego
2217 1654 2306 1693 vos
2331 1638 2641 1709 requiescere
2684 1638 2873 1710 faciam
2900 1648 2950 1692 P.
3001 1638 3189 1695 Tollite
3215 1642 3402 1712 jugum
3447 1656 3617 1697 nteum

2011 1745 2166 1801 super
2189 1745 2295 1797 vos,
2316 1730 2550 1803 et§discite
2573 1746 2607 1784 a
2629 1740 2749 1784 mea
2772 1731 2893 1800 quia
2904 1731 3042 1786 mitis
3056 1746 3172 1786 sum
3195 1741 3244 1787 et
3268 1733 3477 1788 humilis
3490 1748 3613 1789 cor-

2015 1821 2109 1889 de,
2166 1832 2213 1877 et
2251 1822 2514 1878 invenietis
2556 1822 2779 1893 requiem
2823 1822 3093 1877 animabus
3137 1825 3336 1880 vestris.
3414 1824 3612 1897 Iugum

2016 1916 2148 1971 enim
2165 1932 2330 1972 meum
2344 1917 2527 1971 bonum
2540 1924 2613 1971 est
2632 1925 2654 1952 τ
2670 1924 2715 1970 et
2728 1916 2930 1970 sarcina
2945 1914 3064 1979 levis
3079 1916 3293 1987 (Matth.
3311 1916 3615 1991 11,28-50).

2016 2010 2170 2081 Apud
2187 2008 2512 2067 Hieremiam
2529 2008 2617 2063 :ln
2636 2008 2728 2063 illa
2749 2017 2769 2045 ε
2795 2007 2877 2064 die
2891 2008 3236 2064 contribulabo
3253 2011 3480 2082 juguma
3502 2026 3617 2066 cer-

2015 2104 2120 2157 vice
2136 2104 2342 2159 illorum
2363 2112 2408 2159 et
2425 2102 2628 2157 vincula
2642 2098 2845 2157 illorum
2860 2101 3212 2173 disrumpam;
3234 2112 3283 2157 et
3306 2120 3406 2159 non
3426 2120 3616 2175 opera-

2018 2196 2206 2251 buntur
2241 2196 2377 2261 aliis,
2410 2195 2500 2250 sed
2545 2193 2892 2266 aperabuntur
2933 2193 3154 2249 Domino
3198 2193 3329 2263 Deo,
3365 2205 3413 2252 et
3448 2196 3619 2254 David

2017 2304 2187 2359 regem
2213 2288 2465 2343 suscitabo
2494 2288 2622 2360 ipsis
2646 2286 2831 2359 (Hier.
2863 2300 3000 2355 xxx,
3031 2286 3087 2355 8,
3117 2286 3208 2361 9).

2094 2418 2213 2460 cup.
2240 2418 2352 2459 xxv.
2398 2431 2470 2443 —-
2510 2418 2648 2468 quon
2673 2398 2940 2460 ptsrones
2981 2418 3222 2461 vernans
3259 2419 3551 2463 CESSATUBI

2399 2513 2617 2565 ESSENT,
2648 2514 2718 2554 ET
2739 2513 2861 2554 NOVI
2892 2513 3233 2555 INCIPERENT.

2086 2610 2242 2683 Apud
2272 2609 2651 2667 Ezechielem:
2685 2609 2970 2683 Propterea
3005 2612 3115 2669 [nec
3153 2612 3277 2669 dicit
3320 2612 3571 2672 Dominus
3598 2629 3626 2673 :

2017 2699 2152 2758 Ecce
2187 2718 2279 2775 ego
2325 2718 2479 2771 super
2521 2711 2769 2775 pastores,
2814 2712 2863 2758 et
2910 2704 3169 2776 inquirant
3216 2721 3331 2761 oves
3373 2723 3511 2764 meas
3550 2706 3617 2764 de

2016 2794 2249 2848 manibus
2296 2809 2491 2860 eorum,
2544 2803 2592 2848 et
2637 2802 2860 2849 avertam
2889 2812 2974 2852 eos
3014 2806 3069 2851 ut
3100 2813 3203 2852 non
3244 2808 3459 2869 pascant
3499 2816 3616 2857 oves

2015 2903 2174 2955 meas;
2204 2888 2376 2956 etiam
2401 2903 2504 2942 non
2520 2897 2727 2958 poscent
2755 2904 2863 2954 eas,
2888 2897 2935 2943 et
2955 2890 3219 2944 extraham
3248 2906 3363 2946 oves
3393 2908 3530 2947 meas
3551 2892 3618 2948 de

2017 2997 2103 3035 ore
2130 2996 2323 3046 eorum,
2355 2989 2402 3036 et
2423 2996 2633 3052 pascam
2662 2996 2750 3036 eas
2787 2997 2902 3036 cum
2935 2982 3140 3053 judicio
3166 2982 3393 3054 (Ezech.
3423 3000 3614 3056 xxxw,

2016 3072 2107 3139 10,
2138 3071 2252 3146 16.)
2290 3072 2446 3144 Apud
2484 3071 2810 3129 Hieremiam
2845 3073 3102 3130 Dominus
3128 3074 3257 3131 dicit
3281 3076 3301 3111 ί
3328 3091 3348 3130 :
3376 3074 3444 3130 Et
3488 3077 3623 3133 dabo

2015 3167 2153 3221 vobis
2179 3176 2406 3239 pastores
2430 3167 2707 3223 secundum
2736 3184 2825 3223 cor
2857 3183 3044 3234 meum,
3074 3178 3121 3224 et
3159 3178 3365 3239 poscent
3390 3187 3477 3226 vos
3521 3188 3623 3243 pa-

317 3302 481 3342 meam
522 3257 673 3359 quam
712 3257 954 3359 acquisiui
1008 3257 1078 3356 {,v
1102 3297 1158 3344 ut
1202 3289 1415 3344 virtutes
1435 3305 1572 3343 meas
1621 3257 1908 3358 exponeret.
1939 3286 1984 3351 C
2018 3270 2207 3359 “an?”
2228 3259 2651 3359 cum‘diffipuna.
2686 3257 2876 3359 (min
2906 3274 2985 3359 "ft
3000 3258 3130 3359 _15)’
3164 3260 3297 3319 nem
3322 3262 3464 3334 apud
3496 3260 3627 3359 me"

307 3378 470 3453 '(Isa.
502 3396 655 3447 mn,
690 3380 901 3453 18-21).
926 3382 1058 3438 Item
1088 3381 1229 3453 apud
1259 3380 1506 3437 eumdem
1538 3397 1552 3440 :
1584 3380 1645 3437 Si
1671 3380 1909 3449 sitierint,

317 3492 405 3546 per
443 3476 641 3531 deserta
662 3476 877 3531 adducet
920 3477 1038 3531 illos
1071 3484 1119 3544 Β,
1162 3492 1348 3547 aquam
1370 3476 1434 3530 de
1477 3484 1620 3545 petra
1668 3475 1911 3545 producet

316 3566 443 3633 illis,
467 3567 689 3637 findetur
715 3577 877 3638 petra,
901 3577 948 3623 et
974 3568 1096 3639 ﬂuet
1126 3584 1279 3639 aqua,
1309 3576 1352 3623 et
1374 3567 1503 3622 bibet
1552 3566 1579 3602 ιι
1609 3567 1747 3637 plebs
1773 3566 1905 3623 mea.

2018 3352 2239 3407 remiam
2271 3366 2291 3407 .'
2318 3350 2504 3405 Audite
2547 3349 2751 3405 verbum
2784 3348 3031 3419 .Domini,
3071 3362 3266 3423 gentes,
3309 3362 3357 3408 et
3397 3354 3628 3410 nuntiate

2014 3442 2197 3504 insulis
2211 3452 2326 3517 quae
2354 3443 2502 3516 longe
2526 3453 2667 3500 sunt.
2700 3442 2897 3498 Dicite:
2928 3443 3028 3511 Qui
3051 3444 3300 3516 disperdit
3324 3444 3627 3503 lsraelcon-

2012 3537 2237 3609 gregabit
2269 3536 2446 3601 illum,
2477 3544 2524 3591 et
2552 3536 2799 3591 custodiet
2834 3537 2966 3590 sicut
2994 3544 3171 3608 pastor
3198 3554 3400 3611 gregem
3442 3555 3626 3608 suum,

318 3626 478 3730 (18H:
514 3676 680 3728 ιιι-ιι,
704 3626 771 3717 21
802 3662 841 3733 ).
864 3626 1015 3717 'Itet'n
1049 3661 1105 3716 in
1136 3626 1429 3733 Evangelia
1454 3670 1572 3716 cata
1599 3626 1907 3715 ilattlmum
2360 3626 2840 3733 Don'i“"‘_!?c°b'
2872 3637 2920 3683 ⁸⁸
2951 3630 3078 3684 mm
3119 3628 3184 3685 de
3206 3646 3362 3686 manu
3398 3632 3629 3703 Ῑθτίίθήδ

316 3753 550 3811 Joannes
575 3754 706 3811 dicit
730 3771 749 3811 :
780 3753 892 3827 Ego
915 3754 1116 3827 quidem
1144 3772 1232 3811 vos
1258 3755 1460 3825 baptizo
1479 3756 1534 3810 in
1562 3771 1695 3826 aqua
1718 3756 1770 3809 in
1802 3771 1908 3827 pae-

319 3848 601 3903 nitentiam.
664 3846 766 3915 Qui
802 3849 933 3904 venit
979 3857 1149 3903 autem
1178 3857 1290 3921 post
1324 3865 1422 3917 me,
1452 3847 1634 3920 fortior
1656 3863 1736 3901 nte
1761 3856 1834 3902 est
1866 3845 1909 3915 ί,

318 3942 465 4011 cuius
493 3956 596 3997 non
618 3957 731 3998 sum
761 3942 977 3998 idoneus
1005 3941 1019 3993 i
1051 3942 1392 3999 calceamenta
1418 3952 1641 4012 portare.
1675 3939 1799 4009 Ipse
1825 3956 1915 3995 vos

319 4033 594 4104 baptisabit
618 4031 646 4072 ¹ί
672 4035 727 4089 in
757 4034 959 4107 Spiritu
978 4046 1155 4091 sancto
1197 4046 1245 4090 et
1272 4036 1377 4107 igni
1403 4034 1633 4108 (Matth.
1662 4050 1740 4104 ut,
1774 4035 1833 4090 11
1867 4035 1909 4105 ).

318 4126 450 4184 Item
470 4136 590 4186 cata
614 4126 876 4186 Joannem
904 4144 924 4186 :
954 4127 1074 4186 Nisi
1097 4129 1210 4201 quis
1235 4138 1385 4186 natus
1418 4129 1575 4201 fuerit
1613 4145 1679 4185 ea:
1705 4146 1839 4201 aqua
1862 4137 1913 4185 et

2013 3849 2135 3891 CAP.
2180 3850 2271 3890 XV.
2326 3863 2398 3876 --
2442 3848 2580 3898 QUOD
2623 3848 2795 3890 DOIUS
2821 3848 2892 3889 ET
2938 3849 3189 3892 'I‘EIIPLUI

2011 3719 2151 3776 illius
2192 3720 2384 3793 (Hier.
2423 3736 2570 3787 xm,
2603 3719 2734 3789 10).

3241 3852 3329 3894 DEI
3362 3848 3625 3899 CHRISTUS

2086 3938 2321 3979 soranus
2358 3937 2544 3992 essm,
2603 3939 2673 3979 ετ
2722 3938 2989 3981 σεεελιιιςτ
3038 3930 3505 3999 rsuptuu’vs'ms,
3556 3944 3628 3989 ar

2086 4026 2265 4072 NOVUI
2286 4030 2593 4072 INCIPERET.

2086 4129 2145 4185 In
2185 4129 2387 4187 Basilio
2437 4129 2516 4187 II:
2554 4129 2623 4187 Et
2650 4130 2749 4202 fuit
2791 4133 2995 4190 verbum
3034 4133 3246 4193 Domini
3276 4145 3288 4211 ξ
3301 4140 3369 4194 ad
3412 4138 3632 4202 Natltan

1556 4242 1940 4302 LECTIONES
1974 4242 2385 4301 VARIANTES.

380 4358 409 4421 ξι
443 4354 781 4406 AbHierosol.
808 4356 911 4407 Lin.
933 4356 1039 4408 ΝΟ.
1064 4359 1107 4407 1.
1132 4360 1266 4409 Lam.
1291 4358 1413 4409 Bod.
1436 4359 1481 4419 1,
1499 4358 1546 4419 2,
1568 4360 1613 4408 4.
1646 4362 1785 4410 Voss.
1803 4359 1851 4421 5,
1871 4360 1919 4409 4.

314 4418 349 4471 ῗῖ
380 4417 410 4457 1)
443 4420 796 4472 Consummabo
816 4421 1010 4469 domum
1037 4421 1185 4471 Israel
1211 4430 1265 4472 et
1297 4417 1493 4472 domum
1512 4417 1639 4473 Juda
1660 4423 1769 4474 NC.
1796 4417 1845 4471 1.’
1861 4423 1926 4474 Et

316 4490 669 4533 testamentum
693 4481 802 4533 ΝΟ.
828 4483 872 4532 1.
900 4481 1005 4533 Lin.
1029 4484 1159 4534 Lam.
1189 4484 1328 4536 Corb.
1350 4485 1474 4535 Bod.
1492 4485 1539 4543 2,
1558 4488 1608 4543 5,
1630 4486 1675 4535 4.
1710 4491 1845 4537 Voss.
1870 4486 1918 4535 4.

325 4548 402 4613 __°
425 4545 501 4613 De
524 4552 661 4613 terra
671 4542 1121 4613 @gypti._Reliqua
1136 4546 1363 4613 adfinem
1380 4545 1551 4613 capitis
1566 4547 1738 4599 desunt
1758 4549 1807 4599 in
1827 4551 1918 4599 Ar.

323 4606 636 4675 ΤΙιμ.Δ
662 4606 933 4675 ΕοδέζΝσ.
964 4610 1009 4671 1,
1029 4606 1078 4659 2.
1097 4606 1229 4662 Bodl
1258 4611 1307 4673 2,
1333 4611 1383 4673 5,
1406 4606 1455 4661 4.
1490 4614 1623 4664 Voss.
1649 4614 1697 4675 5,
1728 4613 1779 4661 4.

378 4671 405 4711 εὶ
440 4672 603 4723 Nolite
631 4674 787 4723 priora
811 4672 901 4721 Ar.

382 4738 407 4765 θ
443 4735 613 4784 Genus
630 4732 899 4783 lnnnanum
933 4732 1069 4786 Foss.

315 4794 403 4861 Eg}
442 4797 596 4861 Quam
620 4793 754 4861 elegi
791 4796 931 4848 Corb.
1038 4860 1047 4861 ί
1322 4859 1339 4861 _
1516 4847 1530 4861 .

314 4858 408 4927 ᾖε
438 4859 783 4927 A_dducet_illis
814 4872 990 4927 agnam
1020 4860 1083 4910 de
1119 4866 1280 4925 petra;
1312 4858 1528 4913 ﬁndetur
1562 4860 1686 4913 Bod.
1727 4862 1774 4926 1,
1796 4861 1848 4925 2,
1871 4860 1920 4911 4.

315 4921 422 4970 Lin.
454 4924 625 4973 Benev.
660 4924 795 4972 Voss.
828 4921 877 4980 5,
910 4921 957 4971 4.

375 4983 406 5047 1t
439 4985 587 5047 Yivet
609 4984 752 5047 plebs
784 4997 896 5047 mea
927 4986 1017 5034 Ar.

385 5046 402 5085 ὶ
440 5045 794 5096 Venit—fortior
832 5045 954 5097 Tltu.
983 5048 1120 5100 Foss.
1152 5046 1296 5099 Corb.

385 5110 399 5159 i
442 5107 636 5173 Dignus
651 5111 785 5160 Lam.
813 5110 919 5163 Litt.
953 5111 1062 5162 NG.
1084 5111 1196 5169 1,2.
1225 5111 1349 5163 Bod.
1375 5112 1425 5173 2,
1456 5111 1519 5171 5,·
1541 5113 1591 5163 4.

382 5173 411 5212 k
442 5170 662 5236 Baptizat
693 5174 851 5226 Oxon.
881 5173 1154 5239 Baptimbit
1177 5175 1315 5227 Foss.
1348 5170 1439 5226 Ar.
1475 5170 1612 5226 Lam.
1651 5172 1759 5226 Lin.
1794 5174 1924 5226 Bod.

1941 4682 1996 4748 D

2028 4357 2154 4423 1,_2.
2181 4360 2367 4423 Spiritu
2402 4369 2568 4411 sancto
2602 4362 2724 4413 Bod.
2760 4360 2806 4411 2.
2842 4362 2979 4415 Foss.

2093 4420 2126 4496 ξι
2154 4420 2317 4496 Quare
2341 4421 2649 4496 fremuerunt
2667 4424 2769 4475 Lin.
2794 4426 3070 4496 Lam._N_F.
3090 4425 3312 4496 _1_._Corlt_.
3339 4430 3477 4496 Voss.
3500 4435 3551 4496 3,
3572 4437 3629 4488 ι,

2087 4484 2136 4555 ω,
2160 4487 2511 4555 conrepat-iiut
2532 4488 2583 4555 i_n
2615 4501 2766 4539 unum
2796 4491 2886 4538 Ar.
2911 4489 3054 4541 Corb.
3080 4490 3191 4543 NG.
3212 4492 3260 4555 1,
3285 4491 3331 4542 2.
3351 4484 3486 4547 Lam
3510 4484 3625 4553 ῖὶὴξ

2028 4547 2227 4611 Bodl,
2253 4548 2301 4608 2,
2324 4550 2371 4599 δ.
2402 4551 2517 4600 Vos.
2537 4550 2585 4598 5.

2088 4610 2119 4674 ῗ¹
2150 4610 2446 4674 Congregati
2470 4614 2609 4663 Voss.
2634 4610 2680 4660 4.
3252 4617 3258 4624 -

2089 4672 2468 4749 2'Pnojicit'ttuus
2501 4687 2529 4749 a
2568 4675 2709 4726 nobis
2732 4674 2862 4725 Lam.
2895 4673 3019 4727 Tim.
3059 4676 3186 4729 Bod.
3210 4680 3258 4743 2,
3285 4681 3333 4730 4.
3357 4683 3467 4735 ΝΟ.
3494 4686 3537 4749 1,
3573 4686 3627 4740 2.

2025 4734 2165 4786 Corb.
2194 4734 2298 4788 Lin.
2331 4740 2467 4789 Voss.
2501 4736 2547 4785 4.

2085 4799 2116 4866 ιζ
2149 4799 2249 4866 Yos
2270 4801 2586 4866 requiescam
2610 4798 2733 4850 Tha.
2773 4795 2876 4850 Litt.
2901 4799 3026 4853 Bod.
3046 4802 3092 4865 1,
3118 4803 3167 4864 2,
3187 4805 3236 4866 5,
3267 4805 3315 4856 4.
3365 4810 3500 4861 Voss.
3526 4811 3575 4863 5.

2087 4862 2118 4903 (ι
2153 4860 2392 4913 Scitote—3
2414 4875 2495 4912 me
2524 4860 2647 4912 Tltu.

1984 4953 1996 4963 ι
2088 4924 2113 4994 ξ
2148 4923 2515 4994 Iugnmnteum
2538 4922 2840 4994 suave‘_Litt._
2860 4924 2984 4976 Tltu.
3010 4927 3134 4994 Bod.
3162 4930 3209 4989 1,
3235 4929 3284 4994 2,
3311 4933 3358 4994 5,
3387 4934 3436 4983 4.

2089 4987 2139 5054 ﬂ_
2150 4988 2294 5054 Αρυᾴ
2320 4988 2541 5054 ῌὶςιιρῃὶ.
2562 4986 2635 5054 _Itl
2674 4986 2773 5054 illtt,
2807 4988 2978 5054 desunt
3000 4989 3134 5054 apud
3162 4986 3415 5047 ᾹΥ.
3438 4998 3545 5051 NC.
3573 5001 3596 5053 1

2025 5050 2072 5097 2.
2100 5037 2224 5101 Bod.
2256 5050 2302 5111 1,
2322 5049 2372 5105 2,
2395 5052 2444 5110 δ,
2469 5049 2516 5097 4.
2558 5048 2680 5100 Thu.
2710 5037 3129 5104 congressis?
3162 5037 3253 5043 "'
3282 5037 3415 5047 'W
3438 5037 3473 5051 ··
3494 5037 3545 5050 ν·
3574 5037 3624 5066 ι,

2027 5111 2131 5226 εἱῴ
2133 5112 2326 5225 ὥριῦἓςδ
2337 5111 2645 5164 Hieremiam
2685 5112 2922 5166 Dominus
2961 5116 3082 5167 dicit
3108 5130 3121 5166 :
3147 5115 3210 5170 Et
3229 5117 3356 5171 dabo
3377 5122 3547 5177 desunt
3570 5122 3623 5178 in

1419 5294 1443 5352 ,ξ
1563 5274 1806 5340 STEPII.
1846 5279 2117 5339 BALUZII
2156 5278 2384 5339 NOTE.

314 5394 513 5481 Elian.
570 5396 637 5454 X.
679 5428 750 5439 —
804 5396 883 5454 De
928 5397 1058 5455 Sion
1100 5397 1335 5472 procedet
1364 5399 1466 5454 lex.
1517 5395 1653 5455 Vide
1704 5398 1918 5454 Avitum

315 5480 474 5526 CDlSI.
503 5486 621 5525 XIX.

675 5572 749 5584 —
772 5543 905 5612 Quia
925 5561 1025 5599 non
1048 5552 1452 5616 permanserunt.
1483 5540 1589 5597 Ista
1610 5551 1663 5616 et
1682 5556 1802 5616 qute
1826 5554 1917 5596 se-

314 5624 552 5686 quuntur
581 5630 752 5686 usque
798 5615 864 5670 ad
897 5612 1058 5671 lineni
1105 5616 1304 5671 desunt
1327 5617 1378 5669 in
1399 5612 1918 5686 quatuordecimgcot-

317 5684 528 5759 dicibus
560 5684 759 5742 nosiris
781 5695 837 5742 et
864 5688 916 5742 in
939 5687 1478 5759 novemAnglicanis.
1510 5687 1739 5759 Deerant
1750 5684 1917 5759 etiam

318 5757 370 5810 in
406 5771 511 5809 uno
540 5772 660 5812 meo
682 5768 883 5827 vetere,
905 5759 999 5815 sed
1020 5757 1200 5814 addita
1221 5755 1401 5826 postea
1419 5769 1543 5811 sunt
1563 5755 1853 5827 antiquitus
1869 5757 1923 5811 in

318 5828 601 5899 margine,
622 5844 749 5883 cum
777 5831 949 5886 codex
979 5830 1067 5885 ille
1081 5829 1387 5899 recognitns
1409 5836 1491 5882 est
1510 5837 1561 5883 et
1578 5827 1918 5899 emendatus.

388 5901 521 5958 CAP.
562 5898 704 5958 XIII.
736 5931 809 5945 --
842 5901 1037 5975 Iugum
1094 5897 1263 5958 meum
1317 5899 1522 5956 bonum.
1577 5897 1708 5955 Vide
1755 5912 1923 5956 anno-

2025 5396 2254 5451 lationes
2305 5396 2515 5452 Erasmi
2570 5397 2782 5456 adhunc
2833 5400 3009 5457 locum
3037 5400 3293 5461 Matthxi.

2092 5468 2246 5548 Apud
2278 5467 2611 5548 Hieremiam.
2652 5472 2720 5548 Et
2755 5472 2871 5548 haec
2905 5484 3118 5548 quoque
3144 5490 3311 5548 usque
3348 5479 3413 5537 ad
3453 5482 3620 5547 linem

2024 5540 2467 5623 capitulildesnnt
2495 5540 2547 5623 in
2590 5542 2845 5623 tredecim
2875 5540 3424 5623 codicilius__nbstris,
3465 5566 3518 5610 et
3537 5540 3613 5616 id

2023 5610 2211 5686 decem
2238 5611 2579 5686 Anglicanis;
2598 5614 2834 5686 deerant
2862 5616 3022 5671 etiam
3049 5615 3104 5671 in
3146 5616 3241 5675 illo
3267 5637 3391 5679 meo
3408 5610 3609 5686 'vctere

2023 5682 2076 5737 in
2100 5697 2209 5769 quo
2443 5692 2568 5769 sunt
2592 5685 2645 5739 in
2674 5690 2934 5769 margine.

2098 5753 2456 5830 CAP.X_]V.—-
2471 5754 2603 5830 Item
2616 5757 2756 5830 apud
2776 5753 3104 5815 Hieremiam.
3123 5757 3325 5819 Desunt
3338 5764 3610 5830 etiamista

2024 5823 2078 5901 in
2109 5823 2758 5901 vetustisexemplaribus
2785 5831 2944 5901 paulo
2978 5839 3102 5891 ante
3128 5823 3567 5901 commemoratis

2025 5896 2080 5954 in
2108 5880 2948 5976 meoadditaisuittinwmwaigine.
2979 5880 3102 5891 ﬁ"
3132 5880 3603 5924 """""’"""""t
