4230 6282
510 365 617 451 681

1901 379 2041 439 DIVI
2085 379 2413 439 CYPRIANI

3715 383 3829 444 688

515 508 730 563 dicens:
765 500 926 569 Vade,
957 506 1005 556 et
1024 497 1107 554 dic
1155 510 1299 553 servo
1321 510 1435 552 meo
1457 491 1671 552 David:
1703 494 1830 552 Haec
1854 496 1978 551 dicit
1998 496 2109 552 Do—
2136 499 2187 560 Λ
2211 500 2301 570 qui
2339 496 2638 553 remanserit
2682 496 2737 551 in
2789 494 2941 549 domo
2972 498 3077 560 tua,
3121 492 3283 549 veniet
3310 492 3535 552 adorare
3576 495 3632 554 in
3677 497 3830 555 obolo

513 600 684 655 minus
707 611 726 650 :
754 593 881 649 Non
921 590 1267 661 tutediﬁcabis
1308 589 1433 643 mihi
1478 589 1683 644 domum
1715 590 1784 644 ad
1820 588 2110 644 inhabitan-

516 693 638 746 dum
660 707 681 757 ;
709 688 800 745 sed
823 688 938 754 erit,
966 702 1084 742 cum
1107 685 1300 757 impleti
1329 684 1522 757 fuerint
1546 683 1653 739 dies
1679 684 1754 738 tui
1772 693 1819 738 et
1843 683 2111 738 dormieris

512 799 630 839 cum
650 779 880 854 patribus
919 779 1038 846 tuis,
1085 775 1338 833 suscitabo
1381 792 1551 832 semen
1601 783 1744 829 tuum
1774 785 1885 845 post
1907 784 1975 840 te,
2023 774 2112 845 qui

513 874 609 930 erit
634 874 698 929 de
724 878 868 928 utero
889 880 995 938 tuo,
1025 878 1073 925 et
1093 869 1285 941 parabo
1309 885 1522 942 regnum
1543 868 1678 939 ejus.
1712 865 1815 929 Hic
1840 865 2112 943 ludiﬁcabit

514 967 646 1023 mihi
666 965 875 1021 domum
898 964 954 1019 in
982 963 1186 1018 nomine
1206 978 1317 1018 meo
1348 970 1398 1029 ⁸,
1429 969 1477 1016 et
1495 960 1688 1033 erigam
1731 960 1970 1014 thronum
2003 959 2114 1031 ejus

511 1061 568 1115 in
594 1057 818 1123 stecula;
845 1065 894 1112 et
911 1072 1003 1128 ego
1027 1071 1114 1110 ero
1134 1058 1180 1110 ei
1199 1055 1252 1109 in
1276 1062 1491 1125 patrem,
1516 1061 1566 1109 et
1583 1053 1695 1123 ipse
1713 1052 1806 1107 erit
1825 1051 1950 1106 mihi
1976 1050 2029 1105 in
2053 1051 2115 1119 ﬁ-

511 1153 656 1219 lium,
694 1160 742 1206 et
758 1149 913 1221 ﬁdem
932 1157 1260 1220 consequetur
1275 1147 1456 1202 domus
1474 1147 1584 1217 ejus
1603 1155 1650 1201 et
1670 1161 1881 1218 regnum
1905 1144 2014 1216 ejus
2028 1160 2116 1199 us-

514 1261 613 1315 que
632 1244 687 1297 in
711 1241 904 1298 scecula
928 1242 984 1296 in
1026 1230 1299 1311 conspectu
1325 1255 1436 1295 meo
1457 1238 1551 1310 (III
1573 1237 1705 1308 Reg.
1732 1253 1829 1300 vn,
1861 1237 1915 1306 4,
1943 1236 1998 1305 5,
2023 1235 2113 1304 I2,

510 1337 604 1405 Ib,
634 1334 749 1406 16).
786 1334 919 1392 Item
941 1335 995 1390 in
1019 1332 1310 1405 Evangelio
1340 1332 1600 1388 Dominus
1613 1330 1785 1386 dicit:
1815 1327 1938 1384 Non
1956 1327 2116 1383 relin-

510 1438 691 1503 quetur
709 1428 764 1482 in
783 1426 970 1499 templo
986 1426 1120 1497 lapis
1138 1440 1292 1496 super
1305 1423 1530 1494 lapidem
1549 1423 1635 1494 qui
1655 1438 1755 1477 non
1769 1421 2070 1476 dissolvetur
2088 1418 2118 1459 ι)

512 1518 750 1592 (Matth.
786 1534 932 1587 xxw,
965 1517 1083 1589 2);
1128 1526 1175 1572 et
1201 1524 1313 1588 post
1352 1516 1580 1571 triduum
1627 1513 1775 1569 aliud
1822 1513 2121 1570 excitabitur

509 1614 622 1670 sine
652 1611 883 1668 manibus
912 1610 1124 1683 (Marc.
1154 1625 1262 1679 xiv,
1307 1607 1440 1681 58).

509 1788 630 1831 CAP.
657 1788 770 1830 XVI.
818 1798 892 1814 -··
929 1784 1069 1833 QUOD
1105 1780 1443 1824 SACBIFICIUI
1482 1778 1657 1821 VETUS
1684 1777 2082 1821 EVACUARETUB
2103 1801 2119 1829 ,

870 1894 882 1933 ',
934 1877 1005 1917 ET
1030 1874 1215 1917 NOVUI
1251 1871 1693 1914 CELEBRARETUR.

512 2036 513 2039 η
581 2023 740 2096 Apud
770 2022 986 2079 Esaiam
1011 2031 1034 2060 c
1074 2036 1089 2075 :
1134 2011 1248 2088 Quo
1291 2017 1417 2072 mihi
1444 2014 1472 2053 ἀ
1499 2015 1879 2072 multitudinem
1919 2013 2121 2084 sacriﬁ-

506 2122 701 2176 ciorum
726 2115 1054 2175 vestrorum?
1102 2115 1226 2170 dicit
1262 2113 1537 2170 Dominus.
1583 2112 1783 2168 Plenus
1807 2128 1943 2180 sum,
1975 2111 2121 2166 holo-

506 2223 828 2271 caustomata
869 2211 1083 2267 arietum
1102 2218 1157 2267 et
1183 2210 1521 2282 pinguamina
1563 2223 1817 2280 agnorum
1841 2216 1887 2261 et
1906 2205 2119 2277 sanguie

509 2325 626 2364 nem
651 2316 913 2362 taurorum
947 2313 997 2360 et
1042 2304 1301 2359 hircorum
1323 2303 1468 2358 nolo.
1525 2301 1653 2368 Quis
1679 2302 1814 2355 enim
1852 2299 2121 2371 exquisivit

508 2402 609 2455 ista
657 2399 721 2456 de
765 2396 1001 2461 manibus
1055 2394 1280 2452 vestris?
1326 2392 1473 2468 (Isa.
1503 2409 1545 2462 ι,
1585 2394 1677 2463 11,
1704 2391 1839 2467 I2.)
1887 2391 2022 2449 Item
2065 2392 2118 2447 in

507 2493 727 2550 Psalmo
748 2507 870 2547 χιιι
897 2511 912 2548 :
941 2488 1067 2546 Non
1094 2488 1245 2544 edam
1268 2504 1447 2544 carnes
1487 2495 1773 2553 taurorum,
1803 2493 1892 2541 aut
1913 2485 2121 2558 sangui-

508 2602 626 2642 nem
648 2584 905 2640 hircorum
944 2582 1128 2638 bibam.
1159 2581 1417 2651 Sacriﬁco
1444 2578 1555 2635 Deo
1581 2579 1893 2650 sacriﬁcium
1924 2578 2116 2646 laudis,

508 2691 555 2736 et
573 2680 732 2736 redde
751 2677 1013 2734 Altissimo
1032 2686 1147 2732 vota
1166 2684 1277 2729 tua.
1303 2672 1501 2730 Invoco
1524 2689 1604 2729 me
1618 2673 1672 2728 in
1694 2672 1778 2728 die
1800 2687 2049 2741 pressura:
2067 2679 2116 2737 θ,

508 2784 556 2828 ct
586 2787 765 2828 eruam
797 2779 844 2824 te
870 2768 892 2808 ί
921 2777 969 2825 et
1004 2766 1310 2839 clariﬁcabis
1357 2782 1439 2822 me
1505 2762 1639 2838 (Ps.
1686 2779 1835 2832 ιιιι,
1865 2763 1952 2831 1⁸5,
1985 2761 2053 2818 15
2075 2761 2115 2835 ).

504 2867 639 2922 Item
658 2866 710 2920 in
732 2863 949 2921 Psalmo
968 2861 1159 2919 eodem
1185 2877 1201 2916 :
1226 2858 1557 2927 Sacriﬁcium
1578 2857 1747 2913 laudis
1769 2856 2071 2925 clariﬁcabit
2092 2864 2118 2902 ε

504 2977 607 3029 me,
637 2959 745 3015 illic
794 2957 878 3013 via
915 2964 991 3012 est
1018 2956 1075 3010 in
1111 2970 1215 3026 qua
1259 2951 1526 3009 ostendam
1552 2951 1630 3006 illi
1674 2950 1901 3006 salutare
1923 2948 2022 3004 Dei
2064 2946 2115 3003 ιι.

505 3052 640 3109 Item
666 3051 722 3107 in
764 3049 978 3106 Psalmo
1003 3063 1057 3103 tv
1082 3045 1145 3101 i:
1196 3044 1504 3115 Sacriﬁcale
1548 3042 1859 3114 sacriﬁcium
1877 3041 2116 3113 justitiae,

506 3155 554 3201 et
574 3152 775 3216 sperate
820 3142 876 3197 in
918 3139 1222 3196 Dominum.
1271 3137 1404 3194 Item
1427 3135 1571 3208 apud
1596 3135 1914 3191 Malachiam
1944 3151 1959 3188 :
1995 3131 2119 3188 Non

506 3244 582 3293 est
611 3236 738 3291 mihi
762 3234 998 3289 voluntas
1027 3232 1168 3286 circa
1203 3245 1291 3285 vos
1322 3231 1370 3298 l,
1401 3228 1528 3282 dicit
1566 3226 1841 3293 Dominus,
1887 3235 1934 3282 et
1954 3227 2116 3281 sacri-

507 3328 688 3398 ﬁcium
706 3333 971 3395 acceptum
991 3339 1094 3378 non
1111 3320 1300 3376 habebo
1327 3317 1357 3357 ιι
1382 3335 1447 3374 ea:
1471 3318 1706 3374 manibus
1732 3317 1930 3374 vestris.
1983 3317 2119 3384 Quo-

511 3421 654 3476 niam
670 3436 702 3472 a
721 3418 845 3475 solis
860 3426 975 3472 ortu
995 3425 1042 3472 et
1061 3432 1221 3487 usque
1239 3415 1293 3469 in
1320 3429 1553 3469 occasum
1571 3413 1909 3483 clariﬁcatum
1930 3422 2003 3470 est
2020 3430 2119 3485 no-

518 3528 636 3567 men
674 3526 843 3565 meum
869 3508 1010 3580 apud
1038 3517 1228 3579 gentes,
1251 3515 1298 3561 et
1326 3500 1381 3560 in
1405 3506 1546 3560 omni
1574 3505 1683 3560 loco
1727 3506 1908 3562 odores
1930 3506 2121 3562 incensi

513 3602 802 3669 olferuntur
833 3600 851 3639 1
886 3600 1080 3655 nomini
1118 3614 1229 3654 meo
1275 3609 1321 3653 et
1341 3597 1655 3668 sacriﬁcium
1681 3597 1950 3665 mundum,
1989 3615 2119 3671 quo-

513 3696 653 3752 niam
681 3708 924 3768 magnum
948 3702 1023 3749 est
1046 3708 1228 3747 nomen
1270 3707 1440 3748 meum
1466 3690 1608 3762 apud
1650 3698 1845 3762 gentes,
1876 3691 2001 3746 dicit
2020 3690 2120 3747 Do-

513 3793 682 3847 minus
710 3787 981 3863 (Malach.
1005 3802 1021 3844 t
1041 3828 1057 3856 ,
1084 3785 1175 3855 10,
1203 3782 1324 3857 II).

512 3960 633 4005 CAP.
663 3960 794 4000 χγιι.
838 3970 912 3983 ·-··
948 3955 1088 4005 QUOD
1124 3952 1495 3997 SACEBDOTIUI
1523 3953 1700 3995 VETUS
1727 3952 2018 4009 CESSARET,
2053 3955 2122 3996 ET

583 4050 752 4092 NOVUS
788 4046 1053 4090 SACERDOS
1089 4046 1338 4101 VENIRET,
1379 4045 1470 4095 QUI
1497 4046 1551 4087 IN
1577 4047 1842 4088 tETERNUI
1883 4047 2123 4090 FUTURUS

585 4141 770 4186 ESSET.

586 4263 644 4320 In
690 4259 907 4319 Psalmo
939 4276 1027 4318 cxx
1073 4261 1245 4316 :Ante
1283 4259 1550 4331 luciferum
1584 4262 1736 4334 genui
1762 4272 1809 4318 te
1824 4272 1886 4317 ω.
1918 4263 2123 4321 Juravit

512 4357 787 4421 Dominus,
816 4363 867 4410 et
892 4370 997 4410 non
1022 4352 1279 4425 paenitebit
1304 4369 1419 4408 eum
1437 4369 1457 4408 :
1484 4363 1538 4408 tu
1559 4372 1614 4411 es
1640 4357 1876 4412 sacerdos
1902 4358 1957 4413 in
1975 4368 2123 4414 teter-

515 4468 639 4506 num
662 4448 939 4506 secundum
964 4445 1193 4502 ordinent
1220 4444 1609 4503 Melchisedech.
1653 4446 1784 4505 Item
1812 4451 1865 4505 in
1886 4450 2125 4508 Basilion

516 4521 696 4614 primo
738 4539 884 4595 Deus
916 4536 987 4593 ad
1029 4536 1147 4594 Heli
1199 4535 1577 4594 sacerdotem:
1607 4537 1674 4593 Et
1713 4540 1965 4597 suscitabo
1999 4543 2123 4597 mihi

516 4632 831 4688 sacerdotem
859 4628 1022 4700 ﬁdum
1050 4638 1101 4697 ιι,
1129 4629 1216 4700 qui
1244 4630 1416 4684 omnia
1443 4644 1558 4700 qua:
1585 4639 1704 4685 sunt
1741 4632 1794 4685 in
1838 4634 1990 4688 corde
2012 4652 2124 4692 meo

512 4725 688 4796 faciet,
721 4722 770 4780 et
797 4722 1063 4794 wdiﬁcabo
1104 4722 1152 4777 ei
1178 4721 1387 4777 domum
1410 4730 1435 4758 ο
1463 4722 1687 4791 ﬁdelem,
1717 4733 1763 4778 et
1792 4726 2021 4782 transibit
2069 4728 2125 4784 in

514 4825 787 4887 conspectu
810 4813 1116 4869 christorum
1153 4828 1382 4868 meorum
1405 4812 1637 4868 omnibus
1679 4813 1897 4883 diebus;
1929 4828 1975 4873 et
2004 4820 2121 4890 erit,

2146 1896 2196 1958 B

2212 594 2441 666 pecunia:
2464 602 2512 647 et
2536 592 2588 646 in
2613 607 2744 662 pane
2767 588 2941 660 uno-(l
2970 587 3100 660 Reg.
3133 604 3191 656 ιι,
3224 590 3316 659 35,
3346 589 3475 663 36).

2212 724 2331 765 CAP.
2360 722 2508 762 XVIII.
2564 736 2637 746 —
2681 719 2819 772 QUOD
2860 720 3140 761 PBOPUETA
3181 721 3355 774 ALIUS,
3410 722 3563 764 SICUT
3605 724 3828 779 ιιοιεες,

2284 814 2569 857 Ριιοιίιεευε
2593 814 2675 854 SIT
2708 843 2724 866 ,
2783 813 3020 855 SCILICBT
3059 814 3149 863 QUI
3210 814 3614 859 TESTAIENTUI
3643 818 3831 861 Νονωι

2283 906 2483 960 ΒΔΒΕΤ,
2514 906 2584 946 ΕΤ
2611 905 2698 956 QUI
2726 905 2884 947 HAGIS
2924 905 3109 946 AUDIRI
3135 906 3405 948 DEBERET.

2287 1005 2345 1060 lu
2376 1003 2797 1061 Deuteronomio
2829 996 2971 1060 Deus
2999 1003 3068 1060 ad
3106 1003 3330 1077 Moysen
3364 1023 3377 1060 :
3407 1003 3476 1060 Et
3501 1007 3632 1063 dixit
3656 1007 3835 1064 Domi-

2216 1115 2313 1155 nus
2340 1098 2410 1153 ad
2427 1114 2507 1153 me
2537 1113 2556 1153 :
2585 1096 2902 1168 Prophetam
2929 1095 3161 1152 excitabo
3190 1097 3263 1152 eis
3292 1098 3356 1152 de
3382 1100 3635 1171 fratribus
3654 1117 3834 1157 eorum

2218 1195 2349 1249 sicut
2369 1202 2435 1259 te,
2460 1201 2508 1247 et
2536 1191 2669 1247 dabo
2698 1191 2902 1246 verbum
2929 1206 3101 1246 meum
3129 1192 3185 1246 in
3214 1208 3303 1247 ore
3346 1194 3478 1265 ejus,
3502 1205 3549 1250 et
3598 1196 3836 1266 loquetur

2219 1284 2288 1339 ad
2306 1300 2391 1340 eos
2421 1300 2481 1339 ea
2505 1299 2621 1351 quas
2643 1298 2933 1355 prascepero
2956 1283 3025 1338 ei.
3094 1281 3162 1337 Et
3190 1283 3416 1356 quisquis
3464 1302 3569 1341 non
3613 1288 3835 1343 audierit

2220 1393 2544 1449 qutecumque
2563 1377 2762 1431 locutus
2777 1376 2932 1447 fuerit
2958 1386 2986 1425 P
3011 1376 3259 1448 propheta
3286 1377 3375 1432 ille
3393 1378 3449 1433 in
3473 1379 3677 1434 nomine
3697 1396 3831 1450 meo,

2221 1488 2315 1542 ego
2381 1470 2647 1527 vindicabo
2722 1469 2919 1540 (Deut.
2963 1485 3137 1535 xvm,
3203 1469 3435 1542 17-19).
3492 1472 3569 1526 De
3624 1487 3731 1543 quo
3774 1480 3833 1528 et

2221 1562 2470 1620 Christus
2521 1563 2574 1618 in
2614 1562 2907 1633 Evangelia
2943 1572 3064 1617 cata
3114 1561 3381 1619 Joannem
3408 1574 3436 1613 (ι
3475 1563 3836 1620 :Scrutamini

2224 1657 2541 1731 Scripturas.
2563 1658 2618 1712 in
2640 1657 2822 1729 quibus
2845 1657 3033 1727 putatis
3056 1672 3142 1711 vos
3174 1658 3331 1712 vitam
3354 1648 3602 1714 (sternam
3626 1659 3832 1716 habere.

2228 1749 2328 1806 Has
2347 1759 2464 1805 sunt
2497 1760 2518 1787 ι
2548 1764 2663 1821 qua:
2704 1749 3046 1805 testimoniunt
3089 1748 3351 1819 perhibent
3392 1751 3456 1805 de
3483 1767 3563 1805 me
3595 1767 3618 1817 ;
3660 1761 3708 1807 et
3733 1768 3836 1809 non

2226 1843 2376 1898 vultis
2403 1842 2573 1898 venire
2613 1841 2682 1897 ad
2725 1858 2806 1896 me
2838 1851 2895 1895 ut
2935 1841 3091 1896 vitam
3136 1842 3387 1899 habeatis.
3456 1842 3634 1900 Nolite
3653 1854 3836 1915 putare

2222 1937 2345 2008 quia
2374 1953 2465 2009 ego
2490 1952 2577 1992 vos
2618 1951 2799 1991 accuso
2822 1934 2963 2006 apud
2988 1933 3221 1991 Patrem.
3253 1934 3349 1992 Est
3371 1937 3462 2008 qui
3485 1952 3573 1992 vos
3600 1949 3827 2011 accuset,

2224 2034 2449 2107 Moyses,
2498 2034 2552 2088 in
2579 2044 2729 2104 quem
2769 2047 2857 2086 vos
2883 2031 3104 2103 speratis
3132 2042 3180 2086 ⁵.
3224 2032 3290 2089 Si
3326 2032 3463 2087 enim
3486 2031 3832 2090 credidissetis

2223 2126 2415 2199 Moysi,
2458 2125 2729 2182 crederetis
2769 2134 2815 2180 et
2843 2123 2971 2178 mihi
3006 2140 3027 2180 :
3062 2124 3128 2180 de
3170 2140 3250 2180 me
3290 2125 3426 2180 enim
3466 2123 3554 2179 ille
3592 2126 3820 2198 scripsit.

2223 2219 2287 2276 Si
2315 2228 2485 2274 autem
2508 2218 2649 2274 illius
2684 2217 2953 2290 scripturis
2981 2232 3084 2273 non
3121 2216 3342 2287 creditis,
3381 2216 3634 2288 quomodo
3658 2217 3829 2275 verbis

2222 2315 2347 2370 meis
2388 2313 2603 2371 credetis
2625 2310 2822 2384 (Joan.
2838 2327 2911 2381 .v,
2935 2312 3030 2381 59,
3051 2312 3142 2381 40,
3169 2313 3261 2379 45,
3290 2309 3442 2382 ιηῖ

2223 2441 2343 2482 CAP.
2371 2441 2483 2481 XIX.
2530 2454 2604 2470 -ν
2652 2438 2793 2489 QUOD
2822 2438 2926 2480 DUO
2975 2437 3163 2479 POPULI
3193 2436 3456 2478 PREDICTI
3494 2436 3633 2492 SINT,
3664 2437 3835 2480 won

2294 2532 2365 2574 nr
2392 2531 2580 2585 IIINOR,
2636 2531 2691 2572 ID
2739 2530 2838 2573 εει·
2875 2528 3051 2571 verus
3077 2528 3389 2583 ιωιεοιωιι,
3416 2529 3484 2570 nr
3513 2529 3704 2585 novus,
3740 2516 3833 2588 oui

2294 2625 2455 2667 ESSET
2481 2626 2554 2666 EX
2583 2624 2756 2680 NOBIS,
2785 2624 3047 2667 FUTURUS.

2296 2721 2357 2779 In
2412 2721 2659 2780 Genesi:
2699 2721 2767 2777 Et
2818 2722 2950 2779 dixit
2999 2721 3253 2779 Dominus
3310 2721 3553 2780 Rebecca:
3579 2726 3600 2761 ί
3642 2740 3657 2778 :
3698 2722 3830 2780 Duae
3898 2774 3908 2782 .

2219 2824 2390 2889 gentes
2408 2815 2463 2870 in
2490 2823 2633 2871 utero
2664 2822 2749 2871 tuo
2777 2824 2917 2883 sunt,
2957 2824 3026 2878 et
3058 2817 3161 2871 duo
3192 2816 3373 2888 populi
3398 2816 3463 2872 de
3498 2824 3667 2873 ventre
3693 2827 3778 2873 tuo
3801 2826 3832 2857 ιι

2222 2906 2543 2976 dividentur,
2584 2916 2633 2963 et
2694 2908 2913 2981 populus
2955 2909 3203 2979 populum
3244 2909 3525 2981 superabit,
3553 2920 3602 2964 et
3665 2912 3835 2982 major

2218 3001 2400 3057 serviet
2426 3001 2610 3056 minori
2644 2999 2815 3075 (Gen.
2845 3017 2973 3071 xxv,
3003 3000 3077 3058 25
3099 3001 3141 3074 ).
3172 3001 3305 3058 Item
3332 3004 3470 3074 apud
3510 3005 3687 3061 Osee:
3726 3003 3835 3060 Vo-

2219 3083 2460 3150 cabo'non
2473 3094 2720 3166 populum
2732 3111 2920 3164 meum,
2937 3095 3185 3168 populum
3197 3107 3435 3165 meum,et
3448 3113 3551 3152 non
3567 3097 3831 3166 dilectam,

2220 3187 2482 3243 dilectam.
2508 3185 2622 3241 Erit
2645 3187 2781 3243 enim
2800 3203 2899 3258 quo
2919 3187 3033 3242 loco
3063 3187 3264 3242 dicetur
3289 3203 3393 3243 non
3420 3189 3648 3258 populus
3667 3206 3828 3259 meus,

2142 3289 2189 3356 α
2220 3280 2310 3337 illo
2339 3281 2450 3337 loco
2478 3280 2791 3337 vocabuntur
2809 3282 2908 3351 ﬁlii
2930 3280 3029 3337 Dei
3059 3281 3157 3338 vivi
3183 3282 3204 3353 (
3228 3280 3349 3338 Ose.
3392 3299 3450 3350 ιι,
3478 3281 3569 3351 24,
3602 3298 3641 3350 ι,
3678 3281 3794 3354 10).

2223 3410 2342 3452 CAP.
2396 3413 2488 3453 XX.
2537 3427 2611 3438 —
2653 3412 2792 3463 QUOD
2844 3412 3129 3467 ECCLESIL,
3180 3402 3314 3462 'QUE
3376 3412 3529 3453 PRIUS
3587 3411 3827 3454 STEBILIS

2298 3506 2531 3555 FUEBAT,
2560 3505 2765 3548 PLURES
2783 3506 2954 3551 FILIOS
2980 3507 3251 3548 HABITURA
3268 3506 3430 3549 ESSET
3453 3507 3519 3548 EX
3542 3505 3825 3561 GBNTIDUS,

2295 3599 2439 3648 ρωιιι
2467 3598 2608 3647 QUOT
2647 3597 2917 3641 SYNACOGA
2944 3593 2972 3623 ν
2995 3599 3138 3640 ANTE
3167 3597 3478 3641 BADUISSET.

2294 3695 2451 3767 Apud
2496 3693 2713 3753 Esaiam
2739 3712 2754 3751 :
2779 3695 3103 3763 Jucundare,
3136 3696 3322 3751 sterilis
3360 3711 3476 3768 qua:
3508 3710 3613 3751 non
3663 3696 3826 3767 paris,

2224 3807 2433 3863 erumpe
2451 3800 2500 3847 et
2527 3792 2781 3860 exclama,
2813 3807 2930 3864 quas
2971 3807 3074 3847 non
3097 3790 3358 3862 parturis,
3386 3789 3508 3863 quia
3554 3790 3704 3845 multi
3729 3790 3830 3860 ﬁlii

2224 3886 2438 3942 deserta:
2477 3888 2643 3957 magis
2667 3902 2822 3958 quam
2845 3888 2955 3957 ejus
2982 3901 3096 3957 qua:
3116 3886 3266 3943 habet
3291 3885 3474 3940 virum.
3518 3884 3670 3941 Dixit
3690 3884 3831 3940 enim

2223 3976 2479 4033 Dominus
2502 3993 2521 4032 :
2542 3976 2724 4033 Dilata
2765 3978 2938 4033 locum
2981 3977 3301 4034 tabernaculi
3328 3978 3405 4033 tui
3455 3987 3504 4033 et
3544 3977 3831 4034 aulicorum

2225 4078 2429 4126 tuorum
2455 4078 2508 4126 et
2548 4070 2648 4142 ﬁge
2673 4080 2724 4123 κ.
2776 4068 2906 4126 Noli
2930 4086 3162 4141 parcere,
3213 4071 3393 4143 longas
3417 4074 3504 4143 [ac
3560 4087 3829 4127 mensuras

2226 4174 2361 4235 tuas,
2391 4175 2439 4220 et
2465 4164 2613 4236 palos
2633 4174 2749 4220 tuos
2768 4174 2797 4214 ῐ
2823 4165 3095 4237 conﬁrma.
3120 4164 3303 4220 Adhuc
3321 4164 3377 4220 in
3400 4164 3665 4221 dexteram
3688 4174 3829 4221 tuam

2226 4269 2274 4316 et
2298 4261 2356 4315 in
2379 4260 2640 4315 sinistram
2679 4259 2910 4325 extende,
2940 4268 2989 4314 et
3019 4275 3188 4315 semen
3209 4268 3353 4315 tuum
3387 4269 3561 4332 gentes
3591 4259 3828 4331 posside-

2225 4352 2297 4407 bit
2327 4362 2371 4419 ι,
2420 4360 2466 4408 et
2528 4354 2753 4407 civitates
2796 4354 3022 4409 desertas
3062 4352 3386 4409 inhabitabit.
3444 4352 3574 4408 Noli
3627 4355 3821 4422 timere,

2225 4445 2346 4515 quia
2369 4444 2592 4501 revinces
2620 4443 2765 4517 (Isa.
2801 4460 2911 4512 ων,
2937 4446 2988 4511 1,
3016 4444 3109 4517 4).
3157 4443 3339 4517 Neque
3397 4446 3673 4501 reverearis
3704 4446 3831 4516 quia

2225 4536 2499 4591 maledicta
2519 4552 2593 4605 es,
2611 4536 2853 4607 quoniam
2872 4536 3226 4608 confusionem
3247 4545 3495 4593 teternam
3514 4537 3829 4593 Oblivisceris

2227 4628 2381 4702 (Isa.
2410 4644 2520 4698 LIV,
2567 4630 2623 4697 1,
2654 4631 2687 4684 4
2714 4630 2759 4701 ).
2828 4628 2920 4685 Sic
2959 4638 3015 4687 et
3058 4630 3297 4687 Abrahae
3347 4645 3469 4687 cum
3517 4631 3583 4687 de
3625 4630 3828 4687 ancilla

2227 4732 2385 4781 natus
2412 4731 2561 4780 esset
2603 4723 2751 4795 prior
2784 4721 2947 4789 illius,
2994 4722 3130 4780 Sara
3160 4724 3365 4781 sterilis
3393 4726 3487 4781 diu
3526 4724 3740 4793 mansit,
3769 4736 3832 4783 et

2227 4833 2353 4877 sero
2392 4818 2448 4872 in
2471 4824 2692 4896 senecta
2715 4814 2785 4872 de
2812 4814 3204 4888 pollicitatione
3227 4818 3440 4890 peperit
3462 4817 3633 4875 lilium
3673 4817 3828 4876 Isaac

1744 4927 2129 4995 LECTIONES
2169 4929 2579 4994 VARIANTES.

582 5024 611 5053 ⁸
644 5022 856 5074 Domum
879 5020 1078 5071 nomine
1100 5017 1225 5069 Bod.
1245 5019 1292 5081 1,
1316 5018 1362 5069 2.
1394 5018 1516 5070 Tltu.
1544 5019 1681 5071 Foss.

573 5081 611 5123 ιι
645 5086 740 5146 Qui
763 5098 861 5136 non
882 5082 1168 5132 destruetur
1189 5083 1279 5131 Ar.
1302 5082 1427 5134 Bod.
1453 5095 1480 5133 e
1503 5083 1634 5133 Lam.
1657 5084 1763 5136 ΝΟ.
1792 5086 1835 5135 1.

514 5166 519 5198 .-
584 5150 610 5180 ο
645 5147 842 5198 Esaiam
862 5145 980 5195 dicit
1001 5143 1127 5193 Bod.
1156 5144 1199 5193 1.

512 5166 519 5207 ς
584 5160 610 5180 υ
645 5160 842 5198 Esaiam
862 5160 980 5195 atcu
1001 5160 1127 5193 una.
1156 5160 1199 5193 ι.

579 5209 610 5251 d
646 5211 776 5271 Quid
795 5209 913 5258 mihi
935 5207 1060 5257 Bod.
1091 5206 1149 5271 ξ,
1165 5208 1216 5257 t.

584 5278 611 5336 ﬁt
644 5267 793 5325 Diem
814 5281 1060 5336 pressurae
1089 5267 1213 5336 Thu.

581 5334 603 5375 τ
639 5331 937 5389 Eximainte
976 5334 1093 5384 Ver.
1116 5332 1253 5383 Cum.
1280 5331 1383 5383 Lin.
1405 5334 1453 5384 Ν
1461 5333 1516 5384 C.
1552 5335 1601 5395 1,
1627 5334 1674 5384 2.
1707 5333 1828 5387 Tltu.
1858 5335 2000 5390 Corb.
2020 5341 2113 5390 Ar.

510 5399 641 5451 Bod.
670 5401 716 5461 1,
736 5397 788 5460 2,
810 5398 860 5447 1.
1034 5457 1045 5466 ν
1835 5444 1848 5452 .

579 5464 606 5505 s
639 5458 967 5525 Magniﬁcabit
989 5455 1473 5525 Ltn.Honoriﬁcabi_t
1494 5460 1607 5525 Ar:
1623 5460 1765 5525 σοι-ὸ.

571 5525 606 5563 h
638 5522 863 5575 Salutare
887 5533 1054 5571 meum
1074 5523 1165 5572 Ar.
1192 5522 1325 5573 0am.
1362 5524 1410 5576 Ν
1416 5522 1468 5572 C.
1506 5525 1552 5573 1.
1580 5524 1705 5575 Bod.
1731 5525 1778 5575 2.

575 5585 595 5626 i
635 5586 697 5636 Et
719 5585 822 5635 illic
849 5581 972 5633 Thu.
997 5584 1135 5636 Foss.
1165 5583 1309 5635 Corb.

576 5651 590 5699 i
632 5649 870 5710 Voluptas
893 5648 1021 5710 circa
1052 5649 1189 5710 Voss.
1216 5648 1340 5698 Bod.
1365 5649 1415 5709 5,
1443 5648 1490 5697 4.
1525 5648 1580 5699 [ιι
1602 5650 1739 5702 vobis
1770 5653 1886 5704 Ver.

566 5711 595 5778 ξι
630 5710 738 5778 I‘ion
763 5708 964 5778 accepto
987 5708 1355 5778 ha_beo_Ve_ro_n.

570 5770 592 5806 1
630 5769 825 5818 Incensi
847 5769 1119 5817 olI'erentur
1141 5771 1264 5819 Bod.
1291 5771 1340 5819 1.

568 5830 613 5917 :1“
1210 5834 1398 5917 126502;.
1417 5831 1537 5883 πίει·
1577 5835 1711 5885 Foss-

630 5886 948 5936 Sacerdotem
970 5886 1183 5952 ﬁdelem,
1210 5890 1258 5939 ci
1283 5890 1415 5939 Lam.

2144 5030 2200 5091 Ι)
2227 5088 2237 5091 _
2289 5025 2316 5054 °
2351 5023 2602 5091 Turonum
2618 5023 2873 5091 meliorem
2892 5023 3229 5091 Lin._l)omum
3247 5026 3445 5079 ﬁdelem
3467 5027 3695 5079 omnibus
3711 5028 3829 5081 die-

2224 5088 2320 5139 bus
2351 5086 2454 5150 Litt.
2480 5086 2589 5138 ΝΟ.
2623 5087 2669 5137 2.
2695 5087 2819 5150 Bod.
2846 5090 2891 5149 1,
2931 5089 2981 5148 2,
3009 5088 3058 5150 5,
3087 5090 3134 5139 4.

2290 5152 2319 5192 p
2350 5149 2683 5218 Quaecumque
2726 5149 3096 5218 loquiturBob.
3146 5153 3195 5214 1,
3236 5152 3284 5202 4.
3320 5152 3575 5218 Loquetur
3610 5154 3739 5206 Bod.
3774 5155 3824 5207 2.

2422 5210 2543 5264 Thu.
2580 5210 2717 5280 Foss.
2754 5210 2895 5280 garo.
2931 5214 3056 5280 Quae
3082 5210 3316 5280 loquetur
3346 5210 3483 5268 La'm.
3794 5227 3799 5233 ‘

2284 5278 2313 5319 (ι
2344 5274 2587 5326 Joannem
2617 5278 2736 5327 dicit
2757 5276 2883 5327 Bod.
2916 5276 2962 5325 4.

2286 5339 2310 5369 ³·
2344 5336 2466 5407 Ilaec
2485 5345 2608 5407 sunt
2624 5337 2749 5407 Thu_.
2764 5340 2921 5407 foss.
2949 5338 3103 5407 ‘Corb.
3117 5340 3373 5407 Bagesum
3405 5355 3517 5407 qua:
3539 5345 3831 5397 testimonio

2214 5407 2332 5452 sunt
2353 5401 2532 5452 Benev.
2565 5404 2682 5452 Ver.
2720 5400 2823 5453 Litt.
2847 5401 2975 5453 Bod.
3000 5404 3050 5462 2,
3076 5406 3125 5462 5,
3152 5404 3200 5454 4.
3237 5401 3363 5456 Thu.

2279 5441 3154 5537 ξ’εῖιῑιξδ·νδςνξί,εῑξῑίε”έδά.·έ

2278 5523 2299 5558 ί
2339 5523 2574 5576 Doruinus
2603 5523 2975 5579 ad'Rebcccam
3008 5523 3134 5580 Bod.
3159 5529 3209 5578 2.

2274 5589 2305 5618 ιι
2335 5585 2415 5638 De
2434 5593 2584 5638 utero
2606 5596 2695 5639 tuo
2714 5590 2998 5641 dividentur
3021 5593 3159 5645 Foss.
3188 5591 3332 5644 Corb.

2273 5651 2305 5744 ἶ
2334 5650 3018 5775 ἓῖθσῗὲειὲἓίέἓῧέδὲἑέῗ

2566 5714 2786 5782 hniCnIos
2801 5716 2929 5782 βοᾷ.
2954 5718 2999 5769 1.
3028 5719 3155 5769 Mor.
3177 5717 3306 5782 Fige
3325 5726 3381 5771 et
3401 5719 3658 5772 noliLam.

2277 5776 2308 5817 Υ
2338 5775 2403 5828 Ει
2422 5774 2629 5837 paxillos
2650 5783 2761 5827 tuos
2786 5778 2928 5829 Corb.

2274 5838 2298 5867 ι
2332 5837 2680 5905 Possidebunt,
2696 5840 3039 5895 inhabitabiles
3066 5839 3188 5896 mi.
3214 5841 3355 5898 εστι).
3380 5844 3509 5900 Bod.
3531 5844 3581 5908 ι,
3604 5844 3655 5899 4.
