4272 6278
418 337 527 399 689

1605 336 2169 399 TESTIMONIORUM
2207 337 2416 396 LIBER
2451 337 2495 394 Ι.

3620 344 3726 405 690

415 454 726 531 (Gen.xxr),
753 455 844 529 qui
873 444 1158 528 fuit'typus
1183 456 1404 515 Christi.
1434 457 1526 515 Sic
1546 465 1602 514 et
1629 456 1794 514 Jacob
1819 458 2028 528 accepit
2052 461 2106 522 Α
2130 457 2265 511 ciam
2289 465 2338 512 te
2358 456 2414 511 in
2431 461 2631 527 gentem
2660 466 2897 525 magnam
2913 491 2929 520 ,
2964 459 3010 507 et
3038 449 3331 508 benedicam
3353 462 3417 522 te,
3446 463 3494 511 et
3522 460 3698 531 magni
3706 490 3729 504 ο

415 564 616 606 uxores
672 549 805 604 duas
855 548 1019 623 (Gen.
1053 564 1185 605 XXIX
1216 590 1235 617 ,
1292 550 1487 621 xxx),
1558 549 1817 620 majorem
1870 548 2021 605 Liam

423 642 599 699 oculis
656 641 1041 698 inﬁrmioribus
1089 651 1274 714 typum
1322 652 1347 680 ει
1392 658 1699 716 synagoga),
1756 643 2021 701 minorem

418 736 720 809 speciosam
749 734 956 792 Rachel
976 746 1160 810 typum
1185 736 1462 802 Ecclesiae,
1484 752 1605 809 qua:
1623 748 1679 794 et
1708 739 1908 795 sterilis
1930 738 2024 796 diu

418 829 638 896 mansit,
683 837 739 884 et
772 838 955 898 postea
1001 829 1209 899 peperit
1231 828 1432 901 Josepb
1457 828 1509 898 ιι,
1541 831 1631 901 qui
1668 840 1723 888 et
1776 832 1895 904 ipse
1926 832 2024 888 fuit

422 930 583 992 typus
633 918 850 975 Christi.
904 920 973 977 Et
992 920 1044 977 in
1075 921 1309 977 Basilion
1336 924 1511 994 primo
1550 923 1744 994 legitur
1788 924 2023 985 Helcana

420 1011 679 1068 habuisse
726 1022 749 1051 ο
783 1026 980 1069 uxores
1025 1011 1197 1081 duas,
1241 1012 1554 1070 Fenennam
1610 1029 1732 1071 cum
1779 1015 1922 1084 ﬁliis,
1968 1028 2023 1075 et

422 1105 635 1163 Annam
656 1105 919 1173 sterilem,
947 1120 1013 1162 ex
1036 1121 1140 1177 qua
1167 1108 1403 1164 nascitur
1423 1107 1659 1178 Samuel,
1690 1126 1797 1166 non
1827 1126 2023 1168 secun-

420 1198 548 1255 dum
576 1196 819 1253 ordinem
850 1196 1166 1268 generandi,
1207 1196 1301 1252 sed
1342 1198 1635 1254 secundum
1674 1200 1767 1256 Dei
1796 1202 2023 1258 misera-

419 1290 625 1346 tionem
656 1298 709 1345 et
730 1289 1165 1360 promissionem,
1212 1304 1334 1345 cum
1383 1290 1473 1346 illa
1511 1302 1719 1349 orasset
1749 1293 1802 1348 in
1825 1295 2026 1366 templo

423 1380 483 1454 (Ι
520 1379 652 1452 Reg.
702 1378 795 1450 l);
846 1386 903 1435 et
928 1387 1091 1435 natus
1137 1379 1393 1448 Samuel,
1449 1391 1607 1454 typus
1656 1383 1756 1439 fuit
1802 1384 2019 1442 Christi.

424 1472 561 1529 Item
591 1473 643 1527 in
665 1470 900 1527 Basilion
928 1472 1131 1542 primo:
1154 1470 1359 1529 Sterilis
1378 1486 1568 1545 septem
1596 1479 1810 1547 peperit,
1841 1487 1888 1532 et
1911 1495 2027 1549 qua:

425 1565 685 1636 plurimos
703 1565 883 1621 habent
911 1565 1172 1635 inﬁrmata
1201 1573 1271 1620 est
1292 1565 1348 1638 (I
1383 1565 1508 1639 Reg.
1528 1584 1586 1636 ιι,
1609 1567 1826 1640 5).Filii
1848 1580 2026 1627 autem

429 1666 637 1729 septem
662 1666 786 1714 sunt
801 1656 829 1695 α
848 1657 1105 1715 Ecclesiae
1127 1659 1501 1730 septem,unde
1520 1670 1575 1716 et
1597 1661 1794 1718 Paulus
1817 1672 2027 1735 septem

434 1750 696 1808 Ecclesiis
714 1751 948 1821 scripsit,
967 1760 1021 1806 et
1040 1751 1394 1824 Apocalypsis
1412 1753 1679 1811 Ecclesias
1698 1766 1904 1828 septem
1935 1772 2031 1829 po-

2128 551 2290 621 ﬁcabo
2345 566 2528 605 nomen
2571 558 2736 615 tuum,
2759 556 2805 602 et
2836 545 2936 601 eris
2971 544 3305 614 benedictus;
3345 558 3392 601 et
3434 548 3729 607 benedicam

2126 645 2212 713 qui
2237 653 2285 699 te
2319 643 2651 709 benedixerit,
2679 648 2724 695 et
2753 639 3059 695 maledicam
3080 640 3168 710 qui
3197 648 3245 694 te
3265 641 3581 697 maledixerit
3610 654 3660 711 ς,
3678 655 3729 700 et

2127 738 2482 794 benedicentur
2504 737 2560 790 in
2587 745 2634 790 te
2661 749 2834 789 omnes
2862 732 3024 788 tribus
3048 729 3076 770 h
3098 740 3248 787 terra:
3272 731 3425 805 (Gen.
3450 750 3547 802 xu,
3574 734 3722 810 1-5).

2131 833 2207 889 De
2231 831 2336 888 hoc
2373 832 2491 902 ipso
2514 831 2567 886 in
2605 827 2801 886 Genesi
2834 842 2849 880 :
2892 823 2964 881 Et
2996 825 3252 881 benedixit
3276 824 3430 882 Isaac
3456 827 3620 884 Iacob
3654 829 3671 868 ί
3710 850 3723 886 :

2131 922 2264 979 Ecce
2280 923 2406 978 odor
2433 922 2530 992 ﬁlii
2556 921 2655 976 mei
2674 920 2804 975 sicut
2824 919 2952 975 odor
2980 920 3096 991 agri
3128 918 3265 990 pleni
3285 934 3438 990 quem
3478 920 3733 979 benedixit

2126 1019 2398 1075 Dominus.
2429 1018 2495 1073 Et
2525 1018 2611 1072 det
2632 1016 2721 1072 tibi
2761 1015 2898 1071 Deus
2921 1015 2987 1071 de
3005 1031 3123 1070 rore
3145 1015 3258 1070 cazli
3285 1014 3299 1066 i
3341 1023 3387 1070 et
3410 1031 3443 1070 a
3470 1015 3733 1087 fertilitate

2129 1123 2277 1169 terra:
2304 1112 2683 1167 multitudinem
2701 1110 2945 1181 frumenti
2966 1118 3015 1164 et
3053 1109 3160 1164 uini
3190 1116 3236 1163 et
3276 1109 3415 1175 olei;
3443 1120 3489 1164 et
3518 1114 3734 1168 servient

2129 1205 2219 1260 tibi
2255 1213 2448 1277 gentes,
2480 1213 2529 1259 et
2572 1204 2858 1259 adorabunt
2884 1212 2933 1257 te
2956 1202 3237 1275 principes,
3277 1210 3323 1259 et
3367 1203 3467 1258 eris
3498 1203 3736 1264 dominus

2128 1299 2304 1370 fratris
2334 1298 2407 1351 tui
2432 1295 2459 1334 ’ί
2480 1306 2530 1352 et
2557 1296 2841 1351 adorabunt
2862 1304 2910 1351 te
2934 1296 3029 1364 ﬁlii
3055 1296 3218 1366 patris
3238 1297 3311 1350 tui
3333 1313 3349 1363 ;
3381 1305 3428 1351 et
3452 1298 3601 1367 quite
3618 1316 3735 1354 ma-

2130 1390 2364 1446 ledixerit
2383 1389 2480 1444 erit
2520 1388 2841 1455 maledictus,
2870 1396 2915 1442 et
2935 1388 3022 1458 qui
3049 1397 3096 1442 te
3122 1386 3433 1443 benedixerit
3465 1386 3485 1426 1
3526 1391 3733 1447 benedi-

2127 1490 2238 1537 ctus
2281 1479 2432 1552 (Gen.
2463 1476 2885 1550 xxvu,27—29).
2943 1478 3020 1533 De
3080 1479 3183 1535 hoc
3231 1478 3351 1550 ipso
3378 1479 3435 1535 in
3486 1480 3721 1538 Genesi:

2134 1573 2232 1630 Ubi
2254 1583 2419 1628 autem
2448 1572 2570 1627 vidit
2606 1582 2646 1610 ω
2668 1571 2864 1642 Ioseph
2911 1572 3153 1642 quoniam
3197 1574 3519 1644 superposuit
3544 1582 3573 1610 ιι
3594 1583 3739 1645 pater

2131 1683 2256 1722 suus
2308 1681 2517 1720 manum
2549 1664 2785 1720 dextram
2819 1679 2975 1732 super
3013 1671 3168 1734 caput
3194 1662 3441 1731 Eﬂ‘raim,
3485 1681 3638 1738 grave
3658 1665 3740 1721 illi

2132 1760 2296 1815 visum
2325 1766 2431 1825 est;
2454 1766 2503 1811 et
2548 1755 2889 1827 apprehendit
2930 1754 3126 1827 Ioseph
3168 1772 3377 1811 manum
3396 1759 3556 1829 patris
3576 1758 3659 1813 sui
3686 1767 3736 1824 0,

431 1840 514 1897 nit
539 1842 792 1914 (Apoc.r),
820 1849 876 1896 nt
900 1850 1145 1899 servetur
1162 1844 1497 1914 septenarius
1524 1861 1802 1913 numerus,
1835 1857 1890 1904 ut
1915 1849 2032 1906 dies
2059 1836 2108 1896 Β
2134 1853 2340 1920 auferre
2365 1864 2473 1903 eam
2504 1864 2537 1901 a
2560 1847 2728 1918 capite
2763 1845 2985 1913 Effraim
3011 1845 3082 1899 ad
3108 1852 3261 1916 caput
3305 1846 3561 1905 Manasse.
3591 1848 3742 1904 Dixit

423 1941 630 2004 septem
652 1934 847 2005 quibus
871 1934 1009 1990 Deus
1034 1935 1294 1991 mundum
1324 1936 1450 1993 fecit
1472 1937 1625 2011 (Gen.
1650 1939 1815 2009 l.),ut
1842 1943 2033 2014 Angeli

422 2035 631 2098 septem
652 2027 741 2097 qui
767 2028 1027 2083 assistunt
1053 2038 1107 2084 et
1132 2039 1518 2086 conversantnr
1544 2040 1671 2087 ante
1699 2032 1887 2089 faciem
1909 2034 2029 2103 Dei,

432 2119 573 2174 sicut
602 2117 841 2190 Raphael
873 2122 1094 2192 angelus
1120 2120 1173 2175 in
1206 2120 1371 2176 Tobia
1401 2120 1533 2177 dicit
1573 2121 1743 2195 (Tob.
1786 2140 1878 2178 χιι.
1905 2123 1948 2196 ),
1979 2134 2035 2181 et

423 2210 641 2269 lucerna
660 2210 988 2283 septiformis
1017 2222 1040 2250 ε
1070 2214 1124 2268 in
1154 2214 1499 2270 tabernaculo
1516 2213 1798 2288 martyriif
1829 2216 2029 2290 (Exod.

432 2303 615 2376 xxv.),
634 2313 688 2359 et
709 2302 851 2360 oculi
880 2303 1088 2359 Domini
1117 2314 1331 2375 septem
1350 2306 1441 2376 qui
1466 2305 1724 2362 mundum
1748 2309 2033 2379 speculan.

427 2406 540 2463 tur,
596 2406 652 2452 et
696 2396 830 2466 lapis
856 2412 979 2452 cum
1021 2396 1190 2453 oculis
1231 2407 1457 2470 septem,
1490 2406 1547 2453 ut
1591 2398 1878 2458 Zacharias
1905 2401 2037 2458 dicit

426 2490 614 2561 (Zach.
646 2505 725 2554 ιιι,
749 2489 804 2557 9;
828 2506 903 2556 tv,
926 2492 1037 2559 10),
1058 2500 1112 2546 ct
1131 2491 1359 2561 Spiritus
1383 2502 1611 2563 septem,
1636 2504 1691 2549 et
1713 2494 2035 2552 candelabra

426 2582 808 2653 inApocalypsi
821 2591 1107 2651 scptem,et
1118 2584 1380 2639 columna:
1394 2594 1598 2655 septem
1611 2600 1775 2657 super
1786 2603 1919 2658 quas
1930 2588 2035 2644 edi-

431 2672 612 2729 ﬁcavit
638 2672 857 2729 domum
879 2672 1169 2745 Sapientia.
1189 2674 1344 2746 Apud
1357 2675 2033 2751 Salomonem(Prov.9,l).

426 2829 548 2873 CAP.
589 2830 700 2871 ικι.
743 2846 814 2857 --
850 2830 986 2880 QUOD
1022 2831 1228 2874 GENTES
1267 2832 1427 2875 IAGIS
1489 2834 1543 2874 IN

1000 2926 1217 2968 DITURJE
1257 2926 1476 2969 ESSENT.

1599 2834 1865 2876 CHRISTUH
1902 2836 2038 2878 CRE-

503 3046 560 3102 In
587 3046 787 3104 Genesi
815 3063 830 3101 :
854 3046 924 3103 Et
977 3047 1110 3104 dixit
1160 3047 1413 3106 Dominus
1448 3048 1590 3107 Deus
1635 3052 1705 3107 ad
1731 3052 2037 3111 Abraham:

438 3136 545 3193 Exi
570 3139 633 3193 de
662 3147 797 3193 terra
825 3149 911 3193 tua
934 3148 981 3195 et
1009 3139 1074 3194 de
1099 3141 1400 3213 cognatione
1425 3150 1515 3197 tua
1541 3152 1588 3198 et
1622 3143 1688 3200 de
1706 3145 1856 3200 domo
1877 3148 2041 3218 patris

2136 1952 2307 1997 autem
2334 1940 2530 2012 Joseph
2556 1939 2626 1994 ad
2648 1949 2844 2011 patrem
2878 1955 3027 1994 suum
3048 1956 3069 1993 :
3100 1938 3225 1994 Non
3252 1940 3347 2006 sic,
3373 1950 3534 2011 pater,
3553 1941 3637 1996 hic
3664 1951 3741 1996 est

2137 2034 2418 2106 primitivus
2467 2048 2607 2087 meus
2641 2042 2711 2096 1';
2739 2046 3025 2103 superpone
3068 2029 3343 2100 dexteram
3393 2040 3534 2085 tuam
3582 2047 3741 2102 super

2134 2134 2290 2196 caput
2316 2126 2447 2195 ejus.
2479 2123 2583 2178 Ille
2604 2132 2773 2178 autem
2801 2122 2984 2189 noluit,
3017 2131 3063 2177 et
3089 2121 3222 2177 dixit
3251 2121 3429 2188 :Scio,
3460 2122 3560 2191 ﬁli,
3582 2123 3688 2177 scio
3720 2137 3741 2176 :

2135 2225 2184 2271 et
2222 2215 2303 2270 hic
2355 2216 2451 2269 erit
2487 2215 2543 2268 in
2589 2213 2853 2285 populum,
2893 2222 2939 2268 et
2970 2212 3052 2267 hic
3087 2212 3420 2279 exaltabitur;
3444 2213 3534 2268 sed
3576 2216 3736 2285 frater

2137 2310 2249 2382 ejus
2256 2310 2442 2381 junior
2461 2309 2631 2380 major
2656 2307 2749 2362 illo
2790 2306 2885 2361 erit
2910 2317 2961 2373 ει,
2991 2314 3040 2361 et
3067 2321 3239 2361 semen
3267 2306 3377 2377 ejus
3402 2306 3497 2360 erit
3522 2307 3577 2361 in
3600 2306 3740 2360 mnt-

2138 2403 2402 2459 titudinem
2444 2402 2670 2476 gentium
2722 2398 2876 2474 (Gen.
2909 2414 3101 2467 XLvnt,
3145 2398 3353 2471 17-19).
3385 2398 3518 2455 Item
3549 2400 3602 2454 in
3631 2398 3740 2455 Gc—

2135 2498 2254 2553 nesi
2283 2513 2297 2551 :
2347 2494 2511 2564 Iuda,
2550 2504 2596 2549 te
2640 2493 2919 2549 laudabunt
2944 2503 2967 2531 ι’
2992 2497 3174 2565 fratres
3202 2493 3307 2561 tui,
3333 2509 3513 2547 manus
3538 2503 3560 2528 ε
3584 2507 3741 2561 super

2137 2592 2349 2648 dorsum
2398 2590 2720 2645 inimicorum
2763 2597 2987 2644 tuorum.
3019 2586 3317 2642 Adorabunt
3362 2597 3408 2642 te
3453 2586 3551 2657 ﬁlii
3581 2586 3743 2657 patris

2135 2686 2217 2740 tui
2242 2699 2263 2739 :
2288 2682 2485 2739 catulus
2511 2682 2671 2737 leonis
2710 2681 2873 2736 Iuda.
2905 2680 2987 2736 De
3012 2680 3211 2752 frutice,
3227 2680 3303 2750 ﬁli
3329 2680 3417 2746 mi,
3448 2678 3745 2747 ascendisti,

2137 2774 2392 2849 recubans
2435 2772 2732 2828 obdormisti
2782 2773 2918 2827 uelut
2946 2772 3024 2827 leo
3072 2780 3120 2826 et
3164 2772 3299 2827 velut
3325 2771 3525 2838 catulus
3554 2769 3738 2825 leonis.

2143 2868 2271 2937 Quis
2310 2867 2549 2923 excitabit
2575 2863 2767 2920 illum?
2797 2863 2920 2919 Non
2946 2864 3148 2934 deﬁciet
3168 2866 3407 2935 princeps
3434 2864 3497 2918 de
3522 2863 3665 2918 Iuda
3694 2870 3742 2917 et

2140 2962 2249 3018 dux
2275 2962 2338 3016 de
2389 2959 2662 3032 feruoribus
2685 2958 2794 3029 ejus
2832 2956 3160 3028 quoadusque
3203 2956 3405 3009 veniant
3442 2954 3674 3023 deposita
3704 2954 3724 2989 ι

2140 3055 2222 3111 illi
2246 3097 2263 3125 ,
2311 3063 2358 3109 et
2380 3054 2490 3125 ipse
2504 3061 2579 3108 est
2603 3062 2631 3089 ιι
2655 3067 2770 3122 spes
2785 3051 3031 3122 gentium.
3049 3047 3294 3119 Deligans
3313 3047 3383 3101 ad
3401 3047 3547 3102 vitem
3571 3056 3601 3086 ν
3622 3046 3741 3117 pul-

2142 3149 2251 3204 lum
2266 3157 2435 3216 suum,
2462 3156 2511 3202 et
2537 3146 2605 3200 ad
2632 3145 2855 3200 cilicium
2884 3154 2913 3181 κ
2940 3142 3139 3214 pullum
3189 3142 3350 3197 asinis
3375 3157 3501 3197 suae.
3525 3139 3740 3195 Larabit

432 3234 526 3304 tui,
545 3243 593 3291 et
621 3236 748 3291 vade
783 3234 837 3290 in
857 3234 1002 3290 illam
1030 3243 1220 3290 terram
1255 3252 1410 3308 quam
1435 3236 1526 3293 tibi
1540 3239 1844 3307 ostendero;
1870 3250 1919 3296 et
1944 3245 2025 3312 fa-
2050 3232 2096 3299 C
2127 3244 2184 3300 in
2222 3244 2340 3299 uino
2389 3242 2574 3298 stolam
2624 3255 2773 3296 suam
2800 3246 2898 3293 ret
2936 3237 2990 3293 in
3029 3236 3279 3308 sanguine
3320 3250 3434 3292 uiue
3462 3233 3732 3290 amictum

1684 3376 2068 3438 LECTIONES
2127 3379 2539 3438 VARIANTES.

493 3491 523 3522 α
552 3489 904 3541 Inﬁt-nitoribus
918 3490 966 3538 in
988 3496 1157 3542 tvuum
1280 3486 1471 3539 Hacbel
1494 3491 1545 3539 in
1566 3496 1730 3542 tvnum
1754 3491 1913 3542 Oxon.

491 3550 525 3589 ιι
556 3552 764 3615 Peperit
790 3551 978 3615 Ioseph

1051 3549 1144 3603 'oss.
1181 3549 1324 3603 Corb.
1351 3551 1478 3603 Bod.
1513 3552 1563 3616 1,
1586 3549 1637 3614 2',
1660 3554 1707 3604 4.
1741 3553 1949 3617 Peperit
1977 3555 2036 3605 ﬁo

431 3613 550 3665 lium
560 3613 950 3678 aesepuom.

497 3679 521 3708 °
556 3675 724 3727 Primo
755 3677 974 3727 Helcana
1010 3677 1135 3728 Bod.
1156 3677 1203 3735 1,
1233 3676 1284 3735 2.
1317 3676 1367 3734 3,
1403 3676 1451 3726 4.
1483 3675 1701 3730 Helcana
1732 3678 1907 3731 habuit
1942 3681 2032 3731 Ar.

438 3740 573 3802 Lam.
601 3740 706 3792 ΝΟ.
735 3741 782 3802 1,
807 3740 855 3790 2.
882 3738 1008 3790 Bod.
1035 3740 1084 3798 1,
1105 3741 1156 3799 2,
1176 3740 1227 3797 3,
1252 3738 1300 3788 4.
1336 3738 1476 3791 Corb.
1510 3737 1632 3791 Tha.

497 3801 529 3877 εξ
558 3803 674 3877 filii
697 3801 864 3877 autem
887 3808 1002 3877 sunt
1026 3809 1220 3877 septem
1246 3802 1404 3877 Oxon.

498 3868 525 3930 ξ
558 3865 797 3930 Lucerna;
813 3864 1131 3930 s'epti_formes
1155 3865 1313 3930 Oxon.

499 3924 523 3964 τ
558 3924 901 3979 Tabernaculo
919 3928 1209 3979 Testimonii
1232 3927 1370 3979 Foss.

500 3992 527 4029 Β
560 3990 905 4043 Maledixerint
928 3989 1053 4040 Bod.
1078 3990 1124 4038 1.

500 4052 536 4117 ξι
565 4053 752 4117 Omnes
770 4058 954 4117 gentes
973 4051 1170 4117 Bod.}.

504 4116 521 4155 ί
558 4115 712 4167 Jacob
739 4112 798 4167 ei
812 4116 939 4166 dixit
962 4116 1067 4165 Lin.
1096 4115 1235 4164 Lam.
1262 4112 1369 4165 Νι).
1393 4113 1444 4164 2.

504 4177 520 4229 i
562 4178 604 4227 A
624 4191 739 4233 rore
776 4178 889 4229 coeli
919 4179 1056 4229 Lam.
1082 4176 1193 4227 ΝΟ.
1223 4178 1267 4237 1,
1292 4178 1341 4227 2.
1370 4177 1496 4228 Bod.
1522 4177 1640 4238 1,2,
1663 4178 1713 4228 ι.
1745 4177 1869 4230 Thu.
1896 4179 2032 4232 Foss.

501 4243 531 4281 ιι
548 4239 784 4291 Dominus
806 4240 1037 4291 fratribus
1059 4241 1160 4290 tuis
1182 4240 1317 4289 Lam.
1357 4240 1482 4292 Bod.
1502 4240 1551 4290 2.
1574 4241 1684 4293 NG.
1719 4242 1767 4291 1.

505 4301 527 4343 1
546 4303 875 4355 Benedixerit
897 4304 996 4356 erit
1018 4299 1142 4367 Thu.
1171 4302 1313 4354 Corb.

2199 3494 2242 3523 π’
2275 3494 2371 3546 Ubi
2393 3495 2516 3546 vidit
2544 3491 2666 3544 Thu.
2694 3490 2837 3544 Corb.

2203 3557 2233 3586 ¹¹
2256 3557 2493 3617 Quoniam
2517 3557 2682 3620 posuit
2710 3552 2834 3620 Thy.
2860 3551 3002 3604 Corb.

2207 3620 2410 3694 ξῐζειιιίε
2429 3622 2507 3669 sui
2520 3618 2566 3694 ‘a‘
2574 3620 2738 3694 capite
2761 3618 2900 3669 Foss.
3105 3633 3109 3636 ν

2203 3684 2235 3725 ι’
2267 3682 2745 3794 ΡιυιιιιοῆθιιὶιιιεΔν.
2760 3708 2779 3730 η.

2205 3748 2235 3789 (ι
2256 3744 2407 3807 Major
2429 3748 2443 3796 i
2464 3746 2498 3795 li
2523 3745 2621 3807 erit
2636 3744 2775 3807 Foss.

2211 3811 2234 3839 τ
2262 3801 2486 3858 Laudant
2503 3805 2631 3858 Bod.
2656 3806 2705 3855 4.
2737 3801 2861 3855 Thu.

2210 3872 2235 3935 9
2260 3869 2434 3935 Manus
2456 3879 2555 3922 tua:
2577 3881 2729 3932 super
2744 3866 2935 3935 Bod.l,
2960 3865 3007 3926 2,
3035 3866 3084 3935 ξ,
3109 3862 3310 3935 4._Thu:
3333 3871 3470 3935 Foss.

2212 3931 2233 3965 ί
2261 3931 2477 3995 Veniant
2513 3926 2866 3995 quas'reposita
2887 3926 3004 3979 sunt
3044 3926 3210 3980 Lamb.
3250 3926 3356 3978 Lin.
3383 3926 3509 3978 Bod.
3537 3926 3587 3990 1,
3614 3927 3663 3989 2,
3691 3930 3742 3989 5,

2144 3993 2194 4044 4.
2223 3993 2333 4048 NC.
2363 3996 2408 4045 1.
2532 3993 2546 3995 “
2712 3993 2724 3995 “

2203 4060 2233 4088 ιι
2256 4058 2373 4121 ipse
2399 4059 2495 4108 erit
2516 4069 2634 4121 spes
2650 4054 2792 4121 Corb,

2203 4123 2233 4153 ν
2254 4112 2495 4184 Κειὶεωιε
2512 4112 2573 4184 aii
2587 4122 2749 4184 _vitem
2771 4119 2906 4184 Lam.
2931 4115 3039 4184 Νσέ
3063 4114 3113 4184 ‘l_.
3140 4115 3266 4184 Bod.
3293 4115 3342 4184 1,
3364 4114 3417 4184 2,
3436 4112 3643 4184 ξκᾘιᾳ.

2200 4184 2230 4214 κ
2252 4183 2326 4233 Ad
2342 4177 2509 4234 cilium
2534 4181 2659 4233 Thu.
2682 4182 2822 4234 Foss.
2851 4180 2972 4232 Ben.
3000 4177 3125 4232 Bod.
3150 4180 3199 4242 1,
3221 4177 3270 4239 2,
3292 4179 3342 4241 5,
3363 4179 3412 4231 4.
3432 4178 3509 4229 Ad
3529 4178 3744 4230 helicem

2137 4245 2543 4359 οῗθῖἠλδοιιιιω
2565 4305 2760 4359 Bod.1.

1694 4409 1935 4469 STEPH.
1976 4410 2245 4473 BALUZII
2282 4412 2512 4472 NOTAE.

511 4525 643 4583 Car.
659 4525 803 4582 XXI.
833 4557 906 4569 —-
932 4527 1030 4584 Ubi
1051 4538 1222 4584 autem
1242 4526 1385 4584 vidit.
1417 4524 1547 4583 Haec
1573 4533 1627 4581 et
1645 4533 1841 4597 cietera
1872 4540 2045 4597 usque

2148 4543 2211 4586 se
2248 4529 2461 4585 helicem
2498 4528 2551 4584 in
2586 4527 2694 4584 hoc
2723 4527 2845 4583 loco
2872 4523 3145 4595 scriptum
3160 4501 3361 4595 vidisse
3386 4523 3544 4595 inter
3570 4525 3751 4580 varias

445 4598 513 4693 ad
540 4600 920 4693 iuuititudincem
941 4598 1177 4656 Gentium
1197 4600 1394 4657 desunt
1415 4599 1468 4653 in
1491 4596 1678 4654 codice
1704 4592 2045 4669 Burgundico
2070 4632 2127 4693 Β
2153 4602 2414 4693 lectijones
2432 4600 2653 4693 positas.
2671 4601 2725 4683 in
2757 4592 3712 4693 exenipiii‘ri
3726 4637 3741 4661 ,

446 4679 502 4724 et
540 4671 593 4724 in
626 4670 972 4727 Lamoniano.

515 4739 773 4796 Cilicium.
829 4742 979 4799 Hanc
1029 4744 1319 4800 lectionem
1368 4740 1663 4813 praeferunt
1707 4741 2045 4813 antiquiores

443 4810 712 4884 editiones
744 4821 799 4869 et
823 4815 1003 4870 omnia
1040 4823 1222 4869 vetera
1258 4810 1622 4884 exemplaria,
1666 4812 1768 4869 nisi
1811 4810 1951 4884 quod
1983 4813 2038 4869 in

444 4882 701 4956 Tltuano,
737 4895 793 4940 ut
832 4887 883 4940 in
921 4885 1254 4951 Fossatensi,
1282 4882 1540 4956 scriptum
1582 4897 1667 4940 est
1697 4882 1901 4950 cilium,
1944 4899 2043 4955 per

445 4954 706 5039 incuriam
764 4954 1417 5039 videlicetdibrarioinm
1468 4956 1840 5039 ignorantium
1897 4954 2075 5027 quod,

445 5026 774 5083 scribebant.
825 5028 945 5097 Quo
989 5029 1148 5083 etiam
1193 5028 1391 5090 modo,
1438 5026 1644 5098 si'qnis
1686 5027 1790 5083 hoc
1831 5026 2045 5098 quoque

446 5100 587 5153 scire
616 5099 911 5167 desiderat,
944 5101 1135 5170 legitur
1159 5098 1211 5153 in
1249 5098 1458 5170 duobus
1487 5100 1720 5169 antiquis
1748 5098 2042 5167 codicibus,

445 5184 553 5241 uno
596 5171 748 5241 regio
777 5182 830 5226 et
861 5169 1033 5227 altero
1065 5186 1203 5225 meo.
1251 5169 1372 5241 Pari
1401 5184 1587 5241 errore
1618 5173 1668 5225 in
1701 5171 1886 5225 codice
1928 5185 2053 5225 meo

451 5239 576 5313 I62,
603 5239 857 5312 scriptum
885 5252 968 5299 est
992 5241 1154 5298 Citius
1185 5257 1283 5313 pro
1312 5239 1541 5313 Cteciiio,
1574 5241 1626 5295 in
1659 5241 1796 5297 libro
1819 5242 1888 5313 de
1910 5241 2054 5313 Pas-

453 5312 597 5385 sione
623 5310 786 5368 sancti
814 5314 1061 5385 Cypriani
1082 5310 1375 5368 hoc—modo
1398 5310 1766 5385 {Temporibus
1817 5310 2053 5367 Valeria-

449 5382 527 5457 ni,
546 5382 871 5457 iniquissimi
890 5382 1229 5457 imperatoris,
1261 5384 1367 5457 fuit
1416 5382 1820 5457 inuCnrthagine,
1845 5400 1960 5454 quae
1981 5394 2055 5439 est

449 5453 505 5507 in
520 5453 718 5523 Africa,
737 5453 1129 5525 gloriosissimus
1146 5457 1222 5509 vir
1235 5455 1436 5509 nomine
1458 5453 1768 5525 Cyprianus,
1789 5453 1872 5525 qui
1892 5456 2055 5525 primo

448 5525 653 5649 zuidem
682 5528 983 5582 rhetoricam
1024 5527 1221 5591 docuit,
1265 5526 1447 5580 deinde
1475 5526 1544 5559 ⁸⁸⁸
1576 5543 1607 5578 a
1647 5526 1868 5591 quodam
1917 5543 2057 5596 pres-

482 5605 626 5649 utero
656 5600 862 5649 nomine
886 5598 1036 5649 Cilio.
1066 5614 1336 5649 conuersus
1361 5596 1429 5649 ad
1462 5597 1611 5649 ﬁdem
1638 5596 1845 5649 Christi.
1874 5614 2057 5649 nomen

482 5605 626 5667 ytero
656 5600 862 5652 nomine
886 5598 1036 5663 Cilio,
1066 5614 1336 5653 conuersus
1361 5596 1429 5649 ad
1459 5597 1611 5665 ﬁdem
1638 5596 1845 5661 Christi,
1874 5614 2058 5652 nomen

450 5682 650 5738 quoque
676 5670 884 5723 sortitus
910 5679 984 5724 est
1006 5670 1213 5726 Cadius.
1249 5667 1529 5738 Erasmus,
1552 5669 1641 5738 qni
1675 5667 1887 5723 videbat
1915 5668 2059 5723 hunc

454 5736 711 5809 Cypriani
758 5740 934 5795 locum
977 5743 1174 5795 cubare
1202 5741 1261 5793 in'
1295 5736 1526 5804 mendo,
1559 5736 1738 5809 posuit
1765 5739 1962 5805 ilicem,
1991 5754 2060 5795 ex

460 5809 772 5881 conjectura
804 5812 1074 5868 videlicet.
1107 5812 1297 5866 Postea
1328 5812 1554 5881 emersit
1581 5811 1745 5881 editio
1778 5825 1900 5881 quae
1925 5811 2060 5867 dici-

463 5879 571 5937 tur
593 5879 809 5951 Gravii,
842 5899 1003 5955 quam
1032 5883 1124 5955 qni
1152 5879 1491 5955 procuravit,
1528 5879 2061 5941 admouet‘lectores

2153 4671 2299 4744 quod
2334 4666 2454 4729 erat
2469 4671 2673 4738 Gravii,
2696 4666 2933 4744 innuens
2956 4666 3104 4744 illum
3132 4666 3509 4744 castigationes
3531 4681 3597 4721 ex
3628 4681 3749 4744 ma:

2154 4737 2433 4825 nttscripto
2476 4737 2737 4825 Cypriani
2765 4740 2951 4825 codice
2992 4737 3308 4825 observatas
3353 4737 3407 4791 in
3445 4751 3599 4819 suum
3643 4737 3750 4825 sibi

2152 4808 2391 4872 codicem
2418 4808 2736 4871 brevissime
2767 4821 2972 4867 tantum
3000 4817 3237 4873 notasse,
3271 4808 3518 4879 quamvis
3536 4817 3750 4863 constet

2151 4900 2342 4942 omnes
2373 4886 2492 4941 illas
2519 4885 2778 4940 lectiones
2805 4897 2909 4937 non
2951 4894 3077 4935 esse
3120 4889 3360 4950 sumptas
3392 4895 3459 4934 ex
3492 4879 3629 4933 libro
3656 4895 3750 4931 ve-

2153 4959 2289 5021 teri,
2329 4965 2384 5011 et
2423 4955 2710 5012 nonnullas
2758 4968 2948 5024 earum,
2980 4965 3112 5024 esse
3158 4959 3371 5024 tantum
3404 4950 3747 5024 conjecturas

2150 5027 2354 5093 Gravii;
2380 5042 2444 5082 ac
2456 5028 2706 5099 quamvis
2754 5026 2847 5099 ille
2865 5023 2954 5099 qui
2978 5021 3136 5092 hujus
3155 5022 3405 5099 editionis
3427 5021 3615 5099 auctor
3637 5031 3745 5083 est,

2156 5110 2374 5156 moneat
2402 5093 2505 5153 sibi
2536 5100 2590 5152 in
2625 5112 2686 5152 ea
2716 5096 2842 5153 usui
2870 5093 3049 5164 fuisse
3073 5093 3396 5164 exemplaria
3430 5094 3706 5164 complura
3728 5132 3745 5156 ,

2156 5179 2216 5226 ut
2250 5172 2389 5225 inter
2426 5179 2620 5225 caetera
2651 5182 2816 5223 unum
2859 5163 3122 5235 insignius
3146 5163 3520 5235 fac’vetustius
3558 5178 3749 5235 mann—

2157 5243 2415 5313 scriptum
2452 5256 2517 5297 ex
2545 5238 2867 5313 bibliotheca
2908 5233 3594 5313 Cartbusimﬁoloniensis,
3634 5233 3753 5313 nul-

2158 5304 2281 5369 lum'
2299 5323 2477 5367 tamen
2504 5326 2694 5366 eorum
2732 5308 2969 5365 laudavit
2992 5306 3059 5360 ad
3097 5304 3519 5364 conﬁrmandam
3560 5306 3751 5360 lectio-

2160 5400 2285 5440 nem
2305 5387 2571 5439 inventam
2596 5382 2649 5437 in
2670 5380 2807 5437 libro
2820 5377 3020 5443 Gravii,
3041 5377 3204 5430 immo
3223 5378 3443 5431 retinuit
3457 5376 3751 5432 editionem

2161 5454 2392 5522 Erasmi;
2416 5454 2556 5523 quod
2599 5468 2704 5509 non
2736 5451 2972 5515 fecisset,
3001 5448 3047 5502 si
3078 5445 3751 5523 habuissetauctoritatem

2162 5518 2389 5598 alicujus
2427 5518 2549 5583 libri
2575 5526 2794 5598 veteris.
2827 5527 3002 5598 Atque
3043 5532 3143 5589 ego
3182 5533 3313 5598 sane
3352 5518 3756 5598 lubenter_nm-

2160 5588 2434 5670 plect'erer
2458 5609 2513 5654 et
2542 5597 2847 5670 prxferrem
2879 5588 3243 5670 conjecturam
3272 5588 3476 5670 Gravii,
3525 5589 3629 5670 nisi
3658 5588 3756 5670 obf

2161 5660 2329 5726 staret
2366 5660 2606 5725 veterum
2647 5666 2938 5723 editionum
2969 5660 3024 5716 et
3061 5660 3305 5717 codicum
3338 5660 3663 5724 auctoritas,
3701 5668 3758 5712 et

2162 5742 2267 5796 nisi
2306 5742 2503 5799 vetusti
2536 5738 2752 5812 quidam
2792 5748 3108 5812 magnorum
3150 5733 3427 5789 nominum
3462 5732 3756 5812 scriptores

2160 5806 2915 5882 repugnarent.‘_Lectionem
2966 5806 3111 5863 enim
3154 5818 3317 5876 quam
3366 5818 3471 5882 ego
3516 5806 3753 5882 retinui,

2159 5874 2412 5952 quamvis
2443 5880 2699 5941 mendosa
2726 5883 2817 5949 sit,
2843 5892 2964 5937 esse
2987 5874 3228 5935 veterem
3251 5876 3466 5935 constat
3489 5888 3558 5933 ex
3582 5874 3759 5945 capite
