4272 6278
284 365 481 475 ξοβδ

1594 340 2157 406 TESTIIIONIORIIII
2190 339 2398 399 LIBER
2432 339 2474 395 I.

3564 328 3680 388 896

369 483 621 544 conversi.
672 474 842 555 Igitur
887 477 1089 535 extollet
1143 465 1344 547 signu'm
1379 471 1436 526 in
1483 476 1654 540 gentes
1696 480 1810 537 qua:
1854 470 1970 517 sunt
1997 463 2052 524 Α
2076 458 2250 529 9ου).
2279 458 2408 513 Item
2436 457 2490 511 in
2528 452 2820 527 Evangelia
2869 460 2989 509 cata
3022 452 3280 509 Joannem
3308 450 3567 506 Dominus
3594 448 3677 504 di-

375 580 556 651 longe,
590 585 635 631 et
664 553 886 630 attrahet
934 572 1050 627 illos
1082 579 1108 607 α
1139 585 1169 622 a
1213 581 1408 621 summa
1451 571 1598 617 terra:
1633 557 1766 630 (Isa.
1795 572 1849 622 γ,
1875 553 1968 621 25,

370 672 491 743 26).
518 671 647 725 Item
697 667 835 739 apud
884 665 1132 722 eumdem
1167 680 1179 716 :
1213 660 1407 728 Quibus
1430 673 1533 713 non
1562 664 1634 710 est
1678 652 1969 743 nuntiatum

377 740 525 821 deveo
548 760 808 827 videbunt,
834 767 880 813 et
904 757 989 828 qui
1033 772 1135 810 non
1188 752 1459 806 audierunt
1503 745 1785 816 intelligent
1833 740 1967 816 (Isa.

372 871 467 924 LII,
498 852 615 926 15).
644 851 775 907 Item
800 847 939 920 apud
971 845 1252 902 eumdem:
1288 840 1592 911 Manifestus
1620 840 1786 910 factus
1811 852 1920 890 sum
1942 832 1970 872 1³

373 951 446 1005 eis
477 947 563 1019 qui
591 962 671 1000 me
712 961 814 999 non
838 949 1071 1014 quierunt
1105 951 1149 1008 ο,
1184 939 1414 993 inventus
1433 951 1547 990 sum
1567 932 1630 986 ab
1670 932 1741 987 eis
1768 931 1854 1002 qui
1896 944 1976 984 me

374 1062 478 1101 non
507 1042 906 1114 interrogabant.
952 1037 1076 1095 Dixi
1117 1051 1136 1091 :
1162 1033 1299 1090 Ecce
1334 1047 1468 1098 sum,
1511 1028 1647 1101 genti
1676 1041 1788 1097 qua:
1818 1040 1923 1079 non
1944 1020 1973 1060 ἀ

373 1136 619 1195 invocavit
643 1149 825 1189 nomen
846 1148 1012 1188 meum
1043 1140 1066 1168 θ
1099 1127 1231 1200 (Isa.
1257 1142 1405 1193 wn,
1438 1120 1518 1195 1.)
1543 1122 1620 1177 De
1647 1119 1752 1175 hoc
1778 1118 1898 1189 ipso
1920 1117 1973 1171 in

375 1230 599 1289 Actibus
638 1226 1016 1297 Apostolorum
1056 1222 1300 1279 Paulus:
1342 1218 1496 1275 Vobis
1540 1216 1760 1287 primum
1788 1228 1976 1284 oppor-

375 1329 542 1379 tuerat
568 1319 789 1377 indicari
810 1318 1015 1374 verbum
1056 1314 1175 1371 Dei.
1220 1312 1347 1380 Sed,
1372 1310 1493 1383 quia
1520 1306 1782 1376 expulistis
1815 1304 1970 1371 illud,

377 1432 470 1473 nec
497 1430 584 1469 vos
612 1414 794 1485 dignos
820 1411 932 1467 vita:
952 1418 1160 1465 aeterm:
1176 1404 1473 1479 judicastis,
1495 1416 1610 1456 ecce
1638 1397 1974 1454 convertimus

375 1524 471 1566 nos
489 1507 557 1562 ad
587 1504 792 1561 Gentes.
818 1504 909 1560 Sic
926 1502 1061 1558 enim
1088 1500 1221 1556 dixit
1234 1515 1325 1571 per
1350 1496 1650 1567 Scripturas
1676 1491 1928 1547 Dominus
1954 1506 1973 1543 :

378 1603 515 1658 Ecce
537 1602 701 1656 lucem
720 1598 867 1670 posui
889 1605 935 1651 te
959 1597 1090 1650 inter
1122 1591 1326 1659 Gentes,
1364 1591 1439 1645 ita
1464 1597 1520 1643 ut
1554 1589 1625 1643 sis
1650 1587 1705 1640 in
1731 1583 1972 1641 salvatio-

379 1714 497 1755 nem
526 1694 545 1736 ί
576 1710 735 1766 usque
760 1692 831 1749 ad
853 1692 981 1763 ﬁnes
1006 1698 1155 1745 terra
1172 1686 1314 1759 (Act.
1345 1699 1471 1752 nu,
1491 1681 1584 1751 46,
1615 1678 1732 1751 47).

378 1846 499 1890 CAP.
538 1843 672 1885 XXII.
725 1855 796 1869 ··-
861 1838 1001 1891 QUOD
1056 1835 1234 1879 PANEI
1288 1835 1358 1877 ET
1392 1831 1622 1876 CALICEI
1661 1829 1868 1872 CHRISTI
1906 1830 1973 1869 ΕΤ

449 1938 633 1980 οιιΝΕΙι
668 1934 904 1977 αιιΑτιΑιι
942 1932 1065 1973 EJUS
1115 1928 1358 1971 Αιιιεειιιιι
1424 1925 1619 1967 ESSEN’I‘
1655 1923 1840 1974 ιυωιει,
1879 1921 1978 1964 NOS

444 2029 587 2073 VERO
625 2028 920 2070 ACCEP'I‘IJRI
952 2027 966 2077 ;
1009 2025 1081 2065 ΕΤ
1120 2023 1259 2074 QUOD
1318 2017 1750 2065 CIIRISTIANOIHJII
1797 2014 1977 2057 NOVUII

445 2123 624 2166 NOIEN
658 2119 1100 2163 IENEDICEIIE'I’UR
1132 2118 1186 2163 IN
1221 2114 1434 2157 TERRIS.

450 2243 607 2317 Apud
642 2243 857 2301 Esaiam
886 2241 968 2298 sic
994 2239 1123 2297 dicit
1146 2238 1407 2295 Dominus
1438 2253 1454 2289 :
1484 2234 1618 2290 Ecce
1645 2233 1733 2305 qui
1754 2232 1976 2287 serviunt

375 2337 501 2393 mihi
527 2335 924 2404 manducabunt,
958 2349 1045 2389 vos
1069 2340 1239 2388 autem
1282 2330 1536 2386 esurietis.
1559 2325 1699 2381 Ecce
1734 2325 1825 2398 qui
1846 2324 1975 2380 mihi

376 2432 597 2488 serviunt
623 2440 648 2481 8
680 2431 867 2499 bibent,
898 2444 984 2485 vos
1002 2437 1173 2484 autem
1210 2426 1412 2482 sitietis.
1440 2422 1577 2479 Ecce
1597 2422 1687 2494 qui
1719 2421 1842 2476 mihi
1864 2436 1975 2476 ser-

375 2525 514 2581 viunt
537 2522 984 2595 jucundabuntur,
1012 2536 1100 2576 vos
1130 2530 1303 2575 autem
1326 2516 1713 2588 confundemini
1732 2532 1753 2584 ;
1778 2530 1865 2568 vos
1891 2514 1975 2568 in-

376 2617 587 2686 terﬁciet
614 2615 883 2670 Dominus.
921 2613 1011 2668 Eis
1039 2622 1208 2666 autem
1250 2612 1339 2682 qui
1364 2611 1586 2665 serviunt
1619 2608 1761 2675 mihi,
1792 2623 1976 2662 nomen

372 2708 720 2764 nominabitur
756 2722 944 2762 novum
972 2703 1020 2773 ιι,
1049 2703 1188 2776 quod
1237 2702 1560 2758 benedicetur
1580 2701 1636 2755 in
1674 2710 1811 2754 terra
1833 2698 1970 2772 (Isa.

374 2818 498 2869 va,
530 2803 617 2868 13,
657 2800 744 2865 15,
779 2799 896 2871 16).
922 2798 1054 2855 Item
1091 2797 1206 2853 illic
1235 2813 1249 2849 :
1279 2795 1462 2867 ,Igitur
1497 2794 1704 2849 extollet
1732 2792 1966 2865 lignami

372 2895 427 2951 in
448 2904 617 2969 gentes
642 2910 756 2965 quae
793 2901 912 2948 sunt
961 2893 1143 2962 longe,
1173 2898 1220 2944 et
1249 2889 1469 2944 attrahet
1510 2888 1628 2942 illos
1661 2887 1675 2937 i
1716 2905 1750 2942 a
1776 2904 1973 2942 summa

372 2996 542 3044 terrae.
571 2987 641 3043 Et
665 3003 781 3043 ecce
804 2987 904 3042 cito
928 2984 1099 3041 leviter
1119 2982 1146 3021 ιι
1171 2984 1369 3037 venient
1401 2998 1420 3036 :
1448 2997 1551 3035 non
1603 2983 1845 3047 esurient,
1880 2996 1967 3034 ne-

371 3097 468 3153 que
503 3081 674 3136 sitient
716 3077 849 3153 (Isa.
880 3092 938 3134 ν.
988 3076 1092 3146 26,
1120 3076 1234 3147 27).
1274 3074 1407 3130 Item
1455 3073 1603 3129 illic:
1630 3070 1763 3127 Ecce
1806 3074 1974 3142 itaque

373 3174 667 3229 dominator
687 3170 939 3227 Dominus
965 3168 1175 3227 sabaoth
1193 3168 1385 3238 auferet
1411 3166 1485 3222 a1
1494 3166 1597 3220 uda
1617 3176 1663 3220 et
1686 3165 1750 3220 ab
1779 3163 1971 3222 Hieru-

2076 553 2189 608 cit:
2220 550 2333 623 Ego
2359 568 2470 604 sum
2501 551 2647 620 panis
2685 549 2818 604 vitae.
2853 548 2953 616 Qui
3002 548 3135 602 venit
3163 546 3231 601 ad
3273 562 3351 599 me
3399 562 3503 600 non
3556 561 3674 599 esu-

2072 645 2188 712 riet,
2219 653 2264 699 et
2307 643 2393 715 qui
2419 644 2471 696 in
2498 659 2579 697 me
2610 641 2881 697 crediderit
2916 657 3018 694 non
3044 640 3179 694 sitiet
3207 655 3447 709 umquam
3483 636 3665 708 (Jaan.

2074 755 2150 806 vx,
2178 736 2295 809 '53).
2330 736 2468 793 Item
2511 735 2622 790 illic
2659 733 2775 803 ipse
2805 751 2817 787 :
2850 733 2910 789 Si
2932 734 3044 801 quis
3073 733 3197 798 sitit,
3232 733 3397 786 veniat
3421 740 3467 784 et
3513 729 3671 785 bibat.

2081 828 2180 897 Qui
2214 828 2375 883 credit
2421 829 2473 882 in
2527 842 2626 894 me,
2674 824 2803 880 sicut
2844 824 2969 878 dicit
3013 823 3313 894 Scriptura,
3356 823 3573 892 ﬂumina
3615 822 3679 876 de

2075 930 2245 977 ventre
2272 925 2381 990 ejus
2407 920 2567 989 ﬂuent
2591 932 2738 988 aqute
2765 918 2890 971 vivae
2933 915 3114 989 (Joan.
3154 930 3245 981 vn,
3280 915 3372 981 57,
3404 913 3518 986 58).
3546 912 3676 969 Item

2076 1014 2182 1070 illic
2212 1014 2328 1083 ipse
2353 1030 2365 1067 :
2398 1011 2517 1066 Nisi
2545 1011 2748 1065 oderitis
2775 1024 2982 1064 carnem
3010 1007 3139 1063 Filii
3169 1008 3409 1074 hominis,
3440 1018 3486 1063 et
3536 1007 3676 1062 bibe-

2076 1108 2188 1162 ritis
2213 1107 2323 1175 eius
2345 1104 2663 1176 sanguinem,
2687 1119 2789 1158 non
2812 1101 3056 1157 habebitis
3080 1102 3235 1156 vitam
3262 1102 3315 1157 in
3336 1101 3472 1156 vobis
3498 1100 3677 1172 (Joan.

2076 1214 2154 1267 γι,
2186 1199 2305 1270 55).

2078 1335 2197 1375 CAP.
2266 1332 2418 1373 XXIII.
2457 1345 2532 1357 —
2565 1329 2704 1381 QUOD
2768 1330 2837 1370 AD
2890 1327 3104 1369 REGNUII
3173 1327 3444 1369 C(ELORUM
3521 1327 3679 1369 MAGIS

2286 1404 2295 1411 ’
2360 1423 2564 1465 esurus
2600 1422 2743 1471 ousu
2794 1422 2957 1461 suum
2995 1420 3354 1460 penvnuuu'r.

2149 1522 2207 1578 In
2254 1522 2543 1592 Evangelio
2604 1520 2863 1576 Dominus
2909 1517 3039 1574 dicit
3079 1534 3094 1570 :
3137 1516 3292 1572 Multi
3343 1517 3538 1571 venient
3618 1518 3682 1571 ab

2081 1615 2289 1672 Oriente
2304 1626 2350 1670 et
2383 1615 2675 1680 Occidente,
2692 1621 2737 1666 et
2763 1611 3048 1666 recumbent
3068 1626 3182 1664 cum
3198 1610 3456 1663 Abraham
3470 1620 3512 1663 et
3530 1607 3682 1663 Isaac

2078 1721 2127 1767 et
2155 1710 2318 1765 Iacob
2349 1710 2403 1764 in
2424 1724 2580 1781 regno
2602 1706 2868 1770 caelorum,
2900 1705 2999 1773 ﬁlii
3027 1712 3195 1757 autem
3225 1703 3367 1774 regni
3398 1703 3603 1757 exibunt
3627 1704 3680 1757 in

2080 1802 2308 1858 tenebras
2336 1801 2629 1856 exteriores.
2660 1797 2781 1851 Illic
2825 1797 2921 1850 erit
2971 1795 3192 1866 ploratio
3228 1804 3274 1848 et
3313 1795 3505 1850 stridor
3550 1796 3675 1850 deu-

2004 1866 2053 1926 Β
2084 1895 2207 1952 tium
2232 1895 2447 1969 (Matth.
2476 1909 2590 1959 vui,
2622 1891 2708 1955 11,
2738 1889 2852 1962 12).
2893 1943 2897 1947 .

2079 2046 2199 2087 CAP.
2261 2044 2407 2084 XXIV.
2472 2058 2544 2068 —
2579 2040 2718 2092 QUOD
2754 2037 2886 2080 801.0
2922 2038 3025 2081 IIOC
3062 2036 3229 2080 IUDJI
3267 2037 3527 2080 ACCIPEIIE
3584 2038 3679 2081 νε-

2148 2137 2277 2178 ΝΙΛΙΙ
2342 2115 2561 2177 POSSIN'I:
2609 2132 2949 2174 DELICTORUM
3001 2131 3211 2173 SUOBUI
3237 2158 3251 2182 ,
3294 2130 3343 2172 SI
3379 2130 3681 2173 SANGUINEM

2147 2230 2354 2273 CIIIIIS'I'I
2390 2228 2557 2271 OCCISI
2594 2225 2852 2268 BAP’I‘ISIIO
2888 2223 3009 2266 ειυς
3046 2225 3455 2280 ΑΒωειιιΝτ,Ετ
3491 2227 3544 2267 IN
3584 2228 3681 2267 EC-

2148 2322 2371 2365 cuzsmi
2427 2322 2552 2362 usus
2610 2292 3011 2373 mnszunres,
3052 2317 3356 2359 PBECEP‘I‘IS
3413 2319 3536 2360 ειυς
3587 2320 3682 2361 ou-

2145 2414 2615 2459 TEIIPEBAVERIN‘I'.

2150 2517 2307 2589 Apud
2362 2515 2578 2572 Esaiam
2615 2512 2891 2571 'Dominus
2938 2510 3259 2571 dicitzlam
3292 2527 3396 2567 non
3445 2512 3676 2568 laxabat!

2073 2620 2282 2683 peccata
2333 2617 2514 2664 vestra.
2565 2605 2693 2662 Cum
2746 2605 3071 2661 extenderitis
3127 2620 3311 2660 manus
3344 2613 3391 2672 ο,
3449 2614 3671 2660 avertam

2078 2704 2261 2774 faciem
2281 2712 2309 2751 ι)
2332 2717 2363 2754 a
2388 2701 2525 2755 vobis
2548 2715 2568 2766 ;
2589 2708 2635 2754 et
2662 2699 2706 2753 si
2742 2697 3204 2769 multiplicaveritis
3249 2713 3442 2770 preces,
3470 2714 3573 2752 non
3593 2714 3679 2752 ea:-

2076 2796 2288 2849 audiam
2314 2807 2422 2850 vos.
2466 2792 2659 2846 Manus
2699 2789 2835 2846 enim
2859 2799 3038 2845 vestrae
3066 2788 3315 2861 sanguine
3343 2789 3511 2860 plenae
3538 2801 3673 2845 sunt.

2074 2892 2365 2958 Lavamini,
2396 2889 2574 2945 mundi
2602 2898 2779 2956 estote,
2809 2888 3007 2958 auferte
3027 2886 3276 2957 nequitias
3295 2886 3359 2939 ab
3377 2887 3562 2941 animis
3590 2903 3676 2940 ve-

2075 2985 2194 3041 stris
2235 3002 2269 3039 a
2302 2992 2574 3054 conspectu
2622 2980 2888 3036 oculorum
2920 2994 3171 3043 meorum,
3206 2987 3397 3033 cessate
3444 2994 3476 3030 a
3502 2977 3681 3046 nequi-

2077 3078 2161 3135 tiis
2204 3076 2401 3131 vestris.
2435 3073 2631 3129 Discite
2667 3072 2857 3126 bonum
2901 3069 3088 3140 facere,
3119 3064 3365 3140 exquirite
3398 3069 3674 3138 judicium,

2075 3176 2363 3226 conseruate
2391 3184 2503 3222 eum
2530 3166 2617 3238 qui
2665 3163 2911 3235 injuriam
2963 3161 3171 3233 patitur,
3203 3159 3437 3231 judicate
3478 3158 3674 3230 pupillo

371 3267 530 3325 salem
572 3267 817 3322 valentem
848 3274 894 3320 et
919 3263 1167 3329 validum,
1212 3261 1489 3317 volentiam
1518 3261 1668 3330 panis
1690 3256 1710 3297 ι
1749 3277 1764 3315 :
1796 3269 1844 3314 et
1879 3275 1969 3313 va-
1994 3261 2039 3323 C
2071 3273 2118 3318 et
2135 3262 2417 3334 justiﬁcate
2445 3258 2672 3324 viduam,
2703 3265 2750 3310 et
2778 3254 2957 3319 venite,
2989 3252 3329 3324 disputemus,
3357 3251 3481 3305 dicit
3498 3250 3676 3305 Domi-

370 3361 578 3418 tentiam
608 3374 753 3432 aqua:
774 3356 906 3429 (Isa.
936 3373 1012 3426 ni,
1044 3355 1119 3427 1).
1147 3354 1279 3412 Item
1304 3355 1357 3410 in
1382 3353 1603 3410 Psalmo
1632 3369 1827 3409 xxxiii.
1861 3352 1969 3409 Gu-

370 3463 497 3509 state
522 3463 569 3508 et
594 3451 759 3507 videte
784 3450 1026 3523 quoniam
1048 3447 1214 3503 dulcis
1246 3455 1320 3502 est
1342 3455 1384 3484 ιιι
1415 3446 1689 3502 Dominus.
1720 3444 1876 3500 Folia:
1897 3452 1971 3501 est

368 3549 446 3603 vir
472 3548 557 3618 qui
582 3555 752 3618 sperat
776 3546 831 3599 in
872 3559 1007 3599 eunt.
1034 3541 1227 3597 Timete
1266 3539 1544 3596 Dominum
1574 3539 1761 3608 Deum,
1795 3555 1969 3595 omnes

368 3640 531 3696 sancti
557 3640 687 3710 ejus,
713 3637 956 3710 quoniam
994 3652 1095 3691 non
1133 3643 1204 3691 est
1250 3635 1428 3706 inopia
1478 3635 1550 3689 eis
1587 3636 1673 3706 qui
1716 3650 1830 3689 eum
1859 3649 1967 3688 me-

369 3740 541 3787 tuunt.
567 3729 759 3785 Divites
783 3737 1028 3802 eguerunt
1054 3736 1100 3781 et
1138 3727 1419 3782 esurieruut
1448 3743 1467 3781 :
1496 3727 1584 3796 qui
1611 3736 1780 3780 autem
1803 3726 1971 3796 inqui-

369 3831 489 3879 runt
514 3820 797 3878 Dominum
824 3837 928 3876 non
951 3817 1249 3891 indigebunt
1277 3817 1415 3873 omni
1461 3816 1592 3872 bono
1614 3814 1733 3890 (Ps.
1763 3832 1967 3887 χχχιιι,

2070 3372 2167 3411 nus
2190 3372 2208 3410 :
2234 3364 2281 3408 et
2299 3354 2341 3408 si
2363 3354 2548 3420 fuerint
2577 3355 2782 3421 peccata
2807 3353 2972 3400 vestra
2999 3352 3054 3399 ut
3082 3343 3400 3415 phwniceum
3428 3352 3478 3410 (ι,
3516 3351 3568 3395 ut
3595 3345 3674 3397 ni-

2072 3466 2180 3505 vem
2208 3445 2485 3510 emalbabo;
2516 3454 2563 3500 et
2585 3444 2630 3498 si
2655 3441 2845 3516 fuerint
2870 3439 3016 3510 quasi
3043 3438 3303 3493 coccinum
3333 3446 3381 3506 ι’,
3412 3446 3464 3490 ut
3498 3436 3672 3491 lanam

2070 3538 2326 3597 inalbabo.
2359 3535 2429 3593 Et
2455 3536 2499 3592 si
2518 3534 2775 3591 volueritis
2801 3540 2847 3587 et
2880 3530 3145 3586 audieritis
3180 3545 3261 3585 me
3291 3538 3336 3598 ³,
3366 3528 3498 3585 bona
3526 3538 3675 3584 terra:

2071 3632 2250 3688 edetis.
2279 3629 2340 3687 Si
2361 3639 2531 3685 autem
2558 3624 2821 3683 nolueritis
2838 3632 2885 3679 et
2904 3639 3005 3678 non
3038 3622 3305 3678 audieritis
3339 3638 3438 3689 sue,
3468 3620 3675 3694 gladius

2071 3742 2160 3781 vos
2181 3732 2441 3781 consumet
2464 3722 2484 3758 τ
2498 3760 2513 3776 .
2548 3718 2620 3777 0s
2644 3719 2780 3774 enim
2798 3715 3009 3774 Domini
3029 3715 3255 3771 locutum
3270 3722 3345 3770 est
3368 3713 3466 3769 ista
3480 3721 3511 3750 ιι
3537 3711 3587 3782 (ι
3593 3729 3671 3767 sa.

2073 3836 2113 3885 1,
2145 3816 2365 3889 14-20).

1598 3934 1985 3995 LECTIONES
2021 3934 2439 3994 VARIANTES.

439 4058 467 4087 ³
482 4055 715 4110 Attrahet
735 4054 845 4106 illas
865 4051 1008 4105 Corb.
1033 4051 1299 4105 Attrahent
1311 4048 1439 4102 Bod.
1465 4049 1514 4098 5.

440 4115 469 4155 δ
494 4119 782 4170 Manifestus
804 4131 910 4167 sum
934 4116 1075 4166 Foss.

439 4185 464 4214 ο
498 4182 804 4242 Qum-ebant
844 4181 937 4231 Ar.
966 4180 1101 4228 Lam.
1129 4174 1239 4242 ΝΟ.
1278 4175 1327 4226 1.
1353 4170 1479 4242 Bod.
1499 4171 1549 4242 2,.

442 4245 471 4284 ιι
493 4233 619 4295 Ecce
644 4246 818 4295 adsum
849 4244 1006 4306 genti.
1028 4241 1260 4306 quoniam
1296 4250 1398 4288 non
1423 4233 1587 4297 Corb._

444 4311 469 4338 ε
494 4306 698 4355 Vocavit
717 4300 898 4355 nomén
926 4300 1049 4353 Thu.

444 4367 466 4405 f
497 4367 559 4417 Ut
583 4369 680 4417 sint
705 4366 877 4416 salvati
914 4366 1048 4417 Lam.
1074 4364 1182 4415 ΝΟ.
1211 4363 1257 4412 1.
1283 4360 1408 4413 Bod.
1434 4361 1483 4409 2.

448 4433 474 4473 Β
500 4432 635 4492 Ecce,
657 4430 743 4492 qui
787 4428 1010 4492 serviunt
1057 4426 1194 4492 milii,
1242 4426 1437 4484 bibent,
1485 4429 1779 4487 vos.autem
1806 4423 1987 4478 sitietis

374 4495 513 4545 Lam.
546 4491 653 4542 ΝΟ.
677 4489 728 4540 1.
760 4489 887 4540 Bod.
916 4491 961 4550 1,
988 4490 1036 4550 2,
1062 4491 1111 4548 3,
1134 4489 1180 4537 4.

440 4556 470 4594 h
496 4553 831 4605 Nominabitur
863 4546 1251 4614 magnumlan}.
1279 4548 1386 4599 ΝΟ.
1423 4548 1468 4614 1.
1488 4546 1614 4614 Bod.
1633 4547 1679 4606 ‘2,
1705 4550 1794 4599 Ar.

449 4619 464 4657 ἰ
493 4619 665 4680 Ignem
690 4617 739 4664 in
764 4606 970 4680 gentes:
982 4614 1108 4680 Bod.
1136 4611 1417 4680 t._l._ignurn
1439 4608 1815 4680 Rigaltucontra
1836 4606 1985 4680 ﬁdem

380 4663 819 4732 exciiiéi‘mss‘?
844 4663 978 4725 Lam.
1023 4663 1126 4725 Lm.
1171 4663 1296 4729 Nc?
1304 4675 1351 4737 ι,
1388 4673 1436 4722 2.
1476 4663 1670 4736 eode,
1698 4675 1747 4735 δ,
1772 4663 1979 4724 4.’ΤΙιιι.

377 4745 518 4795 Foss.
548 4738 691 4792 Corb.
710 4741 912 4795 Signum
938 4740 1093 4789 ()cron.

447 4807 461 4857 Ξ
495 4804 727 4856 Attrahet
747 4802 855 4852 illas
872 4802 1007 4852 Foss.

2144 4054 2175 4091 ιι
2208 4049 2315 4100 Cito
2333 4051 2545 4102 venient
2567 4047 2701 4098 Lam.
2726 4043 2837 4097 ΝΟ.
2865 4043 2913 4095 1.
2938 4041 3046 4096 Litt.
3072 4040 3198 4094 Bod.
3219 4041 3273 4090 2.

2150 4112 2181 4176 ξ
2199 4112 2447 4176 Virtutem
2473 4111 2613 4176 panis
2635 4115 2689 4176 et
2712 4108 3113 4176 virtutemjiguie
3133 4103 3262 4176 B_od_.
3285 4103 3333 4176 1_.

2144 4172 2188 4205 ⁸³³
2208 4175 2446 4234 Quoniam
2470 4163 2635 4223 suavis
2654 4172 2745 4222 Ar.
2768 4171 2922 4234 Lam._
2938 4163 3048 4219 ΝΟ.
3073 4169 3120 4218 1.
3148 4166 3274 4234 ροά.
3306 4168 3356 4228 1,
3377 4163 3426 4227 2,
3449 4165 3499 4217 5.

2084 4272 2089 4279 ι
2149 4238 2180 4267 ³
2194 4230 2447 4286 Felaxabo
2465 4236 2591 4289 Bod.
2618 4234 2665 4293 2,
2681 4235 2731 4297 ὃ,
2753 4236 2804 4285 4.
2830 4230 2971 4297 Spir.
2990 4235 3129 4285 Rem.
3144 4232 3338 4284 Erasm.

2152 4302 2177 4329 °
2205 4300 2377 4350 Manus
2394 4306 2586 4349 vestras
2608 4296 2733 4348 Bod.
2752 4297 2801 4346 5.
2820 4296 2869 4345 4.

2150 4364 2182 4406 ν
2206 4347 2375 4412 nisi;
2401 4347 2521 4412 Bod.
2538 4347 2598 4421 *1,
2618 4347 2666 4410 ι.
2713 4359 2847 4411 Tert.
2902 4355 3040 4421 Spir.
3091 4353 3255 4407 Reinb.
3301 4355 3443 4404 Erus.
3489 4347 3685 4402 Morell.

2093 4428 2250 4480 Oxon.
2272 4430 2418 4477 Deest
2440 4423 2493 4474 in
2515 4418 2735 4489 impress.
2757 4418 2958 4489 nuperis
2974 4430 3158 4468 meam.

2012 4471 2067 4531 D
2097 4471 2627 4547 '"i'Qdasirusseuiﬁ—
2645 4471 2947 4548 fctumst
2967 4493 3167 4531 roseum
3199 4476 3334 4529 Tert.
3362 4477 3542 4528 Benev.
3570 4478 3690 4529 Ver.

2086 4556 2349 4673 “inﬁtias:
2369 4624 2565 4662 coccum
2588 4607 2712 4660 Tha.
2749 4603 3083 4673 Foss.meev.
3110 4604 3437 4673 Femineum.

2153 4681 2175 4707 ε
2197 4661 2530 4726 desedimus
2551 4688 2632 4723 me
2658 4670 2844 4723 304.4.
2863 4668 2975 4723 Non
2989 4666 3310 4718 obaudieritis
3332 4661 3457 4715 Bod.
3481 4661 3531 4711 ι.

2156 4738 2175 4774 ί
2202 4740 2301 4789 Vos
2315 4738 2546 4787 comedet
2577 4734 2682 4786 Litt.

2149 4804 2180 4835 ιι
2203 4800 2439 4851 Locutum
2464 4807 2542 4850 est
2557 4797 2664 4848 haec
2680 4794 2805 4848 Bod.
2823 4794 2871 4846 1.

1621 4907 1860 4966 STEPH.
1906 4908 2183 4969 BALUZII
2216 4908 2449 4967 ΝΟΤΔΕ.

382 5039 593 5114 ιὶοηεηι
616 5048 853 5114 nostram
883 5038 1146 5114 approbat
1172 5035 1258 5094 edi
1289 5035 1365 5093 tio
1400 5033 1693 5108 Anglicana
1714 5077 1729 5103 ,
1761 5034 2003 5105 quamvis
2107 5033 2249 5114 terre
2277 5033 2510 5114 debeam
2534 5029 2580 5085 ei
2608 5042 2733 5110 quae
2758 5034 2935 5083 exstat
2963 5024 3015 5081 in
3040 5019 3381 5108 quisbusdam
3397 5017 3701 5114 manuscri-

376 5112 596 5182 formosi
625 5113 864 5177 posuerit
889 5112 1251 5182 in'contextu.

448 5180 577 5237 CAP.
613 5182 802 5239 XXIV.
832 5214 906 5225 —
933 5184 1085 5253 Apud
1113 5180 1343 5236 Esaiam.
1389 5178 1493 5237 Ista
1512 5193 1688 5250 usque
1715 5177 1784 5233 ad
1823 5177 1997 5250 Igitur

376 5254 557 5309 extollo
576 5254 769 5310 desunt
790 5257 843 5311 in
872 5257 1010 5313 libro
1041 5254 1303 5311 Lamonii.

454 5324 799 5384 Phaeniceum.
836 5328 1038 5387 Dubius
1074 5342 1195 5385 sum
1230 5340 1299 5383 an
1336 5323 1620 5382 lectionem
1647 5322 1805 5382 istam
1834 5334 1970 5393 pra:-

2108 5088 2248 5177 ptis,
2290 5088 2361 5158 in
2403 5102 2596 5177 quibus
2626 5088 2888 5177 scriptum
2916 5106 3000 5153 est
3046 5088 3193 5177 quasi
3222 5108 3448 5177 rosseum
3490 5088 3699 5177 return:

2112 5161 2252 5231 iam;
2276 5218 2290 5243 ,
2332 5161 2488 5246 qua'ni
2522 5161 2806 5246 lectionem
2837 5185 2961 5246 esse
2982 5161 3263 5246 meliorem
3281 5162 3492 5220 videtur
3512 5161 3697 5246 .colligi

2152 5231 2289 5302 osse'
2320 5231 2386 5302 εἰ
2434 5244 2778 5309 Termlliano,
2825 5240 2967 5311 apud
3001 5254 3163 5314 quem
3209 5236 3302 5295 lib.
3366 5250 3419 5292 iv
3454 5231 3695 5294 adversus

2136 5318 2388 5375 arcionem
2416 5315 2610 5388 legitur
2632 5314 2778 5387 quasi
2804 5328 3025 5371 roseum.
