4214 6266
374 361 484 421 697

1582 363 2146 428 TESTIMONIORUM
2182 369 2391 429 LIBER
2425 372 2493 432 II.

3577 382 3685 440 698

376 474 500 531 altis
523 482 552 513 ⁸
575 472 817 544 habitavi,
848 483 895 531 et
921 476 1133 534 thronus
1163 493 1307 534 meus
1329 478 1385 534 in
1404 478 1642 535 columna
1669 479 1838 537 nubis.
1868 479 1974 553 Gy-
1998 486 2055 549 Α
2078 485 2231 540 ctavit
2255 502 2375 542 suas
2395 487 2588 544 hostias
2614 497 2667 557 Ρ,
2709 488 2911 545 miscuit
2947 494 3004 545 in
3038 499 3234 548 cratera
3270 493 3443 550 vinum
3468 502 3617 553 suum
3632 506 3683 565 ιι,

378 587 496 627 rum
525 568 640 625 caeli
681 569 959 641 circuivib,
986 581 1034 627 et
1057 572 1112 627 in
1162 571 1480 646 profundum
1513 572 1683 645 abyssi
1706 576 1982 644 penetravi,

2086 589 2137 635 et
2160 581 2360 650 paravit
2383 596 2531 636 suam
2557 597 2808 651 mensam,
2835 592 2883 637 et
2909 583 3048 639 misit
3072 600 3242 639 servos
3261 601 3379 641 suos
3405 604 3690 645 convocans

383 674 433 720 et
461 664 519 718 in
547 662 793 734 ﬂuctibus
815 664 976 721 maris
1002 663 1278 734 ambulavi,
1304 675 1351 720 et
1379 665 1434 720 in
1462 666 1601 721 omni
1620 674 1756 722 terra
1775 667 1906 733 steti,
1939 675 1987 722 et
2086 689 2205 729 cum
2233 674 2429 729 excelsa
2459 674 2824 746 praedicatione
2870 675 2940 730 ad
2965 683 3207 731 craterem
3235 677 3406 734 dicens
3440 696 3454 733 :
3487 677 3589 745 Qui
3614 689 3691 736 est

385 758 443 813 in
469 756 611 813 omni
653 756 847 828 populo
872 764 920 813 et
946 758 1003 813 in
1027 757 1167 829 omni
1193 766 1339 830 gente
1353 757 1633 831 primatum
1668 757 1825 812 habui
1852 768 1900 823 ο,
1931 768 1982 814 et
2086 766 2331 839 insipiens
2350 768 2568 824 declinet
2591 769 2663 824 ad
2702 786 2803 827 me.
2832 768 2901 825 Et
2929 771 3188 844 egentibus
3211 788 3364 828 sensu
3385 771 3517 829 dixit
3544 790 3558 828 :
3591 773 3692 830 Ve-

383 852 612 909 omnium
634 851 985 907 excellentium
1013 860 1062 907 et
1089 852 1363 908 humilium
1388 851 1547 907 corda
1590 852 1801 923 propria
1820 848 1848 888 ἀ
1886 852 1990 906 υἱν-
2089 861 2213 927 nite,
2259 859 2391 915 edite
2418 859 2482 916 de
2509 862 2635 916 meis
2659 861 2897 933 panibus,
2945 871 2994 919 et
3020 862 3171 918 bibite
3214 863 3387 919 vinum
3424 865 3563 935 quod
3590 865 3693 919 mi-

384 957 493 1005 tute
510 948 723 1003 calcavi.
755 946 825 1002 In
851 963 932 1003 me
956 946 1120 1003 omnis
1143 962 1259 1019 spes
1287 946 1405 1003 vita:
1425 954 1474 1003 et
1499 947 1697 1002 virtutis
1725 955 1772 1001 θ.
1794 944 1989 1002 Trans-

383 1042 454 1097 ite
482 1041 551 1096 ad
577 1056 673 1109 me,
706 1055 877 1096 omnes
900 1040 987 1111 qui
1011 1039 1366 1110 concupiscitis
1387 1055 1466 1093 me
1506 1038 1697 1111 (Eccli.
1725 1054 1874 1107 xxxv,
1909 1040 1986 1111 5).

2091 958 2201 1010 scui
2230 953 2388 1011 vobis.
2433 954 2781 1027 Derelinquite
2816 956 3108 1023 stultitiam,
3139 964 3187 1012 et
3217 958 3432 1029 quaerite
3461 958 3691 1028 pruden-

2091 1049 2233 1116 tiam,
2283 1058 2331 1104 et
2367 1049 2605 1121 corrigite
2645 1048 2915 1106 scientiam
2953 1051 3010 1105 in
3051 1049 3311 1106 intellectu
3338 1060 3361 1090 ι’
3393 1049 3581 1124 (Prov.
3612 1067 3693 1119 lx,

388 1135 521 1193 Item
545 1135 598 1191 in
617 1133 835 1191 Psalmo
858 1148 1102 1190 Lxxxvm
1130 1149 1144 1187 :
1174 1131 1243 1187 Et
1265 1149 1356 1205 ego
1385 1132 1778 1204 primogenitum
1802 1148 1991 1204 ponam
2094 1143 2122 1199 1
2168 1142 2327 1215 ηιμ),

389 1245 510 1285 eum
540 1226 584 1298 ί,
614 1228 923 1283 altissimum
948 1225 1089 1297 apud
1124 1241 1267 1297 reges
1318 1233 1485 1281 terrm.
1514 1223 1585 1279 In
1610 1232 1855 1280 aeternum
1880 1240 1990 1281 ser-

384 1323 513 1379 vabo
538 1322 617 1378 illi
637 1319 1044 1377 misericordiam
1090 1334 1255 1374 meam
1283 1326 1329 1373 et
1357 1326 1709 1373 testamentum
1732 1332 1900 1372 meum
1926 1316 1992 1386 [i-

392 1416 507 1472 dele
530 1415 629 1483 illi,
656 1424 705 1470 et
753 1430 942 1485 ponam
968 1414 1023 1468 in
1042 1413 1291 1469 steculum
1319 1410 1496 1468 seaculi
1515 1427 1685 1468 semen
1711 1412 1823 1483 ejus
1851 1420 1899 1466 Β.
1931 1409 1994 1467 Si

2162 1275 2281 1317 CAP.
2324 1278 2405 1318 III.
2439 1294 2511 1304 --
2546 1278 2686 1329 QUOD
2714 1277 2970 1321 CHRISTUS
3008 1279 3137 1320 IDEII
3173 1278 3255 1320 SIT
3282 1278 3456 1322 εει».ιο
3490 1281 3602 1322 DEI.

2164 1393 2222 1449 In
2245 1394 2461 1451 Psalmo
2492 1411 2622 1452 XLIV
2650 1413 2666 1452 :
2697 1396 2962 1451 Eructavit
2988 1412 3078 1451 cor
3102 1413 3270 1453 meum
3299 1414 3582 1454 sermonem
3601 1397 3696 1454 bo-

389 1508 749 1580 dereliquerint
778 1506 877 1577 ﬁlii
918 1507 1031 1576 ejus
1059 1505 1223 1577 legem
1247 1520 1449 1573 meam,
1477 1513 1524 1559 et
1546 1503 1600 1558 in
1627 1502 1833 1570 iudiciis
1868 1501 1994 1580 meis
2095 1501 2240 1580 ("mir
2265 1486 2381 1544 ἀίοο
2410 1505 2502 1561 ⁸90
2544 1504 2702 1560 opem
2745 1506 2858 1545 mea
2894 1491 3004 1563 "395
3026 1488 3144 1565 (Ρεα
3190 1507 3334 1559 Ῑιινι
3364 1492 3442 1564 il-
3474 1491 3607 1549 "em
3642 1493 3697 1551 in

388 1618 494 1658 non
538 1578 929 1666 ambulaverint,
976 1598 1021 1652 si
1049 1597 1450 1669 justiﬁcationes
1506 1611 1659 1650 meas.
1690 1578 1997 1667 profanave-

388 1694 494 1749 rint
532 1701 581 1748 et
600 1700 851 1764 pracepta
872 1706 986 1747 mea
1005 1706 1108 1746 non
1128 1688 1517 1752 observaverint,
1539 1686 1752 1742 visitabo
1771 1687 1826 1740 in
1850 1685 1997 1756 virga

393 1786 628 1860 ﬁtninora
646 1800 821 1841 eorum
855 1792 903 1838 et
926 1783 983 1839 in
1011 1782 1236 1855 ﬂagellis
1260 1782 1448 1838 delicta
1475 1796 1670 1837 eorum.
1700 1778 1996 1835 Misericor-

2096 1578 2312 1637 Psalmo
2356 1596 2505 1637 χχιιι
2538 1581 2831 1639 :Sermone
2861 1592 2884 1621 ⁸
2932 1581 3032 1638 Dei
3071 1584 3185 1640 caeli
3229 1584 3437 1640 solidati
3479 1595 3617 1654 sunt,
3651 1595 3700 1641 et

2098 1669 2304 1742 Spiritu
2339 1672 2443 1728 oris
2471 1673 2582 1745 ejus
2625 1674 2790 1730 omnis
2832 1674 2991 1730 virtus
3032 1692 3207 1731 eorum
3235 1674 3358 1751 (Ps.
3388 1693 3578 1747 χχχιιι,
3614 1678 3697 1752 6).

2098 1761 2228 1819 Item
2253 1762 2395 1835 apud
2419 1763 2670 1821 Esaiam:
2701 1764 2921 1821 Verbum
2945 1772 3372 1841 consummansiet
3394 1769 3624 1827 brevians
3647 1773 3703 1828 in

393 1857 534 1937 diam
560 1887 728 1935 autem
755 1893 919 1932 meam
937 1893 1043 1933 non
1063 1876 1354 1948 dispergam
1378 1873 1442 1928 ab
1465 1874 1556 1929 eis.
1573 1872 1706 1929 Item
1735 1872 1790 1927 in
1816 1871 1997 1927 Evan-

2105 1857 2336 1926 iustitia;
2361 1860 2604 1930 quoniam
2646 1875 2929 1915 sermonem
2964 1859 3240 1916 breviatum
3289 1867 3445 1934 faciet
3483 1864 3621 1919 Deus
3646 1865 3701 1921 in

397 1973 538 2045 gelio
562 1982 680 2029 cata
704 1970 970 2029 Joannem
991 1968 1250 2026 Dominus
1273 1967 1437 2024 dicit:
1463 1966 1589 2023 Hac
1611 1975 1781 2022 autem
1808 1966 1998 2021 estvita

390 2073 661 2134 aeterna,“
681 2071 989 2135 cognoscant
1014 2070 1062 2117 te
1078 2062 1243 2117 solum
1252 2069 1302 2116 et
1313 2076 1487 2117 verum
1500 2058 1572 2092 ³⁸⁸
1585 2057 1777 2127 Deum,
1790 2067 1836 2113 et
1849 2073 1999 2128 quem

399 2156 600 2225 misisti,
628 2154 810 2213 Iesum
837 2153 1117 2212 Christum.
1140 2153 1255 2226 Ego
1280 2162 1328 2209 te
1368 2152 1648 2222 clariﬁcavi
1696 2152 1752 2207 in
1782 2161 1919 2207 terra
1944 2149 1997 2219 ιι,

401 2266 530 2322 opus
552 2249 742 2322 perfeci
772 2248 789 2286 ί
832 2248 971 2319 quod
1016 2247 1200 2304 dedisti
1228 2246 1354 2302 mihi
1380 2255 1435 2301 ut
1454 2246 1666 2318 faciam.
1699 2244 1767 2300 Et
1787 2262 1923 2300 nunc
1945 2255 2001 2299 tu

397 2343 632 2414 clariﬁca
650 2358 729 2407 me
756 2342 771 2393 i
805 2342 946 2413 apud
973 2349 1022 2396 te
1043 2343 1214 2412 ipsum
1237 2339 1469 2396 claritate
1492 2355 1649 2410 quam
1676 2339 1832 2393 habui
1858 2337 2001 2409 apud

395 2446 443 2493 te
472 2436 769 2508 priusquam
812 2433 1037 2490 mundus
1079 2434 1221 2502 ﬁeret
1274 2430 1474 2505 (Joan.
1516 2445 1660 2498 xvu,
1709 2428 1812 2503 5).
1858 2428 1993 2485 Item

406 2528 606 2584 Paulus
632 2529 697 2582 ad
719 2525 1070 2584 Colossenses
1098 2543 1112 2580 :
1140 2524 1241 2592 Qui
1278 2535 1351 2579 est
1391 2525 1562 2596 imago
1595 2522 1695 2579 Dei
1735 2522 2003 2579 invisibilis

401 2630 450 2674 et
500 2619 868 2690 primogenitus
918 2617 1072 2673 totius
1121 2624 1367 2671 creatum
1394 2614 1613 2689 (Coloss.
1646 2630 1699 2683 ι,
1729 2612 1837 2686 15).
1873 2614 2003 2669 Item

400 2710 515 2768 illic
541 2727 556 2765 :
588 2709 971 2783 Primogenitus
999 2725 1031 2764 a
1053 2708 1289 2776 mortuis,
1310 2717 1362 2762 ut
1392 2708 1535 2778 ﬁeret
1570 2707 1627 2761 in
1651 2706 1881 2761 omnibus
1896 2706 2007 2779 ipse

403 2804 678 2875 primatum
706 2810 900 2858 tenens.
930 2800 1060 2857 Item
1090 2802 1143 2856 in
1173 2800 1530 2873 Apocalypsi:
1554 2798 1668 2871 Ego
1682 2815 1791 2853 sum
1820 2823 1856 2852 α.
1876 2808 1923 2854 et
1944 2822 2003 2865 ω,

312 2940 319 2947 .
397 2896 602 2951 initium
623 2906 670 2951 et
697 2895 841 2964 ﬁnis.
876 2893 989 2967 Ego
1013 2894 1203 2950 sitienti
1235 2893 1368 2948 dabo
1417 2893 1481 2949 de
1507 2894 1648 2967 fonte
1670 2908 1816 2964 aqua:
1839 2894 1952 2948 vita:
1977 2890 2005 2931 κ

399 2989 559 3061 gratis
602 2987 787 3063 (Apoc.
833 3004 949 3056 ιιι,
976 2984 1057 3059 ϐ).
1085 2986 1244 3057 Quod
1274 2986 1417 3044 idem
1465 2986 1536 3043 sit
1562 2995 1619 3043 et
1657 2987 1918 3059 sapientia
1944 2997 1999 3045 et

398 3082 572 3138 virtus
619 3081 735 3137 Dei.
769 3081 966 3137 Paulus
1007 3080 1076 3136 ad
1123 3079 1433 3137 Corinthios
1462 3080 1523 3135 1:
1552 3079 1809 3147 Quoniam
1835 3080 2009 3137 Ιαάωὶ

398 3173 549 3245 signa
585 3172 876 3228 desiderant
907 3171 953 3240 1,
984 3182 1034 3227 et
1077 3170 1247 3227 Graeci
1297 3168 1626 3244 prudentiam
1652 3180 1692 3208 ιη
1748 3182 2001 3244 quierunt.

2099 1957 2204 2004 toto
2222 1949 2349 2006 orbe‘
2366 1960 2516 2007 terra:
2544 1950 2646 2023 (Is.
2672 1967 2784 2021 xvt,
2813 1951 2928 2025 2'5).
2960 1952 3095 2010 Item
3116 1955 3170 2010 in
3192 1954 3408 2013 Psalmo
3434 1972 3522 2014 CVI
3552 1975 3568 2013 :
3592 1957 3701 2013 Mi-

2098 2042 2165 2098 sit
2201 2060 2483 2099 sermonem
2526 2061 2674 2100 suum
2706 2046 2755 2112 ί,
2796 2054 2845 2101 et
2885 2047 3081 2102 curavit
3132 2047 3249 2104 illos
3294 2038 3411 2121 (Ps.
3445 2065 3552 2119 CVI,
3583 2050 3700 2123 20).

2101 2136 2231 2192 Item
2262 2135 2315 2191 in
2353 2136 2645 2208 Evangelio
2690 2149 2808 2194 cata
2845 2137 3108 2196 Joannem
3137 2156 3154 2195 ε
3183 2139 3253 2195 In
3292 2143 3545 2214 principio
3593 2153 3702 2199 erat

2102 2227 2284 2285 Sermo
2303 2237 2354 2297 ιι,
2368 2238 2417 2284 et
2436 2228 2618 2285 Sermo
2629 2239 2738 2285 erat
2754 2231 2896 2295 apud
2911 2229 3098 2298 Deum,
3121 2241 3168 2287 et
3193 2230 3333 2289 Deus
3352 2242 3461 2288 erat
3490 2233 3690 2291 Sermo.

2104 2319 2209 2375 Hic
2234 2330 2262 2360 ν
2283 2329 2391 2376 erat
2428 2321 2485 2376 in
2524 2322 2778 2394 principio
2796 2323 2937 2393 apud
2966 2322 3150 2380 Deum.
3185 2322 3373 2379 Omnia
3418 2341 3510 2395 per
3532 2327 3701 2398 ipsum

2102 2416 2242 2487 [acta
2253 2426 2391 2485 sunt,
2421 2426 2470 2472 et
2495 2417 2605 2472 sine
2626 2418 2739 2488 ipso
2759 2417 2954 2488 factum
2978 2428 3052 2474 est
3081 2419 3214 2474 nihil
3235 2419 3374 2491 quod
3393 2420 3583 2491 factum
3605 2432 3700 2479 est.

2105 2508 2174 2565 In
2188 2510 2278 2565 illo
2304 2511 2405 2566 vita
2432 2516 2601 2579 erat‘,
2631 2521 2680 2566 et
2707 2511 2813 2566 vita
2846 2520 2953 2565 erat
2984 2510 3075 2567 lux
3103 2512 3399 2579 hominum;
3430 2522 3477 2567 et
3504 2514 3594 2569 lux
3620 2516 3704 2569 lu-

2104 2611 2182 2658 cet
2218 2603 2273 2658 in
2314 2603 2549 2672 tenebris,
2581 2614 2629 2659 et
2668 2603 2885 2660 tenebrat
2920 2604 3066 2660 illam
3102 2614 3132 2655 γ
3160 2621 3264 2660 non
3304 2610 3702 2679 comprehende-

2105 2704 2225 2750 runt
2270 2695 2452 2769 (toan.
2492 2712 2543 2763 ι,
2578 2698 2653 2770 1).
2683 2697 2814 2754 Item
2860 2698 2916 2754 in
2942 2696 3307 2772 Apocalypsi:
3340 2697 3410 2754 Et
3450 2699 3557 2755 vidi
3600 2717 3702 2757 cae-

2109 2788 2217 2843 lum
2245 2799 2497 2861 apertum,
2544 2800 2591 2845 et
2615 2807 2727 2846 ecce
2753 2806 2910 2864 equus
2929 2790 3110 2858 albus;
3132 2801 3180 2849 et
3209 2796 3302 2865 qui
3322 2792 3526 2849 sedebat
3553 2811 3706 2866 super

2109 2903 2226 2942 eum
2252 2888 2526 2944 vocabatur
2552 2889 2720 2960 fidelis
2745 2900 2792 2945 et
2811 2905 2980 2957 verus,
3017 2906 3218 2961 aequum
3241 2892 3537 2963 justumque
3554 2889 3707 2962 judi-

2110 2995 2235 3035 cans
2253 2990 2300 3049 κ,
2338 2989 2389 3036 et
2426 2981 2753 3054 praeliabatur
2769 2991 2865 3048 Ml;
2905 2991 3111 3053 eratque
3128 2990 3393 3054 coopertus
3429 2992 3562 3037 veste
3586 2998 3708 3038 con-

2109 3088 2286 3144 spersa
2318 3072 2379 3113 δι’
2403 3076 2688 3148 sanguine;
2736 3085 2783 3131 et
2826 3075 3011 3131 dicitur
3034 3090 3219 3130 nomen
3243 3076 3354 3147 ejus
3397 3074 3582 3131 Sermo
3612 3072 3711 3130 Dei

2112 3167 2297 3239 (Apoc.
2328 3184 2449 3238 ιιι,
2480 3168 2593 3243 II).

401 3265 520 3321 Nos
548 3274 718 3321 autem
772 3267 1118 3338 praedicamus
1158 3265 1416 3321 Christum
1452 3266 1774 3336 cruciﬁxum,
1800 3266 2005 3323 ludatis
2030 3288 2077 3355 C
2107 3318 2228 3361 CAP.
2286 3321 2362 3361 Iv.
2392 3335 2464 3347 ___
2491 3320 2630 3372 QUOD
2666 3318 2920 3363 CHRISTUS
2954 3320 3083 3361 mu
3122 3319 3296 3361 unus
3335 3318 3406 3360 ET
3445 3318 3713 3361 nucum”

398 3362 602 3434 quidem
628 3361 953 3429 scandalum,
976 3360 1222 3417 Gentibus
1248 3371 1417 3417 autem
1442 3361 1734 3430 stultitiam,
1749 3362 1877 3433 ipsis
1904 3378 2004 3417 au-

409 3463 506 3510 tem
528 3455 716 3510 vocatis
735 3452 938 3510 Iudaeis
964 3463 1011 3509 et
1051 3452 1245 3510 Graecis
1271 3452 1531 3510 Christum
1568 3453 1668 3509 Dei
1691 3454 1927 3509 virtutem
1958 3464 2007 3510 et

406 3544 503 3602 Dei
528 3547 830 3617 sapientiam
863 3547 925 3622 (Ι
950 3546 1070 3604 Cor.
1096 3562 1135 3614 1,
1157 3544 1275 3618 22).

405 3695 527 3736 CAP.
556 3695 615 3736 II.
658 3710 730 3721 ·-
758 3696 896 3747 QUOD
940 3696 1218 3738 SAPIENTIA
1242 3698 1335 3741 DEI
1379 3696 1670 3747 cunlsrus;
1699 3697 1771 3738 ET
1804 3697 1874 3738 DE
1909 3696 2002 3739 SA-

409 3765 412 3769 ν
478 3788 766 3829 CRAIIEN'I‘O
795 3788 1200 3830 INCARNATIONIS
1220 3782 1248 3810 η
1277 3788 1400 3829 ειυς
1428 3790 1495 3829 ET
1520 3789 1801 3838 PASSIONIS,
1822 3789 1891 3830 ΕΤ
1909 3789 2003 3830 ΩΑ·-

478 3881 612 3922 IJCIS
633 3882 703 3922 ET
723 3882 965 3936 ALTARIS,
982 3882 1053 3922 ET
1071 3881 1448 3923 Αροετοιοιωκ
1467 3881 1556 3930 QUI
1582 3880 1717 3922 IISSI
1738 3880 2007 3922 PBEDICA-

477 3973 690 4015 VEBUN'I‘
700 4003 712 4017 .

477 4094 634 4165 Apud
670 4095 1014 4153 Salomonem
1055 4095 1108 4150 in
1135 4094 1442 4152 Proverbiis
1487 4116 1500 4150 :
1546 4094 1813 4163 Sapientia
1841 4094 2009 4167 (edifi-

406 4190 539 4245 cavit
566 4189 661 4244 sibi
687 4190 915 4261 domum,
948 4199 998 4246 et
1034 4188 1261 4247 subdidit
1293 4197 1318 4225 ο
1347 4188 1611 4244 columnas
1638 4199 1851 4262 septem.
1884 4189 2008 4245 Ma-

2797 3414 2886 3455 DEI
2922 3412 3027 3455 SI'I‘.

2182 3533 2338 3604 Apud
2380 3533 2636 3591 Esaiam:
2662 3530 2931 3603 Numquid
2971 3549 3073 3588 non
3116 3533 3248 3589 valet
3294 3549 3476 3589 manus
3516 3531 3613 3588 Dei
3659 3540 3715 3588 ut

2108 3628 2293 3686 salvos'
2303 3627 2489 3702 faciat?
2508 3636 2597 3682 aut
2625 3628 2851 3699 gravavit
2879 3642 3057 3682 aurem
3084 3635 3261 3682 utnon
3290 3627 3574 3682 exaudiat?
3607 3625 3716 3682 Sed

2112 3731 2322 3795 peccata
2349 3730 2514 3777 vestra
2529 3731 2584 3760 οε
2610 3721 2743 3775 inter
2770 3736 2859 3774 vos
2885 3729 2932 3775 et
2955 3718 3121 3774 Deum
3138 3728 3400 3790 separant,
3432 3729 3481 3774 et
3507 3729 3716 3791 propter

2114 3825 2324 3885 peccata
2342 3824 2507 3869 vestra
2522 3809 2582 3850 δά
2600 3814 2774 3866 avertit
2792 3812 2975 3881 faciem
3000 3828 3147 3866 suam
3171 3827 3205 3866 a
3227 3811 3363 3866 vobis
3383 3828 3445 3866 ne
3473 3811 3718 3866 miserea—

2113 3916 2215 3962 tur.
2242 3906 2432 3961 Manus
2466 3907 2602 3960 enim
2632 3915 2813 3960 vestrae
2839 3905 3119 3975 inquinatas
3144 3913 3263 3958 sunt
3288 3906 3537 3976 sanguine
3555 3914 3635 3973 9°,
3665 3914 3713 3960 et

2115 4001 2264 4073 digiti
2288 4000 2439 4055 vestri
2465 4000 2521 4055 in
2548 3999 2790 4071 peccatis.
2820 3997 2984 4053 Labia
3005 4005 3176 4053 autem
3202 4006 3368 4052 vestra
3389 3997 3560 4053 locuta
3600 4008 3719 4053 sunt

2113 4096 2336 4168 facinus,
2357 4103 2403 4151 et
2423 4094 2603 4166 lingua
2624 4103 2789 4149 vestra
2814 4093 3119 4165 injustitiam
3144 4092 3419 4147 meditatur
3443 4089 3520 4146 τί.
3553 4088 3721 4148 Nemo

2116 4188 2340 4262 loquitur
2358 4203 2475 4243 vera
2493 4229 2510 4257 ,
2539 4203 2698 4259 neque
2731 4196 2804 4242 est
2816 4186 3076 4258 judicium
3101 4202 3293 4244 verum.
3327 4184 3521 4241 Fidunt
3552 4186 3606 4242 in
3633 4202 3720 4242 va-

1608 4329 1991 4389 LEC'I‘IONES
2026 4328 2441 4389 VARIAN'I'ES.

477 4472 504 4501 ⁸
528 4470 585 4522 In
606 4471 855 4523 altissimis
876 4468 1001 4521 Bod.
1023 4468 1072 4530 1,
1098 4468 1144 4520 2.
1164 4469 1300 4529 Lam.
1329 4466 1433 4518 Lin.
1457 4466 1564 4518 NG.
1587 4467 1638 4530 1,
1659 4467 1708 4517 2.

475 4530 505 4570 Ῑ)
529 4534 732 4587 Circuivi
754 4534 859 4584 sola
898 4534 1032 4583 Lam.
1059 4529 1183 4584 Bod.
1209 4533 1260 4592 2,
1282 4533 1329 4582 5.
1350 4529 1459 4583 NG.
1487 4531 1533 4579 1.

479 4601 501 4629 ο
530 4598 798 4647 Primatum
821 4597 960 4647 tenui
983 4596 1108 4646 Bod.
1132 4596 1182 4645 2.
1209 4595 1342 4646 Lam.

476 4659 506 4699 «ἰ
527 4659 685 4711 Corda
711 4659 893 4708 virtute
917 4657 1095 4708 calcavi
1122 4656 1243 4707 Tltu.
1269 4654 1409 4708 Corb.
1437 4655 1614 4706 Benev.
1645 4656 1764 4705 Ver.

480 4726 504 4754 θ
531 4723 585 4772 In
609 4735 691 4771 me
716 4722 795 4771 via
813 4722 927 4770 vitm
951 4720 1051 4769 Lin.
1078 4732 1195 4772 sues
1212 4721 1323 4769 vitm
1345 4719 1485 4769 Foss.

481 4731 504 4754 ε
533 4731 585 4772 tn
609 4735 691 4771 me
716 4731 795 4771 vta
813 4731 927 4770 vitm
951 4731 1051 4769 Lm.
1078 4732 1195 4829 spes
1212 4731 1323 4769 vute
1345 4731 1485 4793 voss:

481 4784 505 4853 ς
529 4784 716 4853 I’onam
742 4796 875 4853 eum,
897 4789 1099 4853 etrexee
1120 4795 1230 4832 sum
1240 4780 1577 4853 ⁸ριξιτίευρειὶξᾳε
1594 4787 1744 4853 terrge
1768 4779 1874 4853 Νςξ.

480 4849 507 4889 Β
526 4847 709 4908 Semen
734 4841 935 4908 ejus,’et
957 4844 1183 4894 thronum
1208 4841 1316 4908 ejus
1332 4841 1463 4893 sicut
1490 4844 1601 4908 dies
1622 4841 1735 4893 caeli
1774 4843 1820 4893 Ν
1828 4843 1879 4894 C.
1901 4841 1949 4893 2.

479 4908 510 4948 δ
527 4906 793 4960 Clariﬁcavi
818 4913 870 4958 te
892 4918 1042 4970 super
1064 4913 1248 4970 terram
1274 4907 1407 4970 Lam.
1430 4906 1538 4957 ΝΕ.
1564 4907 1608 4970 1_.

482 4973 499 5012 i
532 4971 700 5082 Opere
716 4966 1044 5021 consummato
1065 4966 1168 5020 Lin.
1192 4982 1293 5033 quo
1313 4968 1491 5020 dedisti
1514 4968 1635 5019 mihi
1658 4966 1793 5019 Foss.

484 5036 498 5082 i
533 5034 568 5082 C
590 5033 749 5082 ariﬁca
775 5046 858 5082 me
885 5039 1028 5082 pater
1061 5032 1164 5082 Lin.

484 5036 498 5087 ἱ
533 5032 749 5085 Clariﬁca
775 5046 858 5083 me
885 5039 1028 5096 pater
1061 5032 1164 5082 Lin.
1216 5032 1225 5033 “

480 5102 507 5166 1}
532 5096 687 5166 iiquae
705 5096 830 5166 vivas
845 5095 1002 5166 gratis
1023 5095 1071 5146 Ν
1077 5096 1130 5148 C.
1159 5095 1266 5157 1,2.
1288 5095 1423 5145 Lam.

485 5160 503 5200 1
533 5158 684 5221 Signa
708 5164 886 5221 petunt
910 5158 1014 5207 Lin.

2039 4675 2095 4738 D

2184 4559 2192 4560 ί
2235 4559 2317 4583 0w
2344 4559 2471 4582 υυιι-
2495 4559 2543 4580 υ.
2570 4559 2709 4579 .l'uoo.
2733 4559 2839 4592 ομιτ
2856 4561 2869 4574 ι
2896 4559 3061 4575 lus-uv-
3110 4559 3164 4571 υ·
3180 4559 3252 4573 υσυ-
3293 4559 3305 4571 1
3325 4559 3370 4571 ν.
3383 4559 3444 4571 νν
3488 4559 3584 4570 Διινι
3608 4559 3700 4570 υν..

2118 4593 2219 4657 dati
2234 4601 2350 4657 sunt
2370 4590 2545 4657 nuperi
2565 4592 2871 4657 Impress.__et
2888 4599 3006 4657 mss.
3032 4585 3157 4657 pler.
3176 4583 3380 4657 firmati
3420 4590 3536 4634 sunt
3559 4584 3722 4634 Oxon.

2189 4647 2458 4707 tVerbum
2481 4667 2624 4704 suum
2647 4647 2777 4703 "Bod.
2803 4653 2851 4700 2.
2882 4647 3231 4715 Lam.‘1\l_l‘.._2._
3294 4708 3320 4715 Δ
3378 4708 3409 4715 _
3461 4707 3474 4715 _
3557 4709 3611 4715 __
3685 4706 3696 4715 ,

2183 4719 2211 4790 ξι
2236 4717 2355 4769 Erat
2376 4718 2599 4771 Verbum
2621 4716 2727 4767 NG.
2752 4715 2801 4775 1,
2825 4714 2872 4763 2.
2903 4714 3037 4763 Lam.
3064 4710 3257 4770 Bod.1,
3292 4708 3342 4770 2,
3377 4708 3427 4770 3,
3450 4707 3503 4759 4.
3551 4709 3611 4758 Ει
3653 4707 3723 4758 sic

2650 4838 2760 4921 Ns
2788 4839 2837 4921 ει
2862 4834 3357 4921 Ξ·..ιίηέ,ἐῗ9³ε·ρ¹399·
3380 4834 3507 4921 te
3531 4832 3657 4921 3.3..-

2179 4907 2208 4936 κ
2232 4907 2341 4958 Vita
2366 4914 2445 4957 est
2468 4905 2591 4956 Bod.
2618 4904 2666 4963 1,
2707 4903 2757 4958 2.
2783 4897 2831 4951 4.
2864 4899 2990 4961 Thu,
3018 4900 3155 4949 Foss.
3204 4897 3348 4949 Corb.
3380 4899 3500 4947 Ver.
3549 4897 3723 4946 Bencv.

2118 4971 2253 5021 Man.
2280 4970 2420 5029 Quod
2442 4968 2620 5019 factum
2643 4974 2721 5017 est
2742 4966 2793 5015 in
2817 4964 2901 5015 illo
2926 4965 3024 5015 vita
3051 4967 3162 5011 erat
3184 4962 3328 5010 Pam.
3360 4959 3468 5024 Rig.

2178 5034 2208 5074 Υ
2241 5030 2305 5074 Et.
2327 5033 2549 5074 tenebrae
2572 5043 2685 5074 eum
2710 5028 2831 5074 Bod.
2857 5027 2907 5074 1.
2931 5026 2982 5074 4.
3016 5020 3140 5074 Thu.
3161 5021 3303 5074 Corb.

2178 5034 2208 5074 ἵ
2241 5026 2315 5082 Ε(
2327 5033 2549 5082 tenebrae
2572 5043 2685 5080 cum
2708 5028 2831 5079 Bod.
2857 5027 2907 5090 1,
2931 5026 2982 5086 I,
3016 5026 3140 5074 Thu.
3161 5026 3303 5074 Corb.

2181 5094 2462 5166 ξ.νεεηυεῑςι
2482 5090 2943 5166 ειῑπειὶυεξξιίαβραο
2961 5090 3033 5166 is
3063 5152 3180 5166 -___-
3218 5146 3307 5166 η.-
3327 5145 3473 5166 ..__.,

2179 5157 2239 5187 ⁸⁸
2275 5155 2359 5206 Sic
2377 5158 2503 5207 Mor.
2526 5145 2660 5206 Ma'n.
2686 5153 3039 5205 Praeliahantur
3056 5152 3200 5201 Pam.
3214 5145 3726 5207 Rig.Pr:eliotoern.

479 5207 841 5287 mentatum
867 5220 1029 5287 legunt
1054 5218 1178 5287 Bo_d.
1204 5221 1251 5270 1.
1278 5222 1418 5271 Voss.
1464 5220 1512 5268 δ.
1549 5215 1742 5287 Morell.
1768 5217 1902 5269 Tert.
1950 5219 2016 5269 In
2120 5212 3205 5287 1.ἱη.Νϐ.1,η2.Βοάᾉ1,2,ξ.;1.[νοδιιῃξξἐ
3236 5207 3359 5259 Tltu.
3398 5207 3541 5260 Corb.
3590 5207 3728 5256 ludi-

419 5286 589 5353 Grrrgo
610 5281 740 5353 2......
767 5281 1083 5353 Prudentiam
1099 5283 1352 5353 Impress;
1362 5287 1410 5353 et
1430 5295 1544 5353 mss.
1557 5281 1695 5353 _pl__er.

479 5349 506 5377 ³³
530 5342 929 5424 Concarnationis
960 5342 1065 5395 Lin.
1091 5342 1201 5396 NG.
1223 5345 1272 5394 2.
1314 5342 1439 5396 Thu.
1459 5342 1586 5396 Bod.
1608 5345 1659 5406 5,
1682 5343 1731 5393 4.

483 5414 509 5440 ο
544 5411 764 5461 Succrdit
786 5411 923 5461 Lam.
961 5408 1069 5460 NC.
1095 5409 1143 5457 1.

482 5477 512 5517 P
539 5473 687 5523 Suam
708 5474 918 5524 hostiam
946 5470 1070 5522 Thu.
1094 5471 1210 5521 Fos.
1232 5469 1374 5523 Corb.

483 5539 511 5579 (ἰ
536 5535 593 5585 In
632 5544 832 5585 cratere
854 5536 1020 5585 viuum
1044 5536 1178 5585 Lam.
1211 5534 1337 5585 Thu.
1365 5532 1505 5585 Corb.
1544 5532 1655 5585 ΝΟ.
1681 5530 1806 5583 Bod.
1826 5531 1873 5593 1,
1891 5529 1939 5581 2.
1964 5532 2017 5581 in

419 5604 667 5648 craterem
690 5599 817 5649 Bod.
842 5598 891 5655 5.

2115 5296 2235 5346 cans
2258 5289 2310 5346 et
2331 5274 2644 5346 praeliaturus
2667 5274 2813 5331 Foss.
2832 5274 3300 5346 Spir._Ren_t_:.Erafs.

2181 5340 2242 5381 Μ)
2260 5332 2464 5395 Vestem
2484 5354 2798 5407 conspersum
2821 5332 3063 5407 sanguine
3093 5335 3216 5388 Thu.
3243 5332 3390 5388 Corb.

2184 5410 2239 5439 οε
2265 5407 2474 5458 Peocata
2496 5403 2662 5458 nostra
2688 5403 2815 5458 Bod.
2838 5405 2887 5454 5.

2182 5469 2245 5510 dd
2268 5470 2478 5534 PrOpter
2493 5470 2665 5520 debita
2694 5472 2871 5534 Veron.

2185 5536 2241 5564 οε
2268 5518 2441 5582 Matius
2456 5518 2644 5583 veser
2667 5518 2829 5592 plenae
2851 5533 2974 5592 sunt
2989 5526 3232 5592 sanguine
3260 5523 3367 5579 ΝΟ.
3385 5523 3435 5574 2.
3464 5518 3593 5573 Bod.
3618 5522 3667 5571 5.

2186 5592 2207 5633 f
2219 5594 2238 5634 τ
2262 5594 2555 5660 Injustitiam
2575 5589 2892 5645 meditabitur
2915 5589 3040 5641 Thu.

1659 5725 1901 5785 srnrn.
1946 5693 2231 5783 BAvan‘
2254 5722 2482 5782 nom.

418 5859 486 5901 ex
509 5844 696 5903 codice
727 5844 1066 5914 Burgundico
1090 5855 1145 5901 et
1173 5857 1239 5900 ex
1266 5840 1522 5914 Fuxensi.
1570 5840 1807 5914 [labetur
1834 5849 2014 5895 autem

417 5917 473 5976 in
498 5917 747 5979 versione
774 5911 999 5990 vulgata
1025 5916 1146 5976 libri
1175 5912 1521 5976 Ecclesiastici
1540 5951 1556 5979 ,
1590 5911 1683 5970 sed
1713 5925 1820 5969 non
1843 5917 2018 5968 exstat

2119 5840 2176 5897 in
2203 5839 2451 5898 versione
2476 5854 2581 5896 cxx
2600 5838 3013 5913 Interpretum.
