4230 6282
320 298 423 373 701

1507 297 2070 369 TESTIMONWJM
2108 301 2317 367 LIBER
2352 302 2419 365 II.

3508 302 3622 371 ἰὒὲ

314 435 455 489 uno
483 432 509 463 δ
538 440 552 480 :
583 419 783 485 Parcite
818 418 950 479 uiam
990 416 1201 475 Domini
1231 416 1281 485 δ,
1319 426 1483 474 rectas
1513 417 1664 491 facite
1713 417 1920 472 semitas
1949 418 2001 479 Α
2026 434 2168 479 meus
2194 431 2242 478 et
2262 422 2402 481 Deus
2424 439 2583 481 meus.
2614 422 2755 481 Dicit
2774 424 2854 483 illi
2874 422 3065 513 ‘Jesus:
3092 424 3230 496 Quia
3269 426 3441 485 uidisti
3462 443 3546 484 me
3564 437 3617 496 τ,

319 523 424 581 Dei
456 519 638 579 nostri.
668 512 847 572 Omnis
874 517 1012 581 nibus
1041 523 1063 551 ε
1086 512 1409 585 ,ἐιιῳιεὸἱωη
1438 521 1486 566 et
1506 513 1670 567 omnis
1706 528 1849 569 mons
1872 520 1920 565 et

319 615 468 675 collis
506 609 874 675 humiliabitur,
900 616 952 664 et
988 616 1135 661 erunt
1170 606 1344 661 omnia
1384 614 1613 660 tortuosa
1642 602 1669 640 ιι
1695 604 1750 658 in
1780 605 1920 660 dire-

319 718 456 765 ctum
482 716 528 762 et
556 720 741 775 aspera
768 704 823 758 in
872 717 1107 773 campum
1136 709 1158 737 ε
1197 716 1209 753 :
1240 707 1286 753 et
1315 697 1560 752 uidebitur
1587 696 1795 751 claritas
1813 694 1921 751 Do—

319 804 446 860 mini
463 800 482 841 ί
493 842 508 869 ,
537 810 585 856 et
609 798 791 855 videbit
812 796 985 852 omnis
1006 811 1124 849 caro
1145 793 1374 847 salutare
1402 790 1518 859 Dei,
1546 791 1784 859 quoniam
1808 789 1916 845 Do-

318 896 710 954 minuslocutus
756 900 832 947 est
883 889 1016 963 (lea.
1050 904 1138 951 ιι..
1172 885 1315 956 5-5).
1368 885 1496 941 Item
1545 885 1684 954 apud
1736 884 1921 941 Hiere-

318 992 483 1050 miam
514 1007 527 1043 :
559 987 662 1045 Hic
690 986 833 1043 Deus
875 992 1044 1043 noster
1072 990 1120 1046 ε,
1169 990 1214 1035 et
1244 995 1342 1034 non
1382 977 1710 1047 deputabitur
1732 974 1760 1015 ¹λ
1786 978 1919 1031 alius

323 1088 515 1157 absque
540 1084 652 1148 illo,
674 1082 761 1151 qui
786 1078 972 1145 inuenit
986 1090 1191 1135 onmem
1212 1073 1344 1129 uiam
1370 1072 1677 1143 prudentiae,
1702 1079 1752 1127 et
1781 1070 1918 1125 dedit

321 1196 436 1236 eam
455 1177 617 1233 Jacob
651 1173 666 1211 ί
703 1189 857 1245 puero
887 1186 981 1227 suo
1009 1178 1057 1236 et
1100 1166 1269 1223 Israel
1294 1165 1476 1225 dilecto
1502 1164 1619 1220 sibi.
1654 1162 1783 1219 Post
1810 1166 1919 1221 hazc

320 1271 375 1325 in
412 1269 561 1324 terris
607 1267 743 1321 visus
781 1273 875 1331 est,
908 1272 954 1317 et
995 1276 1112 1314 cum
1155 1257 1441 1314 hominibus
1486 1265 1810 1311 conversatus
1844 1265 1919 1311 est

329 1363 542 1437 (Barac.
582 1376 663 1425 ιιι,
710 1354 822 1428 35).
882 1354 1014 1410 Item
1045 1352 1184 1424 apud
1211 1350 1522 1406 Zachariam
1568 1349 1707 1405 Deus
1736 1348 1869 1404 dicit
1898 1367 1912 1404 :

323 1453 394 1510 Et
444 1453 729 1508 transibunt
774 1465 864 1522 per
913 1444 1054 1502 mare
1092 1454 1388 1517 angustum,
1440 1452 1488 1498 et
1536 1442 1814 1514 percutient
1862 1444 1917 1497 in

325 1549 458 1604 mari
507 1549 728 1619 ﬂuctus,
767 1553 814 1598 et
852 1538 1171 1610 arefacienti
1210 1553 1382 1592 omnes
1418 1533 1714 1591 altitudines
1747 1537 1917 1607 ﬂumi-

320 1659 467 1705 num,
509 1648 557 1694 et
608 1633 947 1708 confundetur
983 1632 1148 1691 omnis
1177 1631 1243 1663 ³⁸⁷
1282 1629 1477 1700 injuria
1549 1629 1872 1701 Assyriorum
1899 1670 1914 1695 ,

321 1742 370 1788 et
405 1738 658 1801 sceptrum
684 1725 904 1797 Egypti
939 1720 959 1761 Ι
991 1726 1271 1794 auferetur,
1315 1730 1363 1785 et
1406 1721 1705 1792 confortobo
1745 1738 1831 1777 eos
1860 1721 1916 1777 in

2030 516 2290 572 credidisti
2298 514 2515 573 .Felices
2536 519 2622 591 qui
2638 536 2741 579 non
2767 519 3001 583 uiderunt
3014 531 3061 575 et
3079 519 3404 576 crediderunt
3429 519 3611 594 (Joan.

2024 626 2114 674 xx,
2138 608 2358 680 27-29).
2386 608 2518 663 Item
2559 609 2756 667 Paulus
2772 612 2843 667 ad
2874 612 3149 668 Romanos
3180 631 3194 667 :
3228 612 3479 682 Optabam
3527 629 3618 685 ego

2018 703 2135 774 ipse
2159 704 2428 759 anathema
2452 721 2560 760 esse
2584 722 2615 758 a
2644 705 2844 761 Christo
2874 721 2966 775 pro
3010 705 3253 776 fratribus
3293 706 3620 777 cognatisque

2024 799 2147 853 meis
2178 807 2205 833 ι
2249 799 2528 855 secundum
2564 816 2790 864 carnem,
2819 800 2908 870 qui
2950 811 3067 854 sunt
3096 798 3375 864 Israelitte,
3401 816 3617 870 quorum

2022 891 2232 963 adoptio
2259 901 2305 947 et
2326 893 2533 948 claritas
2553 902 2602 947 et
2627 902 2978 951 testamentum
3005 901 3051 947 et
3072 894 3199 966 legis
3239 894 3533 949 constitutio
3569 904 3616 949 et

2024 983 2304 1054 famulatus
2330 994 2375 1038 et
2401 986 2779 1055 promissioues,
2816 1001 3031 1056 quorum
3059 996 3228 1057 patres
3254 996 3305 1055 γ,
3338 1003 3403 1041 es;
3432 988 3617 1059 quibus

2022 1072 2256 1130 Christus
2279 1077 2557 1131 secundum
2585 1093 2811 1144 carnem,
2844 1077 2933 1150 qui
2959 1086 3034 1132 est
3062 1094 3217 1145 super
3260 1080 3432 1133 amatio
3479 1078 3619 1135 Deus

2021 1165 2313 1225 benedictus
2349 1170 2403 1223 in
2432 1170 2621 1224 saecula
2648 1168 2831 1243 (Rom.
2870 1185 2947 1235 ιιι,
2972 1171 3114 1241 5-5).
3145 1171 3278 1227 Item
3324 1172 3378 1225 in
3405 1165 3617 1242 Apoca-

2021 1262 2159 1335 lypsi
2189 1279 2202 1314 :
2239 1260 2349 1332 Ego
2372 1278 2484 1316 sunt
2505 1286 2540 1315 α
2565 1265 2621 1316 et
2653 1284 2709 1329 ω,
2740 1270 2764 1299 κ
2787 1262 2988 1316 initium
3022 1273 3071 1317 et
3109 1264 3247 1329 linis.
3280 1262 3391 1335 Ego
3427 1265 3618 1318 sitienti
3654 1324 3661 1329 ,

2022 1357 2156 1411 dabo
2178 1359 2243 1409 de
2268 1357 2407 1428 fonte
2433 1371 2581 1426 aqute
2601 1357 2718 1411 vim
2743 1364 2802 1395 αα
2828 1356 3011 1427 gratis.
3036 1356 3142 1425 Qui
3170 1357 3340 1411 vicerit
3365 1356 3425 1399 ω)
3452 1358 3619 1428 possi-

2020 1448 2156 1503 debit
2179 1463 2242 1502 ea
2258 1457 2307 1502 et
2353 1462 2528 1502 eorum
2563 1449 2944 1513 hereditatem;
2968 1456 3015 1502 et
3040 1464 3127 1503 ero
3154 1449 3264 1519 ejus
3281 1445 3436 1512 Deus,
3463 1458 3509 1502 et
3533 1449 3622 1503 ille

2020 1540 2114 1595 erit
2162 1539 2286 1594 mihi
2342 1540 2480 1611 ﬁlius
2528 1539 2713 1613 (Apoc.
2770 1556 2882 1605 xu,
2922 1538 2983 1607 6,
3015 1539 3092 1612 7).
3135 1540 3266 1596 Item
3326 1541 3377 1595 in
3408 1540 3618 1597 Psalmo

2020 1646 2179 1688 ωιιιιι
2202 1674 2212 1686 .
2246 1631 2386 1689 Deus
2406 1633 2541 1687 stetit
2566 1634 2621 1687 in
2639 1649 2902 1704 synagoga
2921 1632 3152 1700 deorum,
3180 1632 3235 1686 in
3266 1633 3432 1688 medio
3452 1644 3619 1689 autem

2021 1725 2141 1780 deos
2162 1725 2472 1781 discernens.
2506 1726 2575 1781 Et
2601 1727 2797 1781 iterum
2824 1725 2933 1781 illic
2963 1741 2978 1779 :
3006 1724 3118 1797 Ego
3148 1725 3293 1781 dixi:
3314 1725 3403 1780 Dii
3428 1728 3549 1781 estis
3570 1735 3617 1782 et

321 1825 545 1882 Domino
583 1820 693 1879 Deo
715 1821 962 1891 ipsorum,
1004 1827 1049 1871 et
1070 1817 1124 1871 in
1159 1816 1362 1881 nomine
1400 1816 1511 1882 eius
1538 1815 1913 1887 gloriabuntur,
1944 1819 1993 1880 B
2021 1817 2118 1887 filii
2147 1816 2397 1877 Altissimi
2433 1834 2635 1884 omnes;
2664 1834 2751 1874 vos
2777 1829 2948 1873 autem
2999 1819 3129 1873 sicut
3159 1818 3387 1874 homines
3422 1820 3613 1875 morie-

321 1920 446 1975 dicit
486 1916 738 1973 Dominus
782 1912 965 1985 (Zach.
998 1927 1053 1977 x,
1099 1911 1187 1976 11,
1241 1907 1358 1980 12).
1413 1907 1544 1969 Item
1590 1907 1731 1978 apud
1777 1906 1916 1963 Osee

319 2011 450 2069 dicit
476 2008 734 2073 Dominus
768 2024 781 2061 :
814 2004 939 2059 Non
979 2005 1170 2075 faciam
1197 2001 1352 2073 juxta
1381 2000 1511 2054 iram
1549 2000 1916 2072 indignationis

318 2118 466 2171 mete,
512 2116 616 2156 non
652 2099 818 2156 sinam
855 2095 1011 2161 deleri
1051 2093 1299 2163 Eﬂraim,
1352 2093 1596 2165 quoniam
1643 2091 1785 2147 Deus
1821 2107 1915 2164 ego

317 2212 452 2262 smn,
496 2202 669 2253 etnon
694 2190 849 2246 homo
875 2189 930 2244 in
950 2197 998 2243 te
1040 2195 1331 2255 sanctusm,
1363 2195 1410 2243 et
1430 2202 1531 2249 non
1570 2184 1787 2241 introibo
1805 2194 1834 2221 ιι
1858 2186 1915 2241 in

316 2288 588 2351 civitatem,
634 2291 748 2355 post
780 2280 945 2337 Deum
993 2279 1075 2337 ibo
1127 2277 1286 2352 (Ose.
1331 2293 1407 2347 ιι,
1440 2277 1641 2348 9,10).
1684 2275 1815 2333 Item
1861 2275 1913 2333 in

317 2380 535 2441 Psalmo
560 2393 686 2445 nov
714 2374 1004 2433 :Thronus
1033 2382 1173 2441 tuus,
1203 2373 1366 2439 Deus.
1409 2373 1464 2431 in
1488 2371 1679 2432 δρομέα
1700 2371 1916 2427 soccato-

329 2492 466 2539 rum,
510 2476 650 2547 virga
683 2469 954 2543 a’quitatis,
995 2468 1137 2538 uirga
1179 2467 1323 2540 regni
1369 2467 1463 2523 tui.
1506 2465 1917 2538 Dileaistijusti-

317 2568 465 2633 tiam,
488 2575 533 2620 et
557 2564 705 2621 odisti
728 2573 752 2600 ο
777 2562 1093 2635 iniquitatem
1111 2571 1162 2615 P.
1186 2558 1470 2630 Propterea
1510 2560 1656 2615 unxit
1682 2568 1730 2614 te
1752 2557 1913 2616 Deus.

316 2656 459 2714 Deus
489 2666 626 2723 tuus,
648 2655 764 2715 .oleo
789 2654 1115 2711 exultationis
1138 2668 1295 2723 super
1311 2652 1583 2724 participes
1596 2661 1709 2707 tuos
1735 2662 1761 2701 (ι
1794 2650 1913 2724 (Ps.

316 2766 459 2819 mv,
479 2750 634 2821 7,8).
660 2749 789 2807 Item
820 2749 874 2804 in
895 2747 1112 2805 Psalmo
1135 2762 1241 2807 ην
1274 2763 1290 2805 :
1336 2745 1522 2801 Vacate
1560 2754 1607 2800 et
1634 2745 1917 2817 cognoscite

315 2846 554 2919 quoniam
570 2861 663 2916 ego
676 2859 787 2901 sum
804 2841 961 2899 Deus.
982 2841 1267 2899 Exaltabor
1278 2840 1331 2895 in
1351 2840 1581 2912 gentibus
1593 2849 1640 2895 et
1653 2839 1917 2895 exaltabor

315 2939 369 2995 in
390 2948 526 2994 terra
545 2937 665 3009 (Ps.
689 2951 817 3011 va,
843 2933 952 3006 ll).
986 2933 1115 2993 Item
1138 2935 1191 2989 in
1220 2933 1434 2987 Psalmo
1452 2949 1651 2991 LXXXI:
1681 2931 1802 2987 Non
1828 2949 1916 2987 co-

313 3040 592 3104 gnoverunt
611 3041 632 3068 ι·
648 3045 808 3101 neque
822 3027 1197 3094 intellexerunt,
1211 3026 1266 3081 in
1278 3027 1457 3081 umbra
1472 3024 1867 3081 deambulabam
1889 3034 1912 3062 ⁸

316 3121 434 3196 (Ps.
452 3136 638 3186 Lxxst,
652 3119 875 3192 5).ltem
891 3120 942 3175 in
955 3119 1170 3177 Psalmo
1182 3117 1567 3175 vauzCantate
1579 3116 1918 3189 Deo:psallite

314 3215 510 3270 nomini
532 3214 661 3286 ejus,
678 3212 969 3287 viamfocite
991 3214 1036 3268 ei
1056 3212 1145 3284 qui
1157 3212 1384 3269 ascendit
1400 3212 1454 3267 in
1480 3228 1736 3281 occasum,
1768 3211 1907 3269 Deus
1934 3216 1981 3282 C

313 3323 496 3362 nomen
525 3305 605 3360 illi
639 3304 655 3340 ί
701 3303 819 3375 (Ps.
861 3319 1023 3371 van,
1075 3304 1154 3375 ὅ).
1187 3303 1320 3359 Item
1369 3303 1420 3358 in
1460 3303 1754 3375 Evangelia
1791 3314 1908 3363 cata

314 3399 575 3458 Joannem
608 3416 621 3453 :
654 3397 723 3452 In
750 3398 1006 3469 principio
1040 3407 1149 3452 erat
1177 3396 1360 3453 Sermo
1398 3406 1450 3465 ιι,
1484 3408 1529 3453 et
1576 3398 1759 3454 Sermo
1801 3411 1912 3455 erat

319 3494 460 3567 apud
498 3493 686 3559 Deunt,
735 3503 783 3549 et
824 3491 965 3548 Deus
1014 3502 1119 3548 erat
1171 3491 1353 3548 Sermo
1384 3492 1563 3566 (toan.
1595 3509 1632 3560 ι,
1667 3494 1747 3565 1).
1780 3493 1912 3551 Item

322 3589 377 3645 in
425 3587 615 3643 eodem
670 3587 929 3643 Dominus
972 3586 1038 3642 ad
1085 3587 1389 3642 Thomam:
1432 3586 1602 3657 Injice
1645 3589 1744 3643 huc
1780 3589 1915 3661 digi-

313 3693 421 3738 tum
448 3690 613 3750 tuum,
647 3690 695 3738 et
723 3682 838 3737 uide
866 3698 1048 3737 manus
1076 3698 1212 3737 meas
1229 3725 1242 3747 ,
1269 3691 1316 3737 et
1344 3682 1451 3736 noli
1479 3698 1586 3737 esse
1624 3683 1914 3738 incredulus

310 3775 403 3831 sed
427 3775 621 3847 ﬁdelis.
658 3773 949 3846 Respondit
980 3771 1223 3842 Thomas,
1254 3781 1301 3831 et
1343 3773 1474 3833 dixit
1511 3774 1589 3829 illi
1618 3792 1631 3826 :
1662 3774 1915 3831 Dominus

2019 1908 2144 1963 nimi
2172 1906 2293 1979 (Ps.
2318 1926 2503 1978 LXXXI,
2534 1910 2593 1976 1,
2625 1909 2680 1977 6,
2709 1909 2787 1983 7).
2810 1909 2967 1978 Quod
2992 1911 3040 1968 si
3058 1911 3188 1983 iusti
3216 1910 3311 1983 qui
3332 1910 3536 1968 fuerint
3556 1921 3613 1969 et

2018 2003 2301 2073 praeceptis
2337 2002 2534 2061 divinis
2570 2004 3063 2075 obtemperaverint
3095 2003 3193 2069 dii,
3232 2004 3339 2061 diei
3366 2014 3610 2075 possum,

2017 2096 2661 2177 quamomagisChristus
2679 2096 2823 2154 Deus
2839 2098 2934 2154 Dei
2965 2097 3136 2155 Filius
3163 2108 3217 2137 εο
3243 2098 3268 2153 ?
3313 2097 3403 2154 Sic
3427 2098 3542 2169 ipse
3559 2093 3618 2136 ἀει

2017 2189 2071 2245 in
2104 2188 2396 2261 Evangelia
2418 2201 2539 2251 cata
2571 2190 2836 2251 Joannem
2852 2191 2983 2248 dicit
3009 2208 3024 2246 :
3050 2190 3500 2262 Nonnescriptum
3538 2202 3615 2247 est

2015 2282 2071 2337 iu
2091 2280 2226 2355 Lege
2244 2285 2484 2354 quoniam
2498 2301 2591 2357 ego
2606 2284 2753 2341 dixit
2775 2284 2867 2341 Dii
2887 2285 3031 2341 estis?
3047 2284 3111 2342 Si
3124 2284 3242 2342 illos
3262 2285 3391 2347 dixit
3410 2286 3535 2343 deos
3560 2294 3616 2324 ου

2014 2380 2085 2432 ad
2111 2393 2239 2449 quos
2262 2395 2431 2443 sermo
2459 2378 2556 2437 Dei
2581 2384 2748 2452 factus
2781 2390 2872 2448 est,
2908 2391 2956 2436 et
2974 2397 3080 2436 non
3104 2389 3268 2451 potest
3283 2382 3413 2437 solui
3433 2381 3617 2454 Scrip—

2019 2478 2155 2538 tura,
2184 2471 2516 2543 quentPater
2538 2474 2878 2544 sancti/ienuit
2898 2482 2948 2529 et
2992 2473 3130 2528 misit
3152 2474 3206 2529 iu
3232 2474 3497 2540 saeculum,
3522 2488 3615 2529 uos

2017 2562 2185 2619 dicitis
2199 2564 2440 2633 quoniam
2456 2564 2778 2637 blasphemas
2800 2564 2821 2607 ί
2834 2563 2853 2603 ί
2866 2609 2880 2634 ,
2892 2566 3013 2637 quia
3024 2566 3133 2621 dixi
3148 2581 3167 2621 :
3183 2564 3353 2622 Filius
3372 2564 3467 2621 Dei
3480 2582 3613 2621 sum.

2021 2656 2171 2723 Quod
2186 2659 2232 2713 si
2248 2668 2306 2709 εδ
2325 2675 2426 2713 non
2448 2661 2582 2730 facio
2598 2663 2737 2731 facta
2759 2658 2956 2728 Patris,
2976 2661 3138 2721 nolite
3157 2661 3283 2716 mihi
3299 2661 3501 2716 credere
3522 2657 3620 2726 δὴ

2017 2751 2155 2823 quod
2173 2753 2218 2807 si
2268 2753 2401 2823 facio
2429 2761 2476 2805 et
2496 2753 2623 2809 mihi
2656 2769 2759 2809 non
2782 2754 2935 2810 uultis
2974 2755 3197 2821 credere,
3228 2755 3380 2825 [actis
3406 2753 3614 2823 credite,

2018 2856 2067 2899 et
2092 2845 2380 2916 cognoscite
2403 2847 2645 2916 quoniam
2698 2847 2752 2901 in
2785 2863 2865 2902 me
2914 2857 2988 2903 est
3033 2846 3209 2913 Pater,
3254 2857 3301 2902 et
3318 2864 3411 2918 ego
3435 2848 3490 2902 in
3528 2847 3618 2902 illo

2018 2938 2198 3011 (Joan.
2233 2940 2417 3008 x354).
2446 2938 2579 2997 [tem
2609 2941 2663 2997 in
2691 2940 2986 3012 Evangelio
3012 2949 3131 2996 cata
3167 2939 3516 2995 Manlianum:
3547 2938 3617 2993 Et

2019 3030 2259 3089 uocabitis
2285 3046 2469 3087 nomen
2515 3032 2626 3103 ejus
2662 3030 2987 3099 Emmanuel,
3029 3030 3166 3101 quod
3186 3039 3260 3086 est
3306 3030 3611 3102 interpreta-

2017 3134 2126 3179 tum
2150 3124 2412 3180 nobiscum
2433 3123 2570 3183 Deus
2592 3122 2807 3197 (Matth.
2837 3139 2876 3191 ι,
2898 3121 3015 3195 25).

2013 3279 2132 3320 CAP.
2182 3278 2275 3317 VII.
2316 3292 2387 3302 —-
2432 3277 2567 3327 QUOD
2626 3274 2879 3317 CHRISTUS
2937 3272 3070 3316 DEUS
3120 3274 3408 3316 YENTUBUS
3451 3272 3613 3314 ESSET

2182 3371 2542 3413 ILLUHINATOR
2568 3371 2636 3411 ET
2664 3370 2937 3411 SALVATOR
2966 3369 3191 3412 GENERIS
3220 3369 3440 3410 HUHANI.

2088 3492 2240 3563 Apud
2271 3491 2483 3549 Esaiam
2519 3511 2533 3549 :
2564 3490 2958 3564 Confortamini,
3011 3507 3193 3546 manus
3235 3491 3493 3558 resolutae,
3546 3501 3615 3559 et,

2014 3602 2182 3658 genua
2210 3586 2418 3653 debilia,
2441 3586 2781 3641 exhortantini
2808 3583 2992 3651 “.Qui
3003 3587 3120 3640 estis
3149 3585 3500 3656 pusillanimes
3531 3584 3576 3634 ii
3601 3625 3616 3649 ,

2018 3683 2173 3736 nolite
2200 3690 2438 3735 metuere.
2474 3678 2613 3747 Deus
2639 3688 2807 3735 noster
2818 3678 3075 3751 judicium
3102 3678 3363 3744 retribuet,
3396 3679 3506 3749 ipse
3537 3692 3619 3730 ve-

2020 3776 2121 3830 niet
2157 3783 2203 3830 et
2232 3775 2398 3831 salvos
2430 3773 2583 3844 faciet
2625 3789 2738 3829 nos.
2773 3770 2915 3827 Tunc
2953 3770 3248 3838 aperientur
3287 3767 3424 3825 oculi
3452 3784 3618 3823 casco-

1527 3886 1906 3947 LECTIONES
1943 3885 2362 3946 VARIANTES.

380 3988 407 4018 ³
431 3987 487 4037 In
505 3997 677 4037 eremo
703 3984 809 4037 NC.
834 3985 877 4034 1.
914 3985 1050 4035 Lam.
1076 3982 1203 4043 Bod,
1231 3982 1347 4043 1,2,
1371 3984 1445 4045 4.,

378 4049 407 4088 b
432 4050 570 4103 Viam
588 4048 798 4101 Domino
824 4046 949 4099 Bod.
974 4048 1026 4110 ὅ,
1046 4048 1095 4098 4.
1124 4046 1248 4105 Tha.
1270 4049 1407 4105 Foss.
1430 4048 1573 4099 Corb.

381 4117 403 4145 ο
433 4112 605 4163 Omnis
621 4110 762 4160 vallis
780 4111 964 4163 N032.

381 4176 410 4216 d
445 4175 623 4225 Omnia
637 4186 789 4237 prava
812 4175 920 4226 NC.
945 4173 992 4223 2.

384 4244 408 4271 ε
433 4239 626 4298 Aspera
643 4233 700 4285 ἰιι
726 4236 830 4285 vias
853 4237 1020 4296 planas
1040 4237 1147 4286 NC.
1173 4233 1219 4284 2.

386 4299 404 4337 ῐ
436 4299 606 4349 Omnis
628 4298 822 4360 claritas
845 4298 967 4349 Bod.
1011 4298 1130 4360 3,74.
1159 4300 1298 4349 Foss.

381 4365 408 4405 ις
432 4361 524 4409 Hic
548 4368 625 4409 est
646 4358 788 4409 Deus
809 4374 949 4411 meus
972 4356 1095 4411 Bod.
1119 4364 1167 4412 5.
1678 4356 1715 4393 ⁸

383 4423 413 4463 h
436 4423 927 4487 Noncomputabitnr
944 4423 1046 4487 Litt.

388 4488 405 4527 ί
443 4486 505 4537 Et
530 4483 840 4535 dedit’Jacob
872 4483 1209 4536 Tlm.‘Dilecto
1229 4496 1319 4536 suo
1348 4484 1486 4539 F088.

388 4552 403 4601 ι
434 4550 496 4603 Ει
517 4547 727 4596 arelient
748 4560 920 4598 omnes
942 4551 989 4600 Ν
997 4548 1109 4599 0.2.

383 4617 411 4652 κ
436 4608 816 4674 (lonlundentur
832 4623 1005 4661 omnes
1029 4610 1219 4674 injuriae
1242 4610 1379 4661 Foss.

387 4674 621 4746 143mm
631 4672 972 4746 transferetur
988 4672 1111 4746 Bod.
1132 4674 1178 4746 1.
1193 4672 1466 4746 {vertetur
1477 4675 1862 4746 ¹Νϐμιιιιεζῆςιιζ.
1878 4676 1926 4728 2.

384 4738 423 4765 ¹¹¹
445 4735 605 4787 Hoino
628 4737 757 4784 inter
785 4744 982 4787 sanctos
1016 4735 1179 4787 Lamb.
1202 4737 1325 4787 Bod.
1347 4736 1393 4786 2.
1427 4738 1550 4788 Tim.
1578 4738 1681 4791 Litt.
1705 4740 1867 4790 NCJ.

382 4801 410 4828 ¹³
436 4799 541 4850 Non
562 4800 644 4849 ibo
667 4795 790 4848 Tltu.

387 4864 412 4892 °
443 4862 575 4913 Odia
594 4861 806 4911 habuisti
833 4859 939 4911 Litt.
971 4859 1266 4913 Tltu.‘Corb.

385 4929 415 4966 Ρ
445 4924 734 4987 Injuslitiam
762 4924 883 4974 Bod.
906 4926 949 4973 1.
971 4926 1017 4974 4.

381 4991 410 5032 (ι
442 4986 647 5037 Laetitiae
671 5000 774 5050 prae
797 4988 1107 5039 consortibus
1131 4986 1227 5037 tuis
1250 4989 1300 5038 Ν
1304 4987 1359 5040 C.
1383 4986 1431 5038 2.
1458 4989 1581 5040 Bod.
1607 4991 1655 5041 ὅ.

385 5053 407 5119 ξ
440 5050 896 5119 goguoveruutmp
919 5064 1084 5119 neque
1110 5051 1235 5119 Boil.
1262 5052 1308 5119 1ἶ
1366 5112 1378 5119 _
1618 5116 1637 5119 ᾼ
1655 5086 1700 5119 ,ηε

383 5116 405 5143 ι
440 5109 768 5161 Deambulant
790 5113 897 5163 NC.
914 5113 957 5162 1.
983 5109 1118 5164 Lam.
1136 5111 1592 5168 Deambulaverunt
1612 5109 1715 5167 Lin.

384 5176 403 5210 ι
431 5174 621 5227 Nomen
644 5173 714 5224 illi
734 5185 810 5226 est
833 5173 955 5227 Bod.
981 5177 1026 5227 1.
1054 5174 1100 5224 4.

2088 3985 2119 4013 ιι
2142 3982 2201 4047 In
2224 3983 2475 4047 principio,
2488 3980 2580 4034 fuit
2605 3982 2730 4033 Thu.
2760 3983 2897 4034 Foss.
2925 3979 3066 4032 Corb.
3093 3979 3316 4032 Verbum
3334 3979 3464 4030 Lam.
3494 3979 3618 4031 Bod.

2029 4045 2610 4167 2'5v‘iaié‘lf'éaia'disu
2635 4107 2810 4169 Bodl,
2836 4108 2885 4167 2,
2910 4108 2957 4158 ι.
2981 4106 3155 4157 Vidisti
3180 4119 3282 4168 me,
3304 4104 3490 4155 Thoma
3514 4105 3618 4157 Lin.

2008 4170 2155 4221 'Bod.
2180 4171 2229 4221 5.
2255 4171 2469 4223 credent
2495 4173 2628 4221 Lam.
2656 4172 2764 4223 NC.
2803 4174 2846 4222 1.
2872 4171 2998 4223 Bod.
3024 4171 3071 4220 2.

2034 4233 2402 4349 Τὶυιτιὲᾞδυε
2417 4236 2635 4298 cognatis
2658 4236 2784 4286 meis
2801 4236 2933 4285 Lam.
2960 4233 3085 4284 Bod.
3114 4233 3160 4295 1,
3181 4231 3228 4282 2.
3254 4231 3362 4285 NC.
3390 4233 3436 4294 l,
3460 4230 3619 4285 2.Lin.

2092 4310 2158 4348 tu.
2187 4310 2326 4348 001⁸0.
3082 4320 3091 4329 ’

2090 4365 2117 4403 Υ
2140 4362 2355 4421 Quorum
2378 4366 2679 4424 patres_suut
2702 4362 2807 4413 NC.
2834 4361 2878 4410 1.
2906 4361 3040 4410 Lam.

2090 4425 2114 4452 κ
2134 4424 2240 4486 Ego
2262 4448 2285 4472 α
2311 4430 2363 4472 et
2382 4422 2429 4481 ξ..
2452 4422 2575 4475 Bod.
2606 4425 2650 4484 l,
2673 4425 2721 4472 2.

2091 4489 2148 4547 at?
2175 4489 2328 4547 Aquae
2346 4487 2468 4537 vivae
2491 4488 2629 4541 Foss.

2088 4546 2152 4588 Μ)
2175 4546 2267 4608 Qui
2292 4549 2473 4599 biberit
2497 4550 2603 4600 NC.
2632 4551 2675 4598 1.
2700 4550 2831 4599 Lam.

2102 4616 2156 4645 °°
2184 4611 2406 4663 Christus
2428 4612 2524 4662 Dei
2547 4614 2671 4662 ﬁlius
2684 4613 2817 4661 Foss.

2100 4674 2160 4715 dd
2180 4676 2315 4739 §ieu_t
2362 4688 2465 4739 ipse
2494 4672 2581 4725 Lin
2605 4677 2652 4726 Ν
2660 4676 2713 4725 C.
2734 4675 2778 4733 l,
2796 4675 2844 4723 2.
2873 4669 2995 4739 Tim.
3022 4664 3326 4739 Eoss._qub:

2101 4742 2159 4770 δε
2184 4734 2320 4801 Dixit
2342 4727 2467 4788 deos
2487 4747 2536 4788 et
2563 4752 2658 4788 non
2681 4727 2841 4801 potest
2865 4736 2997 4785 Lam.
3025 4733 3132 4785 NC.
3155 4731 3200 4783 1.
3226 4731 3275 4781 2.
3301 4727 3406 4785 Litt.
3421 4729 3546 4783 Bod.
3573 4729 3621 4792 1,

2027 4799 2077 4862 2,
2102 4803 2149 4851 4.
2184 4797 2307 4849 Thu.
2346 4801 2479 4855 Foss.
2509 4801 2647 4851 Corb.
2682 4797 2694 4801 “

2096 4862 2149 4902 η
2184 4863 2547 4927 Blaspltemuris
2572 4863 2761 4927 Bod.,l.

2092 4929 2150 4969 83
2175 4919 2317 4977 Sum:
2343 4925 2394 4975 Sl
2416 4940 2508 4974 non
2528 4926 2652 4976 facio
2678 4923 2800 4975 Tltu.
2827 4922 2965 4974 Foss.
2986 4919 3126 4972 Corb.

2092 4988 2153 5029 hh
2177 4990 2337 5042 Nolite
2364 4988 2477 5040 milli
2504 4989 2735 5047 credere,
2759 4986 2851 5037 sed
2888 4987 2929 5035 si
2955 4985 3071 5035 mihi
3104 4996 3201 5035 non
3225 4983 3371 5039 vultis
3392 4982 3620 5043 credere,

2031 5052 2529 5172 Tli'i'giiliimmini,
2554 5115 2637 5178 qui
2657 5114 2779 5164 estis
2801 5108 3092 5178 pusillanimi
3122 5111 3238 5178 [δι’.
3265 5110 3439 5161 Beneu.

2093 5178 2142 5233 ii
2174 5178 2337 5231 Nolite
2354 5167 2550 5239 timere,
2569 5167 2719 5228 nolite
2742 5167 2971 5229 metuere
2993 5167 3115 5225 Thu.
3138 5173 3272 5225 Foss.

1577 5282 1823 5343 STEPII.
1865 5282 2137 5345 BALUZII
2176 5283 2404 5343 NOTAE.

308 5412 482 5462 tomes
535 5404 799 5471 Lactantii
842 5404 1044 5463 editum
1073 5413 1156 5461 est
1183 5404 1236 5460 in
1266 5404 1658 5477 confessionem.
1694 5401 1889 5477 Pl‘al‘tlu

305 5479 512 5532 monuit
536 5478 842 5548 legendum
910 5477 1133 5535 forsitan
1170 5492 1291 5532 esse
1321 5475 1690 5548 confusionem.
1728 5475 1915 5548 Recte.

2017 5410 2163 5459 stare
2185 5403 2237 5458 in
2260 5401 2445 5459 codice
2470 5400 2800 5469 Fossatensi,
2826 5409 2885 5455 ut
2903 5386 3222 5471 iampridem
3242 5398 3450 5471 monuit
3467 5397 3616 5471 illus-

2022 5475 2290 5533 trissimus
2309 5474 2595 5546 episcopus
2615 5471 2956 5546 Oxoniensis.
2978 5470 3086 5546 Sed
3105 5480 3287 5546 exstat
3301 5471 3352 5526 in
3374 5470 3612 5546 pluribus

303 5548 436 5603 Nam
488 5541 798 5604 Lactantius
833 5588 848 5613 ,
896 5549 990 5604 lib.
1066 5563 1139 5613 IV,
1190 5563 1306 5616 cap.
1356 5541 1446 5613 1'5,
1500 5547 1643 5602 hanc
1668 5544 1917 5601 eumdem
2023 5546 2163 5613 aliis,
2190 5541 2377 5600 saltem
2413 5548 2462 5600 in
2490 5541 2792 5616 Quindecim
2821 5560 2852 5616 a_
2883 5559 2968 5597 me
2994 5542 3120 5616 visis
3145 5586 3160 5608 ,
3191 5550 3245 5596 et
3276 5542 3326 5595 in
3355 5541 3609 5616 editioni-

304 5620 481 5675 locum
525 5620 786 5686 referens,
819 5620 1042 5689 scripsit
1071 5620 1439 5687 confusionem.

379 5690 547 5762 Injice
576 5693 673 5745 huc
715 5692 962 5762 digitum.
1015 5691 1166 5746 Ilunc
1217 5690 1392 5745 locum
1433 5704 1501 5746 ex
1544 5689 1647 5745 alia
1674 5689 1921 5746 versione

304 5761 475 5834 refert
504 5762 708 5820 Avitus
733 5761 895 5834 epist.
929 5779 1009 5822 Ill.

376 5833 524 5891 Deus
579 5832 895 5893 benedictus.
939 5834 1160 5895 Certum
1205 5839 1291 5893 est
1313 5847 1501 5895 vocem
1529 5832 1669 5893 Deus
1696 5849 1804 5894 non
1835 5848 1924 5892 ex-

2023 5618 2126 5679 bus
2152 5612 2384 5675 Manutii
2432 5612 2782 5672 et‘Morellii.
2832 5614 2889 5669 In
2932 5614 3171 5682 margine
3208 5628 3337 5668 vero
3363 5612 3612 5667 editionis

2063 5705 2143 5743 uae
2172 5682 2371 5745 dicitur
2396 5688 2576 5745 Gravii
2604 5689 2671 5742 ita
2701 5687 2765 5740 ad
2793 5688 2933 5742 hunc
2958 5688 3134 5740 locum
3161 5684 3468 5740 adnotatum
3487 5694 3568 5738 est
3593 5704 3606 5740 :

2091 5761 2224 5818 irum
2252 5770 2325 5817 est
2350 5763 2402 5818 in
2432 5759 2799 5835 exemplaribus
2819 5760 2971 5819 etiam
2989 5757 3340 5835 uetustissimis
3361 5772 3465 5815 non
3485 5756 3610 5835 addi

2028 5830 2193 5906 Deus,
2215 5850 2368 5905 quum
2390 5836 2456 5892 sit
2477 5828 2615 5906 apud
2638 5829 2881 5890 Grcecos:
2908 5828 3093 5889 eadem
3116 5844 3218 5890 vox
3243 5836 3418 5889 exstat
3445 5828 3603 5887 etiam
