4214 6266
603 242 714 306 705

1982 255 2119 314 DIVI
2152 256 2476 317 CYPRIANI

3816 247 3936 325 76s

601 366 819 434 rum,'et
842 382 991 423 aures
1028 367 1303 424 surdorum
1340 367 1569 427 audient.
1601 368 1747 428 Tunc
1793 373 1939 429 saliet
1986 375 2201 432 claudus
2227 382 2279 441 Α
2305 385 2353 433 et
2380 374 2697 431 exclamavit
2716 391 2833 432 voce
2868 391 3056 449 magna
3095 384 3145 434 et
3185 377 3318 435 dixit
3339 395 3360 435 :
3381 379 3658 439 Benedicta
3706 392 3762 440 tu
3789 385 3938 442 inter

602 463 736 519 sicut
764 478 957 529 cervus,
986 470 1034 518 et
1058 460 1214 533 plana
1242 463 1337 518 erit
1376 464 1556 534 lingua
1585 476 1841 522 mutarum
1863 482 1882 522 :
1903 468 2022 539 quia
2050 478 2206 540 rupta
2308 468 2563 536 mulieres,
2587 479 2635 523 et
2660 468 2948 525 benedictus
2962 470 3150 525 ventris
3172 471 3266 525 tui.
3288 470 3358 526 Et
3377 473 3516 529 unde
3540 474 3636 530 hoc
3652 476 3779 531 mihi
3797 494 3934 533 con-

535 609 546 619 ,
578 549 679 610 ἐει
698 556 753 610 in
778 556 974 611 deserto
994 571 1149 627 aqua,
1175 564 1223 611 et
1250 556 1390 612 rivus
1415 557 1469 612 in
1494 566 1631 613 terra
1658 560 1846 615 sitienti
1870 558 2007 632 (Isa.
2036 577 2202 628 xxxv,

2309 560 2456 629 tingit
2481 569 2537 614 ut
2564 561 2732 615 veniat
2750 571 2910 615 mater
2934 561 3148 617 Domini
3170 564 3205 600 ί
3230 563 3331 619 mei
3351 564 3422 620 ad
3446 582 3525 621 me
3559 565 3712 639 (Luc.
3746 584 3786 635 ι,
3819 570 3922 627 41-

609 646 765 721 5-6).
811 648 945 704 Item
994 647 1103 704 illic
1134 666 1150 704 :
1180 649 1305 705 Non
1350 653 1540 717 senior,
1589 669 1748 723 neque
1775 654 1997 726 Angelus
2028 665 2078 722 ⁸,
2118 655 2207 711 sed
2308 651 2439 726 45)?
2468 650 2603 709 Item
2636 653 2831 709 Paulus
2860 654 2928 709 ad
2956 654 3173 711 Galatas
3202 673 3216 710 :
3245 655 3311 710 At
3336 656 3423 711 ubi
3446 658 3651 714 advenit
3688 660 3931 732 impletio

602 741 715 814 ipse
741 739 997 798 Dominus
1022 742 1251 798 liberabit
1279 744 1437 811 illos;
1476 746 1597 817 quia
1627 746 1804 819 diliget
1842 764 1927 803 eos
1951 746 1979 785 ι’
2010 757 2059 803 et
2083 765 2209 819 par-

603 843 682 892 cet
708 835 800 902 eis,
843 843 890 890 et
916 834 1026 908 ipse
1067 836 1279 892 redimet
1307 854 1391 893 eos
1422 838 1553 913 (Isa.
1590 855 1740 907 LXIII,
1769 840 1850 913 9).
1882 840 2011 895 Item
2057 842 2205 897 illic:

568 982 571 985 .
604 927 724 1003 Ego
747 928 1004 985 Dominus
1023 927 1166 986 Deus
1192 933 1366 986 vocavi
1391 940 1439 986 te
1464 933 1519 987 in
1545 933 1765 1000 iustitia,
1792 943 1847 988 ut
1874 944 2070 988 teneam
2102 950 2211 988 nta-

605 1038 731 1078 num
757 1031 919 1091 tuam,
953 1031 1001 1077 et
1027 1022 1324 1094 confortabo
1353 1032 1441 1089 te;
1470 1032 1518 1078 et
1543 1023 1660 1078 dedi
1700 1034 1748 1079 te
1774 1025 1828 1079 in
1858 1032 2212 1079 testamentum

603 1114 807 1188 generis
833 1115 963 1184 mei,
994 1115 1050 1170 in
1079 1114 1251 1169 lumen
1293 1115 1557 1187 gentium,
1589 1116 1791 1186 aperire
1827 1117 2004 1172 oculos
2047 1131 2209 1171 cecco-
2259 1162 2264 1167 .

602 1224 741 1275 rum,
775 1208 1054 1279 producere
1076 1226 1110 1263 a
1128 1208 1343 1263 uinculis
1368 1219 1389 1248 ο
1418 1208 1632 1272 vinctos,
1662 1218 1708 1262 et
1729 1209 1795 1262 de
1819 1210 1971 1263 domo
1996 1209 2214 1263 carceris

605 1298 837 1354 sedentes
866 1299 924 1353 in
952 1298 1191 1353 tenebris.
1226 1297 1340 1369 Ego
1370 1297 1625 1353 Dominus
1653 1297 1818 1365 Deus,
1848 1298 1943 1353 hoc
1968 1299 2095 1352 mihi
2122 1315 2217 1353 no-
2267 1364 2272 1369 .

604 1405 723 1445 men
752 1399 827 1445 est
851 1386 901 1445 ἀ.
936 1387 1235 1446 Claritatem
1256 1406 1421 1444 meum
1441 1391 1532 1445 alii
1558 1407 1661 1445 non
1685 1392 1840 1458 dabo,
1870 1407 2030 1463 neque
2057 1392 2217 1445 uirtu-

605 1493 681 1541 tes
707 1500 851 1540 meas
897 1484 1214 1556 sculptilibus
1244 1482 1379 1556 (lsa.
1410 1501 1541 1550 xui,
1571 1483 1722 1557 6~8).
1755 1486 1883 1541 Item
1916 1488 1973 1542 in
1997 1485 2215 1542 Psalmo

606 1593 779 1635 xxxv:
818 1577 938 1634 Vias
960 1588 1096 1647 tuas,
1125 1577 1345 1634 Domine
1370 1579 1462 1647 ³⁸⁸,
1492 1580 1700 1633 ostende
1728 1580 1854 1633 ntihi
1873 1589 1920 1647 ε,
1943 1589 1989 1635 et
2009 1580 2214 1636 semitas

608 1681 722 1728 tuas
750 1671 903 1727 edoce
928 1687 1025 1739 nte,
1067 1680 1115 1727 et
1143 1671 1307 1727 deduc
1333 1687 1413 1726 nte
1438 1672 1506 1726 ad
1534 1673 1792 1726 veritatem
1822 1684 1980 1737 tuam,
2014 1682 2061 1727 et
2090 1673 2215 1727 doce

2312 748 2551 815 temporis
2583 754 2630 814 ο,
2660 747 2798 801 misit
2820 747 2958 801 Deus
2984 745 3180 802 Filium
3207 765 3356 804 suum
3376 758 3555 805 natum
3575 752 3638 807 de
3658 753 3879 810 muliere
3900 767 3930 807 P

2316 838 2462 911 (Gal.
2493 856 2565 907 ιν,
2591 840 2669 912 4).
2691 840 2821 895 Item
2850 841 2903 896 in
2935 840 3174 911 Epistola
3200 842 3425 900 Joannis
3453 864 3466 899 :
3494 843 3675 900 Omnis
3702 850 3929 918 spiritus

2313 932 2399 1003 qui
2420 932 2692 1000 conﬁtetur
2716 931 2751 984 .I
2756 948 2898 987 esum
2927 930 3187 988 Christum
3210 935 3264 989 in
3288 952 3443 991 carne
3463 938 3678 1007 venisse,
3712 939 3776 995 de
3803 939 3921 997 Deo

2314 1034 2409 1081 est.
2437 1025 2540 1094 Qui
2563 1036 2732 1081 autem
2757 1037 2906 1099 negat
2932 1027 2987 1083 in
3007 1043 3161 1083 carne
3179 1030 3394 1099 uenisse,
3421 1031 3486 1087 de
3513 1030 3625 1088 Deo
3647 1050 3748 1089 non
3773 1046 3853 1091 est
3876 1047 3927 1102 ιι,

2314 1121 2405 1176 sed
2428 1131 2502 1176 est
2531 1119 2597 1175 de
2620 1120 2909 1177 antichristi
2934 1122 3117 1195 spiritu
3151 1123 3197 1195 (Ι
3216 1121 3377 1180 Joan.
3403 1141 3476 1192 IV,
3504 1125 3562 1195 2,
3591 1125 3671 1199 5).

2326 1272 2445 1314 CAP.
2475 1273 2549 1313 IX.
2576 1287 2647 1297 —
2674 1272 2813 1322 QUOD
2864 1273 2968 1314 Ποο
2997 1274 3250 1315 Ρυτωιωι
3280 1273 3445 1316 ESSET
3484 1276 3680 1319 SIGNUI
3708 1279 3929 1320 NA'ﬂYI-

2390 1364 2547 1406 TA'I'IS
2590 1365 2734 1417 ειυς,
2764 1366 2834 1406 UT
2876 1367 2945 1407 DE
2991 1366 3202 1409 VIRGINE
3252 1368 3605 1412 NASCEBETUB
3650 1371 3795 1414 BOIO
3853 1374 3927 1415 ΕΤ

2390 1458 2543 1512 DEUS,
2574 1460 2788 1501 HOIIINIS
2817 1462 2887 1502 ΕΤ
2916 1463 3007 1503 DEI
3034 1464 3225 1504 FILIUS.

2389 1580 2546 1653 Apud
2573 1582 2790 1639 Esaiam
2818 1602 2834 1642 :
2863 1583 2932 1640 Et
2957 1586 3145 1658 adjecit
3172 1585 3425 1646 Dominus
3453 1590 3594 1664 loqui
3628 1593 3698 1647 ad
3739 1594 3919 1649 Acha;

2318 1673 2490 1729 dicens
2518 1685 2542 1711 τ
2570 1690 2588 1730 :
2606 1674 2736 1731 Pete
2750 1676 2841 1732 tibi
2861 1678 3063 1751 signum
3077 1697 3109 1733 a
3128 1678 3239 1736 Deo
3257 1680 3481 1739 Domino
3500 1693 3585 1740 tuo
3612 1687 3667 1742 in
3690 1688 3930 1744 altitudi-

606 1784 708 1836 me,
727 1768 966 1839 quoniam
984 1777 1038 1822 tu
1051 1784 1123 1834 es,
1149 1767 1309 1836 Deus,
1330 1767 1556 1823 salvator
1575 1785 1714 1823 meus
1751 1768 1869 1842 (Ps.
1888 1785 2040 1837 xxnv,
2059 1768 2208 1842 4-5).
2244 1774 2292 1835 B
2320 1783 2433 1822 nem
2457 1777 2479 1805 ³
2499 1785 2700 1824 sursum
2724 1779 2770 1825 et
2790 1772 2844 1825 in
2863 1772 3185 1828 altitudinem
3203 1775 3461 1831 deorsum.
3484 1775 3551 1832 Et
3571 1779 3702 1834 dixit
3715 1780 3894 1836 Achaz
3908 1798 3929 1836 :

612 1860 762 1919 Unde
783 1862 835 1918 in
863 1862 1155 1933 Evangelio
1173 1871 1291 1918 cata
1313 1862 1577 1918 Joannem
1613 1864 1872 1918 Dominus
1900 1863 2031 1919 dicit
2057 1882 2069 1918 :
2097 1862 2212 1935 Ego

606 1972 722 2012 sum
750 1957 920 2012 lumen
947 1958 1125 2012 mundi
1158 1956 1204 2013 τ.
1239 1957 1342 2027 Qui
1383 1974 1463 2012 me
1507 1967 1708 2013 secutus
1739 1959 1926 2028 fuerit,
1959 1974 2061 2013 non
2095 1974 2212 2012 ant-

610 2048 806 2105 bulabit
833 2050 889 2105 in
913 2051 1149 2115 tenebris,
1178 2052 1267 2105 sed
1295 2050 1493 2106 habebit
1523 2052 1695 2108 lumen
1715 2052 1834 2106 vitae
1860 2051 2044 2119 (Joan.
2081 2067 2207 2119 vui,

600 2141 724 2216 ‘12).
748 2142 880 2199 Item
901 2153 1018 2200 cata
1039 2144 1346 2201 Matthteum
1373 2144 1590 2202 Gabriel
1615 2145 1839 2218 angelus
1882 2145 1947 2201 ad
1969 2145 2168 2217 Ioseph
2194 2166 2209 2202 :

608 2236 835 2309 Ioseph,
868 2238 947 2309 ﬁli
976 2236 1143 2293 David
1160 2282 1176 2307 ,
1217 2255 1282 2294 ne
1321 2240 1557 2295 metueris
1584 2248 1609 2287 κ
1644 2257 1901 2296 assumere
1929 2240 2155 2295 Mariam
2181 2239 2211 2278 ιι

609 2347 820 2387 uxorem
844 2340 1004 2387 tuam.
1028 2332 1178 2400 Quod
1198 2335 1329 2389 enim
1346 2350 1412 2390 ea:
1434 2335 1528 2389 illa
1550 2344 1727 2390 natum
1750 2336 1996 2406 fuerit,de
2011 2337 2213 2408 Spiritu

610 2434 792 2481 sancto
815 2434 911 2481 est.
950 2425 1124 2482 Pariet
1149 2435 1319 2482 autem
1362 2427 1527 2499 [ilium
1544 2439 1636 2497 ,-et
1660 2429 1862 2484 vocabis
1888 2446 2073 2484 nomen
2100 2430 2212 2501 ejus

608 2517 809 2576 Iesum.
842 2519 946 2575 Hic
970 2522 1105 2576 enim
1129 2520 1327 2578 salvum
1353 2522 1504 2595 faciet
1522 2522 1774 2594 populum
1801 2539 1951 2578 suum
1976 2540 2008 2577 a
2032 2540 2213 2595 pecca-

609 2613 674 2669 tis
700 2629 873 2669 eorum
925 2613 1142 2686 (Matth.
1170 2630 1209 2684 ι,
1241 2614 1335 2680 20,
1366 2614 1431 2672 21
1458 2616 1501 2688 ).
1549 2614 1684 2672 Item
1712 2625 1830 2671 cata
1859 2615 2060 2673 Lucam
2095 2635 2108 2672 :
2141 2616 2212 2671 Et

608 2703 894 2763 Zacharias
934 2708 1175 2779 impletus
1211 2717 1282 2763 est
1313 2708 1516 2779 Spiritu
1552 2719 1746 2777 sancto,
1797 2719 1846 2765 et
1893 2711 2213 2781 praphetauit

610 2800 785 2855 dicens
809 2817 824 2856 :
844 2798 1148 2856 Benedictus
1176 2800 1426 2857 Dominus
1454 2800 1594 2859 Deus
1618 2801 1806 2870 Israel,
1836 2806 1924 2876 qui
1953 2806 2213 2877 prospexit

607 2891 1007 2963 redemptionem
1044 2892 1059 2931 ί
1091 2894 1283 2967 populo
1308 2911 1401 2949 sua
1423 2936 1437 2962 ,
1484 2905 1532 2951 et
1559 2896 1792 2951 excitavit
1825 2897 1839 2947 ἱ
1881 2897 2026 2953 nobis
2053 2914 2213 2953 cornu

608 2983 791 3039 salutis
817 2986 871 3039 in
897 2985 1049 3040 domo
1084 2985 1253 3040 David
1277 2987 1421 3058 pueri
1443 2988 1523 3043 sui
1550 2987 1702 3061 (Luc.
1734 3004 1773 3057 ι,
1807 2989 1895 3057 67,
1930 2990 2042 3062 68).
2075 2990 2210 3047 Item

609 3082 718 3141 illic
747 3083 984 3157 Angelus
1009 3085 1077 3139 ad
1126 3095 1412 3156 pastores:
1448 3087 1532 3143 Ne
1576 3090 1865 3146 timueritis.
1896 3090 2027 3146 Ecce
2074 3092 2209 3147 enim

2319 1860 2443 1918 Non
2474 1873 2640 1933 petam
2667 1909 2683 1933 ,
2735 1874 2784 1920 et
2834 1882 2938 1921 non
2968 1867 3169 1923 tentabo
3214 1868 3490 1925 Dominum
3537 1870 3700 1926 Deum
3728 1890 3927 1930 meum.

2317 1955 2384 2010 Et
2411 1954 2580 2011 dixit:
2604 1956 2791 2011 Audite
2834 1959 3023 2027 itaque,
3049 1958 3229 2014 domus
3269 1959 3436 2015 David
3466 1965 3509 2018 ι.
3556 1960 3680 2017 Non
3729 1965 3928 2035 pusil-

2319 2050 2424 2105 lum
2453 2059 2482 2088 ιι
2508 2052 2649 2107 vobis
2690 2061 2943 2107 certamen
2985 2068 3105 2107 cum
3142 2053 3429 2109 hominibus
3452 2095 3468 2121 ,
3496 2056 3738 2124 quoniam
3775 2054 3933 2124 Deus

2314 2151 2525 2214 praestat
2550 2159 2784 2216 agonem.
2815 2142 3039 2216 PrOpter
3068 2144 3163 2199 hoc
3190 2144 3328 2200 dabit
3368 2144 3506 2201 Deus
3546 2146 3655 2217 ipse
3679 2147 3825 2203 vobis
3852 2149 3955 2204 εἰς

2316 2256 2494 2310 guunt.
2527 2239 2661 2298 Ecce
2681 2243 2825 2317 uirgo
2853 2242 2908 2297 in
2944 2251 3144 2298 uterum
3184 2244 3417 2315 accipiet,
3450 2254 3498 2298 et
3526 2245 3691 2315 pariet
3713 2246 3881 2317 [ilium
3906 2291 3923 2314 ,

2317 2341 2364 2387 et
2389 2335 2632 2391 uocabitis
2658 2345 2686 2373 ν
2712 2352 2897 2391 nomen
2923 2338 3035 2400 eius
3064 2334 3389 2392 Emmanuel.
3433 2336 3686 2410 Butgrum
3731 2348 3780 2394 et
3821 2341 3928 2396 ntel

2316 2428 2643 2485 ntanducabit
2674 2439 2700 2467 κ
2728 2432 3030 2504 priusquam
3082 2432 3210 2487 sciat
3239 2432 3510 2502 reprobare
3537 2433 3728 2489 malum
3754 2445 3799 2489 et
3828 2435 3925 2490 eli-

2315 2540 2433 2596 gere
2460 2524 2647 2580 bonum
2672 2534 2701 2575 γ
2732 2524 2866 2596 (Isa.
2897 2542 2992 2594 vn,
3023 2525 3235 2600 10-15).
3257 2526 3372 2595 Hoc
3388 2542 3572 2584 semen
3603 2528 3922 2600 praedixerat

2319 2617 2460 2673 Deus
2484 2616 2553 2673 dc
2583 2617 2812 2675 muliere
2838 2618 3158 2690 procedere,
3188 2620 3332 2691 quod
3359 2620 3593 2677 calcaret
3620 2628 3779 2691 caput
3804 2620 3923 2675 dia-

2319 2711 2445 2767 boli.
2476 2710 2535 2767 I'n
2561 2711 2757 2769 Genesi
2784 2731 2798 2768 :
2830 2712 2975 2768 Tunc
3009 2714 3140 2769 dixit
3172 2713 3313 2769 Deus
3338 2715 3407 2768 ad
3434 2722 3710 2786 serpentem
3739 2732 3753 2769 :
3786 2713 3923 2780 Quia

2316 2815 2371 2861 tu
2399 2808 2493 2861 Itoc
2520 2806 2713 2877 fecisti,
2741 2807 3039 2861 maledictus
3069 2816 3121 2861 tu
3144 2806 3207 2861 ab
3228 2809 3369 2863 omni
3390 2824 3570 2879 genere
3596 2818 3618 2845 ι
3649 2807 3924 2862 bestiarum

2320 2907 2489 2954 terra.
2544 2896 2763 2953 Pectore
2808 2907 2894 2952 tuo
2932 2907 2980 2953 et
3022 2908 3193 2954 uentre
3236 2916 3412 2968 repes,
3442 2909 3490 2955 et
3533 2900 3627 2955 erit
3671 2897 3760 2953 tibi
3785 2910 3925 2953 terra

2316 2990 2459 3046 cibus
2490 2992 2545 3046 in
2570 2990 2804 3047 amnibus
2833 2991 3009 3047 diebus
3024 2993 3141 3049 vita:
3162 3002 3281 3049 tute.
3307 2990 3373 3046 Et
3395 3004 3585 3064 ponant
3608 2991 3923 3047 inimicitiam

2316 3085 2447 3139 inter
2472 3093 2519 3138 te
2539 3092 2584 3138 et
2600 3083 2862 3139 mulierem
2885 3095 2933 3140 et
2955 3086 3084 3140 inter
3107 3102 3275 3141 semen
3290 3094 3347 3123 αα
3370 3085 3502 3152 eius.
3530 3084 3656 3157 Ipse
3668 3094 3809 3140 tuum
3832 3084 3925 3140 ob-

608 3183 857 3234 annuntio
885 3177 1023 3234 vobis
1048 3182 1290 3251 quoniant
1333 3190 1484 3237 natus
1508 3192 1580 3238 est
1603 3184 1742 3239 uobis
1770 3178 1923 3241 hodie
1963 3184 2208 3253 salvator,
2237 3176 2282 3239 C
2314 3178 2535 3234 servabit
2563 3176 2624 3218 δι’
2652 3189 2826 3251 caput,
2853 3189 2898 3235 et
2923 3189 2977 3235 tu
3006 3178 3288 3235 observabis
3314 3174 3610 3231 calcaneum
3637 3176 3926 3250 ejns(Gen.

609 3269 696 3339 qui
721 3277 794 3323 est
823 3267 1057 3325 Christus
1082 3270 1259 3340 Iesus,
1288 3273 1344 3327 in
1365 3273 1569 3329 civitate
1591 3272 1764 3332 David
1790 3276 1951 3350 (Ibid.
1981 3279 2101 3348 11,7,
2128 3279 2209 3353 8).

608 3417 727 3461 CAP.
761 3421 874 3462 VIII.
914 3436 988 3447 —
1026 3423 1166 3473 QUOD
1186 3425 1295 3466 CUI!
1322 3427 1354 3466 Α
1383 3427 1645 3469 PRINCIPIO
1673 3430 1844 3472 FILIUS
1866 3432 1956 3472 DEI
1972 3432 2213 3487 FUISSRT,

769 3516 1035 3559 GENERABI
1066 3519 1240 3561 DENUO
1268 3521 1515 3562 HABERET
1544 3522 1827 3564 SECUNDUM
1856 3524 2093 3566 CARNEH.

678 3638 738 3695 In
754 3638 971 3696 Psalmo
996 3656 1033 3696 ιι
1050 3640 1321 3697 :Dominus
1340 3642 1471 3698 dixit
1494 3642 1564 3697 ad
1582 3659 1662 3698 nte
1682 3660 1702 3699 :
1716 3643 1887 3700 Filius
1907 3661 2045 3701 meus
2065 3662 2119 3701 es
2139 3655 2214 3715 tu,

608 3748 701 3805 ego
725 3732 876 3788 hodie
893 3734 1044 3805 genui
1072 3742 1120 3790 te
1143 3731 1191 3787 ν.
1221 3732 1440 3790 Postula
1466 3750 1499 3791 a
1523 3752 1604 3791 me
1634 3732 1680 3805 ι,
1708 3746 1758 3793 et
1780 3736 1911 3792 dabo
1931 3737 2020 3792 tibi
2039 3749 2212 3811 gentes

2319 3286 2404 3337 ιιι,
2435 3273 2525 3339 14,
2557 3272 2673 3345 15).

2325 3423 2446 3465 CAP.
2502 3424 2556 3462 Χ.
2573 3420 2791 3472 -ρυου
2816 3419 2886 3461 ΕΤ
2910 3418 3054 3461 HOMO
3080 3419 3151 3460 ΕΤ
3176 3417 3309 3461 DEUS
3336 3416 3615 3469 CHRISTUS,
3642 3418 3715 3458 Εἰ
3742 3417 3921 3458 U'I'RO-

2390 3516 2495 3565 QUE
2528 3515 2737 3557 GENERB
2776 3512 3082 3555 CONCBETUS
3105 3539 3122 3567 ,
3166 3513 3236 3554 υτ
3275 3510 3554 3553 IEDIA’I‘OB
3595 3509 3723 3553 ESSE
3764 3511 3931 3554 INTER

2395 3607 2492 3651 NOS
2517 3608 2588 3649 ET
2615 3606 2832 3648 ΡΔΤΒΕΙ
2856 3604 3071 3648 Ροδδετ.

2390 3732 2544 3803 Apud
2573 3732 2898 3790 Hieremiam
2931 3742 2985 3771 οε
3018 3747 3034 3788 :
3061 3728 3127 3784 Et
3153 3707 3304 3783 homo
3326 3733 3420 3793 est,
3452 3735 3498 3781 et
3526 3724 3641 3793 quis
3662 3733 3930 3797 cognoscet

613 3826 961 3881 Itwreditatent
997 3836 1137 3882 tuam
1159 3837 1207 3882 et
1228 3829 1599 3898 possessionem
1630 3838 1772 3884 tuam
1797 3831 2036 3886 terminos
2067 3841 2215 3887 teme
2314 3844 2429 3882 eum
2457 3825 2635 3897 (Hier.
2662 3841 2791 3894 xvu,
2811 3823 2897 3897 9)?
2916 3824 3047 3880 Item
3073 3824 3123 3878 in
3138 3821 3386 3878 Numeris
3410 3837 3425 3877 :
3453 3820 3661 3875 Orielur
3688 3818 3836 3873 διειια
3855 3834 3919 3872 επ

612 3917 734 3989 (Ps.
766 3934 824 3986 ιε,
846 3920 995 3990 7,8).
1019 3920 1151 3976 Item
1180 3922 1231 3975 in
1276 3922 1568 3994 Evangelio
1596 3932 1714 3979 cata
1741 3923 1943 3979 Lucam
1979 3942 1993 3980 :
2034 3924 2106 3980 Et
2133 3928 2215 3997 fa-

611 4020 747 4064 ctum
763 4020 835 4064 est
854 4020 917 4077 m,
938 4019 993 4065 ut
1011 4013 1202 4066 audivit
1221 4013 1577 4069 salutationem
1594 4013 1779 4070 Maria:
1790 4013 2217 4081 Elisabeth,ea:ul-

612 4101 736 4157 tavit
759 4101 933 4175 infans
954 4102 1008 4158 in
1036 4112 1182 4159 utero
1208 4106 1339 4176 ejus,
1369 4115 1417 4159 et
1442 4105 1651 4177 impleta
1673 4117 1747 4161 est
1777 4108 1980 4176 Spiritu
2005 4119 2180 4164 sancto
2196 4151 2212 4177 ,

2316 3919 2502 3984 Iacob,
2536 3929 2583 3974 et
2603 3928 2838 3990 exsurget
2859 3919 3010 3973 homo
3032 3932 3096 3971 ex
3118 3915 3308 3970 Israel.
3336 3915 3470 3971 Item
3497 3915 3606 3971 illic
3632 3932 3646 3966 :
3670 3911 3919 3967 Procedet

2320 4013 2470 4068 homo
2496 4013 2560 4068 de
2585 4012 2777 4068 semine
2799 4013 2930 4085 ejus,
2960 4020 3006 4066 et
3027 4009 3372 4064 dominabitur
3397 4008 3674 4075 multarunt
3699 4005 3926 4077 gentium

2320 4115 2367 4162 et
2396 4104 2700 4162 exaltabitur
2720 4113 2982 4173 tamquam
3005 4098 3065 4139 ἀεὶ
3089 4099 3198 4173 Gog
3220 4116 3428 4171 regnum
3442 4099 3625 4171 ipsius,
3649 4104 3697 4153 et
3720 4094 3931 4167 augebi-

1863 4242 2242 4303 LECTIONES
2280 4241 2697 4335 VA'RIAgTES.

675 4383 702 4448 ξι
727 4381 906 4448 Senior
929 4395 1026 4434 non
1050 4382 1273 4448 Angelus
1295 4384 1429 4434 Lam.
1457 4392 1606 4448 atque
1634 4386 1757 4437 Bod.
1780 4387 1828 4437 5.

674 4442 899 4513 1_tl_)iligit
923 4460 1011 4497 eos
1032 4442 1171 4513 Fosi.
1199 4449 1470 4513 Lamieos,
1486 4442 1540 4499 et
1556 4449 1663 4513 ipse
1681 4449 1894 4501 redimet
1923 4447 2049 4501 Thu.
2076 4446 2220 4501 Corb.

677 4460 705 4481 υ
729 4460 821 4494 υιιι
880 4460 899 4496 ι
923 4460 1011 4497 eos
1032 4460 1171 4499 r'oss.
1199 4460 1334 4498 Lam.
1354 4461 1457 4507 eos,
1486 4462 1498 4496 ι

678 4510 703 4540 θ
725 4460 1006 4559 Progucere
1034 4525 1063 4561 e
1087 4510 1297 4567 vinculis
1314 4510 1498 4562 Bod.1.

677 4570 707 4610 (ι
732 4571 886 4621 Deus.
902 4571 1185 4624 Claritatem
1208 4574 1348 4624 Foss.

678 4638 704 4665 ⁸³
726 4633 881 4685 Notas
897 4634 972 4683 fac
994 4636 1112 4687 mihi
1136 4637 1245 4688 ΝΟ.
1267 4636 1316 4684 2.

683 4693 706 4733 τ
732 4696 841 4760 Ego
856 4709 965 4747 sum
988 4696 1072 4749 lux
1097 4700 1263 4748 mundi
1290 4699 1413 4749 Bod.
1437 4698 1484 4747 ’5.

679 4761 706 4821 β
728 4759 805 4810 Né
830 4760 1058 4811 timueris
1073 4764 1207 4811 Lam.
1236 4762 1345 4813 NC.
1362 4762 1408 4810 2.
1439 4761 1543 4810 Lin.
1576 4760 1697 4813 Bod.
1722 4763 1772 4821 5,
1796 4761 1845 4811 4.

677 4819 708 4887 ξι
730 4822 928 4887 Mariam
951 4825 1214 4887 conjugem
1240 4825 1348 4875 NG.
1377 4827 1422 4883 1,
1451 4825 1496 4873 2.
1518 4826 1652 4876 Lam.

684 4884 701 4954 ξ
733 4884 833 4954 Qui
855 4882 975 4954 fecit
997 4882 1393 4954 redemptionem
1414 4882 1525 4938 ΝΕ.
1550 4888 1599 4936 2.

685 4945 701 4995 i
732 4945 996 4998 Suscitavit
1015 4950 1124 5000 ΝΟ.
1149 4945 1197 4998 2.

681 5007 708 5075 ξε
732 5008 895 5075 ξίοὸἱῡ
918 5012 1158 5075 generari
1183 5012 1308 5075 Bod.
1328 5011 1376 5061 4.

683 5069 705 5109 l
732 5071 890 5123 Posce
914 5069 1039 5123 time
1063 5073 1165 5124 Lin.
1195 5074 1319 5124 Bod.
1347 5074 1391 5125 1.
1427 5074 1547 5125 Tha.
1576 5077 1714 5129 Foss.
1733 5076 1860 5129 Pete
1888 5075 1995 5127 ΝΟ.
2021 5074 2069 5125 2.

679 5133 1063 5203 m_F1ctum_cst
1106 5137 1351 5201 quomodo
1379 5139 1565 5190 audivit
1606 5140 1734 5190 Bod.
1777 5142 1824 5203 1,
1848 5138 1895 5201 2,
1932 5141 1981 5190 5.
2008 5139 2055 5189 4.
2104 5136 2226 5190 Tltu.

618 5195 762 5247 Corb.
785 5200 900 5248 Ver.
929 5201 1103 5250 Benev.

680 5259 709 5289 ¹³
738 5258 803 5323 Ut
826 5267 984 5311 mater
1006 5261 1203 5313 Domini
1224 5260 1347 5313 Bod.
1378 5264 1421 5319 1,
1446 5264 1496 5323 2,
1515 5264 1563 5314 4.
1597 5263 1721 5316 Thu.
1749 5266 1894 5319 Corb.

685 5323 711 5351 ⁰
735 5321 1035 5387 Αόίηιριθιίο
1063 5324 1188 5375 Thu.
1216 5328 1355 5377 Voss.
1381 5321 1522 5378 Corb.
1541 5328 1804 5380 Plenitudo
1823 5325 1928 5380 Lin.
1955 5327 2080 5380 Bod.
2103 5328 2135 5378 5

684 5384 912 5455 {Ealu‘m
936 5387 999 5436 de
1026 5388 1218 5450 virgine
1249 5388 1351 5439 Lin.
1378 5388 1502 5455 Bod.
1527 5390 1576 5455 5,
1593 5391 1642 5443 4.

681 5450 710 5492 tt
733 5446 810 5499 De
836 5447 945 5499 Deo
968 5446 1231 5502 natus'non
1254 5458 1349 5516 est,
1374 5452 1463 5503 sed
1483 5446 1894 5505 est'auticltristus
1918 5454 2045 5505 Bod.
2064 5454 2115 5503 5.

2392 4386 2417 4415 ι’
2444 4384 2600 4436 Achaz
2620 4389 2738 4446 pete
2768 4378 2891 4433 Thu.
2918 4381 3056 4446 Foss.
3081 4376 3220 4429 Corb.
3247 4375 3375 4428 Bod.
3396 4378 3444 4438 1,
3463 4376 3513 4439 3,
3535 4377 3587 4427 ι.

2393 4451 2415 4479 ⁸
2443 4447 2501 4497 In
2523 4445 2782 4498 altitudine
2810 4445 3030 4508 B_0d.‘i._
3169 4504 3199 4508 _
3258 4500 3270 4508 _
3323 4502 3336 4508 _
3382 4500 3410 4508 Α
3443 4502 3472 4508 _
3528 4501 3543 4508 _
3590 4498 3673 4508 η,
3719 4496 3735 4508 .
3798 4497 3845 4508 -.

2394 4510 2415 4544 ί
2444 4496 2618 4573 Italiae
2637 4509 2811 4573 domus
2831 4505 2986 4573 Iacob
2998 4506 3139 4573 Lam.
3163 4500 3287 4573 Bod.
3316 4502 3363 4573 1_,
3380 4500 3430 4573 2,
3443 4502 3493 4573 5,
3516 4501 3570 4573 44.
3582 4496 3761 4573 N_C.-1.
3790 4497 3894 4549 Litt.

2391 4575 2421 4604 υ
2439 4562 2690 4638 fus-illum
2703 4572 2801 4619 erit
2823 4568 3165 4638 vobis_l_V'C.1_.
3187 4563 3442 4638 Litt.ﬂBo_d.
3472 4566 3519 4623 1,
3536 4565 3593 4638 2,
3615 4565 3665 4638 5,
3814 4620 3839 4638 J
3881 4624 3909 4638 η

2390 4639 2420 4668 ν
2438 4620 2722 4686 Είίίνὸἱιὲιήε.
2744 4645 2925 4683 nomen
2955 4629 3077 4681 Thu.
3106 4630 3242 4681 Foss.
3285 4627 3426 4679 Corb.
3463 4620 3715 4678 vacabitur
3732 4620 3857 4673 Bod.
3880 4624 3926 4672 3.

2248 4707 2303 4767 1)
2327 4699 2478 4767 Iesus
2501 4697 2626 4767 Bod:
2650 4699 2697 4748 5.

2392 4764 2418 4792 Χ
2444 4761 2677 4792 ΓΛΜΩΑΩΙ
2714 4757 2762 4792 Ῐδ

2392 4764 2418 4792 ³
2444 4761 2683 4813 Comedet
2706 4760 2813 4810 Lin.
3894 4810 3903 4820 _

2388 4827 2417 4867 ἵ
2442 4824 2734 4887 Priusquam
2750 4822 3091 4887 cognoscakut
3141 4816 3391 4887 prteferag
3422 4814 3571 4887 mala.
3615 4809 3927 4887 egmt‘mt‘talnt

2326 4872 2680 4939 υοηιῐιίίνδεέ.
2698 4888 2748 4948 5,
2770 4872 2973 4934 lira".
3003 4872 3408 4948 CorLLttmLNC.
3428 4873 3601 4948 nun.
3638 4873 3766 4948 Bod.
3795 4873 3847 4948 i_,
3880 4872 3927 4948 2.

2329 4937 2381 5011 3,
2399 4951 2449 5000 4.
2468 4937 3088 5014 Οωοήζμϐοῐῇωυωι-νοεδ.
3107 4943 3229 5014 5,·4.
3256 4943 3431 5014 Beneu.
3458 4939 3763 5014 Commutato
3806 4937 3926 4986 Ver.

2332 5002 2568 5076 Impres.
2606 5012 2745 5063 .Sciat
2788 5009 3059 5073 reprobare
3083 5004 3262 5055 malum
3288 5011 3339 5054 et
3364 5003 3555 5075 eligere
3573 5002 3774 5050 bonum.

2398 5076 2421 5104 2
2443 5074 2515 5108 'l‘n
2542 5077 2604 5108 ah
2625 5075 2754 5108 τιωηί
2794 5084 2992 5108 nomn»,
3024 5077 3071 5108 pl
3100 5070 3163 5108 ah
3207 5069 3336 5108 an-
3368 5067 3470 5108 L1H-
3494 5062 3619 5108 Bod.
3650 5063 3696 5108 1.
3720 5062 3769 5108 2.
3793 5061 3842 5108 5.
3881 5058 3912 5108 4

2443 5061 2609 5125 ’[ιῖξῆ
2625 5061 2760 5125 omni
2794 5061 2995 5136 pe'cgrte,
3024 5077 3077 5120 et
3100 5070 3163 5119 ab
3202 5069 3337 5118 Lam.
3364 5061 3470 5116 Lai.
3493 5062 3619 5115 Bod.
3650 5063 3696 5122 1,
3720 5062 3769 5125 2,
3793 5061 3842 5122 3,
3881 5061 3926 5109 4.

2313 5107 2515 5191 ’Νοῖῖ
2540 5107 3022 5187 ἇἹιιῖἷἚοὲἓῗἜὸῖἰ).

2400 5184 2862 5252 ἱειλτιῐιέέιῖέιίίιὶίέν
2884 5206 3063 5246 semen
3086 5193 3220 5243 Lam.
3249 5189 3355 5243 Lin.
3374 5190 3482 5243 NG.
3508 5189 3554 5241 ι.
3581 5185 3707 5239 Bod.
3736 5188 3779 5246 1,
3805 5184 3855 5247 2,
3878 5185 3924 5245 5.

2333 5264 2380 5315 ι’
2393 5258 3055 5385 ᾗὴίιιῖεξῗῗιδιίιιξὲἱζθννεὺὶι
3074 5321 3251 5385 Βωζρξυζ
3261 5315 3536 5385 V_er._N(J.I
3706 5309 3809 5362 Bod
3816 5308 3928 5373 32,3-

2394 5392 2452 5421 σο
2475 5375 2781 5439 Hieremiam
2805 5386 2987 5436 dicitur
3004 5385 3138 5434 Lam.
3158 5383 3206 5433 Ν
3213 5383 3267 5433 C.
3291 5380 3340 5438 1,
3362 5378 3486 5442 Bod.
3508 5379 3560 5442 2,
3585 5377 3636 5440 5,
3660 5375 3710 5426 4.

2393 5451 2456 5494 ἀεὶ
2476 5451 2785 5504 Exaltabitur
2808 5448 2933 5512 Gog.
2959 5449 3119 5501 Oxon.
3137 5444 3289 5509 Gigas
3311 5441 3439 5496 Bod.
3457 5444 3503 5495 1.

1857 5599 2116 5668 .S’I‘EPH.
2156 5597 2432 5658 BALUZII
2468 5596 2701 5657 NOTIE.

619 5733 765 5811 apud
781 5733 1169 5811 Tertullianum
1197 5705 1685 5811 in_librofadversus
1715 5738 1996 5808 Praxeant,
2026 5739 2114 5797 ubi
2141 5754 2228 5798 re-

623 5806 726 5857 Icrt
753 5804 893 5860 hunc
920 5806 1096 5860 locum
1130 5806 1300 5862 Pauli.

2404 5736 2679 5795 CAP.VI".
2706 5765 2780 5779 --
2796 5734 2878 5793 De
2897 5734 3185 5791 antichristi
3207 5733 3410 5803 spiritu.
3437 5728 3579 5789 Vide
3596 5726 3810 5789 Erasmi
3838 5740 3931 5785 θην

2334 5812 2636 5870 natationes
2661 5811 2715 5868 in
2746 5809 2887 5866 hunc
2909 5809 3088 5867 locum
3112 5807 3276 5866 Petri.
