4230 6282
278 373 388 434 705

1505 376 2070 440 TESTIMONIORUM
2107 382 2309 441 LIBER
2345 385 2412 441 ll.

3487 387 3594 447 706

280 501 362 546 tur
393 505 608 562 regnum
655 489 788 561 ejus,
827 498 872 544 et
907 489 1045 546 Deus
1085 489 1260 546 eduxit
1303 508 1418 547 eum
1456 511 1520 549 ex
1558 494 1792 567 {Egypto
1819 506 1881 559 a;
1908 498 1962 558 Α
1987 497 2223 551 ascendet
2247 508 2308 562 tt;
2359 504 2404 551 et
2439 497 2714 568 requiescet
2759 511 2912 567 super
2953 511 3066 553 eum
3105 499 3314 569 spiritus
3362 499 3594 567 Domini,

278 584 425 654 quasi
451 583 661 637 claritas
709 584 968 637 unicornis
997 584 1044 653 ei
1071 582 1122 650 δ,
1154 596 1203 640 et
1232 585 1343 640 edet
1369 597 1538 656 gentes
1565 589 1885 644 inimicorum
1989 590 2200 658 spiritus
2246 590 2512 659 sapientia:
2563 599 2608 643 et
2654 589 2934 645 intellectus
2958 632 2972 657 ,
3031 593 3246 661 spiritus
3296 593 3497 648 consilii
3549 601 3599 648 et

278 691 490 730 suorum
523 686 569 740 ε,
611 685 656 728 et
685 675 1047 730 crassitudines
1075 676 1284 730 illorum
1309 679 1632 732 entedullabit
1650 721 1665 744 ,
1692 690 1737 734 et
1761 679 1889 734 bali-

281 770 373 824 stis
394 770 499 824 suis
523 769 740 840 con/iget
763 770 1029 824 inimicum
1054 767 1104 824 ἀ.
1133 770 1404 827 Recubans
1434 782 1456 808 ο
1485 773 1720 842 requievit
1743 775 1888 842 quasi

282 860 360 916 leo
385 871 431 914 et
457 861 604 930 quasi
644 861 844 916 catulus
884 862 1064 916 leonis.
1110 859 1239 926 Quis
1277 862 1539 916 suscitabit
1580 864 1743 917 eum?
1789 864 1889 931 Qui

283 953 580 1010 benedicunt
609 963 656 1009 te
687 952 704 992 ί
733 954 982 1010 benedicti
1007 964 1145 1023 sunt,
1173 965 1219 1010 et
1247 957 1333 1025 qui
1359 957 1668 1012 maledicunt
1697 969 1744 1013 te
1769 975 1884 1013 ma-

285 1049 452 1104 ledicti
477 1047 803 1119 sunt(Num.
832 1065 980 1117 xxxv,
1011 1050 1097 1117 17,
1133 1047 1276 1120 7-9).
1310 1049 1444 1106 Item
1470 1051 1609 1122 apud
1638 1051 1886 1122 Esaiam;

287 1143 516 1214 Spiritus
534 1144 601 1177 "9
627 1141 836 1199 Domini
851 1160 1004 1214 super
1020 1159 1117 1199 me.
1143 1142 1366 1214 Propter
1391 1146 1529 1212 quod
1554 1148 1702 1201 unxit
1730 1163 1810 1201 me
1836 1157 1886 1215 ε,

286 1238 408 1292 bene
436 1240 672 1293 nuntiare
701 1239 1004 1310 pauperibus
1024 1240 1161 1294 misit
1184 1255 1285 1308 me,
1317 1257 1499 1296 curare
1525 1241 1889 1297 contribulatos

284 1332 437 1386 corde
465 1329 514 1400 ιι,
545 1332 834 1402 predicare
879 1333 1091 1404 captivis
1135 1335 1484 1390 remissionem
1531 1346 1580 1391 et
1620 1337 1765 1393 circis
1810 1337 1887 1390 vi-

284 1442 398 1480 sunt
433 1424 478 1488 ί,
505 1441 686 1480 vocare
711 1442 908 1481 annum
940 1424 1150 1481 Domini
1179 1427 1539 1498 acceptabilem
1563 1439 1609 1483 et
1636 1429 1771 1484 diem
1811 1446 1888 1484 re-

285 1520 574 1574 tributionis
603 1518 736 1590 (Isa.
770 1536 879 1586 ut,
911 1517 1022 1592 12).
1059 1519 1210 1577 Unde
1239 1522 1290 1575 in
1320 1520 1610 1594 Evangelio
1635 1532 1752 1578 cata
1778 1521 1889 1578 Lu-

286 1626 406 1667 cam
446 1611 660 1668 Gabriel
695 1613 708 1662 ἱ
747 1612 814 1668 ad
862 1612 1083 1668 Mariam
1125 1614 1192 1668 κε
1234 1614 1300 1669 Et
1327 1617 1637 1686 respondens
1667 1616 1891 1687 Angelus

290 1705 422 1760 dixit
450 1705 519 1760 ad
549 1705 732 1760 illam:
755 1704 982 1778 Spiritus
1024 1717 1232 1764 sanctus
1278 1710 1594 1780 superveniet
1635 1710 1689 1762 in
1735 1719 1814 1777 te,
1843 1719 1891 1764 et

287 1802 450 1858 virtus
465 1803 714 1858 Altissimi
739 1802 1055 1857 obumbrabit
1085 1813 1132 1858 te
1152 1800 1196 1857 ι.
1221 1802 1546 1876 QuaprOpter
1568 1815 1606 1842 ω
1627 1804 1763 1875 quod
1790 1821 1888 1859 na-

1992 681 2326 751 fortitudinis,
2347 681 2559 751 spiritus
2583 681 2808 737 scientia:
2833 697 2879 738 et
2910 683 3134 752 pietatis,
3158 694 3205 738 et
3231 685 3456 755 implebit
3481 701 3599 740 eum

1991 775 2201 845 spiritus
2246 775 2442 830 timoris
2489 774 2699 830 Domini
2753 785 2775 812 ι’
2827 774 2971 845 (Isa.
3034 793 3120 844 x1,
3169 777 3312 849 1-3).
3366 776 3498 833 Item
3543 777 3598 833 in

1993 867 2208 923 Psaltno
2234 883 2399 924 cxxxx
2429 885 2443 922 :
2473 868 2683 923 Juravit
2729 867 2870 924 Deus
2906 870 3006 941 ipsi
3032 869 3204 925 David
3243 872 3520 941 veritatem,
3551 881 3600 927 et

1993 977 2094 1014 non
2128 961 2417 1031 reprobavit
2465 976 2577 1015 eam
2608 969 2630 998 ³
2682 959 2808 1015 :De
2843 960 3016 1031 fructu
3055 962 3244 1017 ventris
3285 963 3359 1017 tui
3412 979 3601 1034 ponant

1993 1069 2148 1124 super
2198 1053 2440 1108 thronum
2487 1070 2658 1108 meum
2706 1053 2725 1088 ί
2784 1052 2917 1124 (Ps.
2971 1069 3170 1120 cun,
3204 1053 3327 1126 11).
3370 1054 3504 1112 Item
3548 1056 3604 1112 in

1994 1145 2286 1217 Evangetio
2313 1153 2434 1202 cata
2481 1145 2725 1201 Lucam:
2755 1145 2824 1200 Et
2866 1145 2998 1201 dixit
3041 1146 3268 1218 Angelus
3312 1146 3380 1200 ad
3414 1147 3601 1204 illam:

1995 1236 2080 1292 Ne
2097 1239 2299 1305 tinteas,
2339 1239 2532 1294 Maria.
2559 1238 2804 1294 Invenisti
2833 1240 2966 1294 enim
3009 1241 3228 1311 gratiam
3269 1249 3388 1296 ante
3413 1240 3602 1298 Deum.

1994 1329 2130 1386 Ecce
2153 1333 2408 1403 concipies
2440 1333 2494 1387 in
2521 1343 2666 1388 utero
2699 1342 2748 1397 υ,
2794 1342 2843 1388 et
2891 1334 3059 1404 paries
3086 1334 3274 1404 ﬁlium,
3312 1344 3360 1390 et
3405 1335 3606 1391 vocabis

1996 1441 2179 1478 nomen
2199 1425 2309 1495 ejus
2328 1423 2364 1478 Ι
2369 1442 2528 1481 esum.
2564 1424 2665 1480 Hic
2691 1427 2786 1480 erit
2811 1443 3049 1498 magnus,
3080 1437 3127 1482 et
3157 1427 3327 1482 Filius
3351 1428 3605 1484 Altissinti

1993 1518 2256 1572 vocabitur
2278 1561 2294 1588 ,
2317 1528 2366 1574 et
2408 1520 2550 1574 dabit
2587 1521 2664 1575 illi
2690 1520 2944 1576 Dominus
2985 1519 3126 1576 Deus
3163 1522 3406 1578 thronum
3434 1521 3606 1579 David

1996 1611 2160 1680 patris
2185 1612 2286 1679 sui,
2319 1622 2366 1666 et
2391 1612 2620 1683 regnabit
2644 1622 2668 1650 ν
2698 1630 2855 1684 super
2874 1614 3083 1668 domum
3097 1613 3262 1670 Jacob
3278 1615 3331 1669 in
3347 1615 3535 1671 sacula
3554 1624 3604 1684 ι,

1995 1715 2043 1758 et
2070 1706 2214 1777 regni
2236 1707 2348 1776 ejus
2393 1721 2496 1761 non
2537 1707 2632 1762 erit
2681 1708 2800 1777 finis
2849 1705 2998 1780 (Luc.
3045 1725 3096 1777 ι,
3127 1708 3346 1781 30-55).
3388 1707 3520 1766 Item
3549 1711 3605 1765 in

1997 1798 2364 1870 Apocalypsi:
2404 1798 2468 1854 Et
2516 1800 2620 1855 vidi
2671 1801 2856 1856 librum
2897 1802 2953 1856 in
2993 1801 3201 1856 dextera
3257 1801 3354 1857 Dei
3387 1799 3607 1860 sedentis

286 1904 453 1950 scetur
479 1911 542 1949 ea:
567 1904 612 1949 te
628 1905 862 1950 sanctum
890 1895 1152 1950 vocabitur
1175 1893 1225 1948 F
1226 1897 1346 1952 ilius
1393 1897 1488 1952 Dei
1515 1896 1664 1971 (Luc.
1701 1914 1739 1965 ι,
1772 1898 1887 1968 55).
1923 1900 1972 1960 Β
1999 1910 2154 1964 super
2207 1900 2449 1950 thronum
2485 1897 2733 1968 scriptum
2782 1897 2919 1952 intus
2967 1907 3012 1950 et
3065 1907 3199 1953 retro
3244 1908 3294 1965 ῐ,
3348 1900 3609 1971 signatum

287 1983 419 2041 item
451 1985 505 2040 in
533 1984 775 2056 Epistula
802 1987 953 2042 Pauli
983 1987 1052 2043 ad
1080 1986 1393 2044 Corinthios
1434 1990 1612 2060 priore
1639 2007 1650 2042 :
1677 1987 1889 2045 Primus

291 2080 438 2135 homo
463 2081 526 2134 de
554 2090 704 2136 teme
731 2080 874 2150 limo,
908 2081 1160 2138 secundus
1199 2082 1350 2135 homo
1386 2082 1450 2136 de
1475 2083 1602 2138 caelo
1628 2092 1677 2137 ιι.
1712 2083 1891 2150 Qualis

288 2174 376 2228 ille
401 2173 465 2228 de
511 2174 664 2239 limo,
696 2175 822 2230 tales
869 2183 916 2228 et
961 2175 1047 2245 qui
1093 2175 1157 2229 de
1196 2175 1355 2241 limo;
1386 2183 1433 2229 et
1458 2175 1624 2246 qualis
1652 2175 1887 2242 ccelestis,

291 2267 416 2322 tales
442 2277 488 2322 et
531 2269 772 2324 ccelestes.
809 2268 1077 2335 Quomodo
1119 2269 1432 2340 portavimus
1473 2271 1746 2343 imaginem
1781 2273 1892 2342 ejus

292 2363 378 2434 qui
403 2363 466 2417 de
491 2363 611 2419 linto
640 2373 733 2432 est,
763 2373 1021 2434 portemus
1045 2373 1095 2418 et
1121 2365 1396 2437 imaginem
1421 2367 1531 2437 ejus
1559 2367 1645 2436 qui
1672 2365 1735 2420 de
1762 2367 1888 2422 caelo

294 2468 364 2514 est
392 2457 433 2532 (l
461 2458 578 2514 Cor.
601 2474 691 2527 xv,
720 2457 934 2531 47-19).

295 2608 414 2651 CAP.
460 2608 536 2649 XI.
593 2621 664 2636 ·-··
696 2607 834 2659 QUOD
857 2609 926 2650 DE
952 2608 1145 2649 SEIINB
1179 2609 1338 2649 DAVID
1364 2607 1640 2650 SECUNDUM
1681 2609 1894 2652 CARNEA!

868 2703 1018 2745 μέλεοι
1054 2703 1320 2745 HABERET.
1721 2678 1729 2686 ’

372 2826 426 2882 in
481 2827 714 2885 Basilion
761 2829 1047 2884 secundo:
1084 2827 1153 2882 Et
1179 2828 1276 2899 fuit
1315 2829 1519 2884 verbum
1575 2828 1782 2884 Domini
1830 2830 1898 2884 ad

301 2917 515 2974 Nat/tan
556 2921 729 2975 dicens
757 2938 769 2974 :
813 2920 979 2987 Vade,
1008 2932 1055 2976 et
1081 2921 1164 2976 dic
1191 2938 1332 2976 servo
1362 2939 1472 2976 meo
1518 2921 1688 2978 David
1721 2939 1739 2977 :
1771 2921 1899 2977 Hazc

299 3012 421 3066 dicit
465 3011 716 3069 Dominus
753 3029 771 3068 :
815 3011 938 3067 Non
978 3022 1033 3067 tu
1078 3014 1357 3082 cedi/icabis
1408 3015 1532 3068 mihi
1581 3015 1786 3069 domum
1831 3015 1900 3070 ad

299 3103 726 3170 inhabitandam;
752 3104 838 3158 sed
883 3105 997 3171 erit,
1036 3122 1152 3160 cum
1191 3107 1390 3177 impleti
1419 3108 1605 3177 fuerint
1651 3107 1759 3162 dies
1789 3108 1898 3176 tui,

1992 1990 2153 2062 signis
2184 1998 2206 2025 κ
2232 1999 2466 2060 septem;
2493 1999 2539 2044 et
2583 1990 2688 2057 vidi
2726 1989 2980 2060 Angelum
3024 1995 3208 2062 fortem
3247 1991 3609 2062 praedicantem

1993 2097 2116 2137 voce
2142 2099 2327 2154 magna
2353 2099 2371 2137 :
2408 2082 2535 2151 Quis
2563 2082 2748 2155 dignus
2773 2093 2846 2138 est
2873 2082 3104 2153 accipere
3121 2083 3314 2138 librum
3333 2093 3380 2138 et
3404 2085 3606 2156 aperire

1995 2176 2141 2248 signa
2169 2176 2320 2246 ejus?
2344 2173 2458 2230 Nec
2484 2175 2752 2246 quisquam
2780 2185 2977 2246 poterat
3003 2192 3166 2247 neque
3201 2177 3256 2231 in
3279 2177 3427 2247 coelo,
3450 2194 3610 2249 neque

1995 2286 2148 2338 super
2174 2279 2362 2324 terrant
2385 2278 2464 2332 αα,
2492 2286 2653 2340 neque
2675 2269 2766 2324 sub
2806 2279 2940 2325 terra
2969 2268 3258 2341 bb,aperire
3281 2272 3487 2337 librum,
3519 2273 3610 2326 sed

1996 2377 2155 2430 neque
2176 2363 2462 2432 perspicere
2486 2378 2623 2416 eum.
2639 2361 2707 2416 Et
2734 2378 2827 2433 ego
2846 2361 3034 2432 ﬂebam
3055 2363 3272 2417 multum
3299 2367 3439 2435 quod
3459 2381 3608 2419 nemo

1998 2455 2186 2524 dignus
2215 2467 2268 2493 εε
2301 2466 2537 2526 repertus
2558 2465 2686 2512 esset
2713 2457 2802 2528 qui
2833 2458 3055 2528 aperiret
3083 2457 3267 2512 librum
3297 2469 3389 2513 aut
3418 2460 3608 2515 videret

1999 2549 2164 2604 illum.
2206 2547 2275 2604 Et
2306 2566 2440 2605 unus
2483 2567 2548 2606 ea:
2586 2552 2869 2608 senioribus
2916 2553 3046 2608 dixit
3080 2553 3249 2609 mihi:
3277 2552 3359 2607 Ne
3385 2554 3604 2622 ﬂeveris,

2000 2658 2113 2696 ecce
2155 2644 2270 2697 vicit
2311 2643 2416 2698 Leo
2451 2645 2515 2700 de
2559 2647 2693 2700 tribu
2734 2647 2900 2713 Juda,
2952 2648 3127 2704 Radix
3171 2647 3358 2718 David,
3411 2650 3613 2720 aperire

2002 2735 2187 2790 librum
2241 2746 2289 2791 et
2312 2738 2508 2794 solvere
2533 2736 2591 2776 (Μ
2615 2749 2808 2810 septem
2834 2741 2982 2812 signa
3014 2742 3126 2812 ejus
3169 2741 3356 2815 (Apoc.
3384 2758 3439 2811 ν,
3472 2743 3611 2814 1-5).

2139 2887 2260 2929 CAP.
2294 2889 2388 2931 ΧΠ.
2418 2903 2489 2916 --
2508 2890 2647 2940 QUOD
2673 2891 2726 2930 IN
2752 2891 3077 2933 BETBLEBEI!
3099 2893 3471 2935 NASCERETUR.

2085 3008 2241 3081 Apud
2259 3011 2537 3066 Michmam
2563 3029 2577 3066 :
2604 3010 2672 3065 Et
2694 3020 2747 3066 tu
2764 3010 3080 3078 Betltlehent,
3105 3012 3287 3066 domus
3312 3021 3365 3048 ου
3384 3010 3610 3080 ΕῙΪναια,

2006 3126 2109 3165 non
2157 3109 2340 3180 exigua
2392 3123 2464 3171 es,
2516 3115 2572 3160 ut
2604 3105 2928 3161 constituaris
2970 3107 3027 3159 in
3068 3104 3293 3160 millibus
3333 3103 3496 3159 Juda.
3530 3105 3616 3160 Ea:

301 3205 348 3251 et
378 3196 645 3253 dormieris
674 3214 789 3251 cum
823 3199 1049 3268 patribus
1076 3200 1215 3265 tuis,
1246 3199 1500 3256 suscitabo
1544 3215 1711 3254 semen
1760 3208 1902 3254 tuum
2007 3210 2055 3257 te
2105 3201 2230 3254 mihi
2276 3199 2509 3269 procedet
2557 3207 2612 3252 ut
2664 3199 2726 3252 sit
2777 3194 2826 3234 τί
2874 3197 3110 3268 princeps
3140 3197 3282 3267 apud
3328 3195 3516 3262 Israel,
3567 3205 3616 3252 et

302 3298 416 3358 post
443 3298 510 3356 te,
541 3289 630 3360 qui
653 3293 748 3344 erit
773 3290 836 3344 de
869 3301 1010 3346 utero
1037 3301 1155 3359 tuo,
1184 3301 1232 3345 et
1271 3290 1463 3362 parabo
1507 3307 1722 3362 regnum
1766 3292 1896 3361 ejus.
1929 3295 1974 3358 C
2009 3295 2351 3365 processiones
2380 3292 2489 3362 ejus
2515 3298 2572 3336 88
2599 3305 2630 3342 a
2659 3288 2910 3370 principio
2939 3305 2971 3342 a
2995 3288 3171 3343 diebus
3197 3289 3372 3344 saeculi
3419 3289 3613 3362 (Miclt.

305 3380 407 3434 Hic
427 3381 701 3450 wdiﬁcabit
728 3382 856 3437 mihi
875 3383 1086 3437 domum
1115 3383 1169 3437 in
1197 3384 1400 3438 nomine
1427 3399 1537 3437 meo
1564 3393 1612 3450 ο,
1638 3392 1687 3437 et
1710 3383 1903 3454 erigant

305 3475 545 3529 thronum
573 3476 685 3545 ejus
712 3492 866 3546 usque
884 3477 936 3530 in
965 3477 1231 3532 sarculum.
1256 3475 1324 3530 Et
1347 3493 1437 3548 ego
1452 3477 1596 3532 eroei
1616 3477 1667 3530 in
1683 3486 1900 3546 patrem,

303 3576 350 3622 et
378 3569 488 3636 ipse
507 3568 598 3620 erit
624 3568 748 3621 mihi
780 3568 834 3622 in
861 3567 1062 3636 lilium;
1095 3578 1141 3623 et
1181 3569 1336 3638 ﬁdem
1367 3579 1699 3640 consequetur
1725 3570 1909 3625 domus

305 3661 439 3729 ejus,
472 3667 518 3714 et
565 3675 779 3729 regnum
819 3663 930 3730 ejus
969 3677 1126 3731 usque
1160 3665 1214 3716 in
1246 3663 1489 3718 swculum
1533 3664 1587 3718 in
1639 3675 1910 3736 conspectu

305 3767 416 3806 meo
441 3749 510 3820 (ll
533 3749 662 3824 Reg.
693 3767 785 3819 vn,
815 3753 870 3817 4,
897 3753 1062 3821 5,12,
1093 3754 1180 3821 14,
1210 3755 1326 3821 16).
1350 3754 1479 3810 Item
1503 3755 1642 3826 apud
1662 3755 1906 3812 Esaiam:

308 3839 376 3897 Et
407 3843 558 3899 exibit
586 3848 730 3916 virga
757 3855 784 3894 P
813 3845 876 3900 de
904 3847 1078 3923 radice
1104 3846 1268 3917 Jesse,
1297 3858 1344 3903 ct
1380 3849 1480 3918 ﬂos
1509 3848 1572 3903 de
1601 3849 1772 3904 radice
1800 3854 1913 3921 ejus

2011 3401 2063 3449 v,
2084 3382 2164 3455 2).
2191 3383 2324 3437 Item
2353 3381 2408 3435 in
2434 3375 2727 3451 Evangelio
2759 3398 2772 3434 :
2805 3379 2875 3434 Et
2897 3397 3014 3434 cum
3039 3378 3193 3435 Iesus
3223 3390 3373 3436 natus
3408 3390 3534 3435 esset
3563 3380 3617 3434 in

2010 3475 2305 3531 Bethlehem
2331 3473 2490 3530 ludat
2516 3475 2568 3528 in
2591 3473 2768 3530 diebus
2792 3471 2852 3510 ¹¹¹ι
2882 3473 3106 3529 Herodis
3152 3475 3309 3545 regis,
3341 3490 3454 3529 ecce
3480 3474 3616 3546 magi

2012 3571 2076 3624 ab
2105 3569 2296 3625 oriente
2323 3575 2560 3624 venerunt
2599 3564 2645 3602 ίί
2682 3564 3097 3636 Hierosolymam
3125 3567 3344 3621 dicentes
3374 3585 3388 3623 :
3417 3565 3518 3622 Ubi
3545 3575 3620 3622 est

1971 3677 1976 3682 ‘
2012 3667 2100 3736 qui
2129 3651 2278 3718 natus
2304 3671 2375 3717 est
2424 3677 2516 3716 rex
2558 3659 2906 3714 Judworum?
2960 3659 3193 3714 Vidimus
3239 3660 3374 3714 enim
3417 3659 3618 3714 stellam

2014 3760 2124 3828 ejus
2148 3759 2201 3811 in
2246 3754 2476 3820 Oriente,
2519 3765 2565 3809 et
2595 3754 2821 3808 venimus
2847 3754 2892 3804 ti
2930 3769 3048 3808 cum
3081 3753 3372 3808 muneribus
3399 3753 3618 3810 adorare

2014 3850 2166 3906 illuttt
2193 3849 2405 3922 (Matth.
2437 3863 2496 3915 ιι,
2528 3847 2581 3914 1,
2609 3845 2690 3917 2).

1536 3984 1920 4043 LECTIONES
1960 3981 2376 4043 VARIANTES.

376 4103 401 4175 ξι
428 4102 816 4175 {Egyptogloria
835 4098 1098 4175 ejusﬂ‘od.
1127 4106 1169 4175 1A.
1213 4168 1228 4175 _
1375 4166 1421 4175 __

371 4161 401 4229 ἓν
429 4161 690 4220 Udi-comi;
712 4178 763 4220 et
786 4161 906 4220 edet
927 4167 1038 4220 NG.
1067 4169 1112 4229 1,
1138 4168 1184 4217 2.
1202 4168 1336 4218 Lam.
1365 4166 1470 4217 Lin.
1500 4165 1621 4218 Tim.
1649 4167 1783 4219 Foss.

376 4228 398 4259 θ
429 4230 616 4281 Carnes
637 4233 938 4281 inimicorum
961 4233 1099 4282 Foss.

377 4289 406 4328 εὶ
431 4291 714 4352 Οοιιῖιδὶιιεθι
730 4291 854 4343 Bod.
885 4294 929 4341 1.
945 4293 1196 4346 Conﬁciet.
1225 4291 1328 4342 Litt.
1355 4292 1400 4342 2.
1421 4293 1545 4344 Bod.
1569 4293 1617 4352 5,
1643 4292 1689 4342 1-.

381 4360 404 4384 ι’
427 4355 514 4419 Sic
535 4353 661 4405 Bod.
701 4357 748 4416 1,
774 4355 822 4415 2,
841 4357 887 4405 5.
913 4357 1044 4407 Lam.
1073 4353 1177 4406 Litt.
1211 4354 1336 4406 Tltu.
1357 4356 1492 4408 Foss.
1520 4357 1630 4407 Cor.
1656 4354 1764 4408 ΝΟ.
1796 4355 1842 4419 1,
1863 4353 1909 4404 2.

310 4415 634 4468 Recnmbens
660 4415 816 4469 Oxon.

381 4476 399 4515 ί
425 4479 740 4531 Benedicent
764 4482 896 4531 Lam.
924 4481 1026 4531 Lin.
1057 4479 1166 4544 ΝΟ.
1191 4480 1232 4528 1.
1261 4480 1384 4532 Bod.
1402 4480 1452 4544 2,
1476 4483 1526 4542 5,
1550 4480 1597 4531 4.

380 4545 406 4582 8
442 4544 581 4602 Quod
606 4545 737 4593 misit
763 4546 1036 4594 menonum
1060 4543 1184 4594 Bod.
1208 4543 1256 4592 5.

375 4603 407 4643 ιι
441 4607 630 4655 Sanare
653 4605 1005 4656 contribulatos
1033 4607 1165 4656 Lam.
1192 4607 1300 4656 ΝΟ.
1326 4609 1366 4658 1.
1394 4604 1518 4658 Bod.
1543 4605 1590 4656 2.

383 4666 398 4736 ξ
431 4668 582 4744 φρὶξ
607 4669 762 4744 risum
785 4671 1057 4744 restituere
1084 4671 1191 4721 ΝΟ.
1219 4669 1264 4718 2.

385 4730 398 4778 i
433 4729 634 4780 Gabriel
655 4745 712 4780 an
752 4732 861 4780 elus
881 4733 1005 4781 Bod.
1029 4733 1074 4783 1.

379 4791 407 4867 ξ
432 4791 568 4867 Dixit
591 4793 648 4867 ad
903 4795 1148 4867 firglinﬂcm.
1166 4795 1366 4867 Bod._:§,
1385 4795 1431 4867 4,

383 4853 400 4890 1
434 4854 760 4906 Adumbrabit
786 4857 874 4906 tibi
902 4853 1026 4907 Βοᾶ.
1053 4859 1095 4908 ‘2.
1127 4859 1259 4908 iam.
1287 4859 1390 4909 Litt.
1415 4858 1521 4909 ΝΟ.
1547 4859 1591 4916 1,
1614 4859 1661 4907 2.

377 4917 417 4986 “_‘
442 4919 750 4986 Quapropter
773 4918 868 4986 _hoc
891 4919 1019 4986 quod
1052 4934 1109 4986 ne
1121 4928 1287 4986 scetur
1307 4935 1369 4970 ex
1385 4931 1445 4986 te
1461 4930 1682 4986 sanctum
1708 4921 1842 4970 Lam.
1857 4919 1904 4970 Ν

317 4981 372 5031 C.
392 4979 438 5041 1,
464 4979 511 5030 2.
542 4979 653 5029 Lini
676 4980 800 5031 Bod.
829 4984 870 5038 1,
895 4979 945 5041 3,
969 4983 1015 5031 4.
1048 4983 1176 5034 Tltu.
1204 4984 1339 5034 Foss.
1365 4984 1506 5035 Corb.

379 5044 409 5073 ¹¹
431 5043 691 5094 Secundus
712 5046 776 5094 de
801 5045 928 5095 cmlo
955 5045 1086 5096 Lam.
1118 5046 1220 5096 Lin.
1245 5049 1291 5097 Ν
1299 5048 1349 5098 C.
1375 5049 1417 5096 1.

382 5108 406 5133 ο
443 5106 654 5156 Domum
700 5107 898 5156 nomine
932 5121 1047 5158 meo
1092 5108 1214 5160 Tltu.
1254 5110 1392 5162 Foss.
1444 5106 1585 5161 Corb.
1631 5110 1762 5159 Lam.
1808 5107 1912 5158 Litt.

317 5169 427 5225 ΝΟ.
457 5169 500 5229 1,
546 5170 594 5218 2.
624 5169 748 5219 Bod.
775 5169 826 5227 2,
852 5172 901 5229 5,
926 5169 974 5218 4.

385 5235 412 5276 P
430 5231 596 5282 Exivit
619 5231 760 5282 Corb.
783 5232 934 5283 Exiet
961 5231 1084 5285 Thu.

381 5299 411 5339 (ι
435 5295 618 5347 ΒΜὶοθ
639 5299 748 5361 ejus
776 5296 1090 5350 descendens
1114 5297 1253 5350 Corb.

1941 4833 1994 4893 D

2085 4101 2108 4130 “
2134 4099 2344 4151 Timoris
2368 4097 2462 4152 Dei
2489 4095 2613 4149 Thu.
2642 4097 2783 4149 Corb.

2083 4165 2106 4193 θ
2133 4163 2197 4214 Et
2221 4175 2318 4213 non
2337 4161 2595 4214 frustrabit
2619 4162 2666 4212 Ν
2673 4161 2711 4210 C
2718 4200 2726 4210 .
2751 4161 2798 4209 2.
2818 4158 3144 4224 Reprobravit
3162 4173 3277 4214 eum
3299 4161 3438 4216 Foss.

2090 4224 2110 4258 ί
2130 4228 2301 4290 Super
2325 4228 2722 4290 thronum‘tuum
2741 4225 2899 4276 Oxon.

2080 4289 2109 4318 ιι
2128 4289 2183 4338 In
2205 4285 2348 4340 utero
2369 4296 2456 4340 tuo
2475 4285 2600 4341 Bod.
2624 4291 2672 4338 5.

2079 4352 2109 4415 Υ
2135 4353 2198 4403 Et
2219 4366 2430 4415 regnum
2447 4356 2584 4415 Foss.

2080 4413 2448 4484 fl_na_2térnum
2472 4413 2663 4469 Bod.3.
2792 4480 2800 4484 Δ
2869 4474 2950 4484 _m
2995 4474 3025 4484 Α
3063 4473 3082 4484 _
3141 4475 3151 4484 .

2083 4476 2114 4551 ξ
2139 4478 2386 4551 §criptutn
2415 4481 2546 4551 intus
2569 4486 2622 4551 et
2642 4480 2840 4551 secreto
3062 4473 3182 4524 [oris
3205 4475 3333 4526 Bod.
3364 4476 3408 4524 1.

2088 4541 2111 4568 π
2139 4537 2324 4603 Sigillis
2345 4543 2474 4594 Bod.
2504 4543 2548 4592 1.
2579 4541 2709 4588 Lam.
2738 4537 2844 4586 Lin.
2869 4538 2977 4588 ΝΟ.
3006 4537 3061 4608 1.,

2088 4604 2148 4632 ⁸⁸
2172 4603 2228 4652 In
2252 4611 2384 4654 terra
2410 4603 2532 4657 Bod.
2559 4602 2605 4661 1,
2627 4602 2675 4660 2,
2699 4603 2748 4661 5,
2768 4601 2814 4650 4.
2844 4600 2976 4649 Lam.
3007 4601 3111 4650 Lm.
3133 4598 3242 4650 ΝΟ.
3271 4599 3318 4649 1.

2082 4663 2146 4732 ξι)
2180 4665 2285 4732 _S_ub
2313 4672 2498 4717 terram
2527 4661 2858 4732 Bod.2,3,4._
2914 4725 2926 4732 _
2976 4725 2988 4732 _
3040 4725 3054 4732 _
3105 4725 3128 4732 _
3270 4722 3316 4732 Η

2088 4729 2144 4791 ετξ
2181 4727 2341 4778 Nemo
2374 4730 2630 4791 dignusjn
2650 4735 2787 4791 terra
2816 4725 2944 4791 Ded.
2972 4725 3074 4791 1-4.
3099 4725 3232 4791 Laut.
3262 4723 3518 4791 tunc,
3545 4725 3586 4774 1.

2085 4789 2146 4830 «ἰὰ
2166 4785 2451 4855 *Ειερριρηῖ
2469 4794 2603 4842 Lam.
2622 4791 2668 4839 Ν
2676 4789 2732 4855 _C_._
2752 4789 2799 4850 1,
2823 4788 2883 4855 2._
2901 4787 3022 4855 Bod.
3043 4787 3162 4855 _1,_2,
3183 4785 3624 4855 .5,:1:.“T[m._C01‘b.

2087 4858 2142 4885 εθ
2165 4849 2466 4920 B_eth_l'ehem
2485 4849 2931 4920 domusillius_Lit_t.
2947 4849 3070 4920 Bod.
3099 4851 3144 4920 1_,
3169 4849 3351 4920 ιξηΝίξἒ
3364 4853 3412 4920 2.
3439 4852 3560 4920 Ilia.

2014 4919 2154 4968 Foss.
2181 4917 2323 4968 Corb.
2340 4917 2572 4980 numquid
2595 4915 2777 4976 exigua
2795 4915 2918 4965 Bod.
2949 4914 2996 4976 1,
3030 4913 3078 4975 ’5,
3108 4914 3155 4962 4.
3179 4913 3284 4964 Lin.
3304 4916 3411 4968 ΝΟ.
3449 4913 3496 4962 2.

2083 4977 2133 5016 ff
2174 4980 2267 5038 Qui
2295 4981 2359 5028 sit
2383 4981 2616 5041 princeps
2640 4977 2778 5028 Foss.
2822 5039 2841 5041 _
2894 5039 2905 5041 _

2083 5045 2142 5085 88
2179 5039 2572 5104 Progreésiones‘
2595 5040 2723 5091 Lam.
2752 5041 2800 5091 Ν
2806 5039 2860 5090 C.
2887 5039 2937 5089 1.

2082 5103 2147 5144 hh
2178 5104 2445 5153 Bethleem
2471 5106 2520 5153 in
2533 5103 2713 5154 diebus
2727 5103 2866 5154 Foss.

2089 5167 2139 5237 ii
2179 5165 2500 5237 édvenerunt
2518 5168 2652 5237 Lam.
2680 5165 2813 5237 Boil;
2830 5163 2946 5237 1,},
2963 5163 3012 5237 ξ.
3037 5165 3143 5216 Lin.
3170 5165 3280 5216 ΝΟ.
3307 5165 3351 5237 1,3
3370 5165 3416 5212 2.

2027 5230 2138 5345 Oti
2180 5229 2244 5281 Et
2293 5241 2414 5282 ecce
2459 5230 2686 5281 venimus
2721 5228 2829 5283 ΝΟ.
2860 5225 2922 5278 ’2.
2970 5226 3088 5279 Cum
3137 5229 3432 5278 muneribus
3499 5225 3638 5278 abest

2072 5306 2188 5344 mon.

2072 5306 2188 5344 ποη.

1585 5451 1829 5512 STEPH.
1871 5449 2143 5509 BALUZII
2181 5448 2414 5506 NOTAE.

394 5592 519 5650 CAP.
557 5590 1922 5652 XII.—-Cammuneribus.Addidihmcdnovocabnla
2025 5584 2510 5658 joris-Monasterii
2527 5581 2877 5658 Turonensis.
2919 5580 3010 5637 Sic
3035 5580 3196 5658 etiam
3221 5579 3446 5658 _lcgchat
3480 5587 3637 5658 vetus

325 5665 474 5736 juxta
495 5677 700 5724 veteres
727 5669 1088 5730 editiones,’in
1108 5669 1300 5737 quibus
1316 5665 1477 5720 etiam
1494 5679 1634 5734 pono
1665 5663 1922 5737 Manutia-

327 5753 450 5791 nnm
479 5747 530 5792 ct
557 5738 948 5796 Morellianam.
976 5735 1242 5793 Panielius
1267 5735 1878 5804 expunxitutsnperllua
1911 5753 1922 5787 :

326 5808 406 5861 sic
424 5809 582 5882 etiam
601 5810 860 5882 Rigaltius
877 5821 931 5868 et
953 5809 1361 5882 Angli.Exstan_t
1381 5817 1557 5882 tamen
1575 5805 1928 5882 in?_libt:o_lfos-

328 5881 554 5951 satcnsi,
595 5882 650 5938 in
667 5874 937 5942 Bccccnsi
967 5889 1022 5939 et
1039 5874 1121 5938 'in
1149 5878 1506 5941 vetustissimo
1527 5879 1711 5935 codice
1727 5876 1794 5934 87
1816 5874 1928 5930 Ma-

2030 5651 2216 5715 auctor
2234 5659 2354 5713 libri
2384 5657 2447 5712 de
2471 5655 2870 5724 Rebaptismate,
2899 5668 3021 5724 pag.
3052 5651 3176 5708 559,
3221 5651 3390 5707 Immo
3412 5652 3474 5724 in
3503 5652 3639 5724 mis-

2035 5731 2233 5786 salibus
2259 5728 2491 5798 antiquis
2519 5723 2752 5798 etnovis
2778 5723 3231 5798 legitur'sequens
3244 5723 3549 5798 antiphona
3571 5723 3629 5777 in

2037 5802 2124 5857 die
2153 5793 2462 5872 Epiphaniae
2497 5816 2510 5852 :
2553 5797 2785 5852 Vidimus
2803 5793 3000 5872 stellam
3026 5797 3136 5872 ejus
3157 5797 3211 5849 in
3231 5793 3458 5865 Oriente,
3487 5804 3535 5850 et
3554 5809 3638 5850 ve-

2040 5867 2214 5930 nimus
2232 5867 2347 5928 cum
2375 5873 2663 5928 muneribus
2691 5872 2907 5927 adorare
2937 5867 3226 5925 Dominum.
3589 5874 3596 5882 '
